4208 6290
607 351 756 418 1231

1753 358 2274 424 CONSTANTINI
2333 357 2885 422 MELITENIOT/E

3846 358 4015 424 4232

613 505 749 550 cum
769 486 916 550 nihil
942 491 1123 571 sint,a
1150 508 1185 551 a
1215 489 1513 571 pestiferis
1542 497 1603 552 et
1629 491 2057 572 superstitiosis
2082 491 2258 554 homi-

2348 489 2436 572 καὶ
2493 493 2622 570 πρὸς
2664 491 2877 572 ἀσφαλῆ
2933 493 3086 568 βάσιν
3132 493 3220 549 καὶ
3274 491 3488 568 βεϐαίαν
3567 491 3840 566 έπερειδόμ
3853 514 4006 556 ενος,

617 576 801 640 nibus
832 578 894 639 in
929 577 1176 640 deorum
1231 597 1547 642 numerum
1585 581 1756 642 relati
1804 591 1962 656 sunt,
2020 588 2078 644 et
2135 599 2267 661 qua

610 663 718 728 Dei
751 674 894 728 sunt
921 667 1188 749 propria,
1212 667 1287 728 ab
1313 667 1525 729 iisdem
1557 670 1862 731 constituti
1891 677 2030 732 sunt
2068 669 2266 732 vocari

610 757 1082 837 nuncuparique,
1141 757 1473 818 secundum
1522 758 1682 820 hunc
1727 777 1968 822 sensum
1999 757 2266 822 Salvator

612 844 805 907 solum
839 863 1040 906 verum
1071 847 1264 908 Deum
1292 849 1529 910 Patrem
1583 849 1920 929 appellavit,
1957 849 2264 912 universos

608 933 759 997 alios
801 952 912 1015 per
941 933 1094 997 hanc
1123 934 1445 999 dictionem
1471 935 1616 998 falso
1647 937 1795 1000 deos
1816 937 2008 999 dictos
2057 955 2093 998 a
2119 955 2261 999 vero

607 1023 733 1085 Deo
763 1024 938 1102 longe
969 1023 1449 1106 repellens.Illud
1477 1044 1674 1106 porro:
1688 1028 1771 1087 De
1788 1025 1888 1088 hic
1907 1035 2110 1089 autem
2130 1026 2261 1100 illo,

607 1113 736 1174 sive
764 1112 917 1176 hora
931 1131 1101 1175 nemo
1126 1116 1294 1176 novit
1317 1116 1441 1176 nisi
1468 1113 1635 1176 solus
1701 1117 1908 1192 Pater,
1937 1114 2262 1176 secundum

609 1201 788 1262 aliam
820 1210 1078 1264 mentem
1110 1201 1182 1264 ad
1215 1203 1638 1265 destruendam
1663 1222 1904 1265 omnem
1927 1211 2259 1265 creatorum

610 1291 1008 1369 cognitionem
1043 1290 1268 1353 dictum
1294 1299 1404 1371 est,
1431 1299 1708 1372 tanquam
1729 1311 1860 1373 qua
1883 1293 1942 1353 in
1967 1291 2261 1352 similibus

611 1377 789 1459 plane
818 1397 975 1441 caca
1003 1379 1308 1460 sit,neque
1331 1380 1520 1441 valeat
1549 1382 1880 1442 futurorum
1911 1381 2024 1443 sibi
2058 1382 2259 1444 scien-

611 1469 750 1529 tiam
772 1467 1097 1532 vindicare.
1129 1468 1268 1531 Hac
1297 1469 1497 1550 itaque
1528 1470 1603 1532 de
1652 1469 1914 1532 dictione
1941 1472 2111 1532 solus
2144 1488 2260 1530 non

610 1557 757 1618 citra
790 1557 1098 1619 veritatem
1153 1559 1489 1621 examinata
1535 1566 1694 1640 sunt,
1746 1558 1851 1621 sed
1899 1578 2031 1640 qua
2062 1557 2263 1638 probis

610 1647 912 1728 aquisque
994 1646 1362 1708 auditoribus
1437 1647 1514 1708 ad
1575 1647 1734 1709 illius
1807 1646 2260 1727 intelligentiam

2355 569 2542 635 ’Ὠστε
2571 569 2848 660 τοιγαροῦν
2902 581 3063 656 μόνος
3108 581 3138 636 ὃ
3189 582 3369 660 Πατὴρ
3423 587 3585 638 ταῦτα
3639 581 3852 660 λέγεται
3916 584 4012 637 καὶ

2349 666 2511 748 ἔστιν,
2572 671 2630 726 ού
2684 671 2816 750 πρὸς
2874 669 3134 748 ἀναίρεσιν
3211 677 3303 727 τοῦ
3365 671 3506 744 Υἱοῦ,
3572 671 3805 748 καθάπερ
3860 671 4011 725 ὑπο-

2348 754 2697 834 λαμϐάνουσι,
2776 761 2907 837 πρὸς
2979 757 3033 815 δὲ
3120 756 3324 816 τελείαν
3377 758 3680 838 ἀνατροπὴν
3745 765 3854 814 τῶν
3910 763 4013 817 οὐκ

2347 844 2511 904 ὅντων
2580 847 2702 922 μὲν,
2760 847 3116 924 νομιζομένων
3176 845 3230 902 δὲ
3279 848 3564 926 τυγχάνειν
3605 850 3758 926 Germ,
3807 846 4011 911 οἵτινες

2345 936 2407 992 rb
2458 934 2626 1011 μηδὲν
2681 935 2828 1000 ὅντες
2888 939 2990 992 ὑπὸ
3051 937 3253 1012 λοιμῶν
3307 939 3397 992 καὶ
3453 934 3847 1011 δεισιδαιμόνων
3902 937 4008 991 ἀν-

2345 1021 2480 1103 δρῶν
2522 1023 2950 1099 ἀνεπλάσθησαν,
3007 1027 3095 1080 καὶ
3150 1026 3216 1081 τά
3271 1031 3495 1081 τοιαῦτα
3534 1027 3804 1104 θεοπρεπῆ
3860 1027 4006 1103 παρά

2341 1114 2542 1170 τούτων
2596 1115 2766 1171 αὑτῶν
2813 1114 3115 1192 ἐτάχθησαν
3165 1115 3344 1178 κακῶς
3392 1112 3666 1170 καλεῖσθαι
3739 1115 3826 1168 καὶ
3869 1115 4004 1169 ὀνο-

2343 1203 2624 1277 μάζεσθαι.
2690 1203 2837 1261 Κατὰ
2921 1204 3118 1269 ταύτην
3167 1203 3267 1269 τὴν
3326 1200 3530 1258 ἔννοιαν
3583 1204 3612 1258 ὁ
3667 1203 3858 1279 Σωτὴρ
3916 1203 4006 1256 καὶ

2345 1292 2505 1364 μόνον
2563 1289 2809 1357 ἀληθινὸν
2840 1289 3002 1370 ἔφησε
3058 1293 3147 1347 τὸν
3207 1291 3414 1368 Πατέρα
3459 1291 3611 1364 Θεὸν,
3668 1291 3842 1346 πάντα
3883 1292 4004 1346 τινα

2343 1376 2429 1434 διὰ
2469 1385 2568 1446 τῆς
2609 1380 2860 1446 τοιαύτης
2918 1380 3102 1457 φωνῆς
3145 1376 3486 1454 ψευδώνυμον
3530 1379 3660 1433 Θεὸν
3702 1380 3798 1434 τοῦ
3848 1379 4004 1441 ὄντος

2343 1467 2823 1544 ἀποπεμπόμενος.
2882 1471 2953 1525 Tb
3008 1467 3089 1541 δὲ,
3148 1486 3179 1528 (
3211 1469 3336 1546 Περὶ
3377 1471 3476 1536 τῆς
3519 1467 3721 1546 ἡμέρας
3765 1467 4002 1546 ἐκείνης,

2343 1555 2380 1623 ἢ
2439 1556 2535 1624 τῆς
2595 1557 2734 1634 ὥρας
2797 1553 2960 1620 οὐδεὶς
3004 1554 3172 1630 οἰδὲν,
3231 1557 3276 1611 εί
3327 1556 3404 1631 μὴ
3461 1555 3624 1629 μόνος
3654 1558 3682 1611 ὁ
3723 1556 3931 1634 Πατὴρ,
3971 1579 3998 1610 ι

2343 1645 2496 1700 τοῦτο
2543 1646 2680 1700 κατά
2733 1650 2851 1699 νοῦν
2907 1643 3083 1719 ἕτερον
3137 1641 3224 1699 ἐπ’
3283 1643 3541 1721 ἀναιρέσει
3597 1640 3842 1698 λέλεκται
3886 1644 4002 1699 πά-

611 1733 1241 1835 abundesuil‘ecerint.
1279 1735 1446 1808 Quod
1479 1736 1546 1835 si
1560 1737 1832 1835 nonnulli
1891 1737 2018 1835 hac
2047 1735 2258 1799 animis

2346 1754 2445 1798 σης
2502 1732 2596 1799 τῆς
2637 1731 2743 1787 τῶν
2797 1738 3066 1808 γεννητῶν
3108 1731 3356 1810 γνώσεως
3418 1734 3492 1794 ὡς
3547 1729 3868 1809 ἐξαργούσης
3899 1732 3999 1787 αῦ-

609 1823 824 1886 alieuis
841 1824 1282 1901 fastidiunt,hos
1299 1825 1678 1905 persuadebit
1697 1826 1878 1887 dictio
1897 1825 2080 1906 solus,
2127 1842 2260 1886 cum

609 1912 771 1976 nude
805 1913 905 1975 illa
938 1913 1160 1994 prolata
1185 1913 1260 1975 de
1292 1913 1446 1976 Filio
1478 1924 1853 1992 agnoscetur.
1880 1913 2084 1995 Neque
2101 1913 2260 1975 enim

612 2010 738 2064 tum
764 2001 1060 2082 quispiam
1116 2003 1330 2082 poterit
1382 2003 1813 2084 contradicere,
1867 2021 2002 2064 cum
2059 2020 2166 2082 per
2195 2019 2265 2062 ea

611 2091 829 2173 quibus
858 2091 1381 2168 decertat,Patrem
1400 2090 2044 2171 destruet.Et'_quonam
2057 2091 2118 2150 in
2134 2090 2261 2150 loco

609 2179 668 2242 id
691 2181 945 2260 positum
965 2180 1070 2241 sit?
1093 2180 1463 2261 inquiunt.ln
1485 2181 1851 2260 propheticis
1880 2179 1998 2242 illis
2013 2177 2212 2240 verbis
2245 2194 2258 2239 :

606 2271 724 2332 Hic
749 2272 911 2332 Deus
927 2276 985 2332 et
999 2286 1124 2331 non
1139 2265 1524 2349 reputabitur
1540 2269 1710 2330 alius
1729 2277 1962 2350 praeter
1979 2267 2260 2348 ipsum“.

607 2357 994 2420 HicilludzEt
1015 2377 1137 2420 non
1176 2358 1563 2438 reputabitur
1593 2358 1756 2420 altus
1778 2365 2000 2438 prater
2037 2357 2256 2436 ipsum,

611 2446 806 2507 solum
831 2447 1072 2508 indicat.
1108 2446 1193 2508 De
1217 2447 1368 2509 Filio
1389 2465 1528 2508 vero
1550 2464 1887 2508 sermonem
1911 2463 2065 2519 esse,
2101 2447 2259 2524 quod

610 2534 881 2615 sequitur
912 2534 1394 2599 manifestissime
1424 2535 1705 2597 ostendit.
1752 2533 2019 2616 Namque
2047 2537 2257 2598 subdi-

612 2630 742 2684 tur:
767 2623 842 2685 In
863 2632 1034 2687 terra
1055 2629 1335 2704 apparuit
1356 2623 1722 2700 hominibus,
1746 2631 1807 2686 et
1822 2642 1958 2686 cum
1988 2627 2256 2688 homini-

613 2712 722 2774 bus
751 2719 1134 2775 conversatus
1162 2719 1247 2776 est
1262 2712 1347 2776 79.
1379 2713 1526 2774 Cum
1558 2713 1759 2793 itaque
1787 2713 1930 2775 satis
1951 2723 2172 2796 pateat,
2198 2715 2255 2777 id

611 2800 836 2864 dictum
867 2820 999 2864 esse
1027 2801 1103 2864 de
1127 2802 1299 2882 Filio,
1327 2801 1403 2863 de
1433 2820 1548 2882 quo
1591 2802 1817 2864 nullum
1863 2803 2018 2882 apud
2073 2803 2256 2866 ullum

609 2890 708 2952 vel
745 2891 1050 2952 minimum
1088 2891 1335 2952 dubium
1369 2899 1485 2972 est,
1511 2909 1645 2952 cum
1668 2891 1768 2952 hic
1814 2891 1942 2971 ipse
1966 2892 2174 2974 sit.qui
2202 2895 2259 2954 in

2343 1821 2440 1887 τῆς
2494 1819 2550 1875 ἐν
2604 1832 2721 1882 τοῖς
2761 1820 3018 1883 τοιούτοις
3062 1819 3392 1899 ὁλοσχερῶς,
3439 1823 3524 1876 καὶ
3567 1821 3644 1894 μὴ
3703 1819 3999 1894 δυναμένης

2345 1909 2539 1988 αῦχετν
2571 1908 2874 1982 ἐπιστήμην
2928 1916 3021 1965 τοῦ
3050 1908 3360 1984 μέλλοντος.
3392 1915 3563 1966 Ταῦτα
3594 1908 3692 1983 μὲν
3735 1907 3825 1964 οὖν
3880 1912 4000 1983 περὶ

2343 2005 2434 2054 τοῦ
2490 1997 2650 2073 μόνος
2694 1999 2831 2072 ἡμῖν
2889 1999 3023 2071 μετά
3065 1998 3162 2065 τῆς
3206 1995 3452 2064 ἀληθείας
3492 1996 3797 2070 ἐξήτασται,
3854 1998 3995 2052 πάν-

2344 2109 2450 2151 τως
2503 2084 2559 2142 δὲ
2615 2098 2732 2150 τοῖς
2791 2087 3088 2163 εὐγνώμοσι
3138 2086 3243 2142 τῶν
3329 2085 3602 2163 ἀκροατῶν
3670 2085 3998 2164 ἀποχρῶντα

2345 2179 2508 2255 προὸς
2568 2177 2667 2243 τὴν
2711 2174 2867 2230 αὐτοῦ
2908 2175 3253 2241 κατανόησιν.
3289 2175 3347 2232 Εἰ
3376 2173 3432 2229 δέ
3479 2195 3618 2238 τινες
3666 2180 3774 2229 τῶν
3817 2173 3996 2238 ἄλλως

2347 2265 2582 2344 ἐχόντων
2652 2263 2786 2320 εἰσίν
2846 2263 3326 2326 ἀποδυσπετοῦντες
3384 2265 3513 2341 πρὸς
3567 2264 3635 2318 τὰ
3705 2262 3995 2343 λεγόμενα,

2343 2351 2644 2423 δυσωπήσει
2702 2355 2832 2432 πρὸς
2903 2354 3070 2409 πειθὼ
3127 2353 3341 2416 τούτους
3381 2353 3508 2408 αὐτὸ
3550 2351 3612 2408 τό
3674 2353 3834 2428 μόνος
3891 2376 3995 2430 γυ-

2340 2443 2470 2516 μνὸν
2510 2443 2665 2510 ἡνίκα
2743 2442 2984 2517 κείμενον
3061 2439 3145 2498 ἕπὶ
3215 2448 3308 2497 τοῦ
3380 2441 3500 2496 Υἰοῦ
3555 2441 3994 2517 γνωρισθήσεται,

2344 2532 2441 2588 Καὶ
2497 2532 2597 2610 γὰρ
2651 2535 2755 2610 οὐχ
2815 2531 2914 2596 ἕξει
2961 2553 3042 2594 τις
3091 2537 3383 2598 τηνικαῦτα
3436 2531 3498 2585 rb
3541 2529 3757 2586 σύνολον
3812 2531 3994 2586 ἀντει-

2337 2633 2464 2676 πεῖν
2491 2636 2506 2652 ⁸
2555 2621 2769 2699 ἐπείπερ
2832 2619 3028 2677 ἀπολεῖ
3078 2622 3167 2676 τὸν
3224 2619 3432 2698 Πατέρα
3490 2615 3556 2674 δι’
3612 2621 3687 2674 ὧν
3733 2619 3993 2696 ἀγωνίσε-

2337 2730 2448 2771 ται.
2521 2710 2620 2768 Καὶ
2661 2712 2765 2766 ποῦ
2817 2716 2974 2766 τοῦτο
3023 2708 3297 2788 τέθειται;
3367 2713 3580 2778 ζητοῦσι
3629 2710 3839 2782 μαθεῖν,
3902 2705 3990 2766 Ἐν

2339 2796 2562 2861 ἐκείνοις
2617 2811 2734 2862 τοῖς
2790 2810 3147 2879 προφητικοτς
3190 2798 3443 2874 ῥημασιν,
3483 2818 3512 2851 ι
3564 2795 3729 2859 Οὗτος
3773 2799 3801 2852 ὁ
3831 2799 3983 2878 Θεὸς,

2341 2888 2428 2943 καὶ
2499 2886 2560 2944 οῦ
2644 2885 3016 2966 λογισθήσεται
3090 2885 3266 2965 ἕτερος
3343 2887 3475 2963 πρὸς
3550 2886 3726 2944 αὑτὸν.
3778 2909 3806 2940 ι
3864 2884 3980 2943 Ἐν-

613 2998 798 3042 carne
816 2981 879 3042 in
897 2988 1055 3042 terra
1098 2979 1372 3061 apparuit
1389 2988 1447 3042 et
1494 2999 1628 3041 cum
1679 2979 2021 3042 hominibus
2063 2972 2258 3046 incor-

2341 2978 2505 3032 ταῦθα
2556 2977 2640 3056 rb,
2711 2995 2741 3034 (
2787 2975 2858 3032 Ob
2913 2975 3287 3051 λογισθήσεται
3349 2972 3526 3051 ἔτερος
3597 2976 3728 3053 πρὸς
3771 2973 3973 3048 αὖτὸν,ι

614 3087 758 3150 pore
774 3055 1158 3131 conservatus
1179 3055 1300 3144 est,
1324 3069 1400 3132 de
1428 3069 1682 3131 dictione
1711 3068 1877 3132 solus
1909 3089 2016 3151 per
2045 3091 2153 3134 nos
2167 3090 2258 3134 ex-

2343 3065 2404 3119 rb
2447 3055 2834 3140 povocbnAo‘t.
2866 3065 2938 3122 Tb
2986 3061 3031 3118 δ’
3082 3075 3220 3118 εῖναι
3274 3063 3390 3141 περὶ
3433 3069 3526 3119 τοῦ
3564 3065 3686 3118 Υἱοῦ
3713 3064 3802 3118 τὸν
3832 3061 3985 3139 λόγον

615 3157 840 3238 plicatis
869 3159 1204 3240 quicunque
1226 3157 1707 3232 suadebitur,nisi
1732 3167 1930 3220 mente
1951 3161 2261 3241 deperdita

611 3247 1094 3310 volueritdamno
1123 3267 1243 3308 non
1265 3247 1570 3309 tolerando
1595 3249 1824 3310 Patrem
1847 3248 2084 3313 allicere
2101 3252 2259 3331 apud

615 3353 794 3398 sanos
823 3336 1264 3416 prudentesque
1284 3335 1580 3417 homines,
1601 3341 1660 3397 et
1687 3335 1902 3416 quibus
1931 3338 2074 3401 Filio
2098 3340 2252 3415 tavit,

613 3423 734 3486 illis
757 3425 968 3486 iisdem
989 3424 1314 3505 periculum
1331 3424 1761 3504 omnium,qua
1788 3443 2047 3506 unquam
2066 3427 2254 3501 fuere,

613 3513 1058 3575 atrocissimum
1091 3530 1160 3574 ac
1191 3512 1934 3575 miserabilissimumPatri
1963 3514 2260 3577 intentare

614 3603 869 3664 Possum
897 3601 1074 3663 etiam
1107 3619 1175 3661 ex
1208 3600 1324 3663 alio
1359 3600 1684 3680 Scriptura
1728 3619 1763 3662 a
1799 3601 1920 3664 Deo
1960 3603 2260 3685 inspirata

616 3689 748 3751 loco
767 3689 965 3752 solum
986 3691 1061 3752 de
1080 3689 1228 3751 Filio
1252 3688 1476 3750 dictum
1493 3688 2091 3772 demonstrare.quod
2117 3692 2256 3755 dum

616 3797 792 3859 quam
806 3776 1072 3858 proxime
1095 3777 1462 3858 propositum
1480 3796 1725 3859 scopum
1744 3779 2262 3860 attingat,validius

612 3864 833 3928 bellum
853 3866 1022 3928 nobis
1043 3866 1369 3929 inferentes
1402 3868 1668 3947 impetet,
1695 3878 1754 3932 et
1776 3869 1893 3931 illis
1913 3870 2144 3934 fortiter
2165 3891 2261 3933 re-

615 3955 996 4036 sistet.quue
1018 3955 1174 4037 apud
1195 3973 1340 4017 sane
1361 3956 1537 4018 modo
1567 3975 1668 4019 res
1700 3957 2121 4038 intelligentes,
2152 3963 2260 4024 Pa-

616 4050 768 4106 trem
814 4044 1163 4125 neutiquam
1193 4044 1547 4122 vulnerabit,
1587 4055 1648 4109 et
1694 4065 1986 4109 summam
2037 4047 2258 4113 Christi

612 4132 862 4212 gloriam
918 4133 1194 4196 omnibus
1248 4151 1466 4196 sonore
1519 4133 1967 4216 depradicabit.
1999 4138 2113 4200 Sed
2131 4139 2257 4219 jam

611 4221 902 4302 scriptura
932 4221 1238 4285 recitanda
1264 4229 1444 4303 est,et
1493 4221 1634 4286 dicti
1671 4232 1898 4296 auctor,
1933 4235 1990 4288 et
2019 4227 2257 4288 effatum

2341 3155 2403 3211 rb
2460 3152 2578 3222 ἑξῆς
2621 3154 2914 3234 τρανότατα
2965 3151 3213 3210 δείκνυσι.
3259 3152 3405 3208 Μετά
3433 3158 3585 3208 τοῦτο
3637 3153 3736 3230 γὰρ
3780 3174 3938 3232 φησιν
3968 3169 3982 3182 ⁸

2349 3265 2375 3296 ι
2425 3241 2545 3299 Ἐπὶ
2612 3243 2711 3310 τῆς
2766 3241 2868 3319 γῆς
2949 3241 3125 3322 ὤφθη,
3197 3242 3287 3296 καὶ
3341 3240 3463 3304 τοῖς
3515 3240 3808 3318 ἀνθρώποις
3861 3262 3988 3296 συν-

2340 3331 2664 3410 ανεστρσίφη.
2704 3353 2736 3388 ι
2807 3330 3044 3408 Φανεροῦ
3126 3329 3294 3386 τοίνυν
3363 3326 3719 3409 ὑπάρχοντος,
3793 3328 3872 3385 ὅτι
3929 3331 3989 3386 τὸ

2341 3418 2634 3498 λεγόμενον
2689 3420 2807 3499 περὶ
2862 3419 2954 3475 τοῦ
3040 3421 3182 3497 Υἱοῦ,
3241 3419 3330 3474 καὶ
3385 3422 3520 3475 κατὰ
3560 3425 3717 3476 τοῦτο
3763 3417 3986 3495 μηδενὸς

2339 3512 2444 3567 τῶν
2514 3511 2760 3566 ἀπάντων
2831 3507 3186 3584 μηδοπωσοῦν
3257 3507 3704 3589 ἀμφιϐάλλοντας,
3777 3510 3988 3588 ἐπείπερ

2340 3597 2495 3664 αὐτὸς
2553 3597 2704 3664 οὗτος
2748 3598 2777 3653 ὅ
2835 3597 3098 3675 σαρκικῶς
3156 3597 3302 3654 κάτω
3356 3601 3557 3676 φανεὶς,
3611 3601 3699 3656 καὶ
3747 3612 3868 3664 τοῖς
3900 3601 3986 3655 ἁν-

2339 3687 2569 3766 θρώποις
2623 3689 3064 3766 συναναστραφεὶς
3147 3688 3281 3762 μετά
3337 3687 3608 3762 σώματος,
3681 3689 3804 3754 τοῖς
3873 3690 3989 3766 περὶ

2341 3783 2433 3832 τοῦ
2523 3777 2683 3852 μόνος
2770 3776 2893 3856 παρ’
2977 3778 3131 3851 ἡμῶν
3213 3775 3564 3853 ἐγνωσμένοις
3645 3779 3985 3847 πεισθήσεται

2339 3871 2470 3945 πᾶς,
2529 3868 2574 3922 εἰ
2636 3866 2713 3940 μὴ
2772 3863 2958 3940 μέλλοι
3001 3861 3368 3944 φρενοϐλαϐῶς
3415 3867 3506 3922 τὸν
3552 3865 3758 3944 Πατέρα
3786 3875 3989 3943 ζημιω-

2339 3954 2586 4022 θήσεσθαι
2645 3953 2840 4029 ζημίαν
2909 3955 2969 4010 οὗ
3051 3957 3289 4033 φορητὴν
3365 3968 3482 4016 τοϊς
3558 3955 3692 4018 τέως
3750 3977 3812 4034 γε
3871 3958 3986 4011 νοῦν

2343 4041 2550 4122 ἔχουσι,
2606 4044 2694 4098 καὶ
2750 4039 2816 4097 δι’
2873 4045 2948 4098 ὧν
3003 4042 3394 4100 κατεσπούδασε
3444 4053 3536 4103 τοῦ
3563 4046 3705 4118 Υἱοῦ,
3755 4042 3985 4100 κίνδυνον

2341 4137 2432 4186 τοῦ
2503 4132 2708 4210 Πατρὸς
2782 4131 3192 4206 ὑποστήσεσθαι,
3271 4130 3520 4188 κινδύνων
3601 4138 3708 4188 τῶν
3769 4132 3985 4189 πώποτε

2340 4219 2639 4300 γενομένων
2735 4220 2868 4275 τισὶν
2969 4218 3315 4300 ἐλεεινότερόν
3414 4243 3472 4277 τε
3556 4222 3645 4278 καὶ
3726 4220 3983 4279 ἀθλιώτε-

612 4298 902 4393 iqsum,ut
929 4311 1066 4374 in-e
1083 4331 1317 4394 quoque
1341 4298 1514 4373 nobis
1546 4312 1621 4374 de
1649 4331 1715 4375 re
1747 4315 2052 4396 proposita
2079 4316 2255 4378 ﬁdem

2341 4329 2452 4386 ρον,
2517 4298 2689 4388 "Exta
2730 4309 2818 4365 καὶ
2859 4306 3102 4396 ἀλλαχου
3141 4298 3237 4377 τῆς
3298 4310 3641 4367 θεοπνεύστου
3682 4311 3894 4389 Γραφῆς
3921 4313 3982 4366 τὸ

615 4417 1050 4488 comparemus.
1084 4401 1286 4464 Prima
1341 4401 1627 4464 adversus
1681 4403 1932 4467 Arianos
1961 4405 2256 4488 oratione,

614 4487 778 4550 orbis
789 4497 1080 4553 terrarum
1097 4491 1295 4552 lumen
1311 4491 1669 4553 Athanasius
1681 4492 1910 4556 scribit:
1927 4493 2112 4557 Filios
2122 4487 2260 4558 vero

612 4577 742 4640 vice
770 4595 946 4641 versa
963 4579 1122 4642 Deus
1137 4597 1276 4641 cum
1291 4581 1394 4654 sit,
1417 4587 1472 4641 et
1491 4583 1745 4661 imperio
1779 4581 1990 4646 Patris
2020 4601 2262 4664 semper

613 4682 896 4746 regnans,
929 4673 985 4730 et
1001 4667 1278 4748 Spiritus
1292 4672 1493 4731 sancti
1511 4669 1675 4732 solus
1695 4669 1895 4734 dator.
1927 4669 2055 4746 Quo
2079 4690 2260 4736 sensu

611 4755 777 4818 solus
825 4755 974 4819 illud
1034 4756 1357 4837 accipietur
1409 4757 1531 4834 hic,
1592 4776 1732 4839 erga
1771 4778 1873 4822 vos
1929 4759 2259 4824 orationem

613 4862 813 4906 meam
844 4845 907 4907 in
940 4845 1214 4926 prasenti
1269 4854 1575 4908 converto.
1624 4846 2102 4928 Spoliabimusne
2143 4853 2259 4913 Pa-

613 4940 764 4995 trem
794 4935 1050 5014 Spiritus
1078 4933 1342 5010 datione,
1379 4942 1446 4996 ut
1472 4935 1587 4998 soli
1614 4935 1702 4998 illi
1741 4939 2042 5017 processio
2074 4939 2259 5002 lucri-

612 5021 713 5084 ﬁat
734 5019 761 5084 ἲ
786 5022 1004 5086 Absit!
1039 5031 1098 5086 et
1126 5025 1174 5085 si
1205 5027 1390 5086 multa
1417 5031 1592 5105 atque
1642 5025 1911 5105 ingentia
1949 5045 2078 5107 qua
2115 5027 2257 5091 inde

614 5111 959 5175 exoriuntur
986 5112 1330 5194 absurda,et
1353 5131 1568 5193 magno
1600 5114 1948 5196 prolixoque
1976 5134 2257 5180 sermone

609 5199 904 5284 indigent,
960 5201 1376 5284 pratereunda
1419 5219 1455 5264 a
1492 5202 1666 5266 nobis
1695 5213 1918 5266 essent.
1950 5203 2088 5267 Hac
2115 5225 2253 5268 vero

612 5290 814 5352 omnia
836 5291 1061 5355 nemini
1092 5310 1209 5353 non
1233 5299 1372 5353 nota
1392 5298 1592 5372 patent
1613 5291 2009 5356 omnibus.Ne
2029 5312 2249 5376 quaso,

611 5395 750 5465 erga
773 5383 1031 5462 Patrem,
1063 5379 1343 5462 Spiritus,
1375 5379 1645 5464 inquam,
1678 5381 1924 5465 fontem,
1983 5392 2249 5446 tantum-

617 5464 756 5528 dem
787 5467 868 5530 im
875 5469 1046 5548 probi
1070 5469 1467 5550 negotiatores
1489 5471 1699 5548 simus,
1722 5479 1788 5533 ut
1815 5464 2072 5554 primum
2092 5471 2253 5536 illius

694 5631 759 5684 ⁷⁸
785 5635 1016 5698 Bamch
1044 5651 1132 5712 In,
1163 5635 1264 5701 38.
1349 5636 1416 5689 το
1439 5637 1591 5704 ibid.
1623 5638 1721 5703 38.

2342 4397 2505 4472 μόνος
2562 4398 2652 4453 ὶπί
2707 4405 2800 4455 τοῦ
2855 4399 2977 4456 Υἱοῦ
3008 4395 3173 4463 δεῖξαι
3211 4400 3471 4479 κείμενον,
3505 4399 3634 4475 ὅπερ
3663 4402 3735 4464 ὡς
3768 4399 3979 4478 ἔγγιστα

2341 4488 2435 4544 τοῦ
2490 4487 2839 4566 προκειμένου
2894 4494 3094 4544 σκοποῦ
3146 4487 3341 4564 βάλλον
3389 4491 3730 4570 ὶσχυρότερον
3784 4491 3842 4545 ὃν
3882 4489 3977 4545 ἀν-

2340 4579 2698 4654 τιστρατεύσει
2792 4587 2913 4640 τοῖς
2969 4577 3113 4652 ἡμᾶς
3177 4577 3496 4655 πολεμοῦσι,
3570 4581 3658 4637 καὶ
3719 4584 3976 4659 κραταιιῖκ

2341 4664 2744 4736 ἀντιστήσεται.
2774 4665 2922 4734 Πλὴν
2945 4666 3063 4724 οῦτε
3090 4666 3317 4744 λυμανεῖ
3354 4671 3445 4726 τὸν
3475 4669 3682 4749 Πατέρα
3711 4683 3826 4732 τοῖς
3856 4668 3973 4724 αὐτὸ

2341 4752 2652 4834 δεχομένοις
2706 4757 2897 4838 ὀρθῶς,
2942 4758 3030 4814 καὶ
3083 4759 3184 4826 τὴν
3237 4757 3401 4836 ἄκραν
3446 4767 3537 4816 τοῦ
3567 4766 3793 4839 Χριστοῦ
3833 4755 3971 4824 δόξαν

2340 4850 2544 4923 τρανῶς
2600 4844 2909 4925 ἀνακηρύξει
2955 4859 3072 4911 τοῖς
3116 4845 3302 4910 ἅπασι.
3362 4852 3451 4907 Κεὶ
3505 4847 3570 4916 δὴ
3627 4847 3837 4906 λεκτέον
3884 4849 3974 4917 τὴν

2341 4933 2569 5015 γραφὴν,
2628 4937 2718 4992 τὸν
2773 4935 3008 5017 εἰπόντα,
3063 4939 3151 4995 καὶ
3205 4941 3266 4995 rb
3323 4939 3506 5019 ῥητὸν,
3581 4937 3727 5005 ὅπως
3779 4939 3839 4994 ἄν
3894 4939 3974 4994 καὶ

2340 5025 2456 5102 περὶ
2509 5025 2692 5080 τούτου
2747 5026 2809 5080 rb
2859 5029 3044 5083 πιστὸν
3076 5026 3222 5108 ἔχειν
3265 5026 3521 5104 δόξωμεν.
3555 5026 3642 5086 Ἐν
3670 5033 3747 5101 τιῇ
3789 5028 3976 5107 πρῶτῳ

2336 5113 2472 5168 κατά
2502 5111 2784 5197 Ἀρειανῶν
2813 5112 2960 5192 λόγῳ
3006 5120 3164 5193 φησὶν
3204 5120 3234 5174 ὁ
3281 5117 3379 5186 τῆς
3410 5118 3722 5194 οἰκουμένης
3765 5118 3976 5197 φωστὴρ

2338 5199 2643 5268 Ἀθανάσιος
2677 5223 2693 5239 ⁸
2744 5195 2800 5262 ’0
2856 5203 2911 5260 δὲ
2984 5208 3101 5270 Υἱὸς
3169 5209 3231 5264 τὸ
3289 5206 3515 5284 ἔμπαλιν
3581 5209 3710 5272 Θεὸς
3753 5195 3854 5283 ὢν,
3896 5195 3976 5266 καὶ

2334 5296 2403 5368 τῇ
2451 5291 2697 5368 Βασιλείᾳ
2773 5304 2866 5354 τοῦ
2934 5299 3140 5374 Πατρὸς
3209 5297 3290 5354 ἀεὶ
3387 5295 3706 5372 Βασιλεύων,
3779 5305 3874 5355 τοῦ
3920 5320 3974 5355 τε

2333 5383 2636 5458 Πνεύματος
2703 5391 2797 5442 τοῦ
2867 5385 3018 5464 ἁγίου
3108 5389 3265 5453 αὐτὸς
3346 5387 3420 5442 ὢν
3475 5388 3716 5467 χορηγὸς
3793 5388 3971 5464 μόνος,

2334 5476 2456 5537 Πῶς
2497 5474 2558 5530 τὸ
2613 5474 2776 5550 μόνος
2841 5476 3118 5554 νοήσωμεν
3169 5477 3450 5556 κάνταῦθα,
3509 5477 3642 5556 πρὸς
3691 5478 3830 5553 ὑμᾶς
3859 5481 3975 5546 τοὺς
