4208 6290
272 333 295 395 1
309 332 425 396 233

267 465 794 544 ἀντιδιατιθεμένους,

267 561 606 637 Στερήσομεν
660 564 751 618 τὶν
811 560 1020 639 Πατέρα
1073 567 1172 628 τῆς
1229 570 1319 619 τοῦ
1376 562 1682 639 Πνεύματος
1741 583 1919 641 χορη-

267 649 411 723 γίας,
460 651 533 714 ὡς
591 649 652 707 ἂν
685 653 830 725 μόνῳ
863 648 1203 729 κερδήσωμεν
1247 652 1390 724 αὕτῷ
1432 652 1528 718 τὴν
1573 651 1917 729 ἐκπόρευσινς

269 737 380 810 Μὴ,
429 737 527 793 κᾶν
584 741 628 795 εἷ
689 739 752 795 τά
794 738 967 796 πολλὰ
1008 741 1097 795 καὶ
1129 739 1335 816 μεγάλα
1363 738 1725 818 παραδραμεῖν
1753 737 1923 794 ἄτοπα

267 826 536 901 προσῆκον
599 829 758 902 ἡμᾶς,
847 825 978 904 ἅπερ
1051 827 1432 884 ἀνακόπτουσιν
1514 829 1764 890 ἐντεῦθεν,
1836 825 1924 890 οἷς

270 913 506 990 μεγάλου
564 918 652 971 καὶ
718 914 917 972 πολλοῦ
985 914 1146 992 λόγου
1214 915 1438 977 δέονται,
1502 916 1579 974 Τὰ
1610 914 1840 972 “τοιαῦτα
1868 912 1922 969 δὲ

268 1002 443 1058 πάντα
496 1004 584 1059 καὶ
638 1009 899 1084 περιφανῆ
970 1005 1058 1059 καὶ
1117 1003 1356 1082 γνώριμα
1411 1016 1529 1067 τοῖς
1585 1001 1732 1067 ὅλοις
1787 1005 1920 1058 καθ-

269 1110 486 1157 εστηκε.
571 1092 660 1159 Μὴ
743 1090 808 1159 δὴ
866 1092 1140 1170 γενοίμεθα
1195 1094 1350 1149 κακοὶ
1389 1093 1637 1148 τοσοῦτον
1690 1090 1917 1167 ἔμποροι

269 1180 388 1256 περὶ
441 1181 530 1236 τὸν
590 1180 820 1260 Πατέρα,
880 1181 978 1247 τὴν
1038 1187 1131 1236 τοῦ
1188 1181 1488 1256 Πνεύματος
1531 1179 1673 1258 λέγω
1714 1180 1920 1259 πηγὴν³

270 1265 345 1327 ὡς
396 1267 455 1320 τὸ
515 1272 723 1342 πρῶτον
780 1268 868 1322 καὶ
921 1265 1247 1324 τελεώτατον
1323 1273 1429 1323 τῶν
1496 1268 1679 1323 τούτου
1746 1264 1922 1322 καλῶν

269 1350 590 1429 προδιδόναι,
651 1355 739 1410 καὶ
782 1369 1132 1435 παραχωρεῖν
1162 1357 1235 1420 εἰς
1294 1355 1584 1435 ἀφαίρεσιν,
1643 1355 1734 1411 ἵνα
1777 1376 1921 1432 παρ-

271 1439 470 1516 έξωμεν
529 1442 696 1517 μόνῳ,
755 1450 847 1498 τοῦ
919 1445 1042 1500 Υἱοῦ
1083 1441 1334 1510 δηλονότϊ
1392 1445 1582 1523 χωρὶς,
1629 1442 1757 1522 ὅπερ
1801 1441 1918 1518 μετ’

270 1529 430 1585 αὒτοῦ
483 1531 808 1606 κεκτημένος
869 1530 1012 1588 οὐδὲν
1071 1531 1228 1599 ἧττον
1267 1531 1656 1599 πεπλούτηκεν,
1703 1534 1776 1590 T6
1819 1533 1918 1611 γὰρ

269 1617 456 1698 μόνον,
513 1622 585 1683 ὡς
664 1619 1022 1677 ἀποδείκνυσιν
1059 1650 1066 1651 ί
1101 1621 1153 1677 ἐν
1229 1619 1448 1687 διαλέξει
1504 1628 1571 1698 τῇ
1642 1621 1771 1698 πρὸς
1826 1623 1918 1677 τὸν

273 1703 314 1724 “’
345 1719 529 1777 Αρειον
585 1712 614 1765 6
642 1711 795 1774 αὐτὸς
837 1709 1173 1783 Ἀθανάσιος,

267 1803 376 1854 τῶν
430 1803 526 1864 τῆς
609 1799 783 1865 ἁπλῆς
869 1801 955 1854 καὶ

1186 336 1284 396 DE
1328 331 1838 408 PROCESSIONE
1876 333 1938 395 δ.
1985 329 2336 393 SPIRITUS
2377 329 2605 393 ΟΒΑΤ.
2654 328 2730 393 ΙΙ.

887 470 932 524 ὦ
1002 467 1170 544 οὗτοι,
1239 467 1532 548 φθέγγομαι
1590 470 1650 524 τὸ
1728 466 1915 542 παρόν.

2003 478 2072 523 ac
2105 461 2368 522 omnium
2401 459 2693 523 bonorum
2751 460 3254 524 absolutissimum
3304 461 3652 544 prodamus,

3497 328 3651 396 1234

2004 548 2423 630 tradamusque
2453 550 2585 611 aliis
2607 549 2680 611 ad
2711 549 3232 626 destruendum,ut
3257 549 3658 613 concedamus

2004 640 2132 713 soli,
2195 640 2418 722 absque
2451 642 2601 705 Filio
2653 641 2867 717 silicet,
2901 642 3062 724 quod
3109 661 3246 706 cum
3293 643 3396 705 illo
3453 641 3655 722 possi-

2005 729 2155 792 dens
2205 730 2388 794 Filius
2418 750 2537 792 non
2583 730 2782 793 minus
2810 730 3090 796 abundat.
3141 731 3409 813 Namque
3430 731 3652 809 solum,

2005 827 2070 879 ut
2111 819 2478 882 demonstrat
2507 820 2568 881 in
2598 820 2895 902 colloquio
2923 839 3057 882 cum
3091 821 3236 885 Ario
3266 822 3426 884 idem
3465 822 3656 884 Atha-

2005 907 2229 983 nasius,
2261 908 2522 989 quiifere
2552 907 2891 988 dogmatum
2923 927 3136 990 parens
3164 920 3275 991 est,
3306 927 3429 972 non
3456 927 3657 972 neces-

2001 998 2189 1059 sario‘
2203 997 2561 1059 divisionem
2577 997 2849 1076 aliquam
2870 997 3166 1078 simplicis
3185 1005 3239 1062 et
3261 999 3512 1061 indivisi
3516 997 3657 1062 bilis

2009 1085 2254 1148 Triadis
2280 1085 2520 1148 deitatis
2538 1087 2888 1167 principum
2915 1087 3312 1168 hypostaseon
3339 1092 3657 1165 importat.

2007 1175 2138 1236 Pari
2189 1173 2364 1236 modo
2394 1175 2536 1236 licet
2583 1175 2858 1236 nonnulli
2901 1194 2973 1237 ex
3003 1176 3144 1253 illis,
3179 1175 3281 1257 qui
3332 1175 3656 1256 antiquitus

2001 1281 2100 1324 res
2129 1263 2491 1343 theologicas
2524 1270 2978 1344 pertractarunt,
3012 1265 3339 1345 procedere
3367 1263 3653 1346 Spiritum

2003 1359 2269 1412 sanctum
2329 1370 2398 1413 ex
2447 1352 2573 1413 solo
2629 1349 2805 1412 Patre
2852 1351 3134 1432 dixerint,
3179 1371 3300 1413 non
3348 1361 3442 1415 est
3495 1351 3655 1433 quod

2003 1439 2194 1501 obstet
2248 1447 2425 1521 atque
2463 1438 2776 1520 impediat,
2809 1458 2886 1501 ne
2942 1458 3052 1502 nos
3080 1458 3418 1503 asseramus
3448 1449 3507 1502 et
3562 1452 3655 1502 te-

2001 1547 2246 1590 neamus
2274 1527 2560 1610 Spiritum
2607 1537 2879 1591 sanctum
2911 1529 3095 1592 etiam
3129 1547 3201 1592 ex
3254 1529 3403 1592 Filio
3435 1546 3655 1610 proce-

1999 1620 2166 1682 dere.

1258 1713 1285 1765 6
1331 1708 1522 1788 σχεδὸν
1581 1716 1686 1767 τῶν
1757 1707 2038 1787 δογμάτων
2095 1709 2294 1788 πατὴρ,
2368 1708 2474 1766 Οὐκ
2544 1707 2598 1773 ἐξ
2652 1707 2890 1786 ἀνάγκης
2949 1706 3198 1788 διαίρεσίν
3252 1730 3372 1766 τινα
3422 1719 3658 1766 ποιεῖται

1062 1797 1360 1876 ἀδιαιρέτου
1439 1804 1642 1866 σεπτῆς
1701 1797 1916 1877 Τριάδος
1971 1801 2270 1878 θεαρχικῶν
2327 1798 2687 1860 ὑποστάσεων,

2778 1796 2957 1861 Οὕτως
3040 1795 3150 1854 οὐδ’
3219 1799 3264 1854 εἰ
3351 1798 3440 1855 καὶ
3516 1818 3657 1861 τινες

269 1887 407 1954 ἦσαν
462 1892 565 1943 τῶν
636 1887 861 1944 ἔκπαλαι
917 1887 1348 1966 θεολογησάντων
1434 1887 1658 1968 ἀνδρῶν,
1731 1877 2096 1967 ἐκπορεύεσθαι
2146 1888 2208 1943 τὸ
2278 1888 2489 1961 Πνεῦμα
2521 1887 2582 1941 τὸ
2619 1885 2772 1963 ἅγιον
2830 1877 2896 1942 ἐκ
2959 1885 3121 1961 μόνου
3176 1897 3270 1946 τοῦ
3314 1887 3521 1966 Πατρὸς
3547 1891 3656 1966 φά-

269 1997 511 2050 σκοντες,
544 1975 660 2035 οῦδὲ
703 1977 821 2034 τότε
867 1979 927 2034 τὸ
970 1978 1388 2055 προσιστάμενον
1445 1976 1609 2052 οὐδὲν,
1657 1976 1773 2033 οῦδὲ
1839 1978 1901 2033 τὸ
1953 1977 2155 2034 κωλύον
2227 1977 2372 2052 ἡμᾶς
2429 1981 2521 2031 τοῦ
2573 1972 2875 2050 πρεσϐεύειν
2945 1973 3312 2046 ἐκπορεύεσθαι
3385 1975 3491 2032 κάκ
3557 1990 3655 2041 τοῦ

279 2067 403 2124 Υἱοῦ
457 2068 516 2122 τὸ
557 2073 768 2141 Πνεῦμα
813 2069 872 2123 τὸ
923 2067 1096 2145 ἅγιον.

349 2146 460 2234 λγ’,
506 2167 607 2214 Νῦν
656 2154 698 2211 δ’
745 2158 838 2213 οῦκ
891 2155 1038 2220 ὅπως
1090 2156 1458 2236 ὶκπορεύεσθαι
1502 2157 1564 2211 τὸ
1617 2162 1828 2230 Πνεῦμα
1857 2156 1917 2211 τὸ

2078 2151 2178 2214 33.
2217 2155 2646 2218 Verumtamen
2677 2168 2836 2212 nunc
2866 2169 3043 2213 nemo
3072 2169 3144 2214 ex
3172 2149 3451 2214 Patribus
3479 2148 3652 2224 dixit,

271 2243 420 2322 ἅγιον
471 2244 532 2301 ἐκ
591 2245 750 2320 μόνου
793 2251 885 2302 τοῦ
943 2245 1146 2323 Πατρές
1199 2246 1291 2300 οῦκ
1351 2245 1536 2322 εἴρηκε
1591 2251 1695 2300 τῶν
1740 2244 1914 2300 ἀπάν-

269 2355 377 2389 των
437 2331 619 2405 οῦδεὶς,
670 2332 805 2389 ἀλλά
863 2334 951 2389 καὶ
1004 2331 1207 2408 μᾶλλον
1266 2332 1393 2390 ἔνιοι
1424 2339 1528 2388 τῶν
1556 2334 1718 2410 ἁγίων
1750 2333 1916 2388 ἐκπο-

271 2420 503 2486 ρεύεσθαι
560 2422 661 2477 κάκ
704 2431 795 2479 τοῦ
853 2424 973 2478 Υἱοῦ
1028 2420 1238 2500 λέγουσι
1286 2423 1346 2477 τὸ
1402 2428 1612 2496 Πνεῦμα
1640 2423 1700 2476 τὸ
1741 2422 1913 2498 ἅγιον,

269 2513 345 2564 ὧν
401 2511 610 2566 πάντων
654 2513 697 2566 εἱ
739 2514 825 2565 καὶ
858 2517 946 2567 νῦν
1003 2508 1104 2566 ὦδε
1157 2510 1580 2588 προσκομίσομεν
1640 2511 1704 2566 τὰ
1759 2511 1915 2591 ῥητὰ,

271 2598 551 2668 λυθήσεται
611 2600 675 2654 τὰ
730 2604 827 2666 τῆς
887 2599 1104 2677 ἀπορίας
1175 2611 1294 2660 τοῖς
1373 2598 1755 2676 ἀντιλέγουσιν,
1814 2602 1922 2656 A6-

277 2688 399 2743 τέκα
456 2694 578 2763 γοῦν
609 2689 636 2742 6
683 2688 780 2752 τὴν
830 2687 1128 2763 ἁγιωσύνην
1186 2685 1350 2749 πολὺς
1403 2685 1746 2750 Ἀναστάσιος
1802 2685 1924 2746 τάδε

278 2777 463 2854 φησὶν,
521 2775 641 2831 ἔνθα
696 2777 813 2850 περὶ
868 2781 974 2828 τῶν
1029 2771 1144 2831 καθ’
1195 2777 1339 2849 ἡμᾶς
1397 2776 1558 2852 ὀρθῶν
1624 2776 1719 2845 τῆς
1781 2775 1923 2842 ἀλη-

271 2865 416 2925 θείας
491 2862 769 2940 δογμοίτων
849 2860 1054 2928 διέξεισι
1087 2881 1100 2893 ·
1201 2863 1298 2918 Καὶ
1365 2865 1576 2937 Πνεῦμα
1643 2863 1802 2920 πάλιν
1871 2862 1925 2928 ἒξ

267 2956 433 3011 αὐτοῦ
541 2949 973 3029 ἐκπορευόμενον,
1101 2951 1190 3005 καὶ
1302 2950 1756 3027 ἀποστελλόμενον
1866 2955 1926 3009 οὒ

266 3040 436 3116 μόνον
517 3042 658 3119 παρά
741 3047 832 3096 τοῦ
913 3040 1138 3118 Πατρὸς,
1223 3037 1360 3094 ἀλλὰ
1441 3041 1527 3096 καὶ
1608 3042 1749 3120 παρά
1831 3050 1923 3099 τοῦ

267 3133 418 3190 Υἱοῦ.
479 3128 766 3205 Ττίξουσιν,
814 3127 960 3208 οἶδα,
1019 3135 1124 3184 τῶν
1169 3127 1440 3206 ἐριστικῶν
1500 3132 1546 3186 οἱ
1598 3129 1806 3196 πλείους
1851 3134 1922 3195 εἰς

264 3220 329 3276 τὸ
391 3219 822 3298 ἐκπορευόμενον,
871 3219 954 3273 κοὶ
1017 3216 1182 3280 οὕτως
1239 3217 1631 3294 ἀναγνώσονται
1701 3222 1761 3275 τὸ
1805 3219 1923 3276 λοι-

267 3311 396 3388 πὸν,
445 3310 506 3364 τὸ
588 3314 801 3381 Πνεῦμα
856 3308 918 3362 τὸ
977 3305 1127 3383 ἅγιον
1197 3305 1539 3362 ἀποστέλλειν
1627 3310 1779 3364 οἱονεὶ
1836 3331 1923 3364 και

273 3396 434 3470 μόνον
490 3402 567 3469 τῷ
642 3397 746 3467 Υἱῷ
805 3394 940 3470 μετά
993 3415 1053 3470 γε
1109 3399 1200 3449 τοῦ
1274 3397 1476 3472 Πατρὸς
1545 3394 1920 3472 ἀπονέμοντες.

2000 2260 2072 2303 ex
2101 2241 2226 2303 solo
2257 2241 2429 2303 Patre
2481 2240 2768 2320 Spiritum
2800 2247 3069 2302 sanctum
3104 2240 3433 2320 procedere
3459 2258 3477 2316 ;
3510 2237 3657 2320 quin

1998 2333 2141 2393 imo-
2173 2329 2445 2392 nonnulli
2477 2330 2650 2391 etiam
2704 2347 2774 2391 ex
2804 2328 2953 2390 Filio
2985 2329 3312 2410 procedere
3369 2328 3656 2411 Spiritum

1999 2426 2267 2480 sanctum
2300 2427 2595 2482 asserunt.
2649 2416 2912 2490 Quorum
2945 2424 3211 2480 omnium
3247 2417 3300 2480 si
3329 2418 3489 2480 dicta
3540 2419 3658 2480 huc

2001 2512 2384 2587 adducamus,
2421 2511 2603 2573 dubia
2630 2511 3169 2574 contradicentium
3201 2511 3399 2574 omnia
3430 2510 3654 2574 dissol-

2002 2612 2233 2664 ventur.
2263 2601 2497 2664 Primus
2544 2601 2742 2681 itaque
2769 2601 3076 2662 sanctitate
3109 2601 3457 2681 praecellens
3486 2602 3655 2663 Ana-

2005 2693 2224 2752 stasius
2252 2691 2378 2753 haec
2408 2689 2607 2769 habet,
2638 2696 2888 2751 tractatu
2921 2691 3006 2752 De
3057 2690 3243 2752 rectis
3274 2707 3407 2770 quas
3436 2707 3658 2751 secun-

2004 2778 2148 2839 dum
2180 2797 2288 2839 nos
2318 2786 2474 2855 sunt,
2510 2777 2775 2840 veritatis
2804 2777 3181 2856 dogmatibus
3213 2797 3228 2839 :
3258 2778 3337 2841 Et
3387 2778 3661 2856 Spiritus

2006 2883 2222 2927 rursus
2243 2871 2347 2945 qui
2365 2883 2443 2927 ea:
2459 2866 2586 2945 ipso
2605 2866 2879 2944 procedit
2897 2872 2955 2929 et
2978 2867 3244 2928 mittitur
3263 2883 3388 2929 non
3405 2865 3600 2928 solum
3621 2882 3661 2926 ιι

2007 2954 2193 3017 Patre
2219 2955 2327 3016 sed
2354 2956 2542 3016 etiam
2565 2971 2641 3016 ex
2673 2953 2862 3016 Filio.
2886 2953 3114 3016 Puncto
3143 2954 3532 3033 distinguent,
3569 2963 3664 3017 sat

2004 3042 2154 3117 scio,
2187 3043 2380 3123 potior
2406 3042 2911 3104 contentiosorum
2939 3061 3074 3121 pars
3103 3042 3272 3117 illud,
3305 3045 3412 3120 qui
3438 3059 3517 3104 ea:
3538 3043 3660 3104 Pa-

2005 3138 2094 3194 tre
2125 3132 2440 3212 procedit;
2478 3130 2851 3211 postmodum
2900 3131 3196 3213 reliquum
3228 3131 3445 3209 legent,
3507 3129 3660 3192 mis-

2004 3221 2236 3282 sionem
2296 3219 2529 3281 scilicet
2561 3217 2818 3299 Spiritus
2845 3221 3035 3280 sancti
3091 3219 3276 3281 solam
3306 3219 3457 3283 Filio
3517 3236 3656 3281 cum

2007 3308 2177 3370 Patre
2207 3307 2640 3380 attribuentes;
2697 3306 2802 3368 sed
2834 3325 2936 3368 eos
2963 3307 3303 3386 redarguet,
3351 3306 3508 3388 quod
3541 3324 3662 3368 non

2009 3405 2140 3477 post
2172 3396 2354 3457 multa
2385 3396 2564 3457 verba
2593 3395 2950 3471 adnectitur,
2983 3405 3044 3458 et
3070 3395 3227 3476 quod
3251 3414 3429 3476 supra
3455 3395 3520 3456 in
3550 3395 3661 3456 hac

272 3483 507 3563 Ἐλέγξει
549 3482 606 3538 δὲ
651 3484 860 3546 πάντως
904 3483 1086 3546 αὐτοὺς
1132 3484 1192 3538 τὸ
1236 3483 1369 3556 μετά
1413 3505 1534 3539 τινα
1563 3494 1716 3543 τοῦτο
1745 3486 1919 3563 ῥηθέν,

2008 3472 2215 3550 eadem
2237 3488 2503 3549 oratione
2529 3485 2907 3565 digessimus,
2938 3472 3178 3567 nempe,
3210 3487 3288 3549 Et
3316 3472 3519 3549 tamen
3540 3485 3662 3548 Do-

275 3573 406 3652 ὅπερ
465 3574 751 3654 φθάσαντες
809 3569 917 3627 ἅνω
970 3578 1063 3627 τοῦ
1119 3578 1205 3626 νῦν
1275 3570 1436 3648 λόγου
1489 3570 1922 3653 προδιελάϐομεν,

2008 3579 2208 3640 minus
2225 3593 2301 3639 ea:
2319 3575 2629 3654 semetipso
2651 3593 2778 3637 esse
2795 3575 3460 3655 ostendens,insuﬂlans
3481 3575 3663 3637 disci-

274 3661 356 3718 ὅτι
430 3663 528 3720 Καὶ
587 3661 694 3735 μὴν
782 3661 810 3715 6
890 3659 1083 3736 Κύριος
1143 3657 1193 3724 ἐξ
1263 3660 1447 3719 ἑαυτοῦ
1529 3660 1728 3727 δεικνὺς
1798 3665 1924 3721 αὐτὸ

2003 3665 2164 3745 pulis
2197 3664 2423 3727 dicebat
2457 3685 2471 3728 :
2512 3687 2536 3722 ιι
2569 3666 2831 3744 Accipite
2869 3664 3177 3745 Spiritum
3217 3672 3498 3726 sanctum
3518 3660 3595 3726 ⁸ο.
3632 3684 3660 3722 ι

275 3751 535 3829 ὑπάρχειν
605 3747 852 3827 ἒμρυσῶν
929 3760 1047 3809 τοῖς
1119 3751 1386 3822 μαθηταῖς
1458 3748 1628 3829 ἔλεγε,
1726 3775 1754 3808 α
1809 3754 1923 3811 Λά-

2006 3756 2277 3835 Namque
2304 3753 2446 3816 inde
2476 3753 2820 3816 decernitur
2859 3761 2920 3815 et
2948 3754 3352 3834 conﬁrmatur,
3385 3752 3662 3815 eumdem

274 3837 397 3894 ϐετε
473 3844 684 3907 Πνεῦμα
742 3833 913 3915 ἅγιον.
978 3860 1004 3889 ››
1066 3844 1228 3893 Τοῦτο
1291 3840 1379 3893 καὶ
1441 3840 1543 3918 γὰρ
1612 3837 1926 3920 θεολογῆσαῖ

2008 3833 2202 3924 ipsum
2262 3841 2547 3924 Spiritum
2578 3849 2847 3904 sanctum
2879 3859 2953 3904 ex
2999 3843 3149 3905 Filio
3180 3833 3417 3924 quoque
3445 3859 3660 3923 proce-

271 3929 431 3984 κάκεῖ
495 3926 764 3990 συνίστησι
831 3927 922 3981 τὸν
978 3925 1132 3983 αὐτὸν
1191 3928 1280 3982 καὶ
1351 3927 1760 4006 ἐκπορευόμενον
1823 3934 1927 3988 κάκ

2007 3931 2171 3994 dere.
2204 3933 2280 3995 Et
2331 3931 2432 4012 qui
2487 3931 2633 3992 vitas
2664 3938 2723 3992 et
2749 3947 2847 3992 res
2901 3938 3098 4010 gestas
3152 3940 3490 3993 sanctorum
3549 3949 3659 3994 eo-

270 4024 364 4074 τοῦ
417 4017 535 4071 Υἱοῦ
577 4017 637 4068 τὸ
684 4013 895 4086 Πνεῦμα
953 4015 1013 4067 τὸ
1061 4013 1235 4090 ἅγιον,
1287 4019 1383 4073 Καὶ
1432 4019 1460 4072 6
1490 4018 1582 4080 τὰς
1614 4024 1717 4075 τῶν
1761 4019 1925 4097 ἁγίων

2007 4039 2261 4101 rumque
2283 4019 2608 4082 certamina
2637 4026 2862 4080 mutato
2905 4019 3052 4100 stylo
3085 4020 3404 4094 enarravit,
3437 4019 3500 4081 in
3522 4019 3659 4082 Dio-

271 4105 327 4160 δὲ
375 4103 642 4165 πολιτείας
703 4103 789 4157 καὶ
830 4102 922 4163 τὰς
969 4101 1136 4157 αὐτῶν
1198 4102 1448 4173 αθλήσεις
1507 4105 1922 4184 ἀφηγησάμενος

2004 4110 2170 4190 nysio
2191 4108 2567 4190 Areopagita,
2591 4109 2691 4188 qui
2714 4107 2929 4169 melius
2946 4107 3269 4182 diceretur,
3291 4117 3660 4171 secretorum

274 4196 734 4271 μεταφραστικιῦς,
829 4191 901 4254 εἷς
959 4191 1020 4245 τὸ
1079 4197 1170 4246 τοῦ
1213 4189 1592 4270 Ἀρεοπαγίτου
1635 4197 1921 4274 μαρτύριον

277 4282 570 4354 Διονυσίου,
632 4280 766 4358 φημὶ
836 4281 929 4334 τοῦ
996 4280 1101 4335 τῶν
1188 4279 1496 4358 ἀπορρήτων
1575 4283 1914 4365 ἐκφάντορος,

272 4368 470 4435 δεήσαν
527 4369 697 4423 εἰπεῖν
741 4368 858 4445 περὶ
898 4373 996 4432 τῆς
1057 4369 1354 4438 οἱκονομίας
1406 4376 1627 4448 Χριστοῦ
1683 4374 1812 4450 πρὸς
1856 4375 1916 4429 τὸ

276 4459 430 4520 τέλος
488 4457 572 4512 ἐπὶ
628 4454 817 4520 λέξεως
876 4455 1042 4518 οὕτως
1098 4454 1379 4535 ἐφθέγξατο
1413 4473 1425 4486 ⁸
1492 4461 1588 4516 Καὶ
1631 4461 1702 4523 εἰς
1758 4464 1918 4540 οὖρα-

271 4549 392 4610 νοῦς
452 4548 480 4601 6
542 4545 670 4620 ἐμὸς
746 4545 966 4621 Χριστὸς
1045 4544 1376 4622 ἀναφέρεται,
1461 4547 1548 4602 καὶ
1624 4550 1753 4627 πρὸς
1829 4550 1918 4606 τὰν

271 4634 528 4712 πατρικὸν
603 4631 838 4688 ἐπάνεισι
932 4631 1134 4710 θρόνον,
1206 4632 1295 4687 καὶ
1377 4634 1438 4689 16
1509 4633 1917 4713 ἰκπορευόμενον

273 4724 433 4779 αὒτοῦ
491 4728 702 4796 Πνεῦμα
778 4722 864 4776 ἒπὶ
941 4727 1010 4796 τῇ
1067 4727 1172 4776 τῶν
1230 4720 1461 4777 ἀπίστων
1511 4721 1700 4779 ἒνθνῶν
1757 4748 1924 4782 κατα-

271 4811 474 4886 πέμπει
527 4823 642 4873 τοτς
709 4812 975 4882 μαθηταῖς
1069 4806 1280 4884 ὀδηγίᾳ.
1345 4808 1450 4866 Κᾶν
1509 4812 1552 4866 εἰ
1595 4812 1671 4887 μὴ
1730 4814 1923 4892 πρόετε-

280 4922 396 4978 ρον,
456 4900 518 4954 τὸ
562 4897 687 4974 γοῦν
730 4904 817 4952 νῦν
878 4896 1007 4976 ἕχον
1064 4895 1232 4975 ἐχρῆν
1291 4897 1590 4953 παντάπασι
1648 4903 1925 4968 πεισθῆναι

269 4989 394 5051 τοὺς
439 4984 810 5063 ἀντιλέγοντας
847 5002 859 5014 ·
927 4982 1210 5060 ἐπειδήπερ
1256 4985 1317 5039 τὸ
1375 4981 1460 5040 διὰ
1503 4989 1698 5052 παντὸς
1728 4990 1924 5059 ζητού-

271 5095 434 5152 μενον
472 5076 675 5136 τούτοις
744 5074 830 5128 καὶ
901 5079 1199 5151 πανταχοῦ,
1261 5074 1320 5127 τὸ
1369 5072 1732 5152 ἐκπορεύεσθαι
1787 5077 1927 5157 λέγω

272 5166 379 5219 κάκ
409 5170 499 5218 τοῦ
536 5165 657 5219 Υἱοῦ
698 5163 759 5217 τὸ
815 5166 1028 5236 Πνεῦμα
1090 5162 1151 5216 τὸ
1207 5159 1380 5238 ἅγιον,
1438 5159 1541 5228 ἤδη
1598 5165 1684 5220 καὶ
1740 5189 1930 5246 κηρυτ-

270 5253 495 5328 τόμενον
552 5252 754 5329 τρανῶς
809 5248 893 5305 ἐπ’
941 5246 1261 5314 Ἐκκλησίας
1319 5250 1568 5327 εὑρήκασι
1600 5249 1717 5309 κατ’
1749 5253 1925 5313 ἑνιαυ-

271 5343 390 5419 τὸν,
450 5340 508 5396 οῦ
551 5339 712 5412 μόνον
769 5338 840 5401 ὡς
883 5336 950 5392 τὰ
991 5334 1165 5392 πολλὰ
1192 5342 1297 5393 τῶν
1347 5334 1627 5416 δογμάτων
1657 5345 1925 5425 γραφόμι-

273 5452 392 5508 νον,
436 5429 568 5506 πρὸς
625 5425 681 5482 δὲ
728 5427 816 5482 καὶ
884 5423 1321 5502 παραδιδόμενον.
1379 5429 1440 5484 Οἱ
1489 5425 1543 5483 δὲ
1596 5434 1695 5497 τῆς
1738 5423 1924 5517 μάχης

343 5594 408 5646 80
437 5595 602 5658 toan.
637 5607 741 5669 xx,
773 5590 886 5657 22.

2002 4206 2318 4277 revelator,
2342 4216 2476 4259 cum
2499 4197 2575 4259 de
2604 4195 2939 4277 (economia
2956 4195 3174 4277 Christi
3197 4215 3396 4258 sermo
3419 4196 3665 4277 incidis-

1999 4275 2116 4355 ξεί,
2151 4279 2212 4341 in
2244 4278 2365 4340 line
2422 4277 2549 4339 haec
2580 4275 2881 4355 ipsissima
2910 4276 3092 4337 verba
3146 4282 3396 4357 usurpat
3422 4294 3437 4338 :
3468 4276 3555 4338 Et
3592 4277 3663 4337 in

1998 4366 2213 4438 cretum
2252 4368 2523 4428 ascendit
2553 4382 2718 4426 meus
2748 4363 3056 4445 Christus,
3107 4369 3163 4427 et
3190 4364 3271 4426 ad
3310 4364 3514 4427 sedem
3540 4381 3660 4444 pa-

2000 4467 2236 4524 ternam
2261 4463 2612 4532 revertitur,
2648 4463 2709 4520 et
2738 4457 2845 4536 qui
2903 4473 2982 4518 ea;
3005 4461 3134 4537 ipso
3157 4457 3430 4535 procedit
3454 4455 3660 4535 Spiri-

2001 4556 2128 4614 tum
2153 4548 2418 4611 demittit
2482 4544 2818 4626 discipulis,
2851 4552 2916 4607 ut
2945 4552 3136 4606 essent
3166 4545 3343 4607 duces
3388 4547 3663 4626 gentium

1947 4638 2375 4743 Dinﬁdelium.
2428 4633 2554 4696 Etsi
2584 4652 2706 4743 nqn
2761 4640 2956 4734 antea,
2993 4639 3182 4743 certe)
3209 4651 3370 4743 nunc:
3416 4651 3662 4743 prorsus

2007 4725 2296 4789 suadendi
2353 4730 2558 4786 essent
2586 4721 2929 4797 adversarii,
2989 4719 3468 4803 quandoquidem
3501 4721 3661 4802 quod

2003 4816 2126 4896 ipsi
2182 4814 2460 4876 continuo
2493 4819 2553 4876 et
2599 4810 2819 4892 ubique
2868 4811 3244 4889 investigarit,
3305 4811 3659 4894 procedere,

2006 4905 2270 4986 inquam,
2344 4902 2522 4965 etiam
2557 4919 2628 4962 ex
2676 4899 2826 4963 Filio
2858 4898 3146 4979 Spiritum
3197 4907 3489 4978 sanctum,
3531 4901 3658 4980 jam

2009 4993 2246 5056 tandem
2279 4991 2595 5073 perspicue
2631 4989 2694 5050 in
2722 4987 2993 5051 Ecclesia
3023 4988 3492 5071 pronuntiatum,
3523 4988 3659 5051 edi-

2010 5091 2291 5162 ctumque
2338 5079 2587 5158 singulis
2619 5077 2814 5154 annis,
2871 5094 2989 5140 non
3038 5084 3267 5140 tantum
3318 5085 3386 5140 ut
3439 5086 3660 5142 catera

2010 5172 2284 5250 dogmata
2312 5169 2618 5250 scriptum,
2652 5166 2760 5229 sed
2807 5167 2984 5230 etiam
3015 5166 3295 5229 traditum
3321 5166 3652 5232 inveniunt.

2008 5259 2120 5333 Qui
2148 5277 2288 5322 vero
2343 5256 2747 5320 simultatibus
2775 5273 2844 5318 ac
2900 5254 3089 5317 turbis
3143 5254 3522 5332 addicuntur,
3557 5255 3657 5320 hic

2010 5367 2246 5432 quoque
2277 5347 2384 5410 sed
2437 5344 2710 5425 improbe
2735 5345 3041 5408 veritatem
3099 5351 3460 5426 oppugnant,
3505 5363 3655 5410 con-

2012 5438 2378 5519 tenduntque
2408 5435 2602 5518 potius
2628 5434 2806 5498 etiam
2835 5432 2899 5496 in
2927 5432 3042 5496 hoc
3071 5433 3230 5498 dicto
3259 5433 3518 5516 maligne
3545 5434 3656 5500 ad-
