  <div class='ocr_page' id='page_1' title='image "/cluster/home/n/w/nwhite01/storage/ocr_20150623/141/mdp.39015078384206/625.png"; bbox 0 0 4184 6300; ppageno 0'>
   <div class='ocr_carea' id='block_1_1' title="bbox 528 247 681 315">
    <p class='ocr_par' dir='ltr' id='par_1_1' title="bbox 528 247 681 315">
     <span class='ocr_line' id='line_1_1' title="bbox 528 247 681 315; baseline -0.013 -1"><span class='ocrx_word' id='word_1_1' title='bbox 528 247 681 315; x_wconf 77' lang='grc'><strong>1235</strong></span> 
     </span>
    </p>
   </div>
   <div class='ocr_carea' id='block_1_2' title="bbox 1687 245 2802 316">
    <p class='ocr_par' dir='ltr' id='par_1_2' title="bbox 1687 245 2802 316">
     <span class='ocr_line' id='line_1_2' title="bbox 1687 245 2802 316; baseline 0.007 -8"><span class='ocrx_word' id='word_1_2' title='bbox 1687 245 2206 311; x_wconf 80' lang='lat' dir='ltr'><strong>CONSTAN&#39;HNI</strong></span> <span class='ocrx_word' id='word_1_3' title='bbox 2249 245 2802 316; x_wconf 71' lang='lat' dir='ltr'><strong>MELITENIOTA!</strong></span> 
     </span>
    </p>
   </div>
   <div class='ocr_carea' id='block_1_3' title="bbox 3775 250 3928 320">
    <p class='ocr_par' dir='ltr' id='par_1_3' title="bbox 3775 250 3928 320">
     <span class='ocr_line' id='line_1_3' title="bbox 3775 250 3928 320; baseline 0.02 -3"><span class='ocrx_word' id='word_1_4' title='bbox 3775 250 3928 320; x_wconf 80' lang='lat'><strong>1236</strong></span> 
     </span>
    </p>
   </div>
   <div class='ocr_carea' id='block_1_4' title="bbox 523 378 2185 470">
    <p class='ocr_par' dir='ltr' id='par_1_4' title="bbox 523 378 2185 470">
     <span class='ocr_line' id='line_1_4' title="bbox 523 378 2185 470; baseline -0.002 -26"><span class='ocrx_word' id='word_1_5' title='bbox 523 380 769 444; x_wconf 90' lang='lat' dir='ltr'><strong>modum</strong></span> <span class='ocrx_word' id='word_1_6' title='bbox 824 396 890 442; x_wconf 88' lang='lat' dir='ltr'><strong>se</strong></span> <span class='ocrx_word' id='word_1_7' title='bbox 929 384 1245 470; x_wconf 78' lang='lat' dir='ltr'><strong>gerentes,</strong></span> <span class='ocrx_word' id='word_1_8' title='bbox 1317 384 1380 442; x_wconf 91' lang='lat' dir='ltr'><strong>et</strong></span> <span class='ocrx_word' id='word_1_9' title='bbox 1434 385 1660 470; x_wconf 71' lang='lat' dir='ltr'><strong>contra</strong></span> <span class='ocrx_word' id='word_1_10' title='bbox 1698 378 2075 470; x_wconf 77' lang='lat' dir='ltr'><strong>semetipsos,</strong></span> <span class='ocrx_word' id='word_1_11' title='bbox 2135 385 2185 442; x_wconf 83' lang='lat' dir='ltr'><strong>et</strong></span> 
     </span>
    </p>
   </div>
   <div class='ocr_carea' id='block_1_5' title="bbox 2267 378 3922 470">
    <p class='ocr_par' dir='ltr' id='par_1_5' title="bbox 2277 381 3922 470">
     <span class='ocr_line' id='line_1_5' title="bbox 2277 381 3922 470; baseline 0.002 -30"><span class='ocrx_word' id='word_1_12' title='bbox 2277 381 2354 441; x_wconf 75' lang='grc' dir='ltr'><strong>ἀεὶ</strong></span> <span class='ocrx_word' id='word_1_13' title='bbox 2410 385 2764 466; x_wconf 80' lang='grc' dir='ltr'><strong>τυγχάνοντες</strong></span> <span class='ocrx_word' id='word_1_14' title='bbox 2823 389 2910 445; x_wconf 85' lang='grc' dir='ltr'><strong>καὶ</strong></span> <span class='ocrx_word' id='word_1_15' title='bbox 2965 393 3064 457; x_wconf 82' lang='grc' dir='ltr'><strong>τῆς</strong></span> <span class='ocrx_word' id='word_1_16' title='bbox 3119 395 3364 470; x_wconf 79' lang='grc' dir='ltr'><strong>ταραχῆς</strong></span> <span class='ocrx_word' id='word_1_17' title='bbox 3409 389 3749 446; x_wconf 79' lang='grc' dir='ltr'><strong>ἀντιτείνουσι</strong></span> <span class='ocrx_word' id='word_1_18' title='bbox 3815 411 3922 445; x_wconf 83' lang='grc' dir='ltr'><strong>κα-</strong></span> 
     </span>
    </p>
   </div>
   <div class='ocr_carea' id='block_1_6' title="bbox 521 467 2184 549">
    <p class='ocr_par' dir='ltr' id='par_1_6' title="bbox 521 467 2184 549">
     <span class='ocr_line' id='line_1_6' title="bbox 521 467 2184 549; baseline -0.001 -15"><span class='ocrx_word' id='word_1_19' title='bbox 521 477 726 534; x_wconf 89' lang='lat' dir='ltr'><strong>contra</strong></span> <span class='ocrx_word' id='word_1_20' title='bbox 753 487 883 532; x_wconf 92' lang='lat' dir='ltr'><strong>nos.</strong></span> <span class='ocrx_word' id='word_1_21' title='bbox 918 467 1134 532; x_wconf 83' lang='lat' dir='ltr'><strong>Contra</strong></span> <span class='ocrx_word' id='word_1_22' title='bbox 1162 486 1293 545; x_wconf 90' lang='lat' dir='ltr'><strong>nos,</strong></span> <span class='ocrx_word' id='word_1_23' title='bbox 1345 467 1506 549; x_wconf 90' lang='lat' dir='ltr'><strong>quod</strong></span> <span class='ocrx_word' id='word_1_24' title='bbox 1539 467 1703 530; x_wconf 91' lang='lat' dir='ltr'><strong>nullo</strong></span> <span class='ocrx_word' id='word_1_25' title='bbox 1738 468 1915 530; x_wconf 91' lang='lat' dir='ltr'><strong>modo</strong></span> <span class='ocrx_word' id='word_1_26' title='bbox 1946 487 2080 531; x_wconf 91' lang='lat' dir='ltr'><strong>eum</strong></span> <span class='ocrx_word' id='word_1_27' title='bbox 2114 489 2184 532; x_wconf 82' lang='lat' dir='ltr'><strong>ex</strong></span> 
     </span>
    </p>
   </div>
   <div class='ocr_carea' id='block_1_7' title="bbox 520 557 2184 642">
    <p class='ocr_par' dir='ltr' id='par_1_7' title="bbox 520 557 2184 642">
     <span class='ocr_line' id='line_1_7' title="bbox 520 557 2184 642; baseline -0.001 -18"><span class='ocrx_word' id='word_1_28' title='bbox 520 561 669 624; x_wconf 87' lang='lat' dir='ltr'><strong>Filio</strong></span> <span class='ocrx_word' id='word_1_29' title='bbox 699 559 1027 642; x_wconf 87' lang='lat' dir='ltr'><strong>procedere</strong></span> <span class='ocrx_word' id='word_1_30' title='bbox 1048 558 1250 620; x_wconf 92' lang='lat' dir='ltr'><strong>volunt</strong></span> <span class='ocrx_word' id='word_1_31' title='bbox 1289 557 1630 629; x_wconf 88' lang='lat' dir='ltr'><strong>admittere,</strong></span> <span class='ocrx_word' id='word_1_32' title='bbox 1665 558 1823 640; x_wconf 90' lang='lat' dir='ltr'><strong>quod</strong></span> <span class='ocrx_word' id='word_1_33' title='bbox 1873 559 2184 640; x_wconf 63' lang='lat' dir='ltr'><strong>scriptura;</strong></span> 
     </span>
    </p>
   </div>
   <div class='ocr_carea' id='block_1_8' title="bbox 522 647 2182 731">
    <p class='ocr_par' dir='ltr' id='par_1_8' title="bbox 522 647 2182 731">
     <span class='ocr_line' id='line_1_8' title="bbox 522 647 2182 731; baseline -0.002 -16"><span class='ocrx_word' id='word_1_34' title='bbox 522 659 582 715; x_wconf 91' lang='lat' dir='ltr'><strong>et</strong></span> <span class='ocrx_word' id='word_1_35' title='bbox 600 650 908 731; x_wconf 73' lang='lat' dir='ltr'><strong>scriptoris</strong></span> <span class='ocrx_word' id='word_1_36' title='bbox 929 648 1143 710; x_wconf 84' lang='lat' dir='ltr'><strong>divinis</strong></span> <span class='ocrx_word' id='word_1_37' title='bbox 1166 665 1379 728; x_wconf 91' lang='lat' dir='ltr'><strong>scopus</strong></span> <span class='ocrx_word' id='word_1_38' title='bbox 1408 647 1699 728; x_wconf 76' lang='lat' dir='ltr'><strong>requirit;</strong></span> <span class='ocrx_word' id='word_1_39' title='bbox 1729 656 1936 710; x_wconf 89' lang='lat' dir='ltr'><strong>contra</strong></span> <span class='ocrx_word' id='word_1_40' title='bbox 1957 659 2182 712; x_wconf 91' lang='lat' dir='ltr'><strong>semet-</strong></span> 
     </span>
    </p>
   </div>
   <div class='ocr_carea' id='block_1_9' title="bbox 520 736 2186 823">
    <p class='ocr_par' dir='ltr' id='par_1_9' title="bbox 520 736 2186 823">
     <span class='ocr_line' id='line_1_9' title="bbox 520 736 2186 823; baseline -0.005 -20"><span class='ocrx_word' id='word_1_41' title='bbox 520 742 687 823; x_wconf 90' lang='lat' dir='ltr'><strong>ipsos</strong></span> <span class='ocrx_word' id='word_1_42' title='bbox 735 756 966 818; x_wconf 86' lang='lat' dir='ltr'><strong>rursus,</strong></span> <span class='ocrx_word' id='word_1_43' title='bbox 1025 737 1179 818; x_wconf 91' lang='lat' dir='ltr'><strong>quod</strong></span> <span class='ocrx_word' id='word_1_44' title='bbox 1213 755 1331 799; x_wconf 91' lang='lat' dir='ltr'><strong>non</strong></span> <span class='ocrx_word' id='word_1_45' title='bbox 1385 736 1448 798; x_wconf 91' lang='lat' dir='ltr'><strong>in</strong></span> <span class='ocrx_word' id='word_1_46' title='bbox 1478 736 1638 798; x_wconf 90' lang='lat' dir='ltr'><strong>illius</strong></span> <span class='ocrx_word' id='word_1_47' title='bbox 1688 736 2077 818; x_wconf 82' lang='lat' dir='ltr'><strong>intelligentia</strong></span> <span class='ocrx_word' id='word_1_48' title='bbox 2128 741 2186 802; x_wconf 92' lang='lat' dir='ltr'><strong>et</strong></span> 
     </span>
    </p>
   </div>
   <div class='ocr_carea' id='block_1_10' title="bbox 521 825 2181 909">
    <p class='ocr_par' dir='ltr' id='par_1_10' title="bbox 521 825 2181 909">
     <span class='ocr_line' id='line_1_10' title="bbox 521 825 2181 909; baseline -0.002 -17"><span class='ocrx_word' id='word_1_49' title='bbox 521 849 702 892; x_wconf 92' lang='lat' dir='ltr'><strong>sensu</strong></span> <span class='ocrx_word' id='word_1_50' title='bbox 761 825 1109 909; x_wconf 81' lang='lat' dir='ltr'><strong>exponendo</strong></span> <span class='ocrx_word' id='word_1_51' title='bbox 1143 825 1235 887; x_wconf 85' lang='lat' dir='ltr'><strong>vel</strong></span> <span class='ocrx_word' id='word_1_52' title='bbox 1267 825 1578 888; x_wconf 90' lang='lat' dir='ltr'><strong>minimum</strong></span> <span class='ocrx_word' id='word_1_53' title='bbox 1631 827 2016 908; x_wconf 87' lang='lat' dir='ltr'><strong>concordant,</strong></span> <span class='ocrx_word' id='word_1_54' title='bbox 2047 835 2181 890; x_wconf 89' lang='lat' dir='ltr'><strong>tan-</strong></span> 
     </span>
    </p>
   </div>
   <div class='ocr_carea' id='block_1_11' title="bbox 521 913 2183 1000">
    <p class='ocr_par' dir='ltr' id='par_1_11' title="bbox 521 913 2183 1000">
     <span class='ocr_line' id='line_1_11' title="bbox 521 913 2183 1000; baseline -0.001 -19"><span class='ocrx_word' id='word_1_55' title='bbox 521 937 700 1000; x_wconf 93' lang='lat' dir='ltr'><strong>quam</strong></span> <span class='ocrx_word' id='word_1_56' title='bbox 731 917 888 998; x_wconf 89' lang='lat' dir='ltr'><strong>quia</strong></span> <span class='ocrx_word' id='word_1_57' title='bbox 922 925 1087 977; x_wconf 88' lang='lat' dir='ltr'><strong>recta</strong></span> <span class='ocrx_word' id='word_1_58' title='bbox 1115 931 1377 994; x_wconf 90' lang='lat' dir='ltr'><strong>unaque,</strong></span> <span class='ocrx_word' id='word_1_59' title='bbox 1412 921 1610 975; x_wconf 90' lang='lat' dir='ltr'><strong>nostra</strong></span> <span class='ocrx_word' id='word_1_60' title='bbox 1632 913 1885 988; x_wconf 77' lang='lat' dir='ltr'><strong>scilicet,</strong></span> <span class='ocrx_word' id='word_1_61' title='bbox 1912 914 2183 980; x_wconf 88' lang='lat' dir='ltr'><strong>decesse-</strong></span> 
     </span>
    </p>
   </div>
   <div class='ocr_carea' id='block_1_12' title="bbox 519 1001 2186 1086">
    <p class='ocr_par' dir='ltr' id='par_1_12' title="bbox 519 1001 2186 1086">
     <span class='ocr_line' id='line_1_12' title="bbox 519 1001 2186 1086; baseline 0.002 -18"><span class='ocrx_word' id='word_1_62' title='bbox 519 1014 678 1068; x_wconf 89' lang='lat' dir='ltr'><strong>runt.</strong></span> <span class='ocrx_word' id='word_1_63' title='bbox 715 1003 966 1079; x_wconf 85' lang='lat' dir='ltr'><strong>Quidam</strong></span> <span class='ocrx_word' id='word_1_64' title='bbox 993 1003 1152 1064; x_wconf 89' lang='lat' dir='ltr'><strong>enim</strong></span> <span class='ocrx_word' id='word_1_65' title='bbox 1185 1021 1253 1064; x_wconf 83' lang='lat' dir='ltr'><strong>ex</strong></span> <span class='ocrx_word' id='word_1_66' title='bbox 1283 1002 1430 1083; x_wconf 92' lang='lat' dir='ltr'><strong>ipsis</strong></span> <span class='ocrx_word' id='word_1_67' title='bbox 1485 1001 1732 1066; x_wconf 89' lang='lat' dir='ltr'><strong>dicunt:</strong></span> <span class='ocrx_word' id='word_1_68' title='bbox 1770 1005 1888 1079; x_wconf 81' lang='lat' dir='ltr'><strong>Qui</strong></span> <span class='ocrx_word' id='word_1_69' title='bbox 1910 1006 2186 1086; x_wconf 74' lang='lat' dir='ltr'><strong>procedit</strong></span> 
     </span>
    </p>
   </div>
   <div class='ocr_carea' id='block_1_13' title="bbox 521 1093 2184 1177">
    <p class='ocr_par' dir='ltr' id='par_1_13' title="bbox 521 1093 2184 1177">
     <span class='ocr_line' id='line_1_13' title="bbox 521 1093 2184 1177; baseline 0 -19"><span class='ocrx_word' id='word_1_70' title='bbox 521 1113 599 1158; x_wconf 78' lang='lat' dir='ltr'><strong>ea:</strong></span> <span class='ocrx_word' id='word_1_71' title='bbox 625 1096 754 1171; x_wconf 83' lang='lat' dir='ltr'><strong>ipso</strong></span> <span class='ocrx_word' id='word_1_72' title='bbox 807 1093 1100 1175; x_wconf 75' lang='lat' dir='ltr'><strong>Spiritus,</strong></span> <span class='ocrx_word' id='word_1_73' title='bbox 1134 1093 1350 1155; x_wconf 79' lang='lat' dir='ltr'><strong>throno</strong></span> <span class='ocrx_word' id='word_1_74' title='bbox 1399 1109 1608 1172; x_wconf 81' lang='lat' dir='ltr'><strong>nempe</strong></span> <span class='ocrx_word' id='word_1_75' title='bbox 1632 1099 1937 1172; x_wconf 81' lang='lat' dir='ltr'><strong>paterno;</strong></span> <span class='ocrx_word' id='word_1_76' title='bbox 1990 1113 2184 1177; x_wconf 91' lang='lat' dir='ltr'><strong>neque</strong></span> 
     </span>
    </p>
   </div>
   <div class='ocr_carea' id='block_1_14' title="bbox 519 1179 2180 1265">
    <p class='ocr_par' dir='ltr' id='par_1_14' title="bbox 519 1179 2180 1265">
     <span class='ocr_line' id='line_1_14' title="bbox 519 1179 2180 1265; baseline -0.001 -18"><span class='ocrx_word' id='word_1_77' title='bbox 519 1185 771 1248; x_wconf 87' lang='lat' dir='ltr'><strong>horrent</strong></span> <span class='ocrx_word' id='word_1_78' title='bbox 825 1182 984 1265; x_wconf 92' lang='lat' dir='ltr'><strong>quod</strong></span> <span class='ocrx_word' id='word_1_79' title='bbox 1045 1200 1116 1244; x_wconf 80' lang='lat' dir='ltr'><strong>ex</strong></span> <span class='ocrx_word' id='word_1_80' title='bbox 1175 1179 1439 1243; x_wconf 85' lang='lat' dir='ltr'><strong>essentia</strong></span> <span class='ocrx_word' id='word_1_81' title='bbox 1495 1179 1684 1242; x_wconf 88' lang='lat' dir='ltr'><strong>Patris</strong></span> <span class='ocrx_word' id='word_1_82' title='bbox 1739 1181 2044 1261; x_wconf 88' lang='lat' dir='ltr'><strong>procedit,</strong></span> <span class='ocrx_word' id='word_1_83' title='bbox 2109 1203 2180 1246; x_wconf 83' lang='lat' dir='ltr'><strong>ex</strong></span> 
     </span>
    </p>
   </div>
   <div class='ocr_carea' id='block_1_15' title="bbox 523 1269 2187 1352">
    <p class='ocr_par' dir='ltr' id='par_1_15' title="bbox 523 1269 2187 1352">
     <span class='ocr_line' id='line_1_15' title="bbox 523 1269 2187 1352; baseline -0.001 -15"><span class='ocrx_word' id='word_1_84' title='bbox 523 1275 738 1336; x_wconf 91' lang='lat' dir='ltr'><strong>throno</strong></span> <span class='ocrx_word' id='word_1_85' title='bbox 757 1271 950 1334; x_wconf 88' lang='lat' dir='ltr'><strong>Patris</strong></span> <span class='ocrx_word' id='word_1_86' title='bbox 975 1269 1303 1351; x_wconf 89' lang='lat' dir='ltr'><strong>procedere</strong></span> <span class='ocrx_word' id='word_1_87' title='bbox 1326 1269 1674 1332; x_wconf 91' lang='lat' dir='ltr'><strong>decernere.</strong></span> <span class='ocrx_word' id='word_1_88' title='bbox 1699 1269 1966 1345; x_wconf 81' lang='lat' dir='ltr'><strong>Alii,0ui</strong></span> <span class='ocrx_word' id='word_1_89' title='bbox 1981 1289 2187 1352; x_wconf 80' lang='lat' dir='ltr'><strong>proce-</strong></span> 
     </span>
    </p>
   </div>
   <div class='ocr_carea' id='block_1_16' title="bbox 520 1357 2180 1442">
    <p class='ocr_par' dir='ltr' id='par_1_16' title="bbox 520 1357 2180 1442">
     <span class='ocr_line' id='line_1_16' title="bbox 520 1357 2180 1442; baseline -0.002 -16"><span class='ocrx_word' id='word_1_90' title='bbox 520 1364 633 1438; x_wconf 84' lang='lat' dir='ltr'><strong>dit,</strong></span> <span class='ocrx_word' id='word_1_91' title='bbox 660 1363 765 1442; x_wconf 83' lang='lat' dir='ltr'><strong>qui</strong></span> <span class='ocrx_word' id='word_1_92' title='bbox 813 1364 1191 1441; x_wconf 70' lang='lat' dir='ltr'><strong>processerat</strong></span> <span class='ocrx_word' id='word_1_93' title='bbox 1219 1374 1432 1436; x_wconf 76' lang='lat' dir='ltr'><strong>nempe</strong></span> <span class='ocrx_word' id='word_1_94' title='bbox 1463 1357 1738 1437; x_wconf 83' lang='lat' dir='ltr'><strong>Spiritus</strong></span> <span class='ocrx_word' id='word_1_95' title='bbox 1787 1358 2042 1435; x_wconf 83' lang='lat' dir='ltr'><strong>Christi,</strong></span> <span class='ocrx_word' id='word_1_96' title='bbox 2074 1361 2180 1423; x_wconf 86' lang='lat' dir='ltr'><strong>fri-</strong></span> 
     </span>
    </p>
   </div>
   <div class='ocr_carea' id='block_1_17' title="bbox 522 1445 2185 1533">
    <p class='ocr_par' dir='ltr' id='par_1_17' title="bbox 522 1445 2185 1533">
     <span class='ocr_line' id='line_1_17' title="bbox 522 1445 2185 1533; baseline -0.002 -18"><span class='ocrx_word' id='word_1_97' title='bbox 522 1453 660 1533; x_wconf 89' lang='lat' dir='ltr'><strong>gida</strong></span> <span class='ocrx_word' id='word_1_98' title='bbox 692 1449 1014 1514; x_wconf 89' lang='lat' dir='ltr'><strong>admodum</strong></span> <span class='ocrx_word' id='word_1_99' title='bbox 1074 1445 1375 1509; x_wconf 86' lang='lat' dir='ltr'><strong>sententia</strong></span> <span class='ocrx_word' id='word_1_100' title='bbox 1404 1452 1462 1506; x_wconf 89' lang='lat' dir='ltr'><strong>et</strong></span> <span class='ocrx_word' id='word_1_101' title='bbox 1513 1454 1648 1507; x_wconf 91' lang='lat' dir='ltr'><strong>ante</strong></span> <span class='ocrx_word' id='word_1_102' title='bbox 1699 1445 1887 1527; x_wconf 90' lang='lat' dir='ltr'><strong>ipsam</strong></span> <span class='ocrx_word' id='word_1_103' title='bbox 1920 1447 2185 1529; x_wconf 82' lang='lat' dir='ltr'><strong>frigidis-</strong></span> 
     </span>
    </p>
   </div>
   <div class='ocr_carea' id='block_1_18' title="bbox 2265 476 3922 559">
    <p class='ocr_par' dir='ltr' id='par_1_18' title="bbox 2265 476 3922 559">
     <span class='ocr_line' id='line_1_18' title="bbox 2265 476 3922 559; baseline 0.004 -31"><span class='ocrx_word' id='word_1_104' title='bbox 2265 479 2376 537; x_wconf 84' lang='grc' dir='ltr'><strong>κῶς</strong></span> <span class='ocrx_word' id='word_1_105' title='bbox 2428 476 2686 533; x_wconf 85' lang='grc' dir='ltr'><strong>κάνταῦθα</strong></span> <span class='ocrx_word' id='word_1_106' title='bbox 2745 479 2875 556; x_wconf 83' lang='grc' dir='ltr'><strong>πρὸς</strong></span> <span class='ocrx_word' id='word_1_107' title='bbox 2945 479 3044 547; x_wconf 77' lang='grc' dir='ltr'><strong>τὴν</strong></span> <span class='ocrx_word' id='word_1_108' title='bbox 3108 479 3377 555; x_wconf 75' lang='grc' dir='ltr'><strong>ἀλήθειαν,</strong></span> <span class='ocrx_word' id='word_1_109' title='bbox 3447 477 3805 559; x_wconf 70' lang='grc' dir='ltr'><strong>φιλονεικοῦσι</strong></span> <span class='ocrx_word' id='word_1_110' title='bbox 3865 498 3922 534; x_wconf 86' lang='grc' dir='ltr'><strong>τε</strong></span> 
     </span>
    </p>
   </div>
   <div class='ocr_carea' id='block_1_19' title="bbox 2266 562 3924 642">
    <p class='ocr_par' dir='ltr' id='par_1_19' title="bbox 2266 562 3924 642">
     <span class='ocr_line' id='line_1_19' title="bbox 2266 562 3924 642; baseline 0.002 -23"><span class='ocrx_word' id='word_1_111' title='bbox 2266 562 2468 638; x_wconf 83' lang='grc' dir='ltr'><strong>μᾶλλον</strong></span> <span class='ocrx_word' id='word_1_112' title='bbox 2521 567 2932 642; x_wconf 87' lang='grc' dir='ltr'><strong>πονηρευόμενοι</strong></span> <span class='ocrx_word' id='word_1_113' title='bbox 2985 567 3103 624; x_wconf 86' lang='grc' dir='ltr'><strong>κατ’</strong></span> <span class='ocrx_word' id='word_1_114' title='bbox 3176 572 3338 635; x_wconf 77' lang='grc' dir='ltr'><strong>αὒτῆς</strong></span> <span class='ocrx_word' id='word_1_115' title='bbox 3397 567 3494 623; x_wconf 74' lang='grc' dir='ltr'><strong>κᾶν</strong></span> <span class='ocrx_word' id='word_1_116' title='bbox 3563 575 3640 642; x_wconf 83' lang='grc' dir='ltr'><strong>τῷ</strong></span> <span class='ocrx_word' id='word_1_117' title='bbox 3692 568 3924 639; x_wconf 71' lang='grc' dir='ltr'><strong>τοιούτῳ</strong></span> 
     </span>
    </p>
   </div>
   <div class='ocr_carea' id='block_1_20' title="bbox 2263 652 3924 736">
    <p class='ocr_par' dir='ltr' id='par_1_20' title="bbox 2263 652 3924 736">
     <span class='ocr_line' id='line_1_20' title="bbox 2263 652 3924 736; baseline 0.001 -28"><span class='ocrx_word' id='word_1_118' title='bbox 2263 652 2409 730; x_wconf 76' lang='grc' dir='ltr'><strong>ῥητῷ</strong></span> <span class='ocrx_word' id='word_1_119' title='bbox 2463 655 2550 710; x_wconf 87' lang='grc' dir='ltr'><strong>καὶ</strong></span> <span class='ocrx_word' id='word_1_120' title='bbox 2603 657 2733 733; x_wconf 83' lang='grc' dir='ltr'><strong>πρὸς</strong></span> <span class='ocrx_word' id='word_1_121' title='bbox 2790 654 3055 726; x_wconf 80' lang='grc' dir='ltr'><strong>ἀλλήλους</strong></span> <span class='ocrx_word' id='word_1_122' title='bbox 3116 659 3202 712; x_wconf 90' lang='grc' dir='ltr'><strong>καὶ</strong></span> <span class='ocrx_word' id='word_1_123' title='bbox 3250 660 3379 736; x_wconf 74' lang='grc' dir='ltr'><strong>πρὸς</strong></span> <span class='ocrx_word' id='word_1_124' title='bbox 3423 660 3590 732; x_wconf 77' lang='grc' dir='ltr'><strong>ἡμᾶς,</strong></span> <span class='ocrx_word' id='word_1_125' title='bbox 3620 666 3781 715; x_wconf 84' lang='grc' dir='ltr'><strong>τοῦτο</strong></span> <span class='ocrx_word' id='word_1_126' title='bbox 3817 657 3924 731; x_wconf 76' lang='grc' dir='ltr'><strong>μὲν</strong></span> 
     </span>
    </p>
   </div>
   <div class='ocr_carea' id='block_1_21' title="bbox 2264 742 3922 826">
    <p class='ocr_par' dir='ltr' id='par_1_21' title="bbox 2264 742 3922 826">
     <span class='ocr_line' id='line_1_21' title="bbox 2264 742 3922 826; baseline 0.001 -28"><span class='ocrx_word' id='word_1_127' title='bbox 2264 744 2325 798; x_wconf 80' lang='grc' dir='ltr'><strong>τὸ</strong></span> <span class='ocrx_word' id='word_1_128' title='bbox 2408 742 2818 821; x_wconf 81' lang='grc' dir='ltr'>ἐκπορευόμενον</span> <span class='ocrx_word' id='word_1_129' title='bbox 2893 747 3049 804; x_wconf 61' lang='grc' dir='ltr'><strong>αὒτοιὲ</strong></span> <span class='ocrx_word' id='word_1_130' title='bbox 3125 746 3202 821; x_wconf 81' lang='grc' dir='ltr'><strong>μὴ</strong></span> <span class='ocrx_word' id='word_1_131' title='bbox 3275 745 3608 826; x_wconf 78' lang='grc' dir='ltr'><strong>προσιέμενοι</strong></span> <span class='ocrx_word' id='word_1_132' title='bbox 3663 743 3922 820; x_wconf 82' lang='grc' dir='ltr'><strong>μηδόλως</strong></span> 
     </span>
    </p>
   </div>
   <div class='ocr_carea' id='block_1_22' title="bbox 2267 831 3924 913">
    <p class='ocr_par' dir='ltr' id='par_1_22' title="bbox 2267 831 3924 913">
     <span class='ocr_line' id='line_1_22' title="bbox 2267 831 3924 913; baseline 0.001 -25"><span class='ocrx_word' id='word_1_133' title='bbox 2267 831 2327 888; x_wconf 88' lang='grc' dir='ltr'><strong>ἐκ</strong></span> <span class='ocrx_word' id='word_1_134' title='bbox 2379 833 2471 888; x_wconf 86' lang='grc' dir='ltr'><strong>τοῦ</strong></span> <span class='ocrx_word' id='word_1_135' title='bbox 2520 836 2639 890; x_wconf 80' lang='grc' dir='ltr'><strong>Υἱοῦ</strong></span> <span class='ocrx_word' id='word_1_136' title='bbox 2681 833 2854 912; x_wconf 88' lang='grc' dir='ltr'><strong>λέγειν</strong></span> <span class='ocrx_word' id='word_1_137' title='bbox 2903 835 3340 913; x_wconf 76' lang='grc' dir='ltr'><strong>ἐκπορευόμενον,</strong></span> <span class='ocrx_word' id='word_1_138' title='bbox 3373 833 3501 911; x_wconf 78' lang='grc' dir='ltr'><strong>ὅπερ</strong></span> <span class='ocrx_word' id='word_1_139' title='bbox 3544 836 3572 890; x_wconf 83' lang='grc' dir='ltr'>ὁ</span> <span class='ocrx_word' id='word_1_140' title='bbox 3614 837 3712 902; x_wconf 76' lang='grc' dir='ltr'><strong>τῆς</strong></span> <span class='ocrx_word' id='word_1_141' title='bbox 3781 856 3924 912; x_wconf 85' lang='grc' dir='ltr'><strong>γρα-</strong></span> 
     </span>
    </p>
   </div>
   <div class='ocr_carea' id='block_1_23' title="bbox 2268 919 3915 1002">
    <p class='ocr_par' dir='ltr' id='par_1_23' title="bbox 2268 919 3915 1002">
     <span class='ocr_line' id='line_1_23' title="bbox 2268 919 3915 1002; baseline -0.006 -15"><span class='ocrx_word' id='word_1_142' title='bbox 2268 926 2370 1001; x_wconf 77' lang='grc' dir='ltr'><strong>φῆς</strong></span> <span class='ocrx_word' id='word_1_143' title='bbox 2420 919 2582 977; x_wconf 81' lang='grc' dir='ltr'><strong>ἐθέλει</strong></span> <span class='ocrx_word' id='word_1_144' title='bbox 2650 925 2872 1001; x_wconf 85' lang='grc' dir='ltr'><strong>σκοπὸς,</strong></span> <span class='ocrx_word' id='word_1_145' title='bbox 2943 923 3033 979; x_wconf 80' lang='grc' dir='ltr'><strong>καὶ</strong></span> <span class='ocrx_word' id='word_1_146' title='bbox 3113 923 3206 980; x_wconf 85' lang='grc' dir='ltr'><strong>τοῦ</strong></span> <span class='ocrx_word' id='word_1_147' title='bbox 3281 922 3722 1002; x_wconf 82' lang='grc' dir='ltr'><strong>συγγραψαμένου</strong></span> <span class='ocrx_word' id='word_1_148' title='bbox 3780 923 3915 978; x_wconf 84' lang='grc' dir='ltr'><strong>θεό-</strong></span> 
     </span>
    </p>
   </div>
   <div class='ocr_carea' id='block_1_24' title="bbox 2267 1008 3930 1090">
    <p class='ocr_par' dir='ltr' id='par_1_24' title="bbox 2267 1008 3930 1090">
     <span class='ocr_line' id='line_1_24' title="bbox 2267 1008 3930 1090; baseline -0.001 -23"><span class='ocrx_word' id='word_1_149' title='bbox 2267 1032 2453 1090; x_wconf 74' lang='grc' dir='ltr'><strong>φρονος</strong></span> <span class='ocrx_word' id='word_1_150' title='bbox 2478 1026 2492 1040; x_wconf 90' lang='grc'><strong>·</strong></span> <span class='ocrx_word' id='word_1_151' title='bbox 2552 1012 2681 1090; x_wconf 80' lang='grc' dir='ltr'><strong>πρὸς</strong></span> <span class='ocrx_word' id='word_1_152' title='bbox 2737 1009 3001 1082; x_wconf 76' lang='grc' dir='ltr'>ἀλλήλους</span> <span class='ocrx_word' id='word_1_153' title='bbox 3044 1008 3098 1067; x_wconf 78' lang='grc' dir='ltr'><strong>δὲ</strong></span> <span class='ocrx_word' id='word_1_154' title='bbox 3141 1010 3322 1086; x_wconf 72' lang='grc' dir='ltr'><strong>πάλιν,</strong></span> <span class='ocrx_word' id='word_1_155' title='bbox 3357 1012 3445 1076; x_wconf 77' lang='grc' dir='ltr'><strong>οἷς</strong></span> <span class='ocrx_word' id='word_1_156' title='bbox 3477 1011 3556 1068; x_wconf 83' lang='grc' dir='ltr'><strong>ὅτι</strong></span> <span class='ocrx_word' id='word_1_157' title='bbox 3587 1010 3714 1086; x_wconf 80' lang='grc' dir='ltr'><strong>μηδ’</strong></span> <span class='ocrx_word' id='word_1_158' title='bbox 3769 1012 3930 1067; x_wconf 72' lang='grc' dir='ltr'><strong>αὖτοὶ</strong></span> 
     </span>
    </p>
   </div>
   <div class='ocr_carea' id='block_1_25' title="bbox 2266 1099 3926 1180">
    <p class='ocr_par' dir='ltr' id='par_1_25' title="bbox 2266 1099 3926 1180">
     <span class='ocr_line' id='line_1_25' title="bbox 2266 1099 3926 1180; baseline 0 -25"><span class='ocrx_word' id='word_1_159' title='bbox 2266 1099 2400 1155; x_wconf 82' lang='grc' dir='ltr'><strong>κατὰ</strong></span> <span class='ocrx_word' id='word_1_160' title='bbox 2441 1099 2539 1166; x_wconf 74' lang='grc' dir='ltr'><strong>τὴν</strong></span> <span class='ocrx_word' id='word_1_161' title='bbox 2597 1099 2796 1155; x_wconf 88' lang='grc' dir='ltr'><strong>ἐννοιαν</strong></span> <span class='ocrx_word' id='word_1_162' title='bbox 2851 1106 3185 1179; x_wconf 71' lang='grc' dir='ltr'><strong>συμφωνοῦσι</strong></span> <span class='ocrx_word' id='word_1_163' title='bbox 3241 1106 3445 1180; x_wconf 83' lang='grc' dir='ltr'><strong>ποσῶς,</strong></span> <span class='ocrx_word' id='word_1_164' title='bbox 3498 1103 3572 1164; x_wconf 84' lang='grc' dir='ltr'><strong>ὡς</strong></span> <span class='ocrx_word' id='word_1_165' title='bbox 3618 1099 3759 1165; x_wconf 72' lang='grc' dir='ltr'><strong>ἅπαξ</strong></span> <span class='ocrx_word' id='word_1_166' title='bbox 3823 1103 3926 1167; x_wconf 78' lang='grc' dir='ltr'><strong>τῆς</strong></span> 
     </span>
    </p>
   </div>
   <div class='ocr_carea' id='block_1_26' title="bbox 2265 1187 3929 1266">
    <p class='ocr_par' dir='ltr' id='par_1_26' title="bbox 2265 1187 3929 1266">
     <span class='ocr_line' id='line_1_26' title="bbox 2265 1187 3929 1266; baseline -0.003 -22"><span class='ocrx_word' id='word_1_167' title='bbox 2265 1189 2421 1266; x_wconf 80' lang='grc' dir='ltr'><strong>ὀρθῆς</strong></span> <span class='ocrx_word' id='word_1_168' title='bbox 2453 1187 2762 1252; x_wconf 78' lang='grc' dir='ltr'><strong>ἐκπεσόντες</strong></span> <span class='ocrx_word' id='word_1_169' title='bbox 2807 1191 2898 1245; x_wconf 86' lang='grc' dir='ltr'><strong>καὶ</strong></span> <span class='ocrx_word' id='word_1_170' title='bbox 2951 1193 3050 1256; x_wconf 80' lang='grc' dir='ltr'><strong>τῆς</strong></span> <span class='ocrx_word' id='word_1_171' title='bbox 3098 1195 3244 1265; x_wconf 82' lang='grc' dir='ltr'><strong>μιᾶς,</strong></span> <span class='ocrx_word' id='word_1_172' title='bbox 3300 1190 3535 1246; x_wconf 77' lang='grc' dir='ltr'><strong>τουτέστι</strong></span> <span class='ocrx_word' id='word_1_173' title='bbox 3591 1195 3691 1255; x_wconf 83' lang='grc' dir='ltr'><strong>τῆς</strong></span> <span class='ocrx_word' id='word_1_174' title='bbox 3762 1189 3929 1262; x_wconf 68' lang='grc' dir='ltr'><strong>ἡμῶν</strong></span> 
     </span>
    </p>
   </div>
   <div class='ocr_carea' id='block_1_27' title="bbox 2268 1275 3926 1357">
    <p class='ocr_par' dir='ltr' id='par_1_27' title="bbox 2268 1275 3926 1357">
     <span class='ocr_line' id='line_1_27' title="bbox 2268 1275 3926 1357; baseline -0.001 -25"><span class='ocrx_word' id='word_1_175' title='bbox 2268 1275 2643 1342; x_wconf 80' lang='grc' dir='ltr'><strong>ἐξοκείλαντες.</strong></span> <span class='ocrx_word' id='word_1_176' title='bbox 2703 1280 2763 1334; x_wconf 79' lang='grc' dir='ltr'><strong>Οἱ</strong></span> <span class='ocrx_word' id='word_1_177' title='bbox 2807 1278 2901 1352; x_wconf 82' lang='grc' dir='ltr'><strong>μὲν</strong></span> <span class='ocrx_word' id='word_1_178' title='bbox 2969 1279 3068 1357; x_wconf 77' lang='grc' dir='ltr'><strong>γὰρ</strong></span> <span class='ocrx_word' id='word_1_179' title='bbox 3147 1284 3274 1334; x_wconf 82' lang='grc' dir='ltr'><strong>πᾶσι</strong></span> <span class='ocrx_word' id='word_1_180' title='bbox 3335 1279 3528 1334; x_wconf 76' lang='grc' dir='ltr'><strong>τούτων</strong></span> <span class='ocrx_word' id='word_1_181' title='bbox 3555 1293 3570 1308; x_wconf 89' lang='grc'>⁶</span> <span class='ocrx_word' id='word_1_182' title='bbox 3629 1279 3700 1334; x_wconf 76' lang='grc' dir='ltr'><strong>Τὸ</strong></span> <span class='ocrx_word' id='word_1_183' title='bbox 3743 1276 3926 1332; x_wconf 79' lang='grc' dir='ltr'><strong>ἐκπο-</strong></span> 
     </span>
    </p>
   </div>
   <div class='ocr_carea' id='block_1_28' title="bbox 2269 1364 3930 1446">
    <p class='ocr_par' dir='ltr' id='par_1_28' title="bbox 2269 1364 3930 1446">
     <span class='ocr_line' id='line_1_28' title="bbox 2269 1364 3930 1446; baseline -0.001 -26"><span class='ocrx_word' id='word_1_184' title='bbox 2269 1365 2545 1443; x_wconf 87' lang='grc' dir='ltr'><strong>ρευόμενον</strong></span> <span class='ocrx_word' id='word_1_185' title='bbox 2599 1365 2754 1420; x_wconf 72' lang='grc' dir='ltr'><strong>αὐτοῦ</strong></span> <span class='ocrx_word' id='word_1_186' title='bbox 2833 1367 3067 1446; x_wconf 84' lang='grc' dir='ltr'><strong>Πνεῦμα,</strong></span> <span class='ocrx_word' id='word_1_187' title='bbox 3153 1364 3357 1433; x_wconf 78' lang='grc' dir='ltr'><strong>δηλαδὴ</strong></span> <span class='ocrx_word' id='word_1_188' title='bbox 3432 1365 3522 1421; x_wconf 87' lang='grc' dir='ltr'><strong>τοῦ</strong></span> <span class='ocrx_word' id='word_1_189' title='bbox 3585 1364 3770 1444; x_wconf 79' lang='grc' dir='ltr'><strong>θρόνου</strong></span> <span class='ocrx_word' id='word_1_190' title='bbox 3835 1370 3930 1418; x_wconf 82' lang='grc' dir='ltr'><strong>τοῦ</strong></span> 
     </span>
    </p>
   </div>
   <div class='ocr_carea' id='block_1_29' title="bbox 2265 1452 3925 1534">
    <p class='ocr_par' dir='ltr' id='par_1_29' title="bbox 2265 1452 3925 1534">
     <span class='ocr_line' id='line_1_29' title="bbox 2265 1452 3925 1534; baseline 0 -24"><span class='ocrx_word' id='word_1_191' title='bbox 2265 1460 2519 1532; x_wconf 78' lang='grc' dir='ltr'><strong>πατρικοῦ</strong></span> <span class='ocrx_word' id='word_1_192' title='bbox 2553 1470 2566 1483; x_wconf 90' lang='grc'><strong>·</strong></span> <span class='ocrx_word' id='word_1_193' title='bbox 2627 1454 2715 1510; x_wconf 85' lang='grc' dir='ltr'><strong>καὶ</strong></span> <span class='ocrx_word' id='word_1_194' title='bbox 2758 1452 2864 1510; x_wconf 70' lang='grc' dir='ltr'><strong>οὔδ’</strong></span> <span class='ocrx_word' id='word_1_195' title='bbox 2907 1453 3044 1517; x_wconf 83' lang='grc' dir='ltr'><strong>ὅλως</strong></span> <span class='ocrx_word' id='word_1_196' title='bbox 3095 1455 3380 1534; x_wconf 74' lang='grc' dir='ltr'><strong>φρίττουσι,</strong></span> <span class='ocrx_word' id='word_1_197' title='bbox 3444 1457 3504 1511; x_wconf 81' lang='grc' dir='ltr'><strong>τὸ</strong></span> <span class='ocrx_word' id='word_1_198' title='bbox 3560 1454 3621 1511; x_wconf 89' lang='grc' dir='ltr'><strong>ἐκ</strong></span> <span class='ocrx_word' id='word_1_199' title='bbox 3673 1459 3776 1520; x_wconf 77' lang='grc' dir='ltr'><strong>τῆς</strong></span> <span class='ocrx_word' id='word_1_200' title='bbox 3827 1457 3925 1510; x_wconf 78' lang='grc' dir='ltr'><strong>οὖ-</strong></span> 
     </span>
    </p>
   </div>
   <div class='ocr_carea' id='block_1_30' title="bbox 521 1535 2185 1622">
    <p class='ocr_par' dir='ltr' id='par_1_30' title="bbox 521 1535 2184 1618">
     <span class='ocr_line' id='line_1_30' title="bbox 521 1535 2184 1618; baseline -0.004 -13"><span class='ocrx_word' id='word_1_201' title='bbox 521 1541 662 1604; x_wconf 86' lang='lat' dir='ltr'><strong>simi</strong></span> <span class='ocrx_word' id='word_1_202' title='bbox 719 1539 835 1618; x_wconf 93' lang='lat' dir='ltr'><strong>ipsi</strong></span> <span class='ocrx_word' id='word_1_203' title='bbox 867 1544 1088 1617; x_wconf 82' lang='lat' dir='ltr'><strong>mente,</strong></span> <span class='ocrx_word' id='word_1_204' title='bbox 1122 1553 1270 1617; x_wconf 89' lang='lat' dir='ltr'><strong>quos</strong></span> <span class='ocrx_word' id='word_1_205' title='bbox 1325 1552 1431 1614; x_wconf 91' lang='lat' dir='ltr'><strong>pro</strong></span> <span class='ocrx_word' id='word_1_206' title='bbox 1481 1535 1715 1596; x_wconf 92' lang='lat' dir='ltr'><strong>curiosa</strong></span> <span class='ocrx_word' id='word_1_207' title='bbox 1746 1535 1888 1598; x_wconf 88' lang='lat' dir='ltr'><strong>dicti</strong></span> <span class='ocrx_word' id='word_1_208' title='bbox 1943 1539 2184 1618; x_wconf 82' lang='lat' dir='ltr'><strong>exposi-</strong></span> 
     </span>
    </p>
   </div>
   <div class='ocr_carea' id='block_1_31' title="bbox 2267 1535 3924 1622">
    <p class='ocr_par' dir='ltr' id='par_1_31' title="bbox 2267 1539 3924 1622">
     <span class='ocr_line' id='line_1_31' title="bbox 2267 1539 3924 1622; baseline -0.004 -21"><span class='ocrx_word' id='word_1_209' title='bbox 2267 1550 2377 1610; x_wconf 91' lang='grc' dir='ltr'><strong>σίας</strong></span> <span class='ocrx_word' id='word_1_210' title='bbox 2418 1550 2509 1600; x_wconf 91' lang='grc' dir='ltr'><strong>τοῦ</strong></span> <span class='ocrx_word' id='word_1_211' title='bbox 2563 1544 2788 1621; x_wconf 82' lang='grc' dir='ltr'><strong>Πατρὸς,</strong></span> <span class='ocrx_word' id='word_1_212' title='bbox 2835 1543 2896 1598; x_wconf 89' lang='grc' dir='ltr'><strong>ἐκ</strong></span> <span class='ocrx_word' id='word_1_213' title='bbox 2946 1549 3036 1598; x_wconf 80' lang='grc' dir='ltr'><strong>τοῦ</strong></span> <span class='ocrx_word' id='word_1_214' title='bbox 3082 1543 3264 1622; x_wconf 73' lang='grc' dir='ltr'><strong>θρόνου</strong></span> <span class='ocrx_word' id='word_1_215' title='bbox 3307 1550 3399 1599; x_wconf 89' lang='grc' dir='ltr'><strong>τοῦ</strong></span> <span class='ocrx_word' id='word_1_216' title='bbox 3456 1543 3654 1613; x_wconf 77' lang='grc' dir='ltr'><strong>Πατρὸς</strong></span> <span class='ocrx_word' id='word_1_217' title='bbox 3701 1539 3924 1620; x_wconf 83' lang='grc' dir='ltr'><strong>δογμα-</strong></span> 
     </span>
    </p>
   </div>
   <div class='ocr_carea' id='block_1_32' title="bbox 520 1623 2185 1712">
    <p class='ocr_par' dir='ltr' id='par_1_32' title="bbox 520 1623 2184 1712">
     <span class='ocr_line' id='line_1_32' title="bbox 520 1623 2184 1712; baseline -0.004 -17"><span class='ocrx_word' id='word_1_218' title='bbox 520 1632 709 1712; x_wconf 94' lang='lat' dir='ltr'><strong>tione,</strong></span> <span class='ocrx_word' id='word_1_219' title='bbox 741 1644 921 1692; x_wconf 91' lang='lat' dir='ltr'><strong>nemo</strong></span> <span class='ocrx_word' id='word_1_220' title='bbox 949 1642 1259 1688; x_wconf 77' lang='lat' dir='ltr'><strong>sermones</strong></span> <span class='ocrx_word' id='word_1_221' title='bbox 1281 1623 1632 1703; x_wconf 80' lang='lat' dir='ltr'><strong>dignoscere</strong></span> <span class='ocrx_word' id='word_1_222' title='bbox 1659 1623 1924 1701; x_wconf 91' lang='lat' dir='ltr'><strong>edoctus,</strong></span> <span class='ocrx_word' id='word_1_223' title='bbox 1961 1643 2184 1708; x_wconf 90' lang='lat' dir='ltr'><strong>eosque</strong></span> 
     </span>
    </p>
   </div>
   <div class='ocr_carea' id='block_1_33' title="bbox 2267 1623 3924 1712">
    <p class='ocr_par' dir='ltr' id='par_1_33' title="bbox 2267 1631 3924 1712">
     <span class='ocr_line' id='line_1_33' title="bbox 2267 1631 3924 1712; baseline -0.004 -22"><span class='ocrx_word' id='word_1_224' title='bbox 2267 1635 2486 1706; x_wconf 81' lang='grc' dir='ltr'><strong>τίζοντες</strong></span> <span class='ocrx_word' id='word_1_225' title='bbox 2519 1650 2536 1666; x_wconf 80' lang='grc'><strong><em>⁸</em></strong></span> <span class='ocrx_word' id='word_1_226' title='bbox 2571 1631 2720 1689; x_wconf 76' lang='grc' dir='ltr'><strong>ἄλλοι</strong></span> <span class='ocrx_word' id='word_1_227' title='bbox 2754 1648 2769 1662; x_wconf 75' lang='grc'>⁸</span> <span class='ocrx_word' id='word_1_228' title='bbox 2817 1633 2888 1689; x_wconf 81' lang='grc' dir='ltr'><strong>Τὸ</strong></span> <span class='ocrx_word' id='word_1_229' title='bbox 2931 1631 3364 1712; x_wconf 70' lang='grc' dir='ltr'><strong>ἐκπορευόμενον,</strong></span> <span class='ocrx_word' id='word_1_230' title='bbox 3443 1633 3473 1700; x_wconf 71' lang='grc' dir='ltr'>ἢ</span> <span class='ocrx_word' id='word_1_231' title='bbox 3525 1634 3598 1695; x_wconf 86' lang='grc' dir='ltr'><strong>ὡς</strong></span> <span class='ocrx_word' id='word_1_232' title='bbox 3651 1631 3924 1706; x_wconf 80' lang='grc' dir='ltr'><strong>ἐκπορευ-</strong></span> 
     </span>
    </p>
   </div>
   <div class='ocr_carea' id='block_1_34' title="bbox 521 1707 2185 1805">
    <p class='ocr_par' dir='ltr' id='par_1_34' title="bbox 521 1707 2180 1805">
     <span class='ocr_line' id='line_1_34' title="bbox 521 1707 2180 1805; baseline -0.004 -21"><span class='ocrx_word' id='word_1_233' title='bbox 521 1707 708 1805; x_wconf 86' lang='lat' dir='ltr'><strong>probe</strong></span> <span class='ocrx_word' id='word_1_234' title='bbox 767 1733 1150 1805; x_wconf 26' lang='lat' dir='ltr'><strong>componere,</strong></span> <span class='ocrx_word' id='word_1_235' title='bbox 1181 1713 1379 1776; x_wconf 87' lang='lat' dir='ltr'><strong>sciens</strong></span> <span class='ocrx_word' id='word_1_236' title='bbox 1433 1713 1772 1805; x_wconf 80' lang='lat' dir='ltr'><strong>laudaverit</strong></span> <span class='ocrx_word' id='word_1_237' title='bbox 1813 1732 1828 1777; x_wconf 90' lang='lat'>:</span> <span class='ocrx_word' id='word_1_238' title='bbox 1887 1715 1950 1776; x_wconf 92' lang='lat' dir='ltr'><strong>in</strong></span> <span class='ocrx_word' id='word_1_239' title='bbox 2006 1707 2180 1796; x_wconf 85' lang='lat' dir='ltr'><strong>quam</strong></span> 
     </span>
    </p>
   </div>
   <div class='ocr_carea' id='block_1_35' title="bbox 2267 1707 3921 1805">
    <p class='ocr_par' dir='ltr' id='par_1_35' title="bbox 2267 1707 3921 1801">
     <span class='ocr_line' id='line_1_35' title="bbox 2267 1707 3921 1801; baseline -0.004 -22"><span class='ocrx_word' id='word_1_240' title='bbox 2267 1725 2351 1779; x_wconf 83' lang='grc' dir='ltr'><strong>τὸν</strong></span> <span class='ocrx_word' id='word_1_241' title='bbox 2403 1728 2614 1797; x_wconf 79' lang='grc' dir='ltr'><strong>Πνεῦμα</strong></span> <span class='ocrx_word' id='word_1_242' title='bbox 2673 1727 2916 1800; x_wconf 81' lang='grc' dir='ltr'><strong>Χριστοῦ,</strong></span> <span class='ocrx_word' id='word_1_243' title='bbox 2977 1707 3302 1800; x_wconf 46' lang='grc' dir='ltr'><strong>ψυχρότατοι</strong></span> <span class='ocrx_word' id='word_1_244' title='bbox 3350 1707 3551 1801; x_wconf 47' lang='grc' dir='ltr'><strong>’σφόδρα</strong></span> <span class='ocrx_word' id='word_1_245' title='bbox 3606 1722 3667 1776; x_wconf 77' lang='grc' dir='ltr'><strong>τὸ</strong></span> <span class='ocrx_word' id='word_1_246' title='bbox 3708 1721 3921 1795; x_wconf 85' lang='grc' dir='ltr'><strong>νόημα,</strong></span> 
     </span>
    </p>
   </div>
   <div class='ocr_carea' id='block_1_36' title="bbox 521 1801 2185 1891">
    <p class='ocr_par' dir='ltr' id='par_1_36' title="bbox 521 1801 2182 1882">
     <span class='ocr_line' id='line_1_36' title="bbox 521 1801 2182 1882; baseline -0.004 -8"><span class='ocrx_word' id='word_1_247' title='bbox 521 1801 768 1875; x_wconf 80' lang='lat' dir='ltr'><strong>omnino</strong></span> <span class='ocrx_word' id='word_1_248' title='bbox 800 1824 922 1868; x_wconf 90' lang='lat' dir='ltr'><strong>non</strong></span> <span class='ocrx_word' id='word_1_249' title='bbox 951 1803 1217 1879; x_wconf 90' lang='lat' dir='ltr'><strong>aliunde,</strong></span> <span class='ocrx_word' id='word_1_250' title='bbox 1251 1810 1439 1864; x_wconf 90' lang='lat' dir='ltr'><strong>utres</strong></span> <span class='ocrx_word' id='word_1_251' title='bbox 1468 1801 1567 1863; x_wconf 86' lang='lat' dir='ltr'><strong>dat</strong></span> <span class='ocrx_word' id='word_1_252' title='bbox 1586 1803 1938 1882; x_wconf 86' lang='lat' dir='ltr'><strong>intelligere,</strong></span> <span class='ocrx_word' id='word_1_253' title='bbox 1974 1807 2081 1868; x_wconf 91' lang='lat' dir='ltr'><strong>sed</strong></span> <span class='ocrx_word' id='word_1_254' title='bbox 2113 1825 2182 1869; x_wconf 81' lang='lat' dir='ltr'><strong>ex</strong></span> 
     </span>
    </p>
   </div>
   <div class='ocr_carea' id='block_1_37' title="bbox 2267 1801 3928 1891">
    <p class='ocr_par' dir='ltr' id='par_1_37' title="bbox 2267 1808 3928 1891">
     <span class='ocr_line' id='line_1_37' title="bbox 2267 1808 3928 1891; baseline -0.006 -21"><span class='ocrx_word' id='word_1_255' title='bbox 2267 1815 2352 1870; x_wconf 80' lang='grc' dir='ltr'><strong>καὶ</strong></span> <span class='ocrx_word' id='word_1_256' title='bbox 2403 1814 2502 1891; x_wconf 81' lang='grc' dir='ltr'><strong>πρὸ</strong></span> <span class='ocrx_word' id='word_1_257' title='bbox 2547 1813 2701 1868; x_wconf 70' lang='grc' dir='ltr'><strong>αὐτοῦ</strong></span> <span class='ocrx_word' id='word_1_258' title='bbox 2741 1811 2841 1878; x_wconf 79' lang='grc' dir='ltr'><strong>τὴν</strong></span> <span class='ocrx_word' id='word_1_259' title='bbox 2894 1808 3149 1890; x_wconf 71' lang='grc' dir='ltr'><strong>διάνοιαν,</strong></span> <span class='ocrx_word' id='word_1_260' title='bbox 3213 1810 3300 1868; x_wconf 76' lang='grc' dir='ltr'><strong>οῦς</strong></span> <span class='ocrx_word' id='word_1_261' title='bbox 3342 1811 3438 1877; x_wconf 75' lang='grc' dir='ltr'><strong>τῆς</strong></span> <span class='ocrx_word' id='word_1_262' title='bbox 3492 1810 3738 1874; x_wconf 78' lang='grc' dir='ltr'><strong>τοιαύτης</strong></span> <span class='ocrx_word' id='word_1_263' title='bbox 3803 1808 3928 1887; x_wconf 78' lang='grc' dir='ltr'><strong>περὶ</strong></span> 
     </span>
    </p>
   </div>
   <div class='ocr_carea' id='block_1_38' title="bbox 525 1892 2185 1980">
    <p class='ocr_par' dir='ltr' id='par_1_38' title="bbox 525 1892 2183 1977">
     <span class='ocr_line' id='line_1_38' title="bbox 525 1892 2183 1977; baseline -0.004 -13"><span class='ocrx_word' id='word_1_264' title='bbox 525 1899 776 1977; x_wconf 90' lang='lat' dir='ltr'><strong>malitia,</strong></span> <span class='ocrx_word' id='word_1_265' title='bbox 811 1905 868 1960; x_wconf 90' lang='lat' dir='ltr'><strong>et</strong></span> <span class='ocrx_word' id='word_1_266' title='bbox 898 1903 1105 1958; x_wconf 91' lang='lat' dir='ltr'><strong>contra</strong></span> <span class='ocrx_word' id='word_1_267' title='bbox 1127 1911 1234 1955; x_wconf 91' lang='lat' dir='ltr'><strong>nos</strong></span> <span class='ocrx_word' id='word_1_268' title='bbox 1254 1892 1630 1973; x_wconf 83' lang='lat' dir='ltr'><strong>improbitate</strong></span> <span class='ocrx_word' id='word_1_269' title='bbox 1654 1894 1998 1957; x_wconf 84' lang='lat' dir='ltr'><strong>stultissime</strong></span> <span class='ocrx_word' id='word_1_270' title='bbox 2023 1896 2183 1959; x_wconf 89' lang='lat' dir='ltr'><strong>deci-</strong></span> 
     </span>
    </p>
   </div>
   <div class='ocr_carea' id='block_1_39' title="bbox 2267 1892 3923 1980">
    <p class='ocr_par' dir='ltr' id='par_1_39' title="bbox 2267 1897 3923 1980">
     <span class='ocr_line' id='line_1_39' title="bbox 2267 1897 3923 1980; baseline -0.006 -18"><span class='ocrx_word' id='word_1_271' title='bbox 2267 1907 2324 1963; x_wconf 82' lang='grc' dir='ltr'><strong>τὸ</strong></span> <span class='ocrx_word' id='word_1_272' title='bbox 2379 1903 2537 1980; x_wconf 80' lang='grc' dir='ltr'><strong>ῥητὸν</strong></span> <span class='ocrx_word' id='word_1_273' title='bbox 2599 1900 2894 1978; x_wconf 83' lang='grc' dir='ltr'><strong>περιεργίας</strong></span> <span class='ocrx_word' id='word_1_274' title='bbox 2965 1903 3058 1959; x_wconf 81' lang='grc' dir='ltr'><strong>οὒκ</strong></span> <span class='ocrx_word' id='word_1_275' title='bbox 3119 1898 3180 1955; x_wconf 81' lang='grc' dir='ltr'><strong>ἂν</strong></span> <span class='ocrx_word' id='word_1_276' title='bbox 3238 1898 3528 1955; x_wconf 80' lang='grc' dir='ltr'><strong>ἐπαινέσειέ</strong></span> <span class='ocrx_word' id='word_1_277' title='bbox 3573 1921 3677 1976; x_wconf 85' lang='grc' dir='ltr'><strong>τις,</strong></span> <span class='ocrx_word' id='word_1_278' title='bbox 3721 1897 3923 1974; x_wconf 81' lang='grc' dir='ltr'><strong>λόγους</strong></span> 
     </span>
    </p>
   </div>
   <div class='ocr_carea' id='block_1_40' title="bbox 516 1981 2185 2067">
    <p class='ocr_par' dir='ltr' id='par_1_40' title="bbox 516 1981 2184 2062">
     <span class='ocr_line' id='line_1_40' title="bbox 516 1981 2184 2062; baseline -0.004 -8"><span class='ocrx_word' id='word_1_279' title='bbox 516 1992 751 2054; x_wconf 91' lang='lat' dir='ltr'><strong>derunt.</strong></span> <span class='ocrx_word' id='word_1_280' title='bbox 788 1987 864 2050; x_wconf 86' lang='lat' dir='ltr'><strong>Et</strong></span> <span class='ocrx_word' id='word_1_281' title='bbox 923 1984 1082 2046; x_wconf 88' lang='lat' dir='ltr'><strong>illius</strong></span> <span class='ocrx_word' id='word_1_282' title='bbox 1132 1999 1308 2046; x_wconf 84' lang='lat' dir='ltr'><strong>causa</strong></span> <span class='ocrx_word' id='word_1_283' title='bbox 1339 1988 1449 2056; x_wconf 91' lang='lat' dir='ltr'><strong>est,</strong></span> <span class='ocrx_word' id='word_1_284' title='bbox 1483 1981 1641 2062; x_wconf 92' lang='lat' dir='ltr'><strong>quod</strong></span> <span class='ocrx_word' id='word_1_285' title='bbox 1695 2001 1829 2044; x_wconf 90' lang='lat' dir='ltr'><strong>cum</strong></span> <span class='ocrx_word' id='word_1_286' title='bbox 1861 1986 2019 2048; x_wconf 89' lang='lat' dir='ltr'><strong>Deus</strong></span> <span class='ocrx_word' id='word_1_287' title='bbox 2075 2005 2184 2049; x_wconf 91' lang='lat' dir='ltr'><strong>sua</strong></span> 
     </span>
    </p>
   </div>
   <div class='ocr_carea' id='block_1_41' title="bbox 2267 1981 3923 2067">
    <p class='ocr_par' dir='ltr' id='par_1_41' title="bbox 2267 1987 3923 2067">
     <span class='ocr_line' id='line_1_41' title="bbox 2267 1987 3923 2067; baseline -0.006 -16"><span class='ocrx_word' id='word_1_288' title='bbox 2267 1991 2550 2056; x_wconf 87' lang='grc' dir='ltr'><strong>παιδευθεὶς</strong></span> <span class='ocrx_word' id='word_1_289' title='bbox 2606 1988 2901 2067; x_wconf 69' lang='grc' dir='ltr'><strong>διακρίνειν,</strong></span> <span class='ocrx_word' id='word_1_290' title='bbox 2974 1990 3059 2044; x_wconf 87' lang='grc' dir='ltr'><strong>καὶ</strong></span> <span class='ocrx_word' id='word_1_291' title='bbox 3125 1989 3309 2050; x_wconf 75' lang='grc' dir='ltr'><strong>αὖτοὺς</strong></span> <span class='ocrx_word' id='word_1_292' title='bbox 3383 1989 3668 2046; x_wconf 73' lang='grc' dir='ltr'><strong>συντιθέναι</strong></span> <span class='ocrx_word' id='word_1_293' title='bbox 3729 1987 3923 2048; x_wconf 82' lang='grc' dir='ltr'><strong>καλῶς</strong></span> 
     </span>
    </p>
   </div>
   <div class='ocr_carea' id='block_1_42' title="bbox 517 2070 2185 2158">
    <p class='ocr_par' dir='ltr' id='par_1_42' title="bbox 517 2070 2175 2155">
     <span class='ocr_line' id='line_1_42' title="bbox 517 2070 2175 2155; baseline -0.003 -12"><span class='ocrx_word' id='word_1_294' title='bbox 517 2075 896 2143; x_wconf 90' lang='lat' dir='ltr'><strong>solummodo</strong></span> <span class='ocrx_word' id='word_1_295' title='bbox 929 2073 1198 2135; x_wconf 88' lang='lat' dir='ltr'><strong>bonitate</strong></span> <span class='ocrx_word' id='word_1_296' title='bbox 1229 2070 1290 2132; x_wconf 92' lang='lat' dir='ltr'><strong>in</strong></span> <span class='ocrx_word' id='word_1_297' title='bbox 1322 2088 1432 2132; x_wconf 94' lang='lat' dir='ltr'><strong>nos</strong></span> <span class='ocrx_word' id='word_1_298' title='bbox 1461 2070 1796 2148; x_wconf 87' lang='lat' dir='ltr'><strong>declinarit,</strong></span> <span class='ocrx_word' id='word_1_299' title='bbox 1831 2092 1940 2134; x_wconf 86' lang='lat' dir='ltr'><strong>nos</strong></span> <span class='ocrx_word' id='word_1_300' title='bbox 1998 2075 2175 2155; x_wconf 91' lang='lat' dir='ltr'><strong>primi</strong></span> 
     </span>
    </p>
   </div>
   <div class='ocr_carea' id='block_1_43' title="bbox 2267 2070 3922 2158">
    <p class='ocr_par' dir='ltr' id='par_1_43' title="bbox 2267 2076 3922 2158">
     <span class='ocr_line' id='line_1_43' title="bbox 2267 2076 3922 2158; baseline -0.005 -17"><span class='ocrx_word' id='word_1_301' title='bbox 2267 2081 2601 2158; x_wconf 71' lang='grc' dir='ltr'><strong>ἱπιστάμενος</strong></span> <span class='ocrx_word' id='word_1_302' title='bbox 2635 2100 2650 2116; x_wconf 77' lang='grc'><strong><em>⁸</em></strong></span> <span class='ocrx_word' id='word_1_303' title='bbox 2713 2080 2786 2142; x_wconf 81' lang='grc' dir='ltr'><strong>είς</strong></span> <span class='ocrx_word' id='word_1_304' title='bbox 2845 2078 2910 2146; x_wconf 75' lang='grc' dir='ltr'><strong>ἢν</strong></span> <span class='ocrx_word' id='word_1_305' title='bbox 2965 2078 3175 2141; x_wconf 81' lang='grc' dir='ltr'><strong>πάντως</strong></span> <span class='ocrx_word' id='word_1_306' title='bbox 3229 2078 3322 2134; x_wconf 72' lang='grc' dir='ltr'><strong>οῦκ</strong></span> <span class='ocrx_word' id='word_1_307' title='bbox 3380 2076 3620 2152; x_wconf 76' lang='grc' dir='ltr'><strong>ἄλλοθεν,</strong></span> <span class='ocrx_word' id='word_1_308' title='bbox 3678 2079 3922 2154; x_wconf 71' lang='grc' dir='ltr'><strong>καθάπερ</strong></span> 
     </span>
    </p>
   </div>
   <div class='ocr_carea' id='block_1_44' title="bbox 519 2160 2185 2253">
    <p class='ocr_par' dir='ltr' id='par_1_44' title="bbox 519 2160 2175 2253">
     <span class='ocr_line' id='line_1_44' title="bbox 519 2160 2175 2253; baseline -0.005 -20"><span class='ocrx_word' id='word_1_309' title='bbox 519 2165 914 2253; x_wconf 85' lang='lat' dir='ltr'><strong>perscrutatis</strong></span> <span class='ocrx_word' id='word_1_310' title='bbox 945 2160 1268 2253; x_wconf 80' lang='lat' dir='ltr'><strong>Scripturis</strong></span> <span class='ocrx_word' id='word_1_311' title='bbox 1299 2160 1608 2242; x_wconf 62' lang='lat' dir='ltr'><strong>praesentis</strong></span> <span class='ocrx_word' id='word_1_312' title='bbox 1637 2161 1925 2240; x_wconf 82' lang='lat' dir='ltr'><strong>dogmatis</strong></span> <span class='ocrx_word' id='word_1_313' title='bbox 1954 2164 2175 2226; x_wconf 87' lang='lat' dir='ltr'><strong>verita-</strong></span> 
     </span>
    </p>
   </div>
   <div class='ocr_carea' id='block_1_45' title="bbox 2267 2160 3920 2253">
    <p class='ocr_par' dir='ltr' id='par_1_45' title="bbox 2267 2167 3920 2250">
     <span class='ocr_line' id='line_1_45' title="bbox 2267 2167 3920 2250; baseline -0.007 -14"><span class='ocrx_word' id='word_1_314' title='bbox 2267 2176 2434 2236; x_wconf 75' lang='grc' dir='ltr'><strong>Βιδωσι</strong></span> <span class='ocrx_word' id='word_1_315' title='bbox 2484 2175 2546 2229; x_wconf 81' lang='grc' dir='ltr'><strong>τὸ</strong></span> <span class='ocrx_word' id='word_1_316' title='bbox 2601 2177 2818 2250; x_wconf 81' lang='grc' dir='ltr'><strong>πρᾶγμα</strong></span> <span class='ocrx_word' id='word_1_317' title='bbox 2873 2184 3040 2244; x_wconf 75' lang='grc' dir='ltr'><strong>νοεῖν,</strong></span> <span class='ocrx_word' id='word_1_318' title='bbox 3075 2171 3180 2226; x_wconf 73' lang='grc' dir='ltr'><strong>ἀπὸ</strong></span> <span class='ocrx_word' id='word_1_319' title='bbox 3209 2169 3263 2226; x_wconf 72' lang='grc' dir='ltr'><em>δὲ</em></span> <span class='ocrx_word' id='word_1_320' title='bbox 3304 2171 3404 2236; x_wconf 72' lang='grc' dir='ltr'><strong>τῆς</strong></span> <span class='ocrx_word' id='word_1_321' title='bbox 3434 2173 3619 2235; x_wconf 88' lang='grc' dir='ltr'><strong>κακίας</strong></span> <span class='ocrx_word' id='word_1_322' title='bbox 3646 2175 3743 2236; x_wconf 81' lang='grc' dir='ltr'><strong>τῆς</strong></span> <span class='ocrx_word' id='word_1_323' title='bbox 3796 2167 3920 2226; x_wconf 84' lang='grc' dir='ltr'><strong>καθ’</strong></span> 
     </span>
    </p>
   </div>
   <div class='ocr_carea' id='block_1_46' title="bbox 521 2250 2185 2344">
    <p class='ocr_par' dir='ltr' id='par_1_46' title="bbox 521 2250 2180 2334">
     <span class='ocr_line' id='line_1_46' title="bbox 521 2250 2180 2334; baseline -0.004 -12"><span class='ocrx_word' id='word_1_324' title='bbox 521 2250 642 2322; x_wconf 78' lang='lat' dir='ltr'><strong>tem</strong></span> <span class='ocrx_word' id='word_1_325' title='bbox 673 2257 994 2334; x_wconf 83' lang='lat' dir='ltr'><strong>attigimus.</strong></span> <span class='ocrx_word' id='word_1_326' title='bbox 1022 2251 1148 2314; x_wconf 87' lang='lat' dir='ltr'><strong>Hoc</strong></span> <span class='ocrx_word' id='word_1_327' title='bbox 1175 2250 1489 2312; x_wconf 88' lang='lat' dir='ltr'><strong>adversum</strong></span> <span class='ocrx_word' id='word_1_328' title='bbox 1521 2268 1630 2311; x_wconf 88' lang='lat' dir='ltr'><strong>nos</strong></span> <span class='ocrx_word' id='word_1_329' title='bbox 1661 2269 1864 2313; x_wconf 89' lang='lat' dir='ltr'><strong>eorum</strong></span> <span class='ocrx_word' id='word_1_330' title='bbox 1898 2253 2180 2334; x_wconf 81' lang='lat' dir='ltr'><strong>improbi-</strong></span> 
     </span>
    </p>
   </div>
   <div class='ocr_carea' id='block_1_47' title="bbox 2267 2250 3911 2344">
    <p class='ocr_par' dir='ltr' id='par_1_47' title="bbox 2267 2258 3911 2344">
     <span class='ocr_line' id='line_1_47' title="bbox 2267 2258 3911 2344; baseline -0.007 -21"><span class='ocrx_word' id='word_1_331' title='bbox 2267 2269 2411 2344; x_wconf 69' lang='grc' dir='ltr'><strong>ἡμῶν</strong></span> <span class='ocrx_word' id='word_1_332' title='bbox 2466 2260 2780 2340; x_wconf 81' lang='grc' dir='ltr'><strong>παραλόγως</strong></span> <span class='ocrx_word' id='word_1_333' title='bbox 2837 2259 3105 2322; x_wconf 81' lang='grc' dir='ltr'><strong>ἐνέπεσον.</strong></span> <span class='ocrx_word' id='word_1_334' title='bbox 3189 2260 3289 2318; x_wconf 82' lang='grc' dir='ltr'><strong>Καὶ</strong></span> <span class='ocrx_word' id='word_1_335' title='bbox 3328 2260 3389 2314; x_wconf 83' lang='grc' dir='ltr'><strong>τὸ</strong></span> <span class='ocrx_word' id='word_1_336' title='bbox 3458 2261 3655 2326; x_wconf 80' lang='grc' dir='ltr'><strong>ταύτης</strong></span> <span class='ocrx_word' id='word_1_337' title='bbox 3710 2258 3911 2334; x_wconf 79' lang='grc' dir='ltr'><strong>αἴτιον,</strong></span> 
     </span>
    </p>
   </div>
   <div class='ocr_carea' id='block_1_48' title="bbox 524 2339 2185 2428">
    <p class='ocr_par' dir='ltr' id='par_1_48' title="bbox 524 2339 2185 2428">
     <span class='ocr_line' id='line_1_48' title="bbox 524 2339 2185 2428; baseline -0.002 -19"><span class='ocrx_word' id='word_1_338' title='bbox 524 2349 660 2413; x_wconf 88' lang='lat' dir='ltr'><strong>tatis</strong></span> <span class='ocrx_word' id='word_1_339' title='bbox 689 2341 1072 2427; x_wconf 89' lang='lat' dir='ltr'><strong>principium.</strong></span> <span class='ocrx_word' id='word_1_340' title='bbox 1100 2339 1166 2402; x_wconf 91' lang='lat' dir='ltr'><strong>Id</strong></span> <span class='ocrx_word' id='word_1_341' title='bbox 1195 2346 1438 2428; x_wconf 88' lang='lat' dir='ltr'><strong>propter</strong></span> <span class='ocrx_word' id='word_1_342' title='bbox 1460 2339 1632 2400; x_wconf 91' lang='lat' dir='ltr'><strong>nobis</strong></span> <span class='ocrx_word' id='word_1_343' title='bbox 1662 2341 2098 2418; x_wconf 84' lang='lat' dir='ltr'><strong>contradicunt,</strong></span> <span class='ocrx_word' id='word_1_344' title='bbox 2123 2359 2185 2414; x_wconf 74' lang='lat' dir='ltr'><strong>et</strong></span> 
     </span>
    </p>
   </div>
   <div class='ocr_carea' id='block_1_49' title="bbox 2267 2339 3916 2428">
    <p class='ocr_par' dir='ltr' id='par_1_49' title="bbox 2267 2339 3916 2428">
     <span class='ocr_line' id='line_1_49' title="bbox 2267 2339 3916 2428; baseline -0.007 -15"><span class='ocrx_word' id='word_1_345' title='bbox 2267 2339 2366 2428; x_wconf 78' lang='grc' dir='ltr'><strong>ὅτι,</strong></span> <span class='ocrx_word' id='word_1_346' title='bbox 2426 2339 2556 2409; x_wconf 85' lang='grc' dir='ltr'><strong>Θεοῦ</strong></span> <span class='ocrx_word' id='word_1_347' title='bbox 2612 2349 2730 2407; x_wconf 86' lang='grc' dir='ltr'><strong>κατ’</strong></span> <span class='ocrx_word' id='word_1_348' title='bbox 2763 2351 2953 2406; x_wconf 79' lang='grc' dir='ltr'><strong>οἶκείαν</strong></span> <span class='ocrx_word' id='word_1_349' title='bbox 2994 2349 3341 2428; x_wconf 79' lang='grc' dir='ltr'><strong>χρηστότητα</strong></span> <span class='ocrx_word' id='word_1_350' title='bbox 3390 2349 3558 2423; x_wconf 89' lang='grc' dir='ltr'><strong>μόνην</strong></span> <span class='ocrx_word' id='word_1_351' title='bbox 3604 2348 3916 2405; x_wconf 70' lang='grc' dir='ltr'><strong>ἐπινεύσανο</strong></span> 
     </span>
    </p>
   </div>
   <div class='ocr_carea' id='block_1_50' title="bbox 527 2427 2185 2520">
    <p class='ocr_par' dir='ltr' id='par_1_50' title="bbox 527 2427 2182 2508">
     <span class='ocr_line' id='line_1_50' title="bbox 527 2427 2182 2508; baseline -0.002 -7"><span class='ocrx_word' id='word_1_352' title='bbox 527 2455 665 2501; x_wconf 87' lang='lat' dir='ltr'><strong>cum</strong></span> <span class='ocrx_word' id='word_1_353' title='bbox 694 2433 938 2496; x_wconf 88' lang='lat' dir='ltr'><strong>omnino</strong></span> <span class='ocrx_word' id='word_1_354' title='bbox 973 2447 1093 2490; x_wconf 90' lang='lat' dir='ltr'><strong>non</strong></span> <span class='ocrx_word' id='word_1_355' title='bbox 1129 2427 1364 2508; x_wconf 88' lang='lat' dir='ltr'><strong>possint</strong></span> <span class='ocrx_word' id='word_1_356' title='bbox 1397 2427 1551 2490; x_wconf 87' lang='lat' dir='ltr'><strong>hanc</strong></span> <span class='ocrx_word' id='word_1_357' title='bbox 1581 2436 1845 2491; x_wconf 89' lang='lat' dir='ltr'><strong>nostram</strong></span> <span class='ocrx_word' id='word_1_358' title='bbox 1877 2431 2182 2497; x_wconf 78' lang='lat' dir='ltr'><strong>veritatem</strong></span> 
     </span>
    </p>
   </div>
   <div class='ocr_carea' id='block_1_51' title="bbox 2267 2427 3914 2520">
    <p class='ocr_par' dir='ltr' id='par_1_51' title="bbox 2267 2427 3914 2520">
     <span class='ocr_line' id='line_1_51' title="bbox 2267 2427 3914 2520; baseline -0.007 -18"><span class='ocrx_word' id='word_1_359' title='bbox 2267 2427 2358 2511; x_wconf 84' lang='grc' dir='ltr'><strong>τὸς</strong></span> <span class='ocrx_word' id='word_1_360' title='bbox 2419 2443 2550 2520; x_wconf 72' lang='grc' dir='ltr'><strong>πρὸς</strong></span> <span class='ocrx_word' id='word_1_361' title='bbox 2606 2443 2750 2516; x_wconf 81' lang='grc' dir='ltr'><strong>ἡμᾶς</strong></span> <span class='ocrx_word' id='word_1_362' title='bbox 2804 2445 2873 2515; x_wconf 79' lang='grc' dir='ltr'><strong>τῇ</strong></span> <span class='ocrx_word' id='word_1_363' title='bbox 2929 2427 3327 2517; x_wconf 18' lang='grc' dir='ltr'><strong>τοῦῃπαρόντος</strong></span> <span class='ocrx_word' id='word_1_364' title='bbox 3384 2437 3647 2516; x_wconf 85' lang='grc' dir='ltr'><strong>δόγματος</strong></span> <span class='ocrx_word' id='word_1_365' title='bbox 3696 2435 3914 2507; x_wconf 75' lang='grc' dir='ltr'><strong>ἀληθείᾳ</strong></span> 
     </span>
    </p>
   </div>
   <div class='ocr_carea' id='block_1_52' title="bbox 527 2516 2185 2613">
    <p class='ocr_par' dir='ltr' id='par_1_52' title="bbox 527 2516 2185 2613">
     <span class='ocr_line' id='line_1_52' title="bbox 527 2516 2185 2613; baseline -0.002 -24"><span class='ocrx_word' id='word_1_366' title='bbox 527 2524 885 2596; x_wconf 86' lang='lat' dir='ltr'><strong>convellere,</strong></span> <span class='ocrx_word' id='word_1_367' title='bbox 944 2517 1302 2613; x_wconf 78' lang='lat' dir='ltr'><strong>quandoque</strong></span> <span class='ocrx_word' id='word_1_368' title='bbox 1338 2516 1442 2613; x_wconf 77' lang='lat' dir='ltr'><strong>_ad_</strong></span> <span class='ocrx_word' id='word_1_369' title='bbox 1485 2516 1775 2580; x_wconf 88' lang='lat' dir='ltr'><strong>absurdas</strong></span> <span class='ocrx_word' id='word_1_370' title='bbox 1830 2519 2185 2613; x_wconf 80' lang='lat' dir='ltr'><strong>frigidasque</strong></span> 
     </span>
    </p>
   </div>
   <div class='ocr_carea' id='block_1_53' title="bbox 2267 2516 3913 2613">
    <p class='ocr_par' dir='ltr' id='par_1_53' title="bbox 2267 2516 3913 2613">
     <span class='ocr_line' id='line_1_53' title="bbox 2267 2516 3913 2613; baseline -0.007 -21"><span class='ocrx_word' id='word_1_371' title='bbox 2267 2536 2356 2598; x_wconf 77' lang='grc' dir='ltr'><strong>τὰς</strong></span> <span class='ocrx_word' id='word_1_372' title='bbox 2400 2516 2628 2613; x_wconf 72' lang='grc' dir='ltr'><strong>Γραφας,</strong></span> <span class='ocrx_word' id='word_1_373' title='bbox 2699 2531 3090 2610; x_wconf 71' lang='grc' dir='ltr'><strong>ἐρευνήσαντες,</strong></span> <span class='ocrx_word' id='word_1_374' title='bbox 3149 2516 3368 2608; x_wconf 81' lang='grc' dir='ltr'><strong>πρώτως</strong></span> <span class='ocrx_word' id='word_1_375' title='bbox 3427 2528 3594 2603; x_wconf 71' lang='grc' dir='ltr'><strong>ἡμεῖς</strong></span> <span class='ocrx_word' id='word_1_376' title='bbox 3653 2525 3913 2583; x_wconf 69' lang='grc' dir='ltr'><strong>ἐπεϐάλο-</strong></span> 
     </span>
    </p>
   </div>
   <div class='ocr_carea' id='block_1_54' title="bbox 527 2605 2185 2702">
    <p class='ocr_par' dir='ltr' id='par_1_54' title="bbox 527 2605 2185 2690">
     <span class='ocr_line' id='line_1_54' title="bbox 527 2605 2185 2690; baseline -0.002 -11"><span class='ocrx_word' id='word_1_377' title='bbox 527 2613 898 2679; x_wconf 89' lang='lat' dir='ltr'><strong>curiositates</strong></span> <span class='ocrx_word' id='word_1_378' title='bbox 930 2613 1130 2669; x_wconf 91' lang='lat' dir='ltr'><strong>mente</strong></span> <span class='ocrx_word' id='word_1_379' title='bbox 1161 2605 1355 2668; x_wconf 90' lang='lat' dir='ltr'><strong>delusi</strong></span> <span class='ocrx_word' id='word_1_380' title='bbox 1388 2605 1760 2685; x_wconf 85' lang='lat' dir='ltr'><strong>abscessere,</strong></span> <span class='ocrx_word' id='word_1_381' title='bbox 1790 2611 1945 2690; x_wconf 92' lang='lat' dir='ltr'><strong>quod</strong></span> <span class='ocrx_word' id='word_1_382' title='bbox 1981 2611 2042 2673; x_wconf 89' lang='lat' dir='ltr'><strong>in</strong></span> <span class='ocrx_word' id='word_1_383' title='bbox 2073 2614 2185 2676; x_wconf 90' lang='lat' dir='ltr'><strong>hoc</strong></span> 
     </span>
    </p>
   </div>
   <div class='ocr_carea' id='block_1_55' title="bbox 2267 2605 3913 2702">
    <p class='ocr_par' dir='ltr' id='par_1_55' title="bbox 2267 2605 3913 2702">
     <span class='ocr_line' id='line_1_55' title="bbox 2267 2605 3913 2702; baseline -0.008 -19"><span class='ocrx_word' id='word_1_384' title='bbox 2267 2648 2385 2702; x_wconf 90' lang='grc' dir='ltr'><strong>μεν.</strong></span> <span class='ocrx_word' id='word_1_385' title='bbox 2442 2605 2623 2682; x_wconf 43' lang='grc' dir='ltr'><strong>’Τοῦτο</strong></span> <span class='ocrx_word' id='word_1_386' title='bbox 2690 2605 2788 2688; x_wconf 59' lang='grc' dir='ltr'><strong>τίῆς</strong></span> <span class='ocrx_word' id='word_1_387' title='bbox 2841 2617 2956 2675; x_wconf 78' lang='grc' dir='ltr'><strong>καθ’</strong></span> <span class='ocrx_word' id='word_1_388' title='bbox 3023 2605 3201 2693; x_wconf 28' lang='grc' dir='ltr'><strong>ἡμῶν.</strong></span> <span class='ocrx_word' id='word_1_389' title='bbox 3232 2619 3420 2680; x_wconf 86' lang='grc' dir='ltr'><strong>κακίας</strong></span> <span class='ocrx_word' id='word_1_390' title='bbox 3475 2617 3646 2697; x_wconf 79' lang='grc' dir='ltr'><strong>ἀρχή.</strong></span> <span class='ocrx_word' id='word_1_391' title='bbox 3721 2616 3913 2672; x_wconf 72' lang='grc' dir='ltr'><strong>Τούτου</strong></span> 
     </span>
    </p>
   </div>
   <div class='ocr_carea' id='block_1_56' title="bbox 527 2698 2185 2795">
    <p class='ocr_par' dir='ltr' id='par_1_56' title="bbox 527 2698 2183 2795">
     <span class='ocr_line' id='line_1_56' title="bbox 527 2698 2183 2795; baseline -0.001 -30"><span class='ocrx_word' id='word_1_392' title='bbox 527 2719 767 2786; x_wconf 91' lang='lat' dir='ltr'><strong>quoque</strong></span> <span class='ocrx_word' id='word_1_393' title='bbox 795 2699 953 2761; x_wconf 90' lang='lat' dir='ltr'><strong>dicto</strong></span> <span class='ocrx_word' id='word_1_394' title='bbox 985 2713 1092 2777; x_wconf 93' lang='lat' dir='ltr'><strong>pro</strong></span> <span class='ocrx_word' id='word_1_395' title='bbox 1125 2712 1291 2795; x_wconf 77' lang='lat' dir='ltr'><strong>more</strong></span> <span class='ocrx_word' id='word_1_396' title='bbox 1319 2713 1424 2756; x_wconf 91' lang='lat' dir='ltr'><strong>suo</strong></span> <span class='ocrx_word' id='word_1_397' title='bbox 1457 2713 1617 2795; x_wconf 68' lang='lat' dir='ltr'><strong>nunc</strong></span> <span class='ocrx_word' id='word_1_398' title='bbox 1672 2698 1828 2776; x_wconf 89' lang='lat' dir='ltr'><strong>passi</strong></span> <span class='ocrx_word' id='word_1_399' title='bbox 1858 2709 2016 2776; x_wconf 90' lang='lat' dir='ltr'><strong>sunt,</strong></span> <span class='ocrx_word' id='word_1_400' title='bbox 2051 2721 2183 2764; x_wconf 92' lang='lat' dir='ltr'><strong>cum</strong></span> 
     </span>
    </p>
   </div>
   <div class='ocr_carea' id='block_1_57' title="bbox 2267 2698 3909 2795">
    <p class='ocr_par' dir='ltr' id='par_1_57' title="bbox 2267 2698 3909 2795">
     <span class='ocr_line' id='line_1_57' title="bbox 2267 2698 3909 2795; baseline -0.008 -25"><span class='ocrx_word' id='word_1_401' title='bbox 2267 2698 2423 2795; x_wconf 49' lang='grc' dir='ltr'><strong>χάριν</strong></span> <span class='ocrx_word' id='word_1_402' title='bbox 2479 2715 2613 2786; x_wconf 77' lang='grc' dir='ltr'><strong>ἡμῖν</strong></span> <span class='ocrx_word' id='word_1_403' title='bbox 2669 2707 3052 2795; x_wconf 81' lang='grc' dir='ltr'><strong>ἀντιλέγουσιν,</strong></span> <span class='ocrx_word' id='word_1_404' title='bbox 3124 2706 3177 2772; x_wconf 74' lang='grc' dir='ltr'><strong>ἐξ</strong></span> <span class='ocrx_word' id='word_1_405' title='bbox 3233 2710 3299 2784; x_wconf 71' lang='grc' dir='ltr'><strong>ᾗς</strong></span> <span class='ocrx_word' id='word_1_406' title='bbox 3368 2707 3454 2761; x_wconf 88' lang='grc' dir='ltr'><strong>καὶ</strong></span> <span class='ocrx_word' id='word_1_407' title='bbox 3645 2703 3909 2778; x_wconf 68' lang='grc' dir='ltr'><strong>δυνάμενοι</strong></span> 
     </span>
    </p>
   </div>
   <div class='ocr_carea' id='block_1_58' title="bbox 529 2785 2185 2879">
    <p class='ocr_par' dir='ltr' id='par_1_58' title="bbox 529 2785 2184 2879">
     <span class='ocr_line' id='line_1_58' title="bbox 529 2785 2184 2879; baseline -0.001 -23"><span class='ocrx_word' id='word_1_408' title='bbox 529 2785 650 2856; x_wconf 84' lang='lat' dir='ltr'><strong>non</strong></span> <span class='ocrx_word' id='word_1_409' title='bbox 707 2790 957 2879; x_wconf 89' lang='lat' dir='ltr'><strong>multum</strong></span> <span class='ocrx_word' id='word_1_410' title='bbox 1013 2787 1189 2866; x_wconf 90' lang='lat' dir='ltr'><strong>longe</strong></span> <span class='ocrx_word' id='word_1_411' title='bbox 1219 2785 1313 2879; x_wconf 84' lang='lat' dir='ltr'><strong>_ab</strong></span> <span class='ocrx_word' id='word_1_412' title='bbox 1339 2785 1586 2849; x_wconf 91' lang='lat' dir='ltr'><strong>eruditis</strong></span> <span class='ocrx_word' id='word_1_413' title='bbox 1642 2788 1785 2879; x_wconf 87' lang='lat' dir='ltr'><strong>viris</strong></span> <span class='ocrx_word' id='word_1_414' title='bbox 1813 2789 2070 2868; x_wconf 89' lang='lat' dir='ltr'><strong>abirent,</strong></span> <span class='ocrx_word' id='word_1_415' title='bbox 2127 2790 2184 2854; x_wconf 86' lang='lat' dir='ltr'><strong>si</strong></span> 
     </span>
    </p>
   </div>
   <div class='ocr_carea' id='block_1_59' title="bbox 2267 2785 3912 2879">
    <p class='ocr_par' dir='ltr' id='par_1_59' title="bbox 2267 2785 3912 2879">
     <span class='ocr_line' id='line_1_59' title="bbox 2267 2785 3912 2879; baseline -0.011 -15"><span class='ocrx_word' id='word_1_416' title='bbox 2267 2785 2486 2864; x_wconf 63' lang='grc' dir='ltr'><strong>καθόλου</strong></span> <span class='ocrx_word' id='word_1_417' title='bbox 2522 2785 2670 2879; x_wconf 79' lang='grc' dir='ltr'><strong>πρὸς</strong></span> <span class='ocrx_word' id='word_1_418' title='bbox 2724 2799 2822 2866; x_wconf 80' lang='grc' dir='ltr'><strong>τὴν</strong></span> <span class='ocrx_word' id='word_1_419' title='bbox 2857 2785 2982 2874; x_wconf 86' lang='grc' dir='ltr'><strong>παρ’</strong></span> <span class='ocrx_word' id='word_1_420' title='bbox 3035 2798 3188 2870; x_wconf 78' lang='grc' dir='ltr'><strong>ἡμῶν</strong></span> <span class='ocrx_word' id='word_1_421' title='bbox 3231 2797 3424 2862; x_wconf 73' lang='grc' dir='ltr'><strong>ταύτην</strong></span> <span class='ocrx_word' id='word_1_422' title='bbox 3495 2793 3742 2864; x_wconf 76' lang='grc' dir='ltr'><strong>ἀλήθειαν</strong></span> <span class='ocrx_word' id='word_1_423' title='bbox 3795 2795 3912 2847; x_wconf 72' lang='grc' dir='ltr'><strong>ἀντ-</strong></span> 
     </span>
    </p>
   </div>
   <div class='ocr_carea' id='block_1_60' title="bbox 533 2875 2185 2983">
    <p class='ocr_par' dir='ltr' id='par_1_60' title="bbox 533 2875 2181 2983">
     <span class='ocr_line' id='line_1_60' title="bbox 533 2875 2181 2983; baseline 0 -38"><span class='ocrx_word' id='word_1_424' title='bbox 533 2881 710 2945; x_wconf 92' lang='lat' dir='ltr'><strong>modo</strong></span> <span class='ocrx_word' id='word_1_425' title='bbox 769 2878 936 2980; x_wconf 77' lang='lat' dir='ltr'><strong>illius</strong></span> <span class='ocrx_word' id='word_1_426' title='bbox 979 2875 1336 2983; x_wconf 71' lang='lat' dir='ltr'><strong>sententiam</strong></span> <span class='ocrx_word' id='word_1_427' title='bbox 1381 2893 1608 2978; x_wconf 72' lang='lat' dir='ltr'><strong>capere</strong></span> <span class='ocrx_word' id='word_1_428' title='bbox 1662 2877 2019 2980; x_wconf 42' lang='lat' dir='ltr'><strong>vellent..Et</strong></span> <span class='ocrx_word' id='word_1_429' title='bbox 2067 2881 2181 2944; x_wconf 88' lang='lat' dir='ltr'><strong>alia</strong></span> 
     </span>
    </p>
   </div>
   <div class='ocr_carea' id='block_1_61' title="bbox 2267 2875 3906 2983">
    <p class='ocr_par' dir='ltr' id='par_1_61' title="bbox 2267 2875 3906 2964">
     <span class='ocr_line' id='line_1_61' title="bbox 2267 2875 3906 2964; baseline -0.007 -14"><span class='ocrx_word' id='word_1_430' title='bbox 2267 2896 2453 2962; x_wconf 80' lang='grc' dir='ltr'><strong>εἰπεῖν,</strong></span> <span class='ocrx_word' id='word_1_431' title='bbox 2514 2875 2653 2945; x_wconf 81' lang='grc' dir='ltr'><strong>’ἐστιν</strong></span> <span class='ocrx_word' id='word_1_432' title='bbox 2762 2887 2822 2943; x_wconf 74' lang='grc' dir='ltr'><strong>οῦ</strong></span> <span class='ocrx_word' id='word_1_433' title='bbox 2905 2885 3032 2962; x_wconf 83' lang='grc' dir='ltr'><strong>πρὸς</strong></span> <span class='ocrx_word' id='word_1_434' title='bbox 3101 2883 3432 2963; x_wconf 86' lang='grc' dir='ltr'><strong>παραλόγους</strong></span> <span class='ocrx_word' id='word_1_435' title='bbox 3517 2886 3606 2940; x_wconf 89' lang='grc' dir='ltr'><strong>καὶ</strong></span> <span class='ocrx_word' id='word_1_436' title='bbox 3702 2883 3906 2964; x_wconf 72' lang='grc' dir='ltr'><strong>ψυχρὰς</strong></span> 
     </span>
    </p>
   </div>
   <div class='ocr_carea' id='block_1_62' title="bbox 529 2964 2185 3060">
    <p class='ocr_par' dir='ltr' id='par_1_62' title="bbox 529 2964 2179 3060">
     <span class='ocr_line' id='line_1_62' title="bbox 529 2964 2179 3060; baseline 0 -26"><span class='ocrx_word' id='word_1_437' title='bbox 529 2987 766 3056; x_wconf 87' lang='lat' dir='ltr'><strong>quoque</strong></span> <span class='ocrx_word' id='word_1_438' title='bbox 794 2968 1049 3060; x_wconf 76' lang='lat' dir='ltr'><strong>ratione,</strong></span> <span class='ocrx_word' id='word_1_439' title='bbox 1083 2964 1226 3060; x_wconf 78' lang='lat' dir='ltr'><strong>licet</strong></span> <span class='ocrx_word' id='word_1_440' title='bbox 1267 2965 1544 3045; x_wconf 82' lang='lat' dir='ltr'><strong>cogitatio</strong></span> <span class='ocrx_word' id='word_1_441' title='bbox 1587 2965 1848 3060; x_wconf 80' lang='lat' dir='ltr'><strong>ipsorum</strong></span> <span class='ocrx_word' id='word_1_442' title='bbox 1881 2968 2041 3032; x_wconf 89' lang='lat' dir='ltr'><strong>circa</strong></span> <span class='ocrx_word' id='word_1_443' title='bbox 2067 2972 2179 3034; x_wconf 89' lang='lat' dir='ltr'><strong>hoc</strong></span> 
     </span>
    </p>
   </div>
   <div class='ocr_carea' id='block_1_63' title="bbox 2267 2964 3908 3060">
    <p class='ocr_par' dir='ltr' id='par_1_63' title="bbox 2267 2973 3908 3060">
     <span class='ocr_line' id='line_1_63' title="bbox 2267 2973 3908 3060; baseline -0.022 -19"><span class='ocrx_word' id='word_1_444' title='bbox 2267 2982 2556 3060; x_wconf 87' lang='grc' dir='ltr'><strong>περιεργίας</strong></span> <span class='ocrx_word' id='word_1_445' title='bbox 2609 2978 2700 3034; x_wconf 77' lang='grc' dir='ltr'><strong>τὸν</strong></span> <span class='ocrx_word' id='word_1_446' title='bbox 2759 2975 2874 3031; x_wconf 87' lang='grc' dir='ltr'><strong>νοῦν</strong></span> <span class='ocrx_word' id='word_1_447' title='bbox 2942 2973 3229 3037; x_wconf 83' lang='grc' dir='ltr'><strong>κλαπέντες</strong></span> <span class='ocrx_word' id='word_1_448' title='bbox 3306 2975 3615 3054; x_wconf 64' lang='grc' dir='ltr'><strong>ἐχώρησαν,</strong></span> <span class='ocrx_word' id='word_1_449' title='bbox 3674 2975 3747 3036; x_wconf 66' lang='grc' dir='ltr'><strong>ὡς</strong></span> <span class='ocrx_word' id='word_1_450' title='bbox 3821 2973 3908 3029; x_wconf 59' lang='grc' dir='ltr'><strong>κᾶν</strong></span> 
     </span>
    </p>
   </div>
   <div class='ocr_carea' id='block_1_64' title="bbox 526 3053 2185 3150">
    <p class='ocr_par' dir='ltr' id='par_1_64' title="bbox 526 3053 2180 3150">
     <span class='ocr_line' id='line_1_64' title="bbox 526 3053 2180 3150; baseline -0.001 -28"><span class='ocrx_word' id='word_1_451' title='bbox 526 3053 619 3124; x_wconf 75' lang='lat' dir='ltr'><strong>vel</strong></span> <span class='ocrx_word' id='word_1_452' title='bbox 650 3059 964 3122; x_wconf 89' lang='lat' dir='ltr'><strong>minimum</strong></span> <span class='ocrx_word' id='word_1_453' title='bbox 996 3053 1403 3150; x_wconf 46' lang='lat' dir='ltr'><strong>claudicaret,</strong></span> <span class='ocrx_word' id='word_1_454' title='bbox 1429 3061 1706 3150; x_wconf 78' lang='lat' dir='ltr'><strong>poterunt</strong></span> <span class='ocrx_word' id='word_1_455' title='bbox 1734 3056 1797 3118; x_wconf 90' lang='lat' dir='ltr'><strong>in</strong></span> <span class='ocrx_word' id='word_1_456' title='bbox 1827 3075 1892 3120; x_wconf 90' lang='lat' dir='ltr'><strong>se</strong></span> <span class='ocrx_word' id='word_1_457' title='bbox 1921 3060 2180 3141; x_wconf 90' lang='lat' dir='ltr'><strong>scripto-</strong></span> 
     </span>
    </p>
   </div>
   <div class='ocr_carea' id='block_1_65' title="bbox 2267 3053 3907 3150">
    <p class='ocr_par' dir='ltr' id='par_1_65' title="bbox 2267 3053 3907 3150">
     <span class='ocr_line' id='line_1_65' title="bbox 2267 3053 3907 3150; baseline -0.007 -21"><span class='ocrx_word' id='word_1_458' title='bbox 2267 3053 2341 3149; x_wconf 72' lang='grc' dir='ltr'>τῷ</span> <span class='ocrx_word' id='word_1_459' title='bbox 2411 3053 2745 3150; x_wconf 44' lang='grc' dir='ltr'><strong>’προκειμένῳ</strong></span> <span class='ocrx_word' id='word_1_460' title='bbox 2823 3065 2968 3142; x_wconf 84' lang='grc' dir='ltr'><strong>ῥητῷ</strong></span> <span class='ocrx_word' id='word_1_461' title='bbox 3039 3065 3273 3133; x_wconf 81' lang='grc' dir='ltr'><strong>συνήθως</strong></span> <span class='ocrx_word' id='word_1_462' title='bbox 3340 3053 3434 3118; x_wconf 66' lang='grc' dir='ltr'><strong>νῦν</strong></span> <span class='ocrx_word' id='word_1_463' title='bbox 3512 3062 3907 3150; x_wconf 83' lang='grc' dir='ltr'><strong>ἐπεπόνθεισαν.</strong></span> 
     </span>
    </p>
   </div>
   <div class='ocr_carea' id='block_1_66' title="bbox 527 3143 2185 3236">
    <p class='ocr_par' dir='ltr' id='par_1_66' title="bbox 527 3143 2185 3236">
     <span class='ocr_line' id='line_1_66' title="bbox 527 3143 2185 3236; baseline -0.002 -22"><span class='ocrx_word' id='word_1_464' title='bbox 527 3169 657 3214; x_wconf 91' lang='lat' dir='ltr'><strong>rem</strong></span> <span class='ocrx_word' id='word_1_465' title='bbox 678 3145 1198 3236; x_wconf 87' lang='lat' dir='ltr'><strong>considerate,_qui</strong></span> <span class='ocrx_word' id='word_1_466' title='bbox 1223 3163 1357 3236; x_wconf 81' lang='lat' dir='ltr'><strong>cum</strong></span> <span class='ocrx_word' id='word_1_467' title='bbox 1388 3143 1449 3205; x_wconf 89' lang='lat' dir='ltr'><strong>in</strong></span> <span class='ocrx_word' id='word_1_468' title='bbox 1475 3143 1609 3236; x_wconf 84' lang='lat' dir='ltr'><strong>ipso</strong></span> <span class='ocrx_word' id='word_1_469' title='bbox 1629 3145 1818 3236; x_wconf 91' lang='lat' dir='ltr'><strong>primo</strong></span> <span class='ocrx_word' id='word_1_470' title='bbox 1852 3148 2185 3214; x_wconf 87' lang='lat' dir='ltr'><strong>schismatis</strong></span> 
     </span>
    </p>
   </div>
   <div class='ocr_carea' id='block_1_67' title="bbox 2267 3143 3907 3236">
    <p class='ocr_par' dir='ltr' id='par_1_67' title="bbox 2267 3143 3907 3236">
     <span class='ocr_line' id='line_1_67' title="bbox 2267 3143 3907 3236; baseline -0.01 -17"><span class='ocrx_word' id='word_1_471' title='bbox 2267 3143 2494 3236; x_wconf 82' lang='grc' dir='ltr'><strong>Επείπερ</strong></span> <span class='ocrx_word' id='word_1_472' title='bbox 2548 3154 2665 3214; x_wconf 86' lang='grc' dir='ltr'><strong>κατ’</strong></span> <span class='ocrx_word' id='word_1_473' title='bbox 2737 3151 2881 3211; x_wconf 65' lang='grc' dir='ltr'><strong>οῦδὲν</strong></span> <span class='ocrx_word' id='word_1_474' title='bbox 2949 3151 3214 3209; x_wconf 84' lang='grc' dir='ltr'><strong>λείπονται</strong></span> <span class='ocrx_word' id='word_1_475' title='bbox 3257 3159 3363 3208; x_wconf 86' lang='grc' dir='ltr'><strong>τῶν</strong></span> <span class='ocrx_word' id='word_1_476' title='bbox 3440 3151 3631 3230; x_wconf 89' lang='grc' dir='ltr'><strong>λογίων</strong></span> <span class='ocrx_word' id='word_1_477' title='bbox 3689 3149 3907 3231; x_wconf 80' lang='grc' dir='ltr'><strong>ἀνδρῶν,</strong></span> 
     </span>
    </p>
   </div>
   <div class='ocr_carea' id='block_1_68' title="bbox 529 3233 2185 3328">
    <p class='ocr_par' dir='ltr' id='par_1_68' title="bbox 529 3233 2178 3328">
     <span class='ocr_line' id='line_1_68' title="bbox 529 3233 2178 3328; baseline 0 -25"><span class='ocrx_word' id='word_1_478' title='bbox 529 3247 738 3304; x_wconf 79' lang='lat' dir='ltr'><strong>exortu</strong></span> <span class='ocrx_word' id='word_1_479' title='bbox 747 3233 1357 3328; x_wconf 84' lang='lat' dir='ltr'><strong>viveret,etdogmatis</strong></span> <span class='ocrx_word' id='word_1_480' title='bbox 1371 3235 1899 3328; x_wconf 76' lang='lat' dir='ltr'><strong>contradictionem</strong></span> <span class='ocrx_word' id='word_1_481' title='bbox 1915 3239 2178 3322; x_wconf 90' lang='lat' dir='ltr'><strong>calleret,</strong></span> 
     </span>
    </p>
   </div>
   <div class='ocr_carea' id='block_1_69' title="bbox 2267 3233 3912 3328">
    <p class='ocr_par' dir='ltr' id='par_1_69' title="bbox 2269 3233 3912 3328">
     <span class='ocr_line' id='line_1_69' title="bbox 2269 3233 3912 3328; baseline -0.008 -21"><span class='ocrx_word' id='word_1_482' title='bbox 2269 3250 2322 3308; x_wconf 72' lang='grc' dir='ltr'><strong>εἴ</strong></span> <span class='ocrx_word' id='word_1_483' title='bbox 2379 3270 2439 3328; x_wconf 89' lang='grc' dir='ltr'><strong>γε</strong></span> <span class='ocrx_word' id='word_1_484' title='bbox 2467 3233 2720 3303; x_wconf 16' lang='grc' dir='ltr'><strong>«συνιδεῖν</strong></span> <span class='ocrx_word' id='word_1_485' title='bbox 2775 3239 3063 3311; x_wconf 70' lang='grc' dir='ltr'><strong>ἠϐούλοντο</strong></span> <span class='ocrx_word' id='word_1_486' title='bbox 3114 3243 3297 3299; x_wconf 82' lang='grc' dir='ltr'><strong>τούτου</strong></span> <span class='ocrx_word' id='word_1_487' title='bbox 3373 3242 3470 3309; x_wconf 78' lang='grc' dir='ltr'><strong>τὴν</strong></span> <span class='ocrx_word' id='word_1_488' title='bbox 3540 3243 3764 3303; x_wconf 80' lang='grc' dir='ltr'><strong>ἔννοιαν,</strong></span> <span class='ocrx_word' id='word_1_489' title='bbox 3817 3243 3912 3300; x_wconf 78' lang='grc' dir='ltr'><strong>Καὶ</strong></span> 
     </span>
    </p>
   </div>
   <div class='ocr_carea' id='block_1_70' title="bbox 528 3323 2185 3414">
    <p class='ocr_par' dir='ltr' id='par_1_70' title="bbox 528 3323 2185 3410">
     <span class='ocr_line' id='line_1_70' title="bbox 528 3323 2185 3410; baseline 0 -18"><span class='ocrx_word' id='word_1_490' title='bbox 528 3327 956 3410; x_wconf 81' lang='lat' dir='ltr'><strong>nunquam:hoc</strong></span> <span class='ocrx_word' id='word_1_491' title='bbox 972 3323 1150 3386; x_wconf 91' lang='lat' dir='ltr'><strong>modo</strong></span> <span class='ocrx_word' id='word_1_492' title='bbox 1165 3323 1598 3397; x_wconf 88' lang='lat' dir='ltr'><strong>concinnasset,</strong></span> <span class='ocrx_word' id='word_1_493' title='bbox 1611 3323 1697 3385; x_wconf 88' lang='lat' dir='ltr'><strong>vel</strong></span> <span class='ocrx_word' id='word_1_494' title='bbox 1717 3324 1938 3388; x_wconf 92' lang='lat' dir='ltr'><strong>dictum</strong></span> <span class='ocrx_word' id='word_1_495' title='bbox 1954 3348 2084 3390; x_wconf 93' lang='lat' dir='ltr'><strong>com</strong></span> <span class='ocrx_word' id='word_1_496' title='bbox 2093 3350 2185 3410; x_wconf 86' lang='lat' dir='ltr'><strong>po-</strong></span> 
     </span>
    </p>
   </div>
   <div class='ocr_carea' id='block_1_71' title="bbox 2267 3323 3910 3414">
    <p class='ocr_par' dir='ltr' id='par_1_71' title="bbox 2270 3323 3910 3414">
     <span class='ocr_line' id='line_1_71' title="bbox 2270 3323 3910 3414; baseline -0.006 -20"><span class='ocrx_word' id='word_1_497' title='bbox 2270 3323 2441 3402; x_wconf 76' lang='grc' dir='ltr'><strong>ἄλλως</strong></span> <span class='ocrx_word' id='word_1_498' title='bbox 2497 3334 2574 3414; x_wconf 71' lang='grc' dir='ltr'><strong>δὲ,</strong></span> <span class='ocrx_word' id='word_1_499' title='bbox 2633 3331 2729 3388; x_wconf 81' lang='grc' dir='ltr'><strong>κᾶν</strong></span> <span class='ocrx_word' id='word_1_500' title='bbox 2783 3329 2987 3402; x_wconf 81' lang='grc' dir='ltr'><strong>ὥκλαζέ</strong></span> <span class='ocrx_word' id='word_1_501' title='bbox 3027 3353 3077 3387; x_wconf 92' lang='grc' dir='ltr'><strong>τι</strong></span> <span class='ocrx_word' id='word_1_502' title='bbox 3121 3332 3251 3407; x_wconf 84' lang='grc' dir='ltr'><strong>πρὸς</strong></span> <span class='ocrx_word' id='word_1_503' title='bbox 3312 3333 3436 3389; x_wconf 76' lang='grc' dir='ltr'><strong>αὒτὸ</strong></span> <span class='ocrx_word' id='word_1_504' title='bbox 3486 3331 3690 3392; x_wconf 73' lang='grc' dir='ltr'><strong>τούτοις</strong></span> <span class='ocrx_word' id='word_1_505' title='bbox 3747 3332 3775 3386; x_wconf 84' lang='grc' dir='ltr'>δ</span> <span class='ocrx_word' id='word_1_506' title='bbox 3809 3329 3910 3385; x_wconf 84' lang='grc' dir='ltr'><strong>λο-</strong></span> 
     </span>
    </p>
   </div>
   <div class='ocr_carea' id='block_1_72' title="bbox 529 3412 2185 3507">
    <p class='ocr_par' dir='ltr' id='par_1_72' title="bbox 529 3412 2185 3507">
     <span class='ocr_line' id='line_1_72' title="bbox 529 3412 2185 3507; baseline -0.008 -27"><span class='ocrx_word' id='word_1_507' title='bbox 529 3415 830 3491; x_wconf 88' lang='lat' dir='ltr'><strong>suisset,si</strong></span> <span class='ocrx_word' id='word_1_508' title='bbox 849 3432 985 3507; x_wconf 84' lang='lat' dir='ltr'><strong>cum</strong></span> <span class='ocrx_word' id='word_1_509' title='bbox 1007 3412 1231 3507; x_wconf 82' lang='lat' dir='ltr'><strong>Latinis</strong></span> <span class='ocrx_word' id='word_1_510' title='bbox 1252 3419 1310 3474; x_wconf 91' lang='lat' dir='ltr'><strong>et</strong></span> <span class='ocrx_word' id='word_1_511' title='bbox 1329 3412 1457 3492; x_wconf 92' lang='lat' dir='ltr'><strong>ipse</strong></span> <span class='ocrx_word' id='word_1_512' title='bbox 1475 3429 1642 3507; x_wconf 57' lang='lat' dir='ltr'><strong>atque</strong></span> <span class='ocrx_word' id='word_1_513' title='bbox 1659 3421 1834 3507; x_wconf 75' lang='lat' dir='ltr'><strong>atque</strong></span> <span class='ocrx_word' id='word_1_514' title='bbox 1853 3415 1953 3478; x_wconf 89' lang='lat' dir='ltr'><strong>alii</strong></span> <span class='ocrx_word' id='word_1_515' title='bbox 1973 3417 2185 3480; x_wconf 79' lang='lat' dir='ltr'><strong>simul-</strong></span> 
     </span>
    </p>
   </div>
   <div class='ocr_carea' id='block_1_73' title="bbox 2267 3412 3913 3507">
    <p class='ocr_par' dir='ltr' id='par_1_73' title="bbox 2268 3412 3913 3507">
     <span class='ocr_line' id='line_1_73' title="bbox 2268 3412 3913 3507; baseline -0.004 -27"><span class='ocrx_word' id='word_1_516' title='bbox 2268 3427 2480 3507; x_wconf 77' lang='grc' dir='ltr'><strong>γισμὸς,</strong></span> <span class='ocrx_word' id='word_1_517' title='bbox 2541 3412 2697 3502; x_wconf 82' lang='grc' dir='ltr'><strong>εἶχον</strong></span> <span class='ocrx_word' id='word_1_518' title='bbox 2766 3418 3054 3494; x_wconf 77' lang='grc' dir='ltr'><strong>σκέψασθαι</strong></span> <span class='ocrx_word' id='word_1_519' title='bbox 3112 3419 3320 3483; x_wconf 74' lang='grc' dir='ltr'><strong>πάντως</strong></span> <span class='ocrx_word' id='word_1_520' title='bbox 3374 3416 3490 3475; x_wconf 81' lang='grc' dir='ltr'><strong>καθ’</strong></span> <span class='ocrx_word' id='word_1_521' title='bbox 3551 3419 3765 3480; x_wconf 75' lang='grc' dir='ltr'><strong>ἑαυτοὺς</strong></span> <span class='ocrx_word' id='word_1_522' title='bbox 3826 3420 3913 3474; x_wconf 77' lang='grc' dir='ltr'><strong>καὶ</strong></span> 
     </span>
    </p>
   </div>
   <div class='ocr_carea' id='block_1_74' title="bbox 528 3502 2185 3591">
    <p class='ocr_par' dir='ltr' id='par_1_74' title="bbox 528 3502 2185 3591">
     <span class='ocr_line' id='line_1_74' title="bbox 528 3502 2185 3591; baseline 0.001 -21"><span class='ocrx_word' id='word_1_523' title='bbox 528 3515 680 3570; x_wconf 91' lang='lat' dir='ltr'><strong>tates</strong></span> <span class='ocrx_word' id='word_1_524' title='bbox 712 3504 1054 3580; x_wconf 83' lang='lat' dir='ltr'><strong>exercebat,</strong></span> <span class='ocrx_word' id='word_1_525' title='bbox 1090 3503 1196 3565; x_wconf 91' lang='lat' dir='ltr'><strong>sed</strong></span> <span class='ocrx_word' id='word_1_526' title='bbox 1215 3521 1360 3583; x_wconf 91' lang='lat' dir='ltr'><strong>pure</strong></span> <span class='ocrx_word' id='word_1_527' title='bbox 1391 3502 1752 3591; x_wconf 83' lang='lat' dir='ltr'><strong>scripsisset,</strong></span> <span class='ocrx_word' id='word_1_528' title='bbox 1776 3505 1901 3582; x_wconf 85' lang='lat' dir='ltr'><strong>Qui</strong></span> <span class='ocrx_word' id='word_1_529' title='bbox 1913 3511 2185 3588; x_wconf 79' lang='lat' dir='ltr'><strong>procedit</strong></span> 
     </span>
    </p>
   </div>
   <div class='ocr_carea' id='block_1_75' title="bbox 2267 3502 3914 3591">
    <p class='ocr_par' dir='ltr' id='par_1_75' title="bbox 2273 3502 3914 3591">
     <span class='ocr_line' id='line_1_75' title="bbox 2273 3502 3914 3591; baseline -0.007 -17"><span class='ocrx_word' id='word_1_530' title='bbox 2273 3502 2362 3574; x_wconf 76' lang='grc' dir='ltr'><strong>τὸν</strong></span> <span class='ocrx_word' id='word_1_531' title='bbox 2419 3511 2842 3591; x_wconf 78' lang='grc' dir='ltr'><strong>συγραψάμενον,</strong></span> <span class='ocrx_word' id='word_1_532' title='bbox 2901 3507 2981 3564; x_wconf 81' lang='grc' dir='ltr'><strong>ὅτι</strong></span> <span class='ocrx_word' id='word_1_533' title='bbox 3029 3508 3164 3564; x_wconf 75' lang='grc' dir='ltr'><strong>κατὰ</strong></span> <span class='ocrx_word' id='word_1_534' title='bbox 3204 3509 3294 3564; x_wconf 83' lang='grc' dir='ltr'><strong>τὸν</strong></span> <span class='ocrx_word' id='word_1_535' title='bbox 3337 3509 3519 3588; x_wconf 82' lang='grc' dir='ltr'><strong>καιρὸν</strong></span> <span class='ocrx_word' id='word_1_536' title='bbox 3561 3514 3652 3563; x_wconf 91' lang='grc' dir='ltr'><strong>τοῦ</strong></span> <span class='ocrx_word' id='word_1_537' title='bbox 3705 3507 3914 3586; x_wconf 86' lang='grc' dir='ltr'><strong>πρώτου</strong></span> 
     </span>
    </p>
   </div>
   <div class='ocr_carea' id='block_1_76' title="bbox 530 3590 2185 3686">
    <p class='ocr_par' dir='ltr' id='par_1_76' title="bbox 530 3590 2184 3686">
     <span class='ocr_line' id='line_1_76' title="bbox 530 3590 2184 3686; baseline 0.001 -26"><span class='ocrx_word' id='word_1_538' title='bbox 530 3613 607 3660; x_wconf 80' lang='lat' dir='ltr'><strong>ea:</strong></span> <span class='ocrx_word' id='word_1_539' title='bbox 653 3592 1116 3686; x_wconf 72' lang='lat' dir='ltr'><strong>Patre,fugiens_,</strong></span> <span class='ocrx_word' id='word_1_540' title='bbox 1139 3600 1206 3652; x_wconf 92' lang='lat' dir='ltr'><strong>ut</strong></span> <span class='ocrx_word' id='word_1_541' title='bbox 1225 3590 1518 3686; x_wconf 82' lang='lat' dir='ltr'><strong>quispiam</strong></span> <span class='ocrx_word' id='word_1_542' title='bbox 1549 3591 1803 3686; x_wconf 79' lang='lat' dir='ltr'><strong>diceret,</strong></span> <span class='ocrx_word' id='word_1_543' title='bbox 1829 3599 2184 3661; x_wconf 77' lang='lat' dir='ltr'><strong>contrariam</strong></span> 
     </span>
    </p>
   </div>
   <div class='ocr_carea' id='block_1_77' title="bbox 2267 3590 3915 3686">
    <p class='ocr_par' dir='ltr' id='par_1_77' title="bbox 2269 3590 3915 3686">
     <span class='ocr_line' id='line_1_77' title="bbox 2269 3590 3915 3686; baseline -0.005 -28"><span class='ocrx_word' id='word_1_544' title='bbox 2269 3604 2566 3686; x_wconf 56' lang='lat' dir='ltr'><strong>qlcpatoc</strong></span> <span class='ocrx_word' id='word_1_545' title='bbox 2637 3601 2736 3678; x_wconf 85' lang='grc' dir='ltr'><strong>ὢν,</strong></span> <span class='ocrx_word' id='word_1_546' title='bbox 2796 3597 2884 3654; x_wconf 82' lang='grc' dir='ltr'><strong>καὶ</strong></span> <span class='ocrx_word' id='word_1_547' title='bbox 2953 3598 3049 3666; x_wconf 78' lang='grc' dir='ltr'><strong>τὴν</strong></span> <span class='ocrx_word' id='word_1_548' title='bbox 3119 3595 3416 3674; x_wconf 80' lang='grc' dir='ltr'><strong>ἀντιλογίαν</strong></span> <span class='ocrx_word' id='word_1_549' title='bbox 3493 3596 3766 3673; x_wconf 85' lang='grc' dir='ltr'><strong>γινώσκων</strong></span> <span class='ocrx_word' id='word_1_550' title='bbox 3824 3602 3915 3654; x_wconf 84' lang='grc' dir='ltr'><strong>τοῦ</strong></span> 
     </span>
    </p>
   </div>
   <div class='ocr_carea' id='block_1_78' title="bbox 531 3680 2185 3772">
    <p class='ocr_par' dir='ltr' id='par_1_78' title="bbox 531 3680 2185 3767">
     <span class='ocr_line' id='line_1_78' title="bbox 531 3680 2185 3767; baseline 0.002 -19"><span class='ocrx_word' id='word_1_551' title='bbox 531 3685 958 3767; x_wconf 87' lang='lat' dir='ltr'><strong>suspicionem.</strong></span> <span class='ocrx_word' id='word_1_552' title='bbox 985 3681 1102 3745; x_wconf 90' lang='lat' dir='ltr'><strong>Sed</strong></span> <span class='ocrx_word' id='word_1_553' title='bbox 1127 3700 1285 3743; x_wconf 90' lang='lat' dir='ltr'><strong>nunc</strong></span> <span class='ocrx_word' id='word_1_554' title='bbox 1317 3699 1386 3742; x_wconf 82' lang='lat' dir='ltr'><strong>ex</strong></span> <span class='ocrx_word' id='word_1_555' title='bbox 1402 3682 1532 3761; x_wconf 91' lang='lat' dir='ltr'><strong>ipsa</strong></span> <span class='ocrx_word' id='word_1_556' title='bbox 1547 3680 1864 3746; x_wconf 90' lang='lat' dir='ltr'><strong>verborum</strong></span> <span class='ocrx_word' id='word_1_557' title='bbox 1895 3694 2185 3751; x_wconf 89' lang='lat' dir='ltr'><strong>structura</strong></span> 
     </span>
    </p>
   </div>
   <div class='ocr_carea' id='block_1_79' title="bbox 2267 3680 3916 3772">
    <p class='ocr_par' dir='ltr' id='par_1_79' title="bbox 2269 3680 3916 3772">
     <span class='ocr_line' id='line_1_79' title="bbox 2269 3680 3916 3772; baseline -0.007 -22"><span class='ocrx_word' id='word_1_558' title='bbox 2269 3680 2552 3772; x_wconf 72' lang='grc' dir='ltr'><strong>δόγματος,</strong></span> <span class='ocrx_word' id='word_1_559' title='bbox 2614 3688 2706 3744; x_wconf 73' lang='grc' dir='ltr'><strong>οὒκ</strong></span> <span class='ocrx_word' id='word_1_560' title='bbox 2776 3685 2837 3741; x_wconf 75' lang='grc' dir='ltr'><strong>ἂν</strong></span> <span class='ocrx_word' id='word_1_561' title='bbox 2890 3685 3026 3742; x_wconf 55' lang='grc' dir='ltr'><strong>οὕτω</strong></span> <span class='ocrx_word' id='word_1_562' title='bbox 3086 3686 3303 3742; x_wconf 82' lang='grc' dir='ltr'><strong>συντίθει</strong></span> <span class='ocrx_word' id='word_1_563' title='bbox 3362 3687 3448 3741; x_wconf 85' lang='grc' dir='ltr'><strong>καὶ</strong></span> <span class='ocrx_word' id='word_1_564' title='bbox 3521 3684 3798 3741; x_wconf 78' lang='grc' dir='ltr'><strong>συνέταττε</strong></span> <span class='ocrx_word' id='word_1_565' title='bbox 3857 3685 3916 3738; x_wconf 83' lang='grc' dir='ltr'><strong>τὸ</strong></span> 
     </span>
    </p>
   </div>
   <div class='ocr_carea' id='block_1_80' title="bbox 531 3773 2185 3856">
    <p class='ocr_par' dir='ltr' id='par_1_80' title="bbox 531 3773 2185 3853">
     <span class='ocr_line' id='line_1_80' title="bbox 531 3773 2185 3853; baseline 0.002 -17"><span class='ocrx_word' id='word_1_566' title='bbox 531 3773 761 3853; x_wconf 91' lang='lat' dir='ltr'><strong>liquido</strong></span> <span class='ocrx_word' id='word_1_567' title='bbox 817 3773 1130 3834; x_wconf 84' lang='lat' dir='ltr'><strong>conﬁrmat</strong></span> <span class='ocrx_word' id='word_1_568' title='bbox 1184 3789 1249 3832; x_wconf 89' lang='lat' dir='ltr'><strong>se</strong></span> <span class='ocrx_word' id='word_1_569' title='bbox 1280 3787 1523 3850; x_wconf 91' lang='lat' dir='ltr'><strong>prorsus</strong></span> <span class='ocrx_word' id='word_1_570' title='bbox 1577 3789 1850 3835; x_wconf 89' lang='lat' dir='ltr'><strong>asserere</strong></span> <span class='ocrx_word' id='word_1_571' title='bbox 1884 3775 2060 3837; x_wconf 90' lang='lat' dir='ltr'><strong>etiam</strong></span> <span class='ocrx_word' id='word_1_572' title='bbox 2119 3797 2185 3840; x_wconf 83' lang='lat' dir='ltr'><strong>ex</strong></span> 
     </span>
    </p>
   </div>
   <div class='ocr_carea' id='block_1_81' title="bbox 2267 3773 3916 3856">
    <p class='ocr_par' dir='ltr' id='par_1_81' title="bbox 2271 3773 3916 3856">
     <span class='ocr_line' id='line_1_81' title="bbox 2271 3773 3916 3856; baseline -0.007 -17"><span class='ocrx_word' id='word_1_573' title='bbox 2271 3788 2505 3839; x_wconf 90' lang='grc' dir='ltr'><strong>τοιοῦτον</strong></span> <span class='ocrx_word' id='word_1_574' title='bbox 2562 3777 2745 3856; x_wconf 73' lang='grc' dir='ltr'><strong>ῥητὸν,</strong></span> <span class='ocrx_word' id='word_1_575' title='bbox 2833 3777 2877 3831; x_wconf 79' lang='grc' dir='ltr'><strong>εί</strong></span> <span class='ocrx_word' id='word_1_576' title='bbox 2941 3776 3070 3854; x_wconf 82' lang='grc' dir='ltr'><strong>πρὸς</strong></span> <span class='ocrx_word' id='word_1_577' title='bbox 3140 3775 3260 3838; x_wconf 76' lang='grc' dir='ltr'><strong>τοὺς</strong></span> <span class='ocrx_word' id='word_1_578' title='bbox 3318 3775 3566 3838; x_wconf 84' lang='grc' dir='ltr'><strong>Λατίνους</strong></span> <span class='ocrx_word' id='word_1_579' title='bbox 3617 3776 3705 3830; x_wconf 86' lang='grc' dir='ltr'><strong>καὶ</strong></span> <span class='ocrx_word' id='word_1_580' title='bbox 3755 3773 3916 3836; x_wconf 76' lang='grc' dir='ltr'><strong>αῦτος</strong></span> 
     </span>
    </p>
   </div>
   <div class='ocr_carea' id='block_1_82' title="bbox 535 3857 2185 3948">
    <p class='ocr_par' dir='ltr' id='par_1_82' title="bbox 535 3857 2185 3948">
     <span class='ocr_line' id='line_1_82' title="bbox 535 3857 2185 3948; baseline 0.001 -23"><span class='ocrx_word' id='word_1_581' title='bbox 535 3862 685 3925; x_wconf 90' lang='lat' dir='ltr'><strong>Filio</strong></span> <span class='ocrx_word' id='word_1_582' title='bbox 717 3860 1067 3943; x_wconf 90' lang='lat' dir='ltr'><strong>procedere.</strong></span> <span class='ocrx_word' id='word_1_583' title='bbox 1090 3858 1227 3922; x_wconf 67' lang='lat' dir='ltr'><strong>Haec</strong></span> <span class='ocrx_word' id='word_1_584' title='bbox 1250 3857 1657 3948; x_wconf 83' lang='lat' dir='ltr'><strong>considerare,</strong></span> <span class='ocrx_word' id='word_1_585' title='bbox 1691 3860 1781 3922; x_wconf 81' lang='lat' dir='ltr'><strong>bis</strong></span> <span class='ocrx_word' id='word_1_586' title='bbox 1812 3871 2070 3926; x_wconf 88' lang='lat' dir='ltr'><strong>mentem</strong></span> <span class='ocrx_word' id='word_1_587' title='bbox 2092 3884 2185 3948; x_wconf 77' lang='lat' dir='ltr'><strong>ap.</strong></span> 
     </span>
    </p>
   </div>
   <div class='ocr_carea' id='block_1_83' title="bbox 2267 3857 3916 3948">
    <p class='ocr_par' dir='ltr' id='par_1_83' title="bbox 2277 3859 3916 3944">
     <span class='ocr_line' id='line_1_83' title="bbox 2277 3859 3916 3944; baseline -0.007 -16"><span class='ocrx_word' id='word_1_588' title='bbox 2277 3871 2462 3937; x_wconf 86' lang='grc' dir='ltr'><strong>ἐπίσης</strong></span> <span class='ocrx_word' id='word_1_589' title='bbox 2519 3880 2636 3930; x_wconf 74' lang='grc' dir='ltr'><strong>τοῖς</strong></span> <span class='ocrx_word' id='word_1_590' title='bbox 2711 3864 2922 3928; x_wconf 65' lang='grc' dir='ltr'><strong>λοιποῖς</strong></span> <span class='ocrx_word' id='word_1_591' title='bbox 2979 3862 3262 3944; x_wconf 73' lang='grc' dir='ltr'><strong>διεφέρετο.</strong></span> <span class='ocrx_word' id='word_1_592' title='bbox 3341 3865 3588 3940; x_wconf 80' lang='grc' dir='ltr'><strong>Καθαρῶς</strong></span> <span class='ocrx_word' id='word_1_593' title='bbox 3656 3859 3703 3916; x_wconf 82' lang='grc' dir='ltr'><strong>δ’</strong></span> <span class='ocrx_word' id='word_1_594' title='bbox 3761 3861 3916 3919; x_wconf 75' lang='grc' dir='ltr'><strong>ἐτίθει</strong></span> 
     </span>
    </p>
   </div>
   <div class='ocr_carea' id='block_1_84' title="bbox 531 3947 2185 4035">
    <p class='ocr_par' dir='ltr' id='par_1_84' title="bbox 531 3947 2185 4035">
     <span class='ocr_line' id='line_1_84' title="bbox 531 3947 2185 4035; baseline 0 -23"><span class='ocrx_word' id='word_1_595' title='bbox 531 3951 756 4034; x_wconf 89' lang='lat' dir='ltr'><strong>plicare</strong></span> <span class='ocrx_word' id='word_1_596' title='bbox 811 3948 1123 4025; x_wconf 91' lang='lat' dir='ltr'><strong>deberent,</strong></span> <span class='ocrx_word' id='word_1_597' title='bbox 1180 3947 1442 4028; x_wconf 91' lang='lat' dir='ltr'><strong>indeque</strong></span> <span class='ocrx_word' id='word_1_598' title='bbox 1489 3947 1663 4009; x_wconf 89' lang='lat' dir='ltr'><strong>nobis</strong></span> <span class='ocrx_word' id='word_1_599' title='bbox 1719 3948 1853 4012; x_wconf 88' lang='lat' dir='ltr'><strong>facti</strong></span> <span class='ocrx_word' id='word_1_600' title='bbox 1915 3947 2185 4035; x_wconf 87' lang='lat' dir='ltr'><strong>morigeri</strong></span> 
     </span>
    </p>
   </div>
   <div class='ocr_carea' id='block_1_85' title="bbox 2267 3947 3918 4035">
    <p class='ocr_par' dir='ltr' id='par_1_85' title="bbox 2277 3949 3918 4035">
     <span class='ocr_line' id='line_1_85' title="bbox 2277 3949 3918 4035; baseline -0.014 -20"><span class='ocrx_word' id='word_1_601' title='bbox 2277 3960 2336 4017; x_wconf 79' lang='grc' dir='ltr'>τὸ</span> <span class='ocrx_word' id='word_1_602' title='bbox 2394 3955 2806 4035; x_wconf 88' lang='grc' dir='ltr'><strong>ἐκπορευόμενον</strong></span> <span class='ocrx_word' id='word_1_603' title='bbox 2863 3953 2922 4009; x_wconf 90' lang='grc' dir='ltr'><strong>ἐκ</strong></span> <span class='ocrx_word' id='word_1_604' title='bbox 2995 3954 3224 4031; x_wconf 82' lang='grc' dir='ltr'><strong>Πατρὸς,</strong></span> <span class='ocrx_word' id='word_1_605' title='bbox 3285 3953 3516 4032; x_wconf 64' lang='grc' dir='ltr'><strong>φεύγων,</strong></span> <span class='ocrx_word' id='word_1_606' title='bbox 3576 3953 3649 4012; x_wconf 71' lang='grc' dir='ltr'>ὼε</span> <span class='ocrx_word' id='word_1_607' title='bbox 3705 3949 3766 4006; x_wconf 73' lang='grc' dir='ltr'><strong>ἂν</strong></span> <span class='ocrx_word' id='word_1_608' title='bbox 3841 3951 3918 4006; x_wconf 69' lang='grc' dir='ltr'><strong>εἴ.</strong></span> 
     </span>
    </p>
   </div>
   <div class='ocr_carea' id='block_1_86' title="bbox 532 4035 2185 4120">
    <p class='ocr_par' dir='ltr' id='par_1_86' title="bbox 532 4035 2185 4119">
     <span class='ocr_line' id='line_1_86' title="bbox 532 4035 2185 4119; baseline 0.004 -18"><span class='ocrx_word' id='word_1_609' title='bbox 532 4038 984 4119; x_wconf 87' lang='lat' dir='ltr'><strong>concordesque</strong></span> <span class='ocrx_word' id='word_1_610' title='bbox 1003 4037 1217 4117; x_wconf 85' lang='lat' dir='ltr'><strong>dogma</strong></span> <span class='ocrx_word' id='word_1_611' title='bbox 1238 4035 1911 4118; x_wconf 87' lang='lat' dir='ltr'><strong>suscipere,sapientem</strong></span> <span class='ocrx_word' id='word_1_612' title='bbox 1937 4042 2098 4106; x_wconf 88' lang='lat' dir='ltr'><strong>hunc</strong></span> <span class='ocrx_word' id='word_1_613' title='bbox 2127 4063 2185 4106; x_wconf 88' lang='lat' dir='ltr'><strong>ac</strong></span> 
     </span>
    </p>
   </div>
   <div class='ocr_carea' id='block_1_87' title="bbox 2267 4035 3918 4120">
    <p class='ocr_par' dir='ltr' id='par_1_87' title="bbox 2276 4039 3918 4120">
     <span class='ocr_line' id='line_1_87' title="bbox 2276 4039 3918 4120; baseline -0.007 -13"><span class='ocrx_word' id='word_1_614' title='bbox 2276 4072 2366 4107; x_wconf 90' lang='grc' dir='ltr'><strong>ποι</strong></span> <span class='ocrx_word' id='word_1_615' title='bbox 2420 4067 2518 4120; x_wconf 83' lang='grc' dir='ltr'><strong>τις,</strong></span> <span class='ocrx_word' id='word_1_616' title='bbox 2583 4045 2684 4112; x_wconf 79' lang='grc' dir='ltr'><strong>τὴν</strong></span> <span class='ocrx_word' id='word_1_617' title='bbox 2725 4043 2960 4099; x_wconf 69' lang='grc' dir='ltr'><strong>ἐναντίαν</strong></span> <span class='ocrx_word' id='word_1_618' title='bbox 3003 4040 3292 4117; x_wconf 77' lang='grc' dir='ltr'><strong>ὑπόληψιν.</strong></span> <span class='ocrx_word' id='word_1_619' title='bbox 3357 4039 3521 4098; x_wconf 81' lang='grc' dir='ltr'><strong>Ἀλλᾶ</strong></span> <span class='ocrx_word' id='word_1_620' title='bbox 3562 4047 3645 4096; x_wconf 73' lang='grc' dir='ltr'><strong>νῦν</strong></span> <span class='ocrx_word' id='word_1_621' title='bbox 3705 4040 3765 4096; x_wconf 86' lang='grc' dir='ltr'><strong>ἐκ</strong></span> <span class='ocrx_word' id='word_1_622' title='bbox 3820 4046 3918 4105; x_wconf 75' lang='grc' dir='ltr'><strong>τῆς</strong></span> 
     </span>
    </p>
   </div>
   <div class='ocr_carea' id='block_1_88' title="bbox 534 4125 2185 4209">
    <p class='ocr_par' dir='ltr' id='par_1_88' title="bbox 534 4125 2185 4209">
     <span class='ocr_line' id='line_1_88' title="bbox 534 4125 2185 4209; baseline 0.004 -20"><span class='ocrx_word' id='word_1_623' title='bbox 534 4127 934 4209; x_wconf 88' lang='lat' dir='ltr'><strong>perillustrem</strong></span> <span class='ocrx_word' id='word_1_624' title='bbox 984 4126 1177 4189; x_wconf 87' lang='lat' dir='ltr'><strong>virum</strong></span> <span class='ocrx_word' id='word_1_625' title='bbox 1210 4125 1542 4200; x_wconf 89' lang='lat' dir='ltr'><strong>audientes,</strong></span> <span class='ocrx_word' id='word_1_626' title='bbox 1573 4145 1684 4189; x_wconf 91' lang='lat' dir='ltr'><strong>nec</strong></span> <span class='ocrx_word' id='word_1_627' title='bbox 1741 4128 1980 4192; x_wconf 89' lang='lat' dir='ltr'><strong>alterius</strong></span> <span class='ocrx_word' id='word_1_628' title='bbox 2031 4133 2185 4196; x_wconf 91' lang='lat' dir='ltr'><strong>indi-</strong></span> 
     </span>
    </p>
   </div>
   <div class='ocr_carea' id='block_1_89' title="bbox 2267 4125 3919 4209">
    <p class='ocr_par' dir='ltr' id='par_1_89' title="bbox 2277 4127 3919 4209">
     <span class='ocr_line' id='line_1_89' title="bbox 2277 4127 3919 4209; baseline -0.007 -16"><span class='ocrx_word' id='word_1_629' title='bbox 2277 4136 2542 4204; x_wconf 81' lang='grc' dir='ltr'><strong>συνθήκης</strong></span> <span class='ocrx_word' id='word_1_630' title='bbox 2601 4133 2756 4188; x_wconf 70' lang='grc' dir='ltr'><strong>αὐτοῦ</strong></span> <span class='ocrx_word' id='word_1_631' title='bbox 2811 4131 3010 4196; x_wconf 84' lang='grc' dir='ltr'><strong>ταύτης</strong></span> <span class='ocrx_word' id='word_1_632' title='bbox 3094 4131 3407 4209; x_wconf 89' lang='grc' dir='ltr'><strong>παρίστησιν</strong></span> <span class='ocrx_word' id='word_1_633' title='bbox 3477 4128 3714 4209; x_wconf 70' lang='grc' dir='ltr'><strong>ἀτεχνῶς</strong></span> <span class='ocrx_word' id='word_1_634' title='bbox 3786 4127 3919 4184; x_wconf 72' lang='grc' dir='ltr'><strong>ἄλλο</strong></span> 
     </span>
    </p>
   </div>
   <div class='ocr_carea' id='block_1_90' title="bbox 534 4214 2185 4301">
    <p class='ocr_par' dir='ltr' id='par_1_90' title="bbox 534 4214 2185 4297">
     <span class='ocr_line' id='line_1_90' title="bbox 534 4214 2185 4297; baseline 0.004 -18"><span class='ocrx_word' id='word_1_635' title='bbox 534 4225 749 4297; x_wconf 84' lang='lat' dir='ltr'><strong>gentes</strong></span> <span class='ocrx_word' id='word_1_636' title='bbox 767 4215 839 4278; x_wconf 92' lang='lat' dir='ltr'><strong>ad</strong></span> <span class='ocrx_word' id='word_1_637' title='bbox 865 4233 1170 4278; x_wconf 90' lang='lat' dir='ltr'><strong>assensum</strong></span> <span class='ocrx_word' id='word_1_638' title='bbox 1196 4214 1605 4296; x_wconf 67' lang='lat' dir='ltr'><strong>praebendum.</strong></span> <span class='ocrx_word' id='word_1_639' title='bbox 1644 4216 1715 4279; x_wconf 88' lang='lat' dir='ltr'><strong>At</strong></span> <span class='ocrx_word' id='word_1_640' title='bbox 1737 4217 1796 4278; x_wconf 89' lang='lat' dir='ltr'><strong>bi</strong></span> <span class='ocrx_word' id='word_1_641' title='bbox 1827 4217 1888 4279; x_wconf 90' lang='lat' dir='ltr'><strong>in</strong></span> <span class='ocrx_word' id='word_1_642' title='bbox 1911 4222 2185 4285; x_wconf 85' lang='lat' dir='ltr'><strong>omnibus</strong></span> 
     </span>
    </p>
   </div>
   <div class='ocr_carea' id='block_1_91' title="bbox 2267 4214 3918 4301">
    <p class='ocr_par' dir='ltr' id='par_1_91' title="bbox 2277 4216 3918 4301">
     <span class='ocr_line' id='line_1_91' title="bbox 2277 4216 3918 4301; baseline -0.005 -21"><span class='ocrx_word' id='word_1_643' title='bbox 2277 4223 2442 4301; x_wconf 80' lang='grc' dir='ltr'><strong>μηδὲν</strong></span> <span class='ocrx_word' id='word_1_644' title='bbox 2500 4222 2732 4292; x_wconf 85' lang='grc' dir='ltr'><strong>πάντως,</strong></span> <span class='ocrx_word' id='word_1_645' title='bbox 2766 4220 2828 4276; x_wconf 82' lang='grc' dir='ltr'><strong>τὸ</strong></span> <span class='ocrx_word' id='word_1_646' title='bbox 2870 4216 2915 4274; x_wconf 84' lang='grc' dir='ltr'>δ’</span> <span class='ocrx_word' id='word_1_647' title='bbox 2972 4218 3033 4275; x_wconf 89' lang='grc' dir='ltr'><strong>ἐκ</strong></span> <span class='ocrx_word' id='word_1_648' title='bbox 3083 4225 3176 4276; x_wconf 92' lang='grc' dir='ltr'><strong>τοῦ</strong></span> <span class='ocrx_word' id='word_1_649' title='bbox 3234 4222 3352 4276; x_wconf 81' lang='grc' dir='ltr'><strong>Υἱοῦ</strong></span> <span class='ocrx_word' id='word_1_650' title='bbox 3407 4217 3579 4296; x_wconf 88' lang='grc' dir='ltr'><strong>λέγειν</strong></span> <span class='ocrx_word' id='word_1_651' title='bbox 3636 4217 3918 4296; x_wconf 72' lang='grc' dir='ltr'><strong>ἐκπορευό-</strong></span> 
     </span>
    </p>
   </div>
   <div class='ocr_carea' id='block_1_92' title="bbox 531 4288 2185 4391">
    <p class='ocr_par' dir='ltr' id='par_1_92' title="bbox 531 4288 2185 4372">
     <span class='ocr_line' id='line_1_92' title="bbox 531 4288 2185 4372; baseline 0.002 -4"><span class='ocrx_word' id='word_1_652' title='bbox 531 4288 818 4368; x_wconf 69' lang='lat' dir='ltr'><strong>contrarii</strong></span> <span class='ocrx_word' id='word_1_653' title='bbox 846 4305 1008 4367; x_wconf 89' lang='lat' dir='ltr'><strong>illius</strong></span> <span class='ocrx_word' id='word_1_654' title='bbox 1035 4288 1393 4368; x_wconf 75' lang='lat' dir='ltr'><strong>sententiam</strong></span> <span class='ocrx_word' id='word_1_655' title='bbox 1418 4303 1833 4368; x_wconf 88' lang='lat' dir='ltr'><strong>criminantur.</strong></span> <span class='ocrx_word' id='word_1_656' title='bbox 1868 4305 2185 4372; x_wconf 89' lang='lat' dir='ltr'><strong>Nihilomi-</strong></span> 
     </span>
    </p>
   </div>
   <div class='ocr_carea' id='block_1_93' title="bbox 2267 4288 3917 4391">
    <p class='ocr_par' dir='ltr' id='par_1_93' title="bbox 2275 4307 3917 4391">
     <span class='ocr_line' id='line_1_93' title="bbox 2275 4307 3917 4391; baseline -0.005 -22"><span class='ocrx_word' id='word_1_657' title='bbox 2275 4335 2452 4391; x_wconf 89' lang='grc' dir='ltr'><strong>μενον.</strong></span> <span class='ocrx_word' id='word_1_658' title='bbox 2517 4317 2689 4370; x_wconf 87' lang='grc' dir='ltr'><strong>Ταῦτα</strong></span> <span class='ocrx_word' id='word_1_659' title='bbox 2765 4307 3135 4378; x_wconf 81' lang='grc' dir='ltr'><strong>διανοήσασθαι</strong></span> <span class='ocrx_word' id='word_1_660' title='bbox 3190 4312 3457 4386; x_wconf 80' lang='grc' dir='ltr'><strong>προσῆκεν</strong></span> <span class='ocrx_word' id='word_1_661' title='bbox 3509 4308 3715 4381; x_wconf 72' lang='grc' dir='ltr'><strong>αὐτοὺς,</strong></span> <span class='ocrx_word' id='word_1_662' title='bbox 3789 4307 3917 4364; x_wconf 70' lang='grc' dir='ltr'><strong>τού-</strong></span> 
     </span>
    </p>
   </div>
   <div class='ocr_carea' id='block_1_94' title="bbox 535 4393 2184 4475">
    <p class='ocr_par' dir='ltr' id='par_1_94' title="bbox 535 4393 2184 4475">
     <span class='ocr_line' id='line_1_94' title="bbox 535 4393 2184 4475; baseline 0.003 -20"><span class='ocrx_word' id='word_1_663' title='bbox 535 4412 671 4470; x_wconf 91' lang='lat' dir='ltr'><strong>nus,</strong></span> <span class='ocrx_word' id='word_1_664' title='bbox 704 4402 773 4456; x_wconf 93' lang='lat' dir='ltr'><strong>ut</strong></span> <span class='ocrx_word' id='word_1_665' title='bbox 804 4412 876 4456; x_wconf 81' lang='lat' dir='ltr'><strong>ex</strong></span> <span class='ocrx_word' id='word_1_666' title='bbox 905 4393 1107 4456; x_wconf 91' lang='lat' dir='ltr'><strong>nescio</strong></span> <span class='ocrx_word' id='word_1_667' title='bbox 1136 4412 1252 4475; x_wconf 93' lang='lat' dir='ltr'><strong>quo</strong></span> <span class='ocrx_word' id='word_1_668' title='bbox 1276 4393 1487 4456; x_wconf 91' lang='lat' dir='ltr'><strong>similis</strong></span> <span class='ocrx_word' id='word_1_669' title='bbox 1507 4394 1683 4456; x_wconf 89' lang='lat' dir='ltr'><strong>sortis</strong></span> <span class='ocrx_word' id='word_1_670' title='bbox 1705 4395 1944 4458; x_wconf 88' lang='lat' dir='ltr'><strong>homine</strong></span> <span class='ocrx_word' id='word_1_671' title='bbox 1968 4398 2184 4474; x_wconf 90' lang='lat' dir='ltr'><strong>audivi,</strong></span> 
     </span>
    </p>
   </div>
   <div class='ocr_carea' id='block_1_95' title="bbox 533 4483 2188 4566">
    <p class='ocr_par' dir='ltr' id='par_1_95' title="bbox 533 4483 2188 4566">
     <span class='ocr_line' id='line_1_95' title="bbox 533 4483 2188 4566; baseline 0.004 -22"><span class='ocrx_word' id='word_1_672' title='bbox 533 4501 570 4544; x_wconf 90' lang='lat' dir='ltr'><strong>a</strong></span> <span class='ocrx_word' id='word_1_673' title='bbox 598 4483 963 4546; x_wconf 87' lang='lat' dir='ltr'><strong>conscientia</strong></span> <span class='ocrx_word' id='word_1_674' title='bbox 991 4483 1230 4564; x_wconf 91' lang='lat' dir='ltr'><strong>propria</strong></span> <span class='ocrx_word' id='word_1_675' title='bbox 1259 4483 1617 4560; x_wconf 87' lang='lat' dir='ltr'><strong>lacerantur,</strong></span> <span class='ocrx_word' id='word_1_676' title='bbox 1668 4483 1769 4566; x_wconf 90' lang='lat' dir='ltr'><strong>qui</strong></span> <span class='ocrx_word' id='word_1_677' title='bbox 1802 4487 1997 4565; x_wconf 87' lang='lat' dir='ltr'><strong>magni</strong></span> <span class='ocrx_word' id='word_1_678' title='bbox 2028 4487 2188 4550; x_wconf 91' lang='lat' dir='ltr'><strong>illius</strong></span> 
     </span>
    </p>
   </div>
   <div class='ocr_carea' id='block_1_96' title="bbox 532 4571 2188 4657">
    <p class='ocr_par' dir='ltr' id='par_1_96' title="bbox 532 4571 2188 4657">
     <span class='ocr_line' id='line_1_96' title="bbox 532 4571 2188 4657; baseline 0.004 -25"><span class='ocrx_word' id='word_1_679' title='bbox 532 4571 646 4633; x_wconf 86' lang='lat' dir='ltr'><strong>viri</strong></span> <span class='ocrx_word' id='word_1_680' title='bbox 676 4590 918 4654; x_wconf 90' lang='lat' dir='ltr'><strong>prorsus</strong></span> <span class='ocrx_word' id='word_1_681' title='bbox 963 4581 1228 4634; x_wconf 87' lang='lat' dir='ltr'><strong>mentem</strong></span> <span class='ocrx_word' id='word_1_682' title='bbox 1260 4591 1378 4634; x_wconf 92' lang='lat' dir='ltr'><strong>non</strong></span> <span class='ocrx_word' id='word_1_683' title='bbox 1428 4573 1722 4651; x_wconf 88' lang='lat' dir='ltr'><strong>ignorant,</strong></span> <span class='ocrx_word' id='word_1_684' title='bbox 1755 4575 1860 4636; x_wconf 91' lang='lat' dir='ltr'><strong>sed</strong></span> <span class='ocrx_word' id='word_1_685' title='bbox 1891 4575 2188 4657; x_wconf 87' lang='lat' dir='ltr'><strong>improbi-</strong></span> 
     </span>
    </p>
   </div>
   <div class='ocr_carea' id='block_1_97' title="bbox 533 4659 2190 4742">
    <p class='ocr_par' dir='ltr' id='par_1_97' title="bbox 533 4659 2190 4742">
     <span class='ocr_line' id='line_1_97' title="bbox 533 4659 2190 4742; baseline 0.003 -20"><span class='ocrx_word' id='word_1_686' title='bbox 533 4667 650 4722; x_wconf 91' lang='lat' dir='ltr'><strong>tate</strong></span> <span class='ocrx_word' id='word_1_687' title='bbox 679 4659 937 4742; x_wconf 89' lang='lat' dir='ltr'><strong>abrepti,</strong></span> <span class='ocrx_word' id='word_1_688' title='bbox 971 4660 1141 4723; x_wconf 90' lang='lat' dir='ltr'><strong>nobis</strong></span> <span class='ocrx_word' id='word_1_689' title='bbox 1197 4662 1604 4724; x_wconf 87' lang='lat' dir='ltr'><strong>contradicere</strong></span> <span class='ocrx_word' id='word_1_690' title='bbox 1633 4670 1961 4727; x_wconf 90' lang='lat' dir='ltr'><strong>conantur:</strong></span> <span class='ocrx_word' id='word_1_691' title='bbox 2003 4673 2062 4726; x_wconf 94' lang='lat' dir='ltr'><strong>et</strong></span> <span class='ocrx_word' id='word_1_692' title='bbox 2113 4684 2190 4728; x_wconf 92' lang='lat' dir='ltr'><strong>ne</strong></span> 
     </span>
    </p>
   </div>
   <div class='ocr_carea' id='block_1_98' title="bbox 533 4751 2186 4831">
    <p class='ocr_par' dir='ltr' id='par_1_98' title="bbox 533 4751 2186 4831">
     <span class='ocr_line' id='line_1_98' title="bbox 533 4751 2186 4831; baseline 0.004 -21"><span class='ocrx_word' id='word_1_693' title='bbox 533 4767 686 4812; x_wconf 90' lang='lat' dir='ltr'><strong>vana</strong></span> <span class='ocrx_word' id='word_1_694' title='bbox 743 4767 814 4812; x_wconf 85' lang='lat' dir='ltr'><strong>ex</strong></span> <span class='ocrx_word' id='word_1_695' title='bbox 864 4769 959 4812; x_wconf 90' lang='lat' dir='ltr'><strong>me</strong></span> <span class='ocrx_word' id='word_1_696' title='bbox 989 4751 1330 4830; x_wconf 80' lang='lat' dir='ltr'><strong>confingere</strong></span> <span class='ocrx_word' id='word_1_697' title='bbox 1384 4751 1606 4823; x_wconf 87' lang='lat' dir='ltr'><strong>videar,</strong></span> <span class='ocrx_word' id='word_1_698' title='bbox 1641 4751 1798 4831; x_wconf 90' lang='lat' dir='ltr'><strong>quod</strong></span> <span class='ocrx_word' id='word_1_699' title='bbox 1840 4751 1912 4814; x_wconf 91' lang='lat' dir='ltr'><strong>ab</strong></span> <span class='ocrx_word' id='word_1_700' title='bbox 1943 4772 2060 4815; x_wconf 91' lang='lat' dir='ltr'><strong>uno</strong></span> <span class='ocrx_word' id='word_1_701' title='bbox 2118 4773 2186 4816; x_wconf 82' lang='lat' dir='ltr'><strong>ex</strong></span> 
     </span>
    </p>
   </div>
   <div class='ocr_carea' id='block_1_99' title="bbox 528 4835 2186 4920">
    <p class='ocr_par' dir='ltr' id='par_1_99' title="bbox 528 4835 2186 4920">
     <span class='ocr_line' id='line_1_99' title="bbox 528 4835 2186 4920; baseline 0.004 -24"><span class='ocrx_word' id='word_1_702' title='bbox 528 4835 744 4899; x_wconf 88' lang='lat' dir='ltr'><strong>iisdem</strong></span> <span class='ocrx_word' id='word_1_703' title='bbox 776 4837 974 4900; x_wconf 85' lang='lat' dir='ltr'><strong>audivi</strong></span> <span class='ocrx_word' id='word_1_704' title='bbox 1032 4838 1282 4901; x_wconf 89' lang='lat' dir='ltr'><strong>minime</strong></span> <span class='ocrx_word' id='word_1_705' title='bbox 1343 4838 1673 4901; x_wconf 90' lang='lat' dir='ltr'><strong>occultabo.</strong></span> <span class='ocrx_word' id='word_1_706' title='bbox 1734 4838 1800 4900; x_wconf 92' lang='lat' dir='ltr'><strong>In</strong></span> <span class='ocrx_word' id='word_1_707' title='bbox 1831 4839 1959 4920; x_wconf 86' lang='lat' dir='ltr'><strong>ipso</strong></span> <span class='ocrx_word' id='word_1_708' title='bbox 2016 4840 2186 4902; x_wconf 92' lang='lat' dir='ltr'><strong>initio</strong></span> 
     </span>
    </p>
   </div>
   <div class='ocr_carea' id='block_1_100' title="bbox 531 4925 2187 5007">
    <p class='ocr_par' dir='ltr' id='par_1_100' title="bbox 531 4925 2187 5007">
     <span class='ocr_line' id='line_1_100' title="bbox 531 4925 2187 5007; baseline 0.001 -19"><span class='ocrx_word' id='word_1_709' title='bbox 531 4925 821 4988; x_wconf 81' lang='lat' dir='ltr'><strong>examinis</strong></span> <span class='ocrx_word' id='word_1_710' title='bbox 867 4925 1054 4987; x_wconf 89' lang='lat' dir='ltr'><strong>divini</strong></span> <span class='ocrx_word' id='word_1_711' title='bbox 1097 4945 1164 4988; x_wconf 93' lang='lat' dir='ltr'><strong>ac</strong></span> <span class='ocrx_word' id='word_1_712' title='bbox 1213 4926 1556 5007; x_wconf 82' lang='lat' dir='ltr'><strong>venerandi</strong></span> <span class='ocrx_word' id='word_1_713' title='bbox 1592 4927 1842 5007; x_wconf 86' lang='lat' dir='ltr'><strong>hujusce</strong></span> <span class='ocrx_word' id='word_1_714' title='bbox 1896 4926 2187 5004; x_wconf 84' lang='lat' dir='ltr'><strong>dogmatis</strong></span> 
     </span>
    </p>
   </div>
   <div class='ocr_carea' id='block_1_101' title="bbox 530 5005 2185 5088">
    <p class='ocr_par' dir='ltr' id='par_1_101' title="bbox 530 5005 2185 5088">
     <span class='ocr_line' id='line_1_101' title="bbox 530 5005 2185 5088; baseline 0.001 -21"><span class='ocrx_word' id='word_1_715' title='bbox 530 5009 938 5080; x_wconf 74' lang='lat' dir='ltr'><strong>Versabamur,</strong></span> <span class='ocrx_word' id='word_1_716' title='bbox 975 5007 1204 5068; x_wconf 91' lang='lat' dir='ltr'><strong>interea</strong></span> <span class='ocrx_word' id='word_1_717' title='bbox 1233 5006 1471 5070; x_wconf 89' lang='lat' dir='ltr'><strong>advenit</strong></span> <span class='ocrx_word' id='word_1_718' title='bbox 1501 5005 1806 5088; x_wconf 50' lang='lat' dir='ltr'><strong>diesfquo</strong></span> <span class='ocrx_word' id='word_1_719' title='bbox 1862 5007 2052 5069; x_wconf 89' lang='lat' dir='ltr'><strong>oratio</strong></span> <span class='ocrx_word' id='word_1_720' title='bbox 2087 5008 2185 5069; x_wconf 92' lang='lat' dir='ltr'><strong>di-</strong></span> 
     </span>
    </p>
   </div>
   <div class='ocr_carea' id='block_1_102' title="bbox 532 5095 2186 5177">
    <p class='ocr_par' dir='ltr' id='par_1_102' title="bbox 532 5095 2186 5177">
     <span class='ocr_line' id='line_1_102' title="bbox 532 5095 2186 5177; baseline 0.001 -21"><span class='ocrx_word' id='word_1_721' title='bbox 532 5103 694 5156; x_wconf 90' lang='lat' dir='ltr'><strong>ctum</strong></span> <span class='ocrx_word' id='word_1_722' title='bbox 722 5095 1036 5158; x_wconf 91' lang='lat' dir='ltr'><strong>continens</strong></span> <span class='ocrx_word' id='word_1_723' title='bbox 1053 5095 1169 5174; x_wconf 89' lang='lat' dir='ltr'><strong>legi</strong></span> <span class='ocrx_word' id='word_1_724' title='bbox 1189 5097 1398 5160; x_wconf 90' lang='lat' dir='ltr'><strong>suevit.</strong></span> <span class='ocrx_word' id='word_1_725' title='bbox 1425 5097 1498 5160; x_wconf 87' lang='lat' dir='ltr'><strong>Et</strong></span> <span class='ocrx_word' id='word_1_726' title='bbox 1521 5115 1657 5158; x_wconf 91' lang='lat' dir='ltr'><strong>cum</strong></span> <span class='ocrx_word' id='word_1_727' title='bbox 1681 5096 1738 5158; x_wconf 91' lang='lat' dir='ltr'><strong>id</strong></span> <span class='ocrx_word' id='word_1_728' title='bbox 1764 5115 1955 5177; x_wconf 91' lang='lat' dir='ltr'><strong>neque</strong></span> <span class='ocrx_word' id='word_1_729' title='bbox 1979 5115 2186 5158; x_wconf 93' lang='lat' dir='ltr'><strong>omnes</strong></span> 
     </span>
    </p>
   </div>
   <div class='ocr_carea' id='block_1_103' title="bbox 531 5182 2186 5266">
    <p class='ocr_par' dir='ltr' id='par_1_103' title="bbox 531 5182 2186 5266">
     <span class='ocr_line' id='line_1_103' title="bbox 531 5182 2186 5266; baseline 0.002 -22"><span class='ocrx_word' id='word_1_730' title='bbox 531 5182 741 5260; x_wconf 91' lang='lat' dir='ltr'><strong>latere,</strong></span> <span class='ocrx_word' id='word_1_731' title='bbox 791 5203 906 5247; x_wconf 91' lang='lat' dir='ltr'><strong>nec</strong></span> <span class='ocrx_word' id='word_1_732' title='bbox 937 5185 1198 5262; x_wconf 74' lang='lat' dir='ltr'><strong>effugere</strong></span> <span class='ocrx_word' id='word_1_733' title='bbox 1252 5193 1457 5266; x_wconf 89' lang='lat' dir='ltr'><strong>posset</strong></span> <span class='ocrx_word' id='word_1_734' title='bbox 1484 5185 1645 5248; x_wconf 89' lang='lat' dir='ltr'><strong>illius</strong></span> <span class='ocrx_word' id='word_1_735' title='bbox 1675 5185 1875 5259; x_wconf 91' lang='lat' dir='ltr'><strong>lectio,</strong></span> <span class='ocrx_word' id='word_1_736' title='bbox 1938 5185 2055 5247; x_wconf 92' lang='lat' dir='ltr'><strong>illis</strong></span> <span class='ocrx_word' id='word_1_737' title='bbox 2085 5185 2186 5266; x_wconf 91' lang='lat' dir='ltr'><strong>qui</strong></span> 
     </span>
    </p>
   </div>
   <div class='ocr_carea' id='block_1_104' title="bbox 532 5273 2191 5336">
    <p class='ocr_par' dir='ltr' id='par_1_104' title="bbox 532 5273 2191 5336">
     <span class='ocr_line' id='line_1_104' title="bbox 532 5273 2191 5336; baseline 0.002 -5"><span class='ocrx_word' id='word_1_738' title='bbox 532 5279 797 5335; x_wconf 89' lang='lat' dir='ltr'><strong>mentem</strong></span> <span class='ocrx_word' id='word_1_739' title='bbox 856 5273 1105 5336; x_wconf 89' lang='lat' dir='ltr'><strong>solidius</strong></span> <span class='ocrx_word' id='word_1_740' title='bbox 1162 5273 1412 5335; x_wconf 78' lang='lat' dir='ltr'><strong>fixerant</strong></span> <span class='ocrx_word' id='word_1_741' title='bbox 1467 5273 1706 5335; x_wconf 91' lang='lat' dir='ltr'><strong>obvium</strong></span> <span class='ocrx_word' id='word_1_742' title='bbox 1739 5273 1917 5336; x_wconf 87' lang='lat' dir='ltr'><strong>veluti</strong></span> <span class='ocrx_word' id='word_1_743' title='bbox 1977 5291 2191 5335; x_wconf 91' lang='lat' dir='ltr'><strong>munus</strong></span> 
     </span>
    </p>
   </div>
   <div class='ocr_carea' id='block_1_105' title="bbox 529 5357 2191 5442">
    <p class='ocr_par' dir='ltr' id='par_1_105' title="bbox 529 5357 2191 5442">
     <span class='ocr_line' id='line_1_105' title="bbox 529 5357 2191 5442; baseline 0.008 -24"><span class='ocrx_word' id='word_1_744' title='bbox 529 5357 875 5439; x_wconf 89' lang='lat' dir='ltr'><strong>imperatori</strong></span> <span class='ocrx_word' id='word_1_745' title='bbox 933 5361 1041 5424; x_wconf 94' lang='lat' dir='ltr'><strong>Dei</strong></span> <span class='ocrx_word' id='word_1_746' title='bbox 1097 5361 1281 5441; x_wconf 90' lang='lat' dir='ltr'><strong>gratia</strong></span> <span class='ocrx_word' id='word_1_747' title='bbox 1340 5381 1551 5442; x_wconf 88' lang='lat' dir='ltr'><strong>magno</strong></span> <span class='ocrx_word' id='word_1_748' title='bbox 1600 5363 1862 5426; x_wconf 90' lang='lat' dir='ltr'><strong>oblatum</strong></span> <span class='ocrx_word' id='word_1_749' title='bbox 1919 5373 2028 5428; x_wconf 92' lang='lat' dir='ltr'><strong>est.</strong></span> <span class='ocrx_word' id='word_1_750' title='bbox 2086 5368 2191 5432; x_wconf 91' lang='lat' dir='ltr'><strong>Illo</strong></span> 
     </span>
    </p>
   </div>
   <div class='ocr_carea' id='block_1_106' title="bbox 527 5447 2191 5536">
    <p class='ocr_par' dir='ltr' id='par_1_106' title="bbox 527 5447 2191 5536">
     <span class='ocr_line' id='line_1_106' title="bbox 527 5447 2191 5536; baseline 0.007 -27"><span class='ocrx_word' id='word_1_751' title='bbox 527 5447 740 5536; x_wconf 81' lang='lat' dir='ltr'><strong>eodem</strong></span> <span class='ocrx_word' id='word_1_752' title='bbox 828 5449 926 5512; x_wconf 92' lang='lat' dir='ltr'><strong>die</strong></span> <span class='ocrx_word' id='word_1_753' title='bbox 986 5469 1120 5512; x_wconf 90' lang='lat' dir='ltr'><strong>cum</strong></span> <span class='ocrx_word' id='word_1_754' title='bbox 1196 5452 1487 5516; x_wconf 88' lang='lat' dir='ltr'><strong>monacho</strong></span> <span class='ocrx_word' id='word_1_755' title='bbox 1545 5454 1800 5536; x_wconf 90' lang='lat' dir='ltr'><strong>quodam</strong></span> <span class='ocrx_word' id='word_1_756' title='bbox 1860 5472 1929 5516; x_wconf 81' lang='lat' dir='ltr'><strong>ex</strong></span> <span class='ocrx_word' id='word_1_757' title='bbox 1983 5473 2191 5520; x_wconf 92' lang='lat' dir='ltr'><strong>eorum</strong></span> 
     </span>
    </p>
   </div>
   <div class='ocr_carea' id='block_1_107' title="bbox 2270 4395 3918 4476">
    <p class='ocr_par' dir='ltr' id='par_1_107' title="bbox 2270 4395 3918 4476">
     <span class='ocr_line' id='line_1_107' title="bbox 2270 4395 3918 4476; baseline -0.007 -17"><span class='ocrx_word' id='word_1_758' title='bbox 2270 4423 2385 4467; x_wconf 90' lang='grc' dir='ltr'><strong>τοις</strong></span> <span class='ocrx_word' id='word_1_759' title='bbox 2431 4398 2767 4476; x_wconf 78' lang='grc' dir='ltr'><strong>ἀπαιωρῆσαι</strong></span> <span class='ocrx_word' id='word_1_760' title='bbox 2848 4398 2910 4454; x_wconf 76' lang='grc' dir='ltr'><strong>τὸ</strong></span> <span class='ocrx_word' id='word_1_761' title='bbox 2989 4395 3349 4474; x_wconf 66' lang='grc' dir='ltr'><strong>λογιζόμειιον,</strong></span> <span class='ocrx_word' id='word_1_762' title='bbox 3441 4395 3713 4451; x_wconf 77' lang='grc' dir='ltr'><strong>κάντεῦθεν</strong></span> <span class='ocrx_word' id='word_1_763' title='bbox 3782 4398 3918 4470; x_wconf 66' lang='grc' dir='ltr'><strong>ἡμῖν</strong></span> 
     </span>
    </p>
   </div>
   <div class='ocr_carea' id='block_1_108' title="bbox 2269 4485 3915 4571">
    <p class='ocr_par' dir='ltr' id='par_1_108' title="bbox 2269 4485 3915 4571">
     <span class='ocr_line' id='line_1_108' title="bbox 2269 4485 3915 4571; baseline -0.005 -24"><span class='ocrx_word' id='word_1_764' title='bbox 2269 4490 2508 4571; x_wconf 87' lang='grc' dir='ltr'><strong>γενέσθαι</strong></span> <span class='ocrx_word' id='word_1_765' title='bbox 2596 4489 2958 4559; x_wconf 73' lang='grc' dir='ltr'><strong>καταπειθεῖς,</strong></span> <span class='ocrx_word' id='word_1_766' title='bbox 3039 4487 3128 4542; x_wconf 81' lang='grc' dir='ltr'><strong>καὶ</strong></span> <span class='ocrx_word' id='word_1_767' title='bbox 3199 4487 3512 4564; x_wconf 76' lang='grc' dir='ltr'><strong>συμψήφους</strong></span> <span class='ocrx_word' id='word_1_768' title='bbox 3582 4485 3915 4564; x_wconf 70' lang='grc' dir='ltr'><strong>χρηματίσαι</strong></span> 
     </span>
    </p>
   </div>
   <div class='ocr_carea' id='block_1_109' title="bbox 2267 4574 3913 4656">
    <p class='ocr_par' dir='ltr' id='par_1_109' title="bbox 2267 4574 3913 4656">
     <span class='ocr_line' id='line_1_109' title="bbox 2267 4574 3913 4656; baseline -0.006 -20"><span class='ocrx_word' id='word_1_769' title='bbox 2267 4585 2344 4653; x_wconf 84' lang='grc' dir='ltr'><strong>τῷ</strong></span> <span class='ocrx_word' id='word_1_770' title='bbox 2399 4577 2644 4656; x_wconf 81' lang='grc' dir='ltr'><strong>δόγματι,</strong></span> <span class='ocrx_word' id='word_1_771' title='bbox 2691 4584 2784 4633; x_wconf 88' lang='grc' dir='ltr'><strong>τοῦ</strong></span> <span class='ocrx_word' id='word_1_772' title='bbox 2841 4581 3003 4654; x_wconf 73' lang='grc' dir='ltr'><strong>σοφοῦ</strong></span> <span class='ocrx_word' id='word_1_773' title='bbox 3045 4574 3227 4630; x_wconf 80' lang='grc' dir='ltr'><strong>τούτου</strong></span> <span class='ocrx_word' id='word_1_774' title='bbox 3285 4574 3373 4629; x_wconf 81' lang='grc' dir='ltr'><strong>καὶ</strong></span> <span class='ocrx_word' id='word_1_775' title='bbox 3415 4580 3728 4650; x_wconf 76' lang='grc' dir='ltr'><strong>περιφανοῦς</strong></span> <span class='ocrx_word' id='word_1_776' title='bbox 3773 4575 3913 4638; x_wconf 74' lang='grc' dir='ltr'><strong>ἀκη-</strong></span> 
     </span>
    </p>
   </div>
   <div class='ocr_carea' id='block_1_110' title="bbox 2269 4659 3914 4742">
    <p class='ocr_par' dir='ltr' id='par_1_110' title="bbox 2269 4659 3914 4742">
     <span class='ocr_line' id='line_1_110' title="bbox 2269 4659 3914 4742; baseline -0.005 -18"><span class='ocrx_word' id='word_1_777' title='bbox 2269 4667 2449 4730; x_wconf 86' lang='grc' dir='ltr'><strong>κοότες</strong></span> <span class='ocrx_word' id='word_1_778' title='bbox 2492 4662 2698 4742; x_wconf 76' lang='grc' dir='ltr'><strong>ἀνδρὸς,</strong></span> <span class='ocrx_word' id='word_1_779' title='bbox 2758 4663 2845 4718; x_wconf 85' lang='grc' dir='ltr'><strong>καὶ</strong></span> <span class='ocrx_word' id='word_1_780' title='bbox 2888 4663 2964 4730; x_wconf 76' lang='grc' dir='ltr'><strong>μὴ</strong></span> <span class='ocrx_word' id='word_1_781' title='bbox 3021 4659 3290 4729; x_wconf 87' lang='grc' dir='ltr'><strong>δεηθέντες</strong></span> <span class='ocrx_word' id='word_1_782' title='bbox 3383 4664 3525 4726; x_wconf 81' lang='grc' dir='ltr'><strong>τινὸς</strong></span> <span class='ocrx_word' id='word_1_783' title='bbox 3558 4661 3733 4740; x_wconf 78' lang='grc' dir='ltr'><strong>ἐτέρου</strong></span> <span class='ocrx_word' id='word_1_784' title='bbox 3787 4663 3914 4739; x_wconf 75' lang='grc' dir='ltr'><strong>πρὸς</strong></span> 
     </span>
    </p>
   </div>
   <div class='ocr_carea' id='block_1_111' title="bbox 2269 4749 3911 4833">
    <p class='ocr_par' dir='ltr' id='par_1_111' title="bbox 2269 4749 3911 4833">
     <span class='ocr_line' id='line_1_111' title="bbox 2269 4749 3911 4833; baseline -0.005 -22"><span class='ocrx_word' id='word_1_785' title='bbox 2269 4753 2665 4833; x_wconf 86' lang='grc' dir='ltr'><strong>συγκατάθεσιν.</strong></span> <span class='ocrx_word' id='word_1_786' title='bbox 2752 4750 2904 4808; x_wconf 82' lang='grc' dir='ltr'><strong>Οὗτοι</strong></span> <span class='ocrx_word' id='word_1_787' title='bbox 2986 4749 3040 4806; x_wconf 76' lang='grc' dir='ltr'><strong>δὲ</strong></span> <span class='ocrx_word' id='word_1_788' title='bbox 3137 4751 3434 4806; x_wconf 77' lang='grc' dir='ltr'><strong>τοῦνα-ιτίον</strong></span> <span class='ocrx_word' id='word_1_789' title='bbox 3507 4749 3736 4824; x_wconf 69' lang='grc' dir='ltr'><strong>μάλιστα</strong></span> <span class='ocrx_word' id='word_1_790' title='bbox 3808 4756 3911 4805; x_wconf 77' lang='grc' dir='ltr'><strong>πᾶν</strong></span> 
     </span>
    </p>
   </div>
   <div class='ocr_carea' id='block_1_112' title="bbox 2268 4837 3914 4917">
    <p class='ocr_par' dir='ltr' id='par_1_112' title="bbox 2268 4837 3914 4917">
     <span class='ocr_line' id='line_1_112' title="bbox 2268 4837 3914 4917; baseline -0.005 -18"><span class='ocrx_word' id='word_1_791' title='bbox 2268 4845 2366 4912; x_wconf 83' lang='grc' dir='ltr'><strong>τὴν</strong></span> <span class='ocrx_word' id='word_1_792' title='bbox 2421 4841 2619 4898; x_wconf 75' lang='grc' dir='ltr'><strong>ἔννοιαν</strong></span> <span class='ocrx_word' id='word_1_793' title='bbox 2665 4842 2823 4896; x_wconf 73' lang='grc' dir='ltr'><strong>αὒτοῦ</strong></span> <span class='ocrx_word' id='word_1_794' title='bbox 2877 4837 3260 4898; x_wconf 82' lang='grc' dir='ltr'><strong>διαϐάλλουσιν,</strong></span> <span class='ocrx_word' id='word_1_795' title='bbox 3323 4838 3509 4914; x_wconf 82' lang='grc' dir='ltr'><strong>’Ὅμως</strong></span> <span class='ocrx_word' id='word_1_796' title='bbox 3565 4838 3616 4903; x_wconf 75' lang='grc' dir='ltr'><strong>ἐξ</strong></span> <span class='ocrx_word' id='word_1_797' title='bbox 3646 4841 3719 4894; x_wconf 86' lang='grc' dir='ltr'><strong>ὦν</strong></span> <span class='ocrx_word' id='word_1_798' title='bbox 3751 4837 3914 4917; x_wconf 80' lang='grc' dir='ltr'><strong>ἔγνων</strong></span> 
     </span>
    </p>
   </div>
   <div class='ocr_carea' id='block_1_113' title="bbox 2268 4925 3912 5007">
    <p class='ocr_par' dir='ltr' id='par_1_113' title="bbox 2268 4925 3912 5007">
     <span class='ocr_line' id='line_1_113' title="bbox 2268 4925 3912 5007; baseline -0.005 -18"><span class='ocrx_word' id='word_1_799' title='bbox 2268 4929 2647 5004; x_wconf 82' lang='grc' dir='ltr'><strong>ἐνωτισάμενος</strong></span> <span class='ocrx_word' id='word_1_800' title='bbox 2689 4928 2886 4984; x_wconf 73' lang='grc' dir='ltr'><strong>τούτων</strong></span> <span class='ocrx_word' id='word_1_801' title='bbox 2929 4929 3096 5007; x_wconf 81' lang='grc' dir='ltr'><strong>τινὸς,</strong></span> <span class='ocrx_word' id='word_1_802' title='bbox 3141 4930 3188 4983; x_wconf 75' lang='grc' dir='ltr'><strong>οἱ</strong></span> <span class='ocrx_word' id='word_1_803' title='bbox 3231 4925 3468 4989; x_wconf 83' lang='grc' dir='ltr'><strong>πλείονες</strong></span> <span class='ocrx_word' id='word_1_804' title='bbox 3527 4927 3614 4982; x_wconf 87' lang='grc' dir='ltr'><strong>καὶ</strong></span> <span class='ocrx_word' id='word_1_805' title='bbox 3671 4927 3732 4982; x_wconf 77' lang='grc' dir='ltr'><strong>τὸ</strong></span> <span class='ocrx_word' id='word_1_806' title='bbox 3785 4947 3912 4982; x_wconf 78' lang='grc' dir='ltr'><strong>συν·-</strong></span> 
     </span>
    </p>
   </div>
   <div class='ocr_carea' id='block_1_114' title="bbox 2268 5011 3914 5095">
    <p class='ocr_par' dir='ltr' id='par_1_114' title="bbox 2268 5011 3914 5095">
     <span class='ocr_line' id='line_1_114' title="bbox 2268 5011 3914 5095; baseline -0.006 -19"><span class='ocrx_word' id='word_1_807' title='bbox 2268 5018 2403 5082; x_wconf 82' lang='grc' dir='ltr'><strong>ειδὸς</strong></span> <span class='ocrx_word' id='word_1_808' title='bbox 2459 5015 2692 5084; x_wconf 78' lang='grc' dir='ltr'><strong>πλῆττον</strong></span> <span class='ocrx_word' id='word_1_809' title='bbox 2749 5017 2931 5077; x_wconf 74' lang='grc' dir='ltr'><strong>αὖτοὺς</strong></span> <span class='ocrx_word' id='word_1_810' title='bbox 3006 5015 3244 5095; x_wconf 78' lang='grc' dir='ltr'><strong>ἔχουσιν,</strong></span> <span class='ocrx_word' id='word_1_811' title='bbox 3297 5015 3385 5079; x_wconf 82' lang='grc' dir='ltr'><strong>οἷς</strong></span> <span class='ocrx_word' id='word_1_812' title='bbox 3445 5014 3502 5071; x_wconf 75' lang='grc' dir='ltr'><strong>οὗ</strong></span> <span class='ocrx_word' id='word_1_813' title='bbox 3559 5011 3762 5092; x_wconf 65' lang='grc' dir='ltr'><strong>διέφυγε</strong></span> <span class='ocrx_word' id='word_1_814' title='bbox 3820 5014 3914 5087; x_wconf 73' lang='grc' dir='ltr'><strong>μὲν</strong></span> 
     </span>
    </p>
   </div>
   <div class='ocr_carea' id='block_1_115' title="bbox 2268 5101 3913 5183">
    <p class='ocr_par' dir='ltr' id='par_1_115' title="bbox 2268 5101 3913 5183">
     <span class='ocr_line' id='line_1_115' title="bbox 2268 5101 3913 5183; baseline -0.005 -18"><span class='ocrx_word' id='word_1_815' title='bbox 2268 5111 2296 5165; x_wconf 82' lang='grc' dir='ltr'>ὁ</span> <span class='ocrx_word' id='word_1_816' title='bbox 2338 5108 2430 5164; x_wconf 89' lang='grc' dir='ltr'><strong>τοῦ</strong></span> <span class='ocrx_word' id='word_1_817' title='bbox 2489 5104 2724 5183; x_wconf 84' lang='grc' dir='ltr'><strong>μεγάλου</strong></span> <span class='ocrx_word' id='word_1_818' title='bbox 2777 5105 2838 5160; x_wconf 79' lang='grc' dir='ltr'><strong>τὸ</strong></span> <span class='ocrx_word' id='word_1_819' title='bbox 2868 5102 3085 5160; x_wconf 86' lang='grc' dir='ltr'><strong>σύνολον</strong></span> <span class='ocrx_word' id='word_1_820' title='bbox 3114 5110 3253 5176; x_wconf 90' lang='grc' dir='ltr'><strong>νοῦς,</strong></span> <span class='ocrx_word' id='word_1_821' title='bbox 3313 5105 3413 5159; x_wconf 77' lang='grc' dir='ltr'><strong>ὑπὸ</strong></span> <span class='ocrx_word' id='word_1_822' title='bbox 3471 5101 3525 5158; x_wconf 78' lang='grc' dir='ltr'><strong>δὲ</strong></span> <span class='ocrx_word' id='word_1_823' title='bbox 3581 5107 3680 5168; x_wconf 76' lang='grc' dir='ltr'><strong>τῆς</strong></span> <span class='ocrx_word' id='word_1_824' title='bbox 3726 5102 3913 5163; x_wconf 80' lang='grc' dir='ltr'><strong>γακίας</strong></span> 
     </span>
    </p>
   </div>
   <div class='ocr_carea' id='block_1_116' title="bbox 2272 5189 3914 5272">
    <p class='ocr_par' dir='ltr' id='par_1_116' title="bbox 2272 5189 3914 5272">
     <span class='ocr_line' id='line_1_116' title="bbox 2272 5189 3914 5272; baseline -0.004 -21"><span class='ocrx_word' id='word_1_825' title='bbox 2272 5199 2406 5272; x_wconf 76' lang='grc' dir='ltr'><strong>ἡμῖν</strong></span> <span class='ocrx_word' id='word_1_826' title='bbox 2463 5192 2753 5271; x_wconf 85' lang='grc' dir='ltr'><strong>ἀντιλέγειν</strong></span> <span class='ocrx_word' id='word_1_827' title='bbox 2820 5192 3082 5269; x_wconf 82' lang='grc' dir='ltr'><strong>βιάζονται</strong></span> <span class='ocrx_word' id='word_1_828' title='bbox 3115 5207 3130 5222; x_wconf 89' lang='grc'><strong>·</strong></span> <span class='ocrx_word' id='word_1_829' title='bbox 3193 5192 3280 5248; x_wconf 88' lang='grc' dir='ltr'><strong>καὶ</strong></span> <span class='ocrx_word' id='word_1_830' title='bbox 3338 5191 3430 5247; x_wconf 75' lang='grc' dir='ltr'><strong>ἵνα</strong></span> <span class='ocrx_word' id='word_1_831' title='bbox 3500 5214 3577 5267; x_wconf 81' lang='grc' dir='ltr'><strong>μη</strong></span> <span class='ocrx_word' id='word_1_832' title='bbox 3637 5189 3914 5267; x_wconf 63' lang='grc' dir='ltr'><strong>λογισμοῖς</strong></span> 
     </span>
    </p>
   </div>
   <div class='ocr_carea' id='block_1_117' title="bbox 2271 5278 3912 5360">
    <p class='ocr_par' dir='ltr' id='par_1_117' title="bbox 2271 5278 3912 5360">
     <span class='ocr_line' id='line_1_117' title="bbox 2271 5278 3912 5360; baseline -0.002 -20"><span class='ocrx_word' id='word_1_833' title='bbox 2271 5283 2476 5358; x_wconf 79' lang='grc' dir='ltr'><strong>δόξαιμι</strong></span> <span class='ocrx_word' id='word_1_834' title='bbox 2533 5281 2780 5338; x_wconf 84' lang='grc' dir='ltr'><strong>πλάττειν</strong></span> <span class='ocrx_word' id='word_1_835' title='bbox 2830 5280 2951 5338; x_wconf 87' lang='grc' dir='ltr'><strong>κατ’</strong></span> <span class='ocrx_word' id='word_1_836' title='bbox 3034 5282 3283 5360; x_wconf 71' lang='grc' dir='ltr'><strong>ἐμαυτὸν,</strong></span> <span class='ocrx_word' id='word_1_837' title='bbox 3345 5278 3474 5358; x_wconf 81' lang='grc' dir='ltr'><strong>ὅπερ</strong></span> <span class='ocrx_word' id='word_1_838' title='bbox 3548 5282 3716 5337; x_wconf 73' lang='grc' dir='ltr'><strong>αὑτῶν</strong></span> <span class='ocrx_word' id='word_1_839' title='bbox 3773 5299 3912 5337; x_wconf 77' lang='grc' dir='ltr'><strong>τινος</strong></span> 
     </span>
    </p>
   </div>
   <div class='ocr_carea' id='block_1_118' title="bbox 2272 5365 3910 5449">
    <p class='ocr_par' dir='ltr' id='par_1_118' title="bbox 2272 5365 3910 5449">
     <span class='ocr_line' id='line_1_118' title="bbox 2272 5365 3910 5449; baseline -0.006 -21"><span class='ocrx_word' id='word_1_840' title='bbox 2272 5370 2541 5446; x_wconf 76' lang='grc' dir='ltr'><strong>ἐπυθόμην</strong></span> <span class='ocrx_word' id='word_1_841' title='bbox 2585 5369 2678 5426; x_wconf 71' lang='grc' dir='ltr'><strong>οὒκ</strong></span> <span class='ocrx_word' id='word_1_842' title='bbox 2733 5369 3132 5449; x_wconf 79' lang='grc' dir='ltr'><strong>ἀποκρύψομαι.</strong></span> <span class='ocrx_word' id='word_1_843' title='bbox 3186 5369 3307 5447; x_wconf 84' lang='grc' dir='ltr'><strong>Περὶ</strong></span> <span class='ocrx_word' id='word_1_844' title='bbox 3349 5368 3447 5429; x_wconf 77' lang='grc' dir='ltr'><strong>τὴν</strong></span> <span class='ocrx_word' id='word_1_845' title='bbox 3475 5367 3650 5447; x_wconf 75' lang='grc' dir='ltr'><strong>ἀρχὴν</strong></span> <span class='ocrx_word' id='word_1_846' title='bbox 3682 5365 3757 5422; x_wconf 81' lang='grc' dir='ltr'><strong>ἔτι</strong></span> <span class='ocrx_word' id='word_1_847' title='bbox 3814 5372 3910 5432; x_wconf 77' lang='grc' dir='ltr'><strong>τῆς</strong></span> 
     </span>
    </p>
   </div>
   <div class='ocr_carea' id='block_1_119' title="bbox 2272 5454 3910 5532">
    <p class='ocr_par' dir='ltr' id='par_1_119' title="bbox 2272 5454 3910 5532">
     <span class='ocr_line' id='line_1_119' title="bbox 2272 5454 3910 5532; baseline -0.004 -15"><span class='ocrx_word' id='word_1_848' title='bbox 2272 5459 2554 5526; x_wconf 77' lang='grc' dir='ltr'><strong>ἐξετάσεως</strong></span> <span class='ocrx_word' id='word_1_849' title='bbox 2609 5467 2700 5518; x_wconf 86' lang='grc' dir='ltr'><strong>τοῦ</strong></span> <span class='ocrx_word' id='word_1_850' title='bbox 2753 5458 2889 5515; x_wconf 85' lang='grc' dir='ltr'><strong>θείου</strong></span> <span class='ocrx_word' id='word_1_851' title='bbox 2963 5458 3052 5514; x_wconf 81' lang='grc' dir='ltr'><strong>καὶ</strong></span> <span class='ocrx_word' id='word_1_852' title='bbox 3132 5464 3326 5514; x_wconf 89' lang='grc' dir='ltr'><strong>σεπτοῦ</strong></span> <span class='ocrx_word' id='word_1_853' title='bbox 3398 5457 3581 5514; x_wconf 82' lang='grc' dir='ltr'><strong>τούτου</strong></span> <span class='ocrx_word' id='word_1_854' title='bbox 3649 5454 3910 5532; x_wconf 83' lang='grc' dir='ltr'><strong>δόγματος</strong></span> 
     </span>
    </p>
   </div>
   <div class='ocr_carea' id='block_1_120' title="bbox 523 5533 2185 5626">
    <p class='ocr_par' dir='ltr' id='par_1_120' title="bbox 523 5533 2185 5626">
     <span class='ocr_line' id='line_1_120' title="bbox 523 5533 2185 5626; baseline 0.007 -29"><span class='ocrx_word' id='word_1_855' title='bbox 523 5533 760 5612; x_wconf 70' lang='lat' dir='ltr'><strong>baresi,</strong></span> <span class='ocrx_word' id='word_1_856' title='bbox 795 5537 1014 5600; x_wconf 79' lang='lat' dir='ltr'><strong>factum</strong></span> <span class='ocrx_word' id='word_1_857' title='bbox 1051 5545 1164 5616; x_wconf 79' lang='lat' dir='ltr'><strong>est,</strong></span> <span class='ocrx_word' id='word_1_858' title='bbox 1199 5547 1264 5601; x_wconf 92' lang='lat' dir='ltr'><strong>ut</strong></span> <span class='ocrx_word' id='word_1_859' title='bbox 1303 5557 1338 5602; x_wconf 92' lang='lat' dir='ltr'><strong>a</strong></span> <span class='ocrx_word' id='word_1_860' title='bbox 1363 5539 1487 5605; x_wconf 90' lang='lat' dir='ltr'><strong>Deo</strong></span> <span class='ocrx_word' id='word_1_861' title='bbox 1518 5533 1842 5606; x_wconf 80' lang='lat' dir='ltr'><strong>instructus</strong></span> <span class='ocrx_word' id='word_1_862' title='bbox 1869 5543 2185 5626; x_wconf 87' lang='lat' dir='ltr'><strong>imperator</strong></span> 
     </span>
    </p>
   </div>
   <div class='ocr_carea' id='block_1_121' title="bbox 2267 5533 3909 5626">
    <p class='ocr_par' dir='ltr' id='par_1_121' title="bbox 2272 5540 3909 5626">
     <span class='ocr_line' id='line_1_121' title="bbox 2272 5540 3909 5626; baseline -0.004 -20"><span class='ocrx_word' id='word_1_863' title='bbox 2272 5549 2406 5625; x_wconf 77' lang='grc' dir='ltr'><strong>ἧμιν</strong></span> <span class='ocrx_word' id='word_1_864' title='bbox 2449 5549 2636 5624; x_wconf 78' lang='grc' dir='ltr'><strong>ἡμεῖς,</strong></span> <span class='ocrx_word' id='word_1_865' title='bbox 2697 5546 2752 5604; x_wconf 80' lang='grc' dir='ltr'><strong>ἐν</strong></span> <span class='ocrx_word' id='word_1_866' title='bbox 2809 5547 3044 5622; x_wconf 83' lang='grc' dir='ltr'><strong>τοσούτῳ</strong></span> <span class='ocrx_word' id='word_1_867' title='bbox 3098 5543 3143 5602; x_wconf 86' lang='grc' dir='ltr'>δ’</span> <span class='ocrx_word' id='word_1_868' title='bbox 3172 5544 3391 5626; x_wconf 65' lang='grc' dir='ltr'><strong>ἔφθασεν</strong></span> <span class='ocrx_word' id='word_1_869' title='bbox 3420 5546 3456 5612; x_wconf 70' lang='grc' dir='ltr'><strong>ὴ</strong></span> <span class='ocrx_word' id='word_1_870' title='bbox 3484 5544 3656 5623; x_wconf 75' lang='grc' dir='ltr'><strong>ἡμέρα</strong></span> <span class='ocrx_word' id='word_1_871' title='bbox 3698 5540 3815 5601; x_wconf 79' lang='grc' dir='ltr'><strong>καθ’</strong></span> <span class='ocrx_word' id='word_1_872' title='bbox 3847 5544 3909 5611; x_wconf 80' lang='grc' dir='ltr'><strong>ἢν</strong></span> 
     </span>
    </p>
   </div>
  </div>
