4208 6290
281 335 432 400 123-7

1178 346 1278 408 DE
1324 339 1827 408 PROCESSIONE
1884 343 1944 403 S.

2008 341 2360 405 SPIRITUS
2414 342 2642 407 ORAT.
2693 344 2774 405 II.
3493 339 3644 405 i238

280 467 310 521 δ
379 464 539 545 λόγος
601 469 630 523 δ
680 470 740 525 τὸ
791 469 950 548 ῥητὸν
1006 472 1150 552 ἔχων
1207 474 1641 553 ἀναγινώσκεται.
1689 473 1919 540 Κὰπειδὴ

2007 477 2213 533 noster
2266 489 2606 534 sermonem
2660 469 2927 550 haberet,
3002 471 3397 554 praesentibus
3447 470 3651 533 multis

289 561 444 611 τοῦτο
501 554 770 615 διαλαθεῖν
829 560 949 625 τοὺς
1003 563 1204 626 πάντας
1248 565 1343 620 οὒκ
1395 567 1484 638 ἦν,
1519 563 1634 622 οὐδέ
1663 563 1923 644 διαδρᾶναι

288 641 407 700 κατ’
459 645 622 712 αὐτὴν
678 648 776 714 τὴν
832 649 1146 728 ἀνάγνωσιν,
1205 665 1322 715 τοῖς
1366 657 1469 709 τῶν
1513 653 1686 710 ἄλλων
1714 641 1925 710 ἐπιστα-

283 732 583 812 τικωτέροις
635 736 733 802 τὴν
797 735 1026 794 διάνοιαν
1093 741 1316 820 εὑρεθὲν,
1403 743 1476 805 ὡς
1528 741 1691 821 δῶρόν
1743 765 1794 798 τι
1849 748 1925 816 τῷ

283 819 682 899 θεομεγαλύντῳ
737 824 946 900 βοσιλετ
1014 819 1448 904 προσενήνεκται.
1517 819 1664 889 Κατὰ
1731 831 1923 897 ταύτην

285 905 341 962 δὲ
397 911 517 998 τὴν,
544 909 747 989 ἡμέραν
791 914 876 969 καὶ
903 916 1034 994 πρὸς
1076 937 1192 972 τινα
1223 919 1462 996 μοναχὸν
1491 923 1589 984 τῆς
1633 919 1924 998 συμμορίας

283 998 454 1054 αὖτῶν
509 997 669 1078 ἔτυχε
721 1003 1038 1071 ποιήσασθαι
1099 1003 1259 1081 λόγον
1313 1007 1404 1061 τὸν
1457 1007 1704 1087 θεόσοφον
1769 997 1923 1081 ἡμῶν

278 1087 637 1164 αὐτοκράτορα
693 1091 784 1146 σὺν
857 1091 1054 1157 ἑτέροις
1127 1093 1309 1150 οὐκοῦν
1379 1093 1646 1159 πλείστοις
1702 1094 1919 1175 κομιδῆ,

269 1175 359 1264 καὶ
411 1177 473 1231 τὸ
525 1180 765 1236 τοιοῦτον
822 1180 980 1256 ῥητὸν
1025 1183 1266 1246 εἰπόντος
1307 1183 1399 1240 τοῦ
1433 1183 1711 1264 θεόφρονος
1758 1187 1922 1242 Αὐσο-

267 1263 490 1343 νάρχου,
547 1267 636 1322 καὶ
707 1269 841 1342 ὁμοῦ
889 1267 1170 1346 δείξαντος,
1215 1271 1416 1338 ἐκεῖνος
1469 1263 1633 1346 μηδὲν
1683 1271 1920 1348 μελήσας

273 1351 625 1441 μηδοπωσοῦν
698 1355 1011 1434 ἐξεκάλυψεν
1073 1362 1228 1417 αὐτοῦ
1310 1363 1370 1417 τὸ
1453 1360 1774 1441 ἀπόῤῥητον,
1834 1364 1922 1419 καὶ

278 1439 346 1496 δι’
408 1445 563 1521 ὁρκου
634 1449 1140 1524 προπιστωσάμενος
1207 1453 1297 1506 τὸν
1382 1449 1538 1528 λόγον
1566 1439 1569 1440 ν
1596 1439 1773 1524 αὐτοῦ,
1837 1453 1922 1507 Μὰ

275 1551 377 1597 την
433 1535 695 1612 σωτηρίαν
751 1558 874 1611 μου,
934 1537 1049 1595 κατ’
1111 1537 1224 1603 ἔθος
1301 1545 1407 1595 τῶν
1463 1545 1716 1618 μοναχῶν
1773 1539 1922 1619 εἴρη-

277 1640 394 1693 κεν,
455 1623 526 1685 ὡς
605 1623 696 1678 τὸν
751 1625 861 1698 βίον
929 1635 1022 1684 τοῦ
1093 1627 1329 1707 μάκαρος
1404 1630 1671 1687 Διονυσίου
1725 1635 1921 1692 καινῶς

271 1708 374 1775 τὴν
451 1710 681 1788 σήμερον
757 1710 842 1768 ἐπ’
923 1713 1233 1796 ἐκκλησίας,
1306 1717 1756 1797 ἆνεγινώσκομεν,
1827 1720 1920 1773 τὸν
1945 1759 1982 1807 Β

279 1807 396 1855 νοῦν
467 1797 780 1880 ἐπιστήσας,
882 1807 1010 1867 πῶς
1080 1806 1174 1860 οὐκ
1263 1803 1385 1862 οῖδα
1461 1806 1548 1861 καὶ
1625 1807 1777 1869 αὐτὸς
1845 1813 1922 1880 τῷ

277 1882 578 1952 δηλωθέντι
657 1890 824 1966 ῥητῷ,
915 1893 976 1948 τὸ
1044 1890 1267 1968 βιϐλίον,
1352 1899 1444 1950 τοῦ
1497 1897 1660 1968 θυμοῦ
1737 1894 1924 1965 ζέσαν-

280 1995 398 2048 τος,
472 1977 593 2055 πυρὶ
675 1976 989 2057 παραδοῦναι
1057 1978 1425 2061 βεϐούλευμαι,
1493 1983 1583 2038 καὶ
1651 1980 1778 2061 τάχ’
1862 1980 1923 2037 ἄν

278 2063 352 2123 ὡς
405 2064 728 2142 ὑπηγόρευεν
787 2069 814 2122 ὁ
884 2069 1044 2144 θυμὸς
1099 2067 1478 2147 διεπραξάμην,
1539 2070 1626 2125 καὶ
1660 2071 1732 2133 εἷς
1773 2069 1924 2148 ἔργον

276 2149 480 2207 τέλειον
539 2151 690 2221 ἐξέϐη
748 2155 813 2210 τὰ
868 2161 968 2223 τῆς
1013 2155 1232 2232 βουλῆς,
1268 2158 1312 2212 εἰ
1345 2158 1420 2231 μὴ
1452 2155 1634 2235 πλήρη
1664 2163 1772 2214 τῶν
1803 2156 1920 2213 κατ’

279 2241 406 2297 αὒτὸ
451 2237 644 2316 βίϐλων
695 2241 872 2300 τελεῖν
935 2246 1244 2321 ἠπιστάμην
1316 2247 1414 2313 τὴν
1471 2243 1586 2302 καθ’
1642 2247 1784 2321 ἡμᾶς
1841 2247 1924 2302 ol-

283 2327 546 2403 κουμένην
601 2332 729 2410 πρὸς
785 2334 887 2410 γῆν
943 2335 1031 2389 καὶ
1105 2337 1234 2411 πρὸς
1286 2333 1567 2396 θάλατταν,
1625 2341 1800 2392 Ταῦτα
1845 2339 1922 2407 τῷ

283 2417 510 2496 φήσαντι
562 2421 717 2475 ποίαν
769 2421 980 2500 ἄγνοιαν
1037 2421 1428 2502 ἐπιμαμυρεῖς
1489 2423 1647 2488 Ποίας
1680 2421 1734 2478 δὲ
1763 2422 1921 2480 πάλιν

277 2503 572 2584 ὑπερϐολὴν
628 2511 814 2573 κακίας
863 2509 1145 2568 ἀπέλειπεν
1182 2531 1199 2584 ;
1258 2513 1417 2569 Εἶδον
1473 2512 1581 2590 ἐγὼ
1629 2513 1716 2568 καὶ
1743 2510 1918 2588 βίϐλον

275 2595 393 2650 τινὰ
448 2601 554 2650 τῶν
595 2596 834 2676 ἀρχαίων
874 2603 960 2657 καὶ
1015 2599 1256 2656 παλαιῶν
1299 2599 1657 2680 πολλαχόθεν,
1716 2603 1788 2666 ὡς
1856 2603 1919 2657 τὸ

278 2683 440 2754 εἰκὸς,
505 2682 829 2743 πλουτοῦσα)
883 2691 943 2744 τὸ
990 2687 1310 2762 ἀξιόπιστον,
1371 2688 1486 2755 ἥτις
1525 2689 1580 2744 ἐν
1628 2689 1725 2764 μὲν
1755 2688 1920 2745 ἅπαν-

277 2792 327 2826 τι
385 2775 574 2845 τουτῳὶ
632 2781 708 2848 τῷ
765 2773 928 2853 λόγῳ,
988 2777 1160 2840 καθὼς
1192 2775 1324 2844 δῆτα
1378 2777 1474 2832 κᾶν
1518 2788 1635 2840 τοῖς
1678 2775 1911 2850 λοιποῖς,

279 2857 395 2916 οὐδέ
450 2863 659 2937 κεραίαν
715 2861 906 2942 σχεδὸν
948 2863 1256 2944 ἐξεσμένην,
1288 2865 1365 2940 μὴ
1396 2866 1476 2921 τοί
1522 2887 1583 2942 γε
1641 2879 1917 2944 στοιχεῖον

279 2949 347 3012 ἦν
400 2946 622 3027 ἔχευσα,
685 2952 820 3007 κατὰ
888 2952 1046 3027 μόνον
1090 2951 1145 3008 δὲ
1199 2955 1260 3008 τὸ
1297 2951 1554 3016 πολλάκις
1597 2952 1720 3031 παρ’
1763 2955 1916 3029 ἡμῶν

283 3035 499 3096 ἐνταῦθα
579 3037 860 3119 διαληφθὲν
909 3039 1224 3108 ἀδιάϐλητον
1309 3047 1432 3097 πᾶσι
1487 3041 1646 3118 ῥητὸν
1700 3041 1916 3118 ἐξεσμέ-

277 3146 365 3182 νον
422 3125 569 3206 ἔφερέ
611 3150 660 3183 τι
731 3128 930 3208 χωρίον
985 3129 1180 3205 μεταξὺ
1222 3136 1316 3185 τοῦ
1370 3129 1782 3208 ἐκπορευόμενον
1829 3132 1916 3189 καὶ

270 3219 369 3281 τῆς
427 3220 583 3274 αὒτοῦ
639 3215 848 3291 λέξεως,
923 3217 978 3274 ἐν
1047 3219 1192 3297 ᾧπερ
1274 3217 1566 3296 ἐγέγραπτο
1633 3217 1698 3274 δι’
1756 3226 1911 3277 τοῦτο

270 3304 324 3360 δὲ
379 3304 590 3369 πάντως
661 3307 929 3384 πρόθεσις.
986 3308 1084 3364 Καὶ
1158 3307 1257 3385 γὰρ
1311 3306 1407 3374 τὴν
1464 3305 1762 3362 τελευταίαν
1820 3315 1912 3365 τοῦ

219 3453 225 3458 _
269 3392 681 3472 ἐκπορευόμενον
712 3393 998 3469 συλλαϐὴν,
1072 3393 1316 3461 δηλονότι
1361 3395 1422 3449 τὸ
1489 3417 1599 3467 νον,
1661 3394 1913 3473 πρότερον

269 3481 518 3556 κειμένην
580 3483 738 3538 αὑτοῦ
794 3482 943 3548 ξέσας
999 3505 1078 3546 τις
1149 3482 1381 3558 ὕστερον.
1438 3484 1525 3539 καὶ
1581 3490 1672 3540 τοῦ
1729 3485 1916 3564 στίχου

270 3572 375 3629 θεὶς
429 3568 646 3650 ἄνωθεν,
684 3573 757 3635 ὡς
815 3573 901 3628 καὶ
945 3573 1203 3650 μακρόθεν
1234 3573 1262 3627 ὁ
1294 3571 1572 3650 χαρακτὴρ
1601 3577 1706 3627 τῶν
1737 3594 1917 3648 γραμ-

272 3659 453 3734 μάτων
506 3658 808 3740 ὑπέφαινεν,
895 3659 1070 3725 ἄλλως
1126 3662 1200 3716 ὢν
1246 3661 1388 3738 παρὰ
1443 3663 1536 3716 τὸν
1566 3659 1797 3740 ἀρχαῖον
1827 3664 1914 3717 καὶ

272 3747 518 3821 παλαιὸν,
579 3749 667 3804 καὶ
719 3771 781 3824 τι,
830 3756 1064 3829 φανερῶς
1095 3750 1194 3810 ,καὶ
1248 3749 1458 3820 ἀπόζων
1513 3747 1786 3823 νεότητος,
1852 3752 1915 3806 τὸ

273 3835 463 3916 λεχθὲν
526 3836 690 3900 οὕτως
773 3836 969 3916 ἔγραψε
1045 3835 1113 3893 δι’
1179 3837 1410 3915 θρασέως
1466 3839 1553 3893 καὶ
1608 3837 1914 3916 τολμηρῶς,

268 3925 390 3981 εἶτα
434 3927 519 3982 καὶ
575 3925 899 4005 ἀφόστροφον
946 3928 1017 3990 εἷς
1074 3929 1134 3982 τὸ
1190 3931 1348 3985 αὐτοῦ
1379 3924 1710 4006 διεχάραξεν,
1780 3925 1916 3982 ὥστε

272 4016 349 4092 μὴ
393 4015 527 4070 κατὰ
620 4014 716 4081 τὴν
795 4012 1083 4092 ἔμπροσθεν
1170 4015 1310 4070 θέσιν
1379 4016 1439 4069 τὸ
1511 4014 1918 4092 ἐκπορευόμενον

267 4105 448 4176 αὒτοῦ,
553 4103 614 4158 τὸ
712 4100 766 4156 δὲ
881 4101 1292 4179 ἐκπορευόμενον
1374 4101 1441 4158 δι’
1527 4103 1685 4159 αὕτυῦ
1765 4103 1920 4160 τοῦτο

270 4190 738 4268 ἀναγινώσκεσθαι.
817 4191 926 4257 Τὴν
1022 4192 1272 4258 τοιαύτητ
1344 4190 1775 4269 μεταφραστικὴν
1831 4191 1918 4267 βί-

271 4278 396 4336 ϐλον
481 4279 572 4334 σὺν
648 4280 766 4354 ἐμοὶ
848 4280 937 4335 καὶ
1001 4285 1101 4336 τῶν
1186 4279 1435 4358 ἐκκρίτων
1485 4278 1764 4335 ἐθεάσαντο
1823 4279 1919 4347 τῆς

2007 557 2138 620 aliis
2166 558 2350 640 idque
2380 559 2603 622 dictum
2635 559 2922 622 recitante
2951 561 3153 624 divina
3182 568 3380 623 mente
3405 558 3651 641 praedito

2005 646 2387 726 imperatore,
2418 656 2477 710 et
2506 649 2681 710 simul
2714 649 3085 725 ostendente,
3138 650 3241 711 ille
3273 648 3433 710 nulla
3465 649 3656 728 posita

2009 754 2173 798 mora
2200 737 2430 798 occulta
2457 737 2676 800 mentis
2703 738 3004 814 revelavit,
3051 746 3111 800 et
3131 736 3526 818 jurejurando
3556 736 3652 797 di-

2007 832 2096 886 cta
2158 826 2558 888 conﬁrmavit:
2593 825 2718 888 Per
2781 844 2981 889 meam
3037 826 3308 901 salutem,
3355 845 3440 887 suc
3489 843 3658 888 more

2006 914 2430 976 monachorum
2459 913 2866 989 locutus,dum
2886 917 3091 978 statim
3112 920 3303 977 vitam
3335 913 3498 976 beati
3518 914 3659 977 Dio-

2003 1004 2169 1082 nysii
2190 1002 2424 1083 publice
2449 1004 2632 1065 hodie
2661 1005 2728 1064 in
2757 1003 3000 1066 ecclesia
3028 1003 3658 1083 legebamus,mentem

2002 1091 2194 1170 ﬁgens
2243 1093 2441 1154 nescio
2489 1109 2604 1171 quo
2652 1092 2824 1155 modo
2853 1095 2920 1155 in
2975 1094 3353 1172 assignatum
3398 1091 3655 1174 dictum,

2003 1177 2282 1241 volumen
2312 1181 2408 1242 ira
2433 1181 2734 1243 exardens
2762 1182 2894 1261 igni
2923 1181 3168 1243 tradere
3192 1180 3566 1256 studueram,
3599 1187 3659 1242 et

2000 1267 2165 1347 forte
2192 1273 2258 1330 ut
2301 1270 2402 1330 ira
2442 1268 2967 1350 subministrabat,
2999 1287 3132 1332 rem
3155 1270 3544 1349 peregissem,
3597 1274 3657 1332 et

2004 1356 2206 1418 animi
2226 1356 2487 1419 concilia
2513 1358 2696 1436 ﬁnem
2719 1358 3099 1438 habuissent,
3127 1359 3254 1419 nisi
3272 1356 3522 1437 plenum
3551 1373 3655 1418 no-

2002 1453 2193 1507 strum
2206 1444 2405 1508 orbem
2423 1452 2584 1509 terra
2597 1447 2886 1526 marique
2895 1448 3192 1509 similium
3213 1446 3297 1508 lib
3304 1462 3511 1507 rerum
3532 1462 3657 1506 esse

2002 1537 2326 1597 scivissem.
2389 1533 2612 1597 Similia
2667 1537 2926 1597 narranti
3005 1554 3138 1616 quae
3195 1535 3281 1596 rei
3339 1533 3665 1613 ignorantia

2003 1623 2396 1688 attribuetur?
2441 1624 2626 1698 Quam
2684 1643 2890 1686 rursus
2923 1624 3314 1706 improbitatis
3370 1640 3664 1684 summam

2005 1728 2124 1772 non
2183 1714 2552 1778 excesserit?
2581 1714 2872 1794 Conspexi
2922 1714 3050 1794 ipse
3096 1732 3332 1794 quoque
3386 1711 3665 1773 volumen

2006 1800 2143 1861 satis
2183 1803 2483 1882 antiquum
2542 1811 2717 1884 atque
2746 1809 3058 1875 vetustum,
3121 1801 3318 1862 multis
3350 1799 3660 1881 capitibus,

2006 1888 2086 1947 uti
2118 1907 2226 1968 par
2282 1899 2428 1965 erat,
2465 1890 2644 1953 ﬁdem
2700 1890 2812 1952 sibi
2845 1890 3192 1964 concilians,
3245 1888 3402 1970 quod
3433 1889 3491 1950 in
3519 1907 3660 1948 uni-

2003 1993 2175 2038 versa
2229 1977 2339 2038 hac
2399 1979 2684 2054 oratione,
2716 1978 2801 2038 uti
2854 1979 2913 2038 in
2972 1978 3214 2058 reliquis
3272 1977 3405 2038 aliis
3462 1995 3660 2057 neque

2007 2064 2307 2126 minimam
2342 2067 2646 2147 lineolam,
2678 2075 2905 2128 tantum
2937 2066 3103 2128 abest
3150 2075 3213 2128 ut
3240 2065 3516 2140 litteram,
3549 2066 3663 2127 ha-

2005 2149 2176 2213 beret
2205 2171 2459 2236 erasam,
2492 2155 2597 2216 sed
2629 2157 2688 2216 in
2719 2157 2833 2217 hoc
2891 2155 3105 2234 saepius
3135 2173 3169 2215 a
3199 2153 3370 2215 nobis
3401 2154 3661 2238 laudato,

2005 2240 2286 2322 nulloque
2320 2244 2549 2304 crimini
2605 2243 2859 2305 obnoxio
2890 2243 3043 2304 dicto
3075 2261 3312 2304 erasum
3365 2241 3664 2305 referebat

2003 2329 2253 2408 spatium
2286 2330 2439 2392 inter
2460 2332 2759 2412 procedit,
2799 2339 2856 2393 et
2884 2348 2958 2394 ex
2985 2332 3118 2411 ipso
3148 2331 3523 2408 dictiones,in
3543 2349 3662 2412 quo

2003 2419 2283 2498 scriptum
2307 2427 2449 2494 erat,
2472 2420 2701 2501 δι’,ῳιω
2729 2419 2972 2480 omnino
2997 2420 3326 2500 praepositio
3353 2427 3442 2480 est
3468 2437 3664 2496 ;nam-

2002 2525 2118 2587 que
2138 2516 2499 2588 postremam
2516 2509 2785 2570 dictionis
2806 2510 3352 2588 ἐκπορευομένων,ᾳαὶ
3359 2509 3658 2588 procedit,

2002 2594 2304 2675 syllabam,
2341 2620 2425 2652 vov
2457 2615 2696 2677 nempe,
2731 2597 2896 2677 prius
2926 2595 3145 2658 ibidem
3166 2597 3490 2676 appositam
3523 2614 3664 2658 era-

2001 2683 2151 2745 dens
2178 2685 2467 2766 quispiam
2491 2691 2781 2766 postea,et
2807 2702 2990 2763 supra
3018 2684 3235 2746 lineam
3261 2703 3568 2766 apponens
3593 2692 3658 2747 ut

1999 2771 2175 2851 longe
2229 2775 2402 2836 etiam
2453 2774 2783 2854 inspicienti
2820 2782 2973 2834 notat
3019 2774 3341 2835 litterarum
3372 2773 3656 2852 designa-

1999 2858 2161 2937 bant,
2194 2881 2328 2924 cum
2387 2872 2587 2925 essent
2617 2863 2690 2925 ab
2745 2863 2999 2942 antiquis
3050 2863 3164 2923 illis
3197 2870 3371 2942 atque
3419 2862 3656 2924 vetustis

1999 2950 2272 3032 diversae,
2305 2960 2362 3014 et
2393 2954 2791 3015 recentiorem
2840 2969 3077 3013 manum
3113 2951 3302 3032 palam
3337 2951 3653 3030 praescier-

1997 3047 2152 3113 rent,
2204 3039 2423 3102 dictum
2484 3043 2562 3103 ita
2611 3042 2866 3104 exaravit
2907 3039 2997 3117 δι’,
3058 3040 3338 3102 audacter
3382 3039 3555 3100 nimis
3586 3056 3656 3100 ac

1999 3129 2336 3206 temerarie,
2365 3138 2486 3192 tum
2521 3130 2896 3211 postmodum
2923 3128 3348 3208 apostrOphum
3376 3127 3661 3208 superad-

1998 3217 2143 3279 didit
2197 3217 2280 3278 illi
2339 3222 2491 3277 αὐτοῦ
2537 3237 2616 3282 ex
2659 3220 2832 3298 ipso:
2891 3217 3040 3279 adeo
3068 3226 3133 3278 ut
3178 3235 3296 3278 non
3329 3215 3659 3278 secundum

1997 3307 2248 3386 positum
2283 3308 2472 3387 primo
2531 3308 2946 3387 ἐκπορευόμενον
2976 3309 3152 3386 αὐτοῦ,
3214 3305 3319 3366 sed
3373 3305 3661 3383 ἐκπορευό-

1999 3417 2158 3470 μενον
2191 3395 2281 3475 δι’,
2341 3397 2498 3454 αὐτοῦ
2542 3395 2680 3457 inde
2711 3395 3030 3474 legeretur.
3086 3393 3214 3456 Hoc
3243 3392 3662 3474 Metaphrastzn

2000 3483 2276 3546 volumen
2294 3505 2411 3548 una
2433 3506 2667 3550 mecum
2690 3505 2765 3550 ex
2788 3487 3186 3548 ecclesiastico
3200 3493 3360 3547 caatu
3382 3483 3660 3546 homines

2001 3573 2259 3652 primarii
2292 3576 2458 3638 multi
2500 3583 2964 3658 conspexerunt,
2997 3583 3139 3637 ante
3189 3592 3329 3636 vero
3363 3591 3572 3636 omnes
3602 3586 3663 3639 et

2002 3678 2137 3721 cum
2191 3664 2465 3727 omnibus
2497 3682 2707 3728 norma
2737 3675 2794 3727 et
2824 3665 3028 3744 regula
3077 3663 3417 3743 dogmatum
3471 3680 3659 3725 vene-

1999 3749 2222 3812 randus
2281 3761 2482 3815 noster
2537 3754 2871 3835 patriarcha
2944 3753 3182 3814 intuitus
3239 3758 3349 3814 est.
3397 3752 3483 3813 Ex
3543 3769 3658 3831 quo

2001 3855 2246 3917 prorsus
2278 3842 2603 3906 ostenditur
2632 3852 2689 3905 et
2748 3842 3166 3924 quoquomodo
3196 3838 3654 3915 attendentibus,

2002 3935 2059 3988 et
2106 3937 2310 3990 contra
2339 3949 2449 3993 nos
2509 3931 2865 4013 improbitati
2921 3931 3168 3992 minime
3199 3930 3430 4005 deditis,
3486 3927 3656 4006 illud,

2005 4033 2072 4076 ex
2128 4017 2270 4078 Filio
2321 4037 2556 4101 quoque
2615 4020 2892 4100 Spiritum
2944 4018 3296 4099 procedere,
3358 4025 3495 4079 ante
3547 4034 3659 4078 nos

2007 4105 2178 4166 etiam
2233 4108 2552 4170 nonnullos
2589 4127 2707 4170 non
2757 4125 3088 4170 recusasse.
3141 4106 3403 4185 Ideoque
3433 4106 3532 4186 qui
3585 4123 3658 4166 ex

2005 4193 2326 4257 schismate
2357 4205 2547 4278 erant,
2579 4217 2699 4259 non
2751 4197 2946 4257 minus
2973 4197 3064 4257 his
3095 4198 3193 4277 qui
3222 4214 3382 4256 nunc
3435 4195 3653 4269 vivunt,

2006 4300 2108 4361 pro
2163 4283 2433 4346 facultate
2465 4305 2570 4348 sua
2624 4289 2874 4368 quisque
2904 4285 3220 4346 immutare
3251 4293 3308 4345 et
3364 4284 3658 4345 invertere

275 4366 595 4435 Ἐκκλησίας
651 4366 873 4441 πολλοὶ,
934 4369 1034 4424 ποὺ
1088 4368 1299 4425 πάντων
1369 4365 1423 4422 δὲ
1479 4368 1566 4423 καὶ
1618 4367 1751 4441 μετὰ
1778 4367 1918 4424 πάν-

2004 4373 2198 4432 conati
2230 4381 2386 4437 sunt.
2446 4374 2542 4437 Sic
2575 4365 2791 4456 palam,
2818 4379 2932 4440 hoc
2962 4372 3326 4456 conﬁrmavit
3347 4370 3656 4456 adversus

275 4479 380 4514 των
437 4459 465 4513 ὁ
520 4455 698 4512 κακών
756 4457 863 4512 τῶν
911 4454 1212 4536 δογμάτων,
1267 4459 1295 4512 ὁ
1365 4456 1554 4520 σεπτὸς
1589 4455 1736 4520 οὗτος
1764 4457 1919 4531 ἡμῶν

2002 4468 2135 4512 sese
2166 4463 2531 4532 opponentes
2561 4453 2764 4531 oratio,
2797 4453 3196 4538 processionis
3225 4453 3480 4514 dictione
3509 4467 3656 4510 non-

278 4547 612 4625 πατριάρχης
675 4545 924 4623 ἐώρακεν.
989 4545 1076 4610 Ἐξ
1141 4547 1206 4612 ἧς
1265 4544 1474 4608 πάντως
1532 4541 1788 4601 δείκνυται
1833 4546 1919 4601 καὶ

2003 4539 2198 4602 nullos
2253 4549 2491 4607 sanctos
2541 4562 2678 4606 usos
2733 4546 2932 4622 fuisse,
2994 4561 3129 4604 cum
3189 4541 3468 4620 Spiritum
3513 4555 3675 4620 san-q

275 4648 393 4699 τοῖς
468 4637 706 4691 ὁπωσοῦν
790 4630 1154 4706 ἐπιϐάλλουσι,
1215 4635 1302 4690 καὶ
1370 4633 1447 4708 μὴ
1499 4632 1915 4712 συνεσχημένοις

2005 4635 2162 4688 ctum
2194 4629 2366 4691 etiam
2397 4649 2467 4692 ex
2495 4631 2640 4694 Filio
2684 4633 3080 4696 exsistentiam
3111 4627 3334 4692 habere
3363 4627 3653 4688 decreve-

273 4728 406 4800 ὁμοῦ
457 4723 616 4796 κακίᾳ
645 4728 712 4799 τῇ
753 4720 869 4778 καθ’
913 4723 1091 4798 ἡμῶν,
1124 4720 1204 4778 ὅτι
1249 4723 1310 4778 τὸ
1379 4721 1796 4799 ἐκπορευόμενον
1855 4721 1918 4776 ἐκ
1999 4724 2157 4779 runt.

270 4821 364 4871 τοῦ
423 4816 541 4869 Υἱοῦ
613 4818 826 4886 Πνεῦμα
884 4812 975 4867 καὶ
1029 4817 1130 4868 τῶν
1195 4812 1296 4889 πρὸ
1366 4811 1520 4886 ἡμῶν
1576 4807 1708 4865 ἔνιοι
1775 4807 1949 4886 λέγειν
1991 4808 2052 4864 τὸ
2107 4807 2268 4884 ῥητὸν
2325 4811 2626 4880 νενοήκασι.
2694 4814 2791 4869 Διᾶ
2858 4818 3012 4868 τοῦτο
3083 4809 3183 4887 γὰρ
3241 4807 3481 4864 κάκεῖνοι
3553 4810 3650 4861 τοῦ

271 4903 571 4982 σχίσματος
627 4898 774 4964 ὄντες
829 4896 974 4956 οὐδὲν
1029 4901 1188 4965 ἧττον
1243 4905 1347 4955 τῶν
1410 4907 1520 4978 νῦν,
1582 4899 1655 4960 ὡς
1696 4897 1898 4976 ,εῖχον,
1961 4895 2086 4953 αὐτὸ
2128 4897 2509 4978 μεταποιῆσαι,
2571 4902 2656 4956 καὶ
2715 4898 3035 4977 μεταϐαλεῖν
3083 4895 3456 4974 ἐπειράθησαν.
3495 4890 3657 4982 Οδτυ

271 4971 472 5071 τρανῶς
541 4988 870 5067 παρέστησεν
926 4989 955 5044 ὁ
1009 4987 1166 5067 λόγος
1223 5001 1342 5052 ιοτς
1410 4971 1876 5043 ἀντιϐαίνουσιητὸ
1919 4987 2105 5059 παρὸν,
2167 4985 2240 5048 ὡς
2293 4987 2381 5043 καὶ
2430 4971 2868 5069 τῆλ’ἐκπορεῦεται
2914 4987 3050 5054 λέξει
3121 4971 3264 5048 τινὲς
3321 4982 3428 5039 τῶν
3483 4981 3654 5060 ἁγίων

276 5081 604 5160 ἐχρήσαντο,
637 5080 698 5134 τὸ
735 5083 945 5152 Πνεῦμα
986 5079 1050 5133 τὸ
1086 5077 1240 5156 ἅγιον
1267 5078 1354 5135 καὶ
1411 5076 1468 5131 ἐν
1512 5077 1605 5132 τοῦ
1665 5077 1787 5131 Υἱοῦ
1839 5075 1940 5142 τὴν
1999 5071 2214 5160 ὕπαρξιν
2257 5073 2403 5154 ἔχειν
2460 5077 2900 5158 θεολογήσαντας.

359 5152 463 5230 λδζ
536 5152 684 5224 Ἀλλ’
733 5163 915 5234 ἐπειδή
985 5168 1071 5223 καὶ
1137 5152 1199 5222 τὸ
1250 5166 1570 5238 ζητούμενον
1637 5162 1915 5241 εὒρηκότες

276 5259 440 5332 ἡμεῖς
511 5256 610 5323 τὴν
662 5255 880 5333 ἀπορίαν
941 5258 1121 5318 αὐτοῖς
1206 5259 1279 5320 εἰς
1332 5253 1484 5318 τέλος
1542 5249 1910 5330 διελυσάμεθα,

275 5346 394 5426 φέρε
453 5344 639 5402 λοιπὸν
706 5343 965 5400 κάνταῦθα
1030 5343 1340 5423 προθέμενοι
1393 5341 1600 5422 βραχέα
1641 5341 1760 5418 περὶ
1811 5342 1911 5407 τῆς

275 5433 466 5501 λέξεως
516 5434 711 5500 ταύτης
766 5433 958 5512 εἰπεῖν,
1019 5431 1244 5512 ἴδωμεν,
1317 5433 1361 5489 εἰ
1418 5430 1588 5506 δοκεῖ,
1675 5435 1908 5510 πρῶτον,

268 5529 383 5588 πῶς
450 5526 478 5580 ὁ
534 5520 918 5602 Χρυσοῤῥήμων
994 5522 1156 5589 αὖα-ην
1229 5520 1479 5589 Ἰωάννης
1535 5521 1862 5599 ἡρμήνευσεν
1895 5537 1910 5554 ·

289 5621 406 5693 Οτι,
490 5612 670 5694 φησὶν.
743 5606 880 5684 οἶδε,
972 5609 1070 5678 τὴν
1150 5608 1500 5689 εὖαγγῑλικὴν
1568 5605 1912 5687 ἐξηγούμενος

2079 5159 2177 5224 34.
2207 5161 2323 5224 Sed
2350 5166 2588 5244 quando
2610 5155 2931 5248 quaestione
2960 5167 3265 5244 comperta
3291 5176 3401 5221 nos
3425 5155 3653 5248 dubita-

1996 5249 2216 5311 tionem
2248 5252 2483 5314 illorum
2545 5246 2936 5336 dissolvimus,
2972 5271 3082 5334 age
3133 5267 3291 5313 nunc
3321 5249 3495 5336 etiam
3524 5246 3646 5324 hic,

1995 5356 2130 5399 cum
2201 5340 2436 5402 animus
2505 5343 2583 5404 sit
2611 5363 2797 5425 pauca
2826 5335 3208 5406 dedictione
3264 5339 3376 5400 hac
3425 5335 3648 5412 dicere,

1995 5425 2322 5504 videamus,
2357 5429 2405 5490 si
2449 5430 2660 5511 placet,
2697 5434 2951 5514 primum
2981 5427 3278 5513 quomodo
3308 5444 3438 5488 eam
3470 5441 3652 5514 aurea

1997 5514 2194 5594 lingua
2221 5518 2478 5582 Joannes
2507 5513 2925 5604 interpretatus
2952 5528 3042 5583 est
3066 5537 3081 5582 :
3145 5517 3324 5594 Quod
3349 5515 3541 5596 novit,
3573 5513 3652 5575 ait

1996 5605 2391 5686 evangelicum
2420 5626 2627 5675 vocem
2647 5629 2974 5698 exponens,
2999 5614 3059 5675 et
3072 5605 3378 5692 profunda
3413 5604 3562 5681 Dei;
3592 5608 3652 5664 et
