  <div class='ocr_page' id='page_1' title='image "/cluster/home/n/w/nwhite01/storage/ocr_20150623/141/mdp.39015078384206/627.png"; bbox 0 0 4208 6290; ppageno 0'>
   <div class='ocr_carea' id='block_1_1' title="bbox 485 305 646 372">
    <p class='ocr_par' dir='ltr' id='par_1_1' title="bbox 485 305 646 372">
     <span class='ocr_line' id='line_1_1' title="bbox 485 305 646 372; baseline 0.043 -6"><span class='ocrx_word' id='word_1_1' title='bbox 485 305 646 372; x_wconf 81' lang='grc'><strong><em>1239</em></strong></span> 
     </span>
    </p>
   </div>
   <div class='ocr_carea' id='block_1_2' title="bbox 1606 307 2730 376">
    <p class='ocr_par' dir='ltr' id='par_1_2' title="bbox 1606 307 2730 376">
     <span class='ocr_line' id='line_1_2' title="bbox 1606 307 2730 376; baseline -0.002 -2"><span class='ocrx_word' id='word_1_2' title='bbox 1606 308 2128 376; x_wconf 76' lang='lat' dir='ltr'><strong><em>CONSTANTINI</em></strong></span> <span class='ocrx_word' id='word_1_3' title='bbox 2180 307 2730 372; x_wconf 69' lang='lat' dir='ltr'><strong><em>MELITENIO&#39;LE</em></strong></span> 
     </span>
    </p>
   </div>
   <div class='ocr_carea' id='block_1_3' title="bbox 3704 306 3860 374">
    <p class='ocr_par' dir='ltr' id='par_1_3' title="bbox 3704 306 3860 374">
     <span class='ocr_line' id='line_1_3' title="bbox 3704 306 3860 374; baseline -0.013 0"><span class='ocrx_word' id='word_1_4' title='bbox 3704 306 3860 374; x_wconf 81' lang='grc'><strong><em>1240</em></strong></span> 
     </span>
    </p>
   </div>
   <div class='ocr_carea' id='block_1_4' title="bbox 484 437 2142 526">
    <p class='ocr_par' dir='ltr' id='par_1_4' title="bbox 484 442 2130 526">
     <span class='ocr_line' id='line_1_4' title="bbox 484 442 2130 526; baseline -0.001 -22"><span class='ocrx_word' id='word_1_5' title='bbox 484 461 699 506; x_wconf 84' lang='lat' dir='ltr'><strong>rursus</strong></span> <span class='ocrx_word' id='word_1_6' title='bbox 730 444 973 509; x_wconf 87' lang='lat' dir='ltr'><strong><em>homilia</em></strong></span> <span class='ocrx_word' id='word_1_7' title='bbox 1027 446 1102 508; x_wconf 91' lang='lat' dir='ltr'><strong><em>de</em></strong></span> <span class='ocrx_word' id='word_1_8' title='bbox 1131 447 1431 510; x_wconf 86' lang='lat' dir='ltr'><strong><em>adorando</em></strong></span> <span class='ocrx_word' id='word_1_9' title='bbox 1462 446 1678 526; x_wconf 87' lang='lat' dir='ltr'><strong><em>Spiritu</em></strong></span> <span class='ocrx_word' id='word_1_10' title='bbox 1706 447 1834 508; x_wconf 59' lang='lat' dir='ltr'><strong><em>haec</em></strong></span> <span class='ocrx_word' id='word_1_11' title='bbox 1890 442 2130 506; x_wconf 89' lang='lat' dir='ltr'><strong><em>scribit:</em></strong></span> 
     </span>
    </p>
   </div>
   <div class='ocr_carea' id='block_1_5' title="bbox 2224 437 3863 526">
    <p class='ocr_par' dir='ltr' id='par_1_5' title="bbox 2224 437 3863 526">
     <span class='ocr_line' id='line_1_5' title="bbox 2224 437 3863 526; baseline -0.01 -17"><span class='ocrx_word' id='word_1_12' title='bbox 2224 439 2424 526; x_wconf 59' lang='grc' dir='ltr'>φωνὴν,</span> <span class='ocrx_word' id='word_1_13' title='bbox 2492 442 2580 496; x_wconf 79' lang='grc' dir='ltr'><strong><em>καὶ</em></strong></span> <span class='ocrx_word' id='word_1_14' title='bbox 2635 442 2699 497; x_wconf 80' lang='grc' dir='ltr'><strong><em>τὰ</em></strong></span> <span class='ocrx_word' id='word_1_15' title='bbox 2754 442 2890 518; x_wconf 80' lang='grc' dir='ltr'>βάθη</span> <span class='ocrx_word' id='word_1_16' title='bbox 2945 448 3038 499; x_wconf 88' lang='grc' dir='ltr'><strong><em>τοῦ</em></strong></span> <span class='ocrx_word' id='word_1_17' title='bbox 3096 448 3248 499; x_wconf 83' lang='grc' dir='ltr'>Θεοῦ’</span> <span class='ocrx_word' id='word_1_18' title='bbox 3310 444 3407 499; x_wconf 77' lang='grc' dir='ltr'><strong><em>κάν</em></strong></span> <span class='ocrx_word' id='word_1_19' title='bbox 3450 448 3518 519; x_wconf 80' lang='grc' dir='ltr'><strong><em>τῇ</em></strong></span> <span class='ocrx_word' id='word_1_20' title='bbox 3571 440 3756 517; x_wconf 63' lang='grc' dir='ltr'>ὁμιλίᾳ</span> <span class='ocrx_word' id='word_1_21' title='bbox 3806 437 3863 494; x_wconf 78' lang='grc' dir='ltr'><strong><em>δὲ</em></strong></span> 
     </span>
    </p>
   </div>
   <div class='ocr_carea' id='block_1_6' title="bbox 489 532 2138 616">
    <p class='ocr_par' dir='ltr' id='par_1_6' title="bbox 489 532 2138 616">
     <span class='ocr_line' id='line_1_6' title="bbox 489 532 2138 616; baseline 0 -22"><span class='ocrx_word' id='word_1_22' title='bbox 489 532 640 611; x_wconf 70' lang='lat' dir='ltr'><strong><em>Qua</em></strong></span> <span class='ocrx_word' id='word_1_23' title='bbox 655 540 859 597; x_wconf 90' lang='lat' dir='ltr'><strong><em>autem</em></strong></span> <span class='ocrx_word' id='word_1_24' title='bbox 878 537 972 598; x_wconf 90' lang='lat' dir='ltr'><strong><em>vis</em></strong></span> <span class='ocrx_word' id='word_1_25' title='bbox 993 538 1348 598; x_wconf 87' lang='lat' dir='ltr'><strong><em>estnomim’s</em></strong></span> <span class='ocrx_word' id='word_1_26' title='bbox 1369 535 1537 597; x_wconf 77' lang='lat' dir='ltr'><strong><em>illius</em></strong></span> <span class='ocrx_word' id='word_1_27' title='bbox 1551 535 1818 616; x_wconf 77' lang='lat' dir='ltr'><strong><em>procedit</em></strong></span> <span class='ocrx_word' id='word_1_28' title='bbox 1835 533 1948 597; x_wconf 86' lang='lat' dir='ltr'><strong><em>?Ut</em></strong></span> <span class='ocrx_word' id='word_1_29' title='bbox 1961 550 2138 614; x_wconf 89' lang='lat' dir='ltr'><strong><em>gene-</em></strong></span> 
     </span>
    </p>
   </div>
   <div class='ocr_carea' id='block_1_7' title="bbox 483 623 2136 705">
    <p class='ocr_par' dir='ltr' id='par_1_7' title="bbox 483 623 2136 705">
     <span class='ocr_line' id='line_1_7' title="bbox 483 623 2136 705; baseline 0.001 -22"><span class='ocrx_word' id='word_1_30' title='bbox 483 624 743 685; x_wconf 77' lang='lat' dir='ltr'><strong><em>rationis</em></strong></span> <span class='ocrx_word' id='word_1_31' title='bbox 754 642 971 686; x_wconf 86' lang='lat' dir='ltr'><strong><em>nomen</em></strong></span> <span class='ocrx_word' id='word_1_32' title='bbox 981 623 1747 705; x_wconf 69' lang='lat' dir='ltr'><strong><em>praeteriretScripturame</em></strong></span> <span class='ocrx_word' id='word_1_33' title='bbox 1761 623 1936 686; x_wconf 79' lang='lat' dir='ltr'><strong><em>illum</em></strong></span> <span class='ocrx_word' id='word_1_34' title='bbox 1956 639 2136 685; x_wconf 88' lang='lat' dir='ltr'><strong><em>voca-</em></strong></span> 
     </span>
    </p>
   </div>
   <div class='ocr_carea' id='block_1_8' title="bbox 483 711 2139 792">
    <p class='ocr_par' dir='ltr' id='par_1_8' title="bbox 483 711 2139 792">
     <span class='ocr_line' id='line_1_8' title="bbox 483 711 2139 792; baseline -0.001 -20"><span class='ocrx_word' id='word_1_35' title='bbox 483 718 579 772; x_wconf 85' lang='lat' dir='ltr'><strong><em>ret</em></strong></span> <span class='ocrx_word' id='word_1_36' title='bbox 611 711 860 788; x_wconf 87' lang='lat' dir='ltr'><strong><em>Filium,</em></strong></span> <span class='ocrx_word' id='word_1_37' title='bbox 894 715 1046 776; x_wconf 84' lang='lat' dir='ltr'><strong><em>dicit</em></strong></span> <span class='ocrx_word' id='word_1_38' title='bbox 1073 733 1089 774; x_wconf 90' lang='lat'><strong>:</strong></span> <span class='ocrx_word' id='word_1_39' title='bbox 1124 737 1151 768; x_wconf 74' lang='grc' dir='ltr'><strong>α</strong></span> <span class='ocrx_word' id='word_1_40' title='bbox 1174 712 1443 792; x_wconf 77' lang='lat' dir='ltr'><strong><em>Spiritus</em></strong></span> <span class='ocrx_word' id='word_1_41' title='bbox 1465 721 1711 776; x_wconf 86' lang='lat' dir='ltr'><strong><em>sanctus</em></strong></span> <span class='ocrx_word' id='word_1_42' title='bbox 1731 713 1836 792; x_wconf 86' lang='lat' dir='ltr'><strong><em>qui</em></strong></span> <span class='ocrx_word' id='word_1_43' title='bbox 1851 729 1929 774; x_wconf 75' lang='lat' dir='ltr'><strong><em>ea:</em></strong></span> <span class='ocrx_word' id='word_1_44' title='bbox 1951 713 2139 772; x_wconf 88' lang='lat' dir='ltr'><strong><em>Patre</em></strong></span> 
     </span>
    </p>
   </div>
   <div class='ocr_carea' id='block_1_9' title="bbox 476 801 2137 882">
    <p class='ocr_par' dir='ltr' id='par_1_9' title="bbox 476 801 2137 882">
     <span class='ocr_line' id='line_1_9' title="bbox 476 801 2137 882; baseline 0.001 -23"><span class='ocrx_word' id='word_1_45' title='bbox 476 801 752 879; x_wconf 79' lang='lat' dir='ltr'><strong><em>procedit</em></strong></span> <span class='ocrx_word' id='word_1_46' title='bbox 786 824 810 859; x_wconf 71' lang='grc' dir='ltr'><strong>ι</strong></span> <span class='ocrx_word' id='word_1_47' title='bbox 847 802 1090 865; x_wconf 80' lang='lat' dir='ltr'><strong><em>inducit</em></strong></span> <span class='ocrx_word' id='word_1_48' title='bbox 1117 803 1314 882; x_wconf 86' lang='lat' dir='ltr'><strong><em>ipsum</em></strong></span> <span class='ocrx_word' id='word_1_49' title='bbox 1343 803 1775 882; x_wconf 75' lang='lat' dir='ltr'><strong><em>procedentem,</em></strong></span> <span class='ocrx_word' id='word_1_50' title='bbox 1801 802 1896 863; x_wconf 89' lang='lat' dir='ltr'><strong><em>uti</em></strong></span> <span class='ocrx_word' id='word_1_51' title='bbox 1914 816 2137 880; x_wconf 84' lang='lat' dir='ltr'><strong><em>aquam</em></strong></span> 
     </span>
    </p>
   </div>
   <div class='ocr_carea' id='block_1_10' title="bbox 484 889 2130 972">
    <p class='ocr_par' dir='ltr' id='par_1_10' title="bbox 484 889 2130 972">
     <span class='ocr_line' id='line_1_10' title="bbox 484 889 2130 972; baseline -0.001 -22"><span class='ocrx_word' id='word_1_52' title='bbox 484 907 561 952; x_wconf 80' lang='lat' dir='ltr'><strong><em>ea:</em></strong></span> <span class='ocrx_word' id='word_1_53' title='bbox 605 891 770 968; x_wconf 85' lang='lat' dir='ltr'><strong><em>fonte</em></strong></span> <span class='ocrx_word' id='word_1_54' title='bbox 811 892 1263 972; x_wconf 66' lang='lat' dir='ltr'><strong><em>scaturientem,</em></strong></span> <span class='ocrx_word' id='word_1_55' title='bbox 1311 893 1405 954; x_wconf 86' lang='lat' dir='ltr'><strong><em>uti</em></strong></span> <span class='ocrx_word' id='word_1_56' title='bbox 1439 891 1667 954; x_wconf 84' lang='lat' dir='ltr'><strong><em>dicitur</em></strong></span> <span class='ocrx_word' id='word_1_57' title='bbox 1702 889 1777 953; x_wconf 89' lang='lat' dir='ltr'><strong><em>de</em></strong></span> <span class='ocrx_word' id='word_1_58' title='bbox 1814 889 2130 970; x_wconf 78' lang='lat' dir='ltr'><strong><em>paradiso:</em></strong></span> 
     </span>
    </p>
   </div>
   <div class='ocr_carea' id='block_1_11' title="bbox 493 975 2138 1060">
    <p class='ocr_par' dir='ltr' id='par_1_11' title="bbox 493 975 2138 1060">
     <span class='ocr_line' id='line_1_11' title="bbox 493 975 2138 1060; baseline 0.002 -25"><span class='ocrx_word' id='word_1_59' title='bbox 493 999 518 1035; x_wconf 74' lang='grc' dir='ltr'>α</span> <span class='ocrx_word' id='word_1_60' title='bbox 544 979 804 1040; x_wconf 84' lang='lat' dir='ltr'><strong><em>Flavius</em></strong></span> <span class='ocrx_word' id='word_1_61' title='bbox 823 997 958 1041; x_wconf 91' lang='lat' dir='ltr'><strong><em>vero</em></strong></span> <span class='ocrx_word' id='word_1_62' title='bbox 983 980 1256 1060; x_wconf 84' lang='lat' dir='ltr'><strong><em>procedit</em></strong></span> <span class='ocrx_word' id='word_1_63' title='bbox 1276 997 1353 1043; x_wconf 70' lang='lat' dir='ltr'><strong><em>ea:</em></strong></span> <span class='ocrx_word' id='word_1_64' title='bbox 1372 980 1580 1054; x_wconf 76' lang='lat' dir='ltr'><strong><em>Edent,</em></strong></span> <span class='ocrx_word' id='word_1_65' title='bbox 1609 1004 1637 1036; x_wconf 69' lang='grc' dir='ltr'><strong><em>ι</em></strong></span> <span class='ocrx_word' id='word_1_66' title='bbox 1674 980 1948 1059; x_wconf 85' lang='lat' dir='ltr'><strong><em>procedit</em></strong></span> <span class='ocrx_word' id='word_1_67' title='bbox 1969 985 2025 1040; x_wconf 93' lang='lat' dir='ltr'><strong><em>et</em></strong></span> <span class='ocrx_word' id='word_1_68' title='bbox 2045 975 2138 1053; x_wconf 79' lang='lat' dir='ltr'><strong><em>ef-</em></strong></span> 
     </span>
    </p>
   </div>
   <div class='ocr_carea' id='block_1_12' title="bbox 481 1064 2140 1150">
    <p class='ocr_par' dir='ltr' id='par_1_12' title="bbox 481 1064 2140 1150">
     <span class='ocr_line' id='line_1_12' title="bbox 481 1064 2140 1150; baseline -0.001 -22"><span class='ocrx_word' id='word_1_69' title='bbox 481 1065 799 1144; x_wconf 84' lang='lat' dir='ltr'><strong><em>ﬂuit.Quid</em></strong></span> <span class='ocrx_word' id='word_1_70' title='bbox 821 1067 946 1131; x_wconf 81' lang='lat' dir='ltr'><strong><em>ais?</em></strong></span> <span class='ocrx_word' id='word_1_71' title='bbox 966 1068 1746 1150; x_wconf 85' lang='lat' dir='ltr'><strong><em>Procedit,inquam,efﬂuit,</em></strong></span> <span class='ocrx_word' id='word_1_72' title='bbox 1775 1068 1947 1129; x_wconf 88' lang='lat' dir='ltr'><strong><em>etiam</em></strong></span> <span class='ocrx_word' id='word_1_73' title='bbox 1970 1064 2140 1128; x_wconf 83' lang='lat' dir='ltr'><strong><em>exFi-</em></strong></span> 
     </span>
    </p>
   </div>
   <div class='ocr_carea' id='block_1_13' title="bbox 482 1153 2138 1238">
    <p class='ocr_par' dir='ltr' id='par_1_13' title="bbox 482 1153 2138 1238">
     <span class='ocr_line' id='line_1_13' title="bbox 482 1153 2138 1238; baseline -0.002 -21"><span class='ocrx_word' id='word_1_74' title='bbox 482 1155 562 1217; x_wconf 91' lang='lat' dir='ltr'><strong><em>lio</em></strong></span> <span class='ocrx_word' id='word_1_75' title='bbox 594 1157 1046 1232; x_wconf 89' lang='lat' dir='ltr'><strong><em>scaturiens,uti</em></strong></span> <span class='ocrx_word' id='word_1_76' title='bbox 1074 1175 1233 1237; x_wconf 88' lang='lat' dir='ltr'><strong><em>aqua</em></strong></span> <span class='ocrx_word' id='word_1_77' title='bbox 1249 1157 1692 1238; x_wconf 84' lang='lat' dir='ltr'><strong><em>fonteSpiritus</em></strong></span> <span class='ocrx_word' id='word_1_78' title='bbox 1711 1153 2138 1219; x_wconf 81' lang='lat' dir='ltr'><strong><em>sanctusNum</em></strong></span> 
     </span>
    </p>
   </div>
   <div class='ocr_carea' id='block_1_14' title="bbox 481 1243 2137 1327">
    <p class='ocr_par' dir='ltr' id='par_1_14' title="bbox 481 1243 2137 1327">
     <span class='ocr_line' id='line_1_14' title="bbox 481 1243 2137 1327; baseline -0.002 -21"><span class='ocrx_word' id='word_1_79' title='bbox 481 1251 565 1307; x_wconf 90' lang='lat' dir='ltr'><strong><em>tot</em></strong></span> <span class='ocrx_word' id='word_1_80' title='bbox 592 1261 772 1308; x_wconf 86' lang='lat' dir='ltr'><strong><em>voces</em></strong></span> <span class='ocrx_word' id='word_1_81' title='bbox 805 1246 862 1307; x_wconf 92' lang='lat' dir='ltr'><strong><em>in</em></strong></span> <span class='ocrx_word' id='word_1_82' title='bbox 920 1247 1254 1326; x_wconf 85' lang='lat' dir='ltr'><strong><em>Evangeliis</em></strong></span> <span class='ocrx_word' id='word_1_83' title='bbox 1283 1246 1501 1327; x_wconf 86' lang='lat' dir='ltr'><strong><em>positas</em></strong></span> <span class='ocrx_word' id='word_1_84' title='bbox 1557 1264 1799 1326; x_wconf 85' lang='lat' dir='ltr'><strong><em>prorsus</em></strong></span> <span class='ocrx_word' id='word_1_85' title='bbox 1828 1243 2137 1324; x_wconf 89' lang='lat' dir='ltr'><strong><em>reprobas,</em></strong></span> 
     </span>
    </p>
   </div>
   <div class='ocr_carea' id='block_1_15' title="bbox 485 1331 2143 1415">
    <p class='ocr_par' dir='ltr' id='par_1_15' title="bbox 485 1331 2143 1415">
     <span class='ocr_line' id='line_1_15' title="bbox 485 1331 2143 1415; baseline -0.002 -21"><span class='ocrx_word' id='word_1_86' title='bbox 485 1352 632 1414; x_wconf 89' lang='lat' dir='ltr'><strong><em>quas</em></strong></span> <span class='ocrx_word' id='word_1_87' title='bbox 662 1334 860 1395; x_wconf 88' lang='lat' dir='ltr'><strong><em>multis</em></strong></span> <span class='ocrx_word' id='word_1_88' title='bbox 917 1335 976 1395; x_wconf 92' lang='lat' dir='ltr'><strong><em>in</em></strong></span> <span class='ocrx_word' id='word_1_89' title='bbox 1021 1335 1166 1396; x_wconf 90' lang='lat' dir='ltr'><strong><em>locis</em></strong></span> <span class='ocrx_word' id='word_1_90' title='bbox 1196 1334 1418 1396; x_wconf 90' lang='lat' dir='ltr'><strong><em>docens</em></strong></span> <span class='ocrx_word' id='word_1_91' title='bbox 1447 1336 1575 1415; x_wconf 88' lang='lat' dir='ltr'><strong><em>ipsa</em></strong></span> <span class='ocrx_word' id='word_1_92' title='bbox 1629 1333 1846 1395; x_wconf 85' lang='lat' dir='ltr'><strong><em>veritas</em></strong></span> <span class='ocrx_word' id='word_1_93' title='bbox 1874 1331 2143 1394; x_wconf 85' lang='lat' dir='ltr'><strong><em>Christus</em></strong></span> 
     </span>
    </p>
   </div>
   <div class='ocr_carea' id='block_1_16' title="bbox 483 1419 2134 1506">
    <p class='ocr_par' dir='ltr' id='par_1_16' title="bbox 483 1419 2134 1506">
     <span class='ocr_line' id='line_1_16' title="bbox 483 1419 2134 1506; baseline -0.002 -21"><span class='ocrx_word' id='word_1_94' title='bbox 483 1421 686 1485; x_wconf 78' lang='lat' dir='ltr'><strong><em>dixit?</em></strong></span> <span class='ocrx_word' id='word_1_95' title='bbox 743 1422 862 1498; x_wconf 83' lang='lat' dir='ltr'><strong><em>Qui</em></strong></span> <span class='ocrx_word' id='word_1_96' title='bbox 916 1424 1048 1485; x_wconf 85' lang='lat' dir='ltr'><strong><em>sitit</em></strong></span> <span class='ocrx_word' id='word_1_97' title='bbox 1078 1429 1280 1487; x_wconf 83' lang='lat' dir='ltr'><strong><em>veniat</em></strong></span> <span class='ocrx_word' id='word_1_98' title='bbox 1343 1425 1423 1486; x_wconf 87' lang='lat' dir='ltr'><strong><em>ad</em></strong></span> <span class='ocrx_word' id='word_1_99' title='bbox 1450 1441 1564 1506; x_wconf 90' lang='lat' dir='ltr'><strong><em>me,</em></strong></span> <span class='ocrx_word' id='word_1_100' title='bbox 1619 1431 1673 1486; x_wconf 90' lang='lat' dir='ltr'><strong><em>et</em></strong></span> <span class='ocrx_word' id='word_1_101' title='bbox 1705 1420 1959 1484; x_wconf 60' lang='lat' dir='ltr'><strong><em>bibat“.</em></strong></span> <span class='ocrx_word' id='word_1_102' title='bbox 2017 1419 2134 1482; x_wconf 90' lang='lat' dir='ltr'><strong><em>Et:</em></strong></span> 
     </span>
    </p>
   </div>
   <div class='ocr_carea' id='block_1_17' title="bbox 487 1510 2140 1592">
    <p class='ocr_par' dir='ltr' id='par_1_17' title="bbox 487 1510 2140 1592">
     <span class='ocr_line' id='line_1_17' title="bbox 487 1510 2140 1592; baseline -0.003 -19"><span class='ocrx_word' id='word_1_103' title='bbox 487 1512 608 1584; x_wconf 74' lang='lat' dir='ltr'><strong><em>Qui</em></strong></span> <span class='ocrx_word' id='word_1_104' title='bbox 638 1511 832 1573; x_wconf 86' lang='lat' dir='ltr'><strong><em>credit</em></strong></span> <span class='ocrx_word' id='word_1_105' title='bbox 879 1512 950 1573; x_wconf 89' lang='lat' dir='ltr'><strong><em>in</em></strong></span> <span class='ocrx_word' id='word_1_106' title='bbox 980 1529 1096 1587; x_wconf 88' lang='lat' dir='ltr'><strong><em>me,</em></strong></span> <span class='ocrx_word' id='word_1_107' title='bbox 1130 1513 1386 1591; x_wconf 84' lang='lat' dir='ltr'><strong><em>ﬂumina</em></strong></span> <span class='ocrx_word' id='word_1_108' title='bbox 1437 1531 1516 1572; x_wconf 76' lang='lat' dir='ltr'><strong><em>ex</em></strong></span> <span class='ocrx_word' id='word_1_109' title='bbox 1545 1513 1670 1592; x_wconf 85' lang='lat' dir='ltr'><strong><em>ejus</em></strong></span> <span class='ocrx_word' id='word_1_110' title='bbox 1699 1517 1903 1572; x_wconf 78' lang='lat' dir='ltr'><strong><em>ventre</em></strong></span> <span class='ocrx_word' id='word_1_111' title='bbox 1950 1510 2140 1588; x_wconf 84' lang='lat' dir='ltr'><strong><em>ﬂuent</em></strong></span> 
     </span>
    </p>
   </div>
   <div class='ocr_carea' id='block_1_18' title="bbox 484 1597 2142 1681">
    <p class='ocr_par' dir='ltr' id='par_1_18' title="bbox 484 1597 2142 1681">
     <span class='ocr_line' id='line_1_18' title="bbox 484 1597 2142 1681; baseline -0.002 -21"><span class='ocrx_word' id='word_1_112' title='bbox 484 1615 657 1678; x_wconf 77' lang='lat' dir='ltr'><strong><em>aquae</em></strong></span> <span class='ocrx_word' id='word_1_113' title='bbox 703 1600 859 1660; x_wconf 73' lang='lat' dir='ltr'><strong><em>vivae</em></strong></span> <span class='ocrx_word' id='word_1_114' title='bbox 886 1597 962 1675; x_wconf 68' lang='grc'><strong><em>⁸³,</em></strong></span> <span class='ocrx_word' id='word_1_115' title='bbox 1012 1601 1172 1680; x_wconf 91' lang='lat' dir='ltr'><strong><em>quod</em></strong></span> <span class='ocrx_word' id='word_1_116' title='bbox 1224 1601 1621 1681; x_wconf 87' lang='lat' dir='ltr'><strong><em>interpretans</em></strong></span> <span class='ocrx_word' id='word_1_117' title='bbox 1678 1597 2050 1676; x_wconf 85' lang='lat' dir='ltr'><strong><em>evangelista,</em></strong></span> <span class='ocrx_word' id='word_1_118' title='bbox 2084 1603 2142 1657; x_wconf 87' lang='lat' dir='ltr'><strong><em>et</em></strong></span> 
     </span>
    </p>
   </div>
   <div class='ocr_carea' id='block_1_19' title="bbox 484 1683 2142 1767">
    <p class='ocr_par' dir='ltr' id='par_1_19' title="bbox 484 1686 2136 1767">
     <span class='ocr_line' id='line_1_19' title="bbox 484 1686 2136 1767; baseline -0.002 -17"><span class='ocrx_word' id='word_1_119' title='bbox 484 1705 593 1750; x_wconf 91' lang='lat' dir='ltr'><strong><em>nos</em></strong></span> <span class='ocrx_word' id='word_1_120' title='bbox 651 1705 891 1767; x_wconf 86' lang='lat' dir='ltr'><strong><em>prorsus</em></strong></span> <span class='ocrx_word' id='word_1_121' title='bbox 936 1708 972 1751; x_wconf 90' lang='lat' dir='ltr'><strong><em>a</em></strong></span> <span class='ocrx_word' id='word_1_122' title='bbox 1028 1690 1308 1752; x_wconf 88' lang='lat' dir='ltr'><strong><em>molestiis</em></strong></span> <span class='ocrx_word' id='word_1_123' title='bbox 1365 1690 1690 1751; x_wconf 79' lang='lat' dir='ltr'><strong><em>eximens:</em></strong></span> <span class='ocrx_word' id='word_1_124' title='bbox 1749 1686 1879 1749; x_wconf 90' lang='lat' dir='ltr'><strong><em>Hoc</em></strong></span> <span class='ocrx_word' id='word_1_125' title='bbox 1949 1702 2136 1760; x_wconf 85' lang='lat' dir='ltr'><strong><em>vero,</em></strong></span> 
     </span>
    </p>
   </div>
   <div class='ocr_carea' id='block_1_20' title="bbox 2224 1683 3415 1767">
    <p class='ocr_par' dir='ltr' id='par_1_20' title="bbox 2227 1683 3415 1764">
     <span class='ocr_line' id='line_1_20' title="bbox 2227 1683 3415 1764; baseline 0.005 -25"><span class='ocrx_word' id='word_1_126' title='bbox 2227 1683 2463 1764; x_wconf 77' lang='grc' dir='ltr'><strong><em>ἐρχέσθω</em></strong></span> <span class='ocrx_word' id='word_1_127' title='bbox 2511 1687 2641 1760; x_wconf 82' lang='grc' dir='ltr'>πρὸς</span> <span class='ocrx_word' id='word_1_128' title='bbox 2721 1708 2788 1762; x_wconf 87' lang='grc' dir='ltr'><strong><em>με</em></strong></span> <span class='ocrx_word' id='word_1_129' title='bbox 2847 1689 2935 1744; x_wconf 84' lang='grc' dir='ltr'>καὶ</span> <span class='ocrx_word' id='word_1_130' title='bbox 3001 1688 3219 1745; x_wconf 88' lang='grc' dir='ltr'>πινέτω.</span> <span class='ocrx_word' id='word_1_131' title='bbox 3271 1689 3366 1745; x_wconf 79' lang='grc' dir='ltr'>Καὶ</span> <span class='ocrx_word' id='word_1_132' title='bbox 3400 1706 3415 1722; x_wconf 80' lang='grc'><strong><em>³</em></strong></span> 
     </span>
    </p>
   </div>
   <div class='ocr_carea' id='block_1_21' title="bbox 482 1777 2139 1858">
    <p class='ocr_par' dir='ltr' id='par_1_21' title="bbox 482 1777 2139 1858">
     <span class='ocr_line' id='line_1_21' title="bbox 482 1777 2139 1858; baseline -0.002 -18"><span class='ocrx_word' id='word_1_133' title='bbox 482 1778 697 1858; x_wconf 88' lang='lat' dir='ltr'><strong><em>inquit,</em></strong></span> <span class='ocrx_word' id='word_1_134' title='bbox 755 1777 997 1839; x_wconf 88' lang='lat' dir='ltr'><strong><em>dicebat</em></strong></span> <span class='ocrx_word' id='word_1_135' title='bbox 1045 1777 1116 1839; x_wconf 89' lang='lat' dir='ltr'><strong><em>de</em></strong></span> <span class='ocrx_word' id='word_1_136' title='bbox 1176 1779 1435 1858; x_wconf 84' lang='lat' dir='ltr'><strong><em>Spiritu,</em></strong></span> <span class='ocrx_word' id='word_1_137' title='bbox 1504 1794 1682 1857; x_wconf 89' lang='lat' dir='ltr'><strong><em>quem</em></strong></span> <span class='ocrx_word' id='word_1_138' title='bbox 1738 1782 1914 1837; x_wconf 88' lang='lat' dir='ltr'><strong><em>erant</em></strong></span> <span class='ocrx_word' id='word_1_139' title='bbox 1969 1791 2139 1837; x_wconf 85' lang='lat' dir='ltr'><strong><em>acce-</em></strong></span> 
     </span>
    </p>
   </div>
   <div class='ocr_carea' id='block_1_22' title="bbox 476 1862 2141 1948">
    <p class='ocr_par' dir='ltr' id='par_1_22' title="bbox 476 1862 2141 1948">
     <span class='ocr_line' id='line_1_22' title="bbox 476 1862 2141 1948; baseline -0.003 -19"><span class='ocrx_word' id='word_1_140' title='bbox 476 1867 650 1948; x_wconf 87' lang='lat' dir='ltr'><strong><em>pturi</em></strong></span> <span class='ocrx_word' id='word_1_141' title='bbox 701 1865 1011 1928; x_wconf 82' lang='lat' dir='ltr'><strong><em>credentes</em></strong></span> <span class='ocrx_word' id='word_1_142' title='bbox 1067 1867 1135 1928; x_wconf 81' lang='lat' dir='ltr'><strong><em>in</em></strong></span> <span class='ocrx_word' id='word_1_143' title='bbox 1185 1867 1385 1948; x_wconf 87' lang='lat' dir='ltr'><strong><em>ipsum</em></strong></span> <span class='ocrx_word' id='word_1_144' title='bbox 1415 1865 1491 1930; x_wconf 79' lang='lat'><strong><em>83.</em></strong></span> <span class='ocrx_word' id='word_1_145' title='bbox 1549 1864 1621 1926; x_wconf 87' lang='lat' dir='ltr'><strong><em>Et</em></strong></span> <span class='ocrx_word' id='word_1_146' title='bbox 1688 1863 1761 1926; x_wconf 92' lang='lat' dir='ltr'><strong><em>ad</em></strong></span> <span class='ocrx_word' id='word_1_147' title='bbox 1818 1862 2141 1926; x_wconf 87' lang='lat' dir='ltr'><strong><em>Samarita-</em></strong></span> 
     </span>
    </p>
   </div>
   <div class='ocr_carea' id='block_1_23' title="bbox 481 1954 2140 2036">
    <p class='ocr_par' dir='ltr' id='par_1_23' title="bbox 481 1954 2140 2036">
     <span class='ocr_line' id='line_1_23' title="bbox 481 1954 2140 2036; baseline -0.003 -20"><span class='ocrx_word' id='word_1_148' title='bbox 481 1973 618 2016; x_wconf 86' lang='lat' dir='ltr'><strong><em>nam</em></strong></span> <span class='ocrx_word' id='word_1_149' title='bbox 653 1972 667 2018; x_wconf 88' lang='lat'>:</span> <span class='ocrx_word' id='word_1_150' title='bbox 697 1954 878 2033; x_wconf 83' lang='lat' dir='ltr'><strong><em>Aqua</em></strong></span> <span class='ocrx_word' id='word_1_151' title='bbox 932 1971 1116 2036; x_wconf 87' lang='lat' dir='ltr'><strong><em>quam</em></strong></span> <span class='ocrx_word' id='word_1_152' title='bbox 1167 1974 1272 2036; x_wconf 88' lang='lat' dir='ltr'><strong><em>ego</em></strong></span> <span class='ocrx_word' id='word_1_153' title='bbox 1304 1956 1478 2033; x_wconf 88' lang='lat' dir='ltr'><strong><em>dabo,</em></strong></span> <span class='ocrx_word' id='word_1_154' title='bbox 1511 1955 1616 2034; x_wconf 82' lang='lat' dir='ltr'><strong><em>ﬁet</em></strong></span> <span class='ocrx_word' id='word_1_155' title='bbox 1664 1954 1806 2032; x_wconf 89' lang='lat' dir='ltr'><strong><em>fons</em></strong></span> <span class='ocrx_word' id='word_1_156' title='bbox 1833 1969 2010 2033; x_wconf 71' lang='lat' dir='ltr'><strong><em>aquae</em></strong></span> <span class='ocrx_word' id='word_1_157' title='bbox 2036 1969 2140 2013; x_wconf 91' lang='lat' dir='ltr'><strong><em>sa-</em></strong></span> 
     </span>
    </p>
   </div>
   <div class='ocr_carea' id='block_1_24' title="bbox 486 2040 2142 2108">
    <p class='ocr_par' dir='ltr' id='par_1_24' title="bbox 486 2040 2142 2108">
     <span class='ocr_line' id='line_1_24' title="bbox 486 2040 2142 2108; baseline -0.003 -4"><span class='ocrx_word' id='word_1_158' title='bbox 486 2041 691 2106; x_wconf 83' lang='lat' dir='ltr'><strong><em>lientis</em></strong></span> <span class='ocrx_word' id='word_1_159' title='bbox 715 2046 783 2105; x_wconf 90' lang='lat' dir='ltr'><strong><em>in</em></strong></span> <span class='ocrx_word' id='word_1_160' title='bbox 812 2045 1000 2106; x_wconf 88' lang='lat' dir='ltr'><strong><em>vitam</em></strong></span> <span class='ocrx_word' id='word_1_161' title='bbox 1029 2051 1330 2107; x_wconf 73' lang='lat' dir='ltr'><strong><em>mternam</em></strong></span> <span class='ocrx_word' id='word_1_162' title='bbox 1360 2042 1438 2104; x_wconf 64' lang='grc'><strong><em>⁸⁸.</em></strong></span> <span class='ocrx_word' id='word_1_163' title='bbox 1469 2043 1722 2108; x_wconf 90' lang='lat' dir='ltr'><strong><em>Omnino</em></strong></span> <span class='ocrx_word' id='word_1_164' title='bbox 1753 2060 1871 2104; x_wconf 90' lang='lat' dir='ltr'><strong><em>non</em></strong></span> <span class='ocrx_word' id='word_1_165' title='bbox 1903 2041 2051 2102; x_wconf 90' lang='lat' dir='ltr'><strong><em>adeo</em></strong></span> <span class='ocrx_word' id='word_1_166' title='bbox 2083 2040 2142 2100; x_wconf 94' lang='lat' dir='ltr'><strong><em>in</em></strong></span> 
     </span>
    </p>
   </div>
   <div class='ocr_carea' id='block_1_25' title="bbox 485 2129 2143 2214">
    <p class='ocr_par' dir='ltr' id='par_1_25' title="bbox 485 2129 2143 2214">
     <span class='ocr_line' id='line_1_25' title="bbox 485 2129 2143 2214; baseline -0.003 -21"><span class='ocrx_word' id='word_1_167' title='bbox 485 2132 804 2212; x_wconf 82' lang='lat' dir='ltr'><strong><em>impietatis</em></strong></span> <span class='ocrx_word' id='word_1_168' title='bbox 836 2151 1131 2194; x_wconf 90' lang='lat' dir='ltr'><strong><em>summam</em></strong></span> <span class='ocrx_word' id='word_1_169' title='bbox 1164 2135 1503 2214; x_wconf 85' lang='lat' dir='ltr'><strong><em>pervenisti,</em></strong></span> <span class='ocrx_word' id='word_1_170' title='bbox 1529 2141 1595 2195; x_wconf 90' lang='lat' dir='ltr'><strong><em>ut</em></strong></span> <span class='ocrx_word' id='word_1_171' title='bbox 1624 2138 1826 2193; x_wconf 90' lang='lat' dir='ltr'><strong><em>contra</em></strong></span> <span class='ocrx_word' id='word_1_172' title='bbox 1858 2129 2143 2191; x_wconf 79' lang='lat' dir='ltr'><strong><em>salutares</em></strong></span> 
     </span>
    </p>
   </div>
   <div class='ocr_carea' id='block_1_26' title="bbox 485 2217 2142 2296">
    <p class='ocr_par' dir='ltr' id='par_1_26' title="bbox 485 2217 2142 2296">
     <span class='ocr_line' id='line_1_26' title="bbox 485 2217 2142 2296; baseline -0.004 -14"><span class='ocrx_word' id='word_1_173' title='bbox 485 2221 624 2282; x_wconf 90' lang='lat' dir='ltr'><strong><em>istas</em></strong></span> <span class='ocrx_word' id='word_1_174' title='bbox 652 2238 828 2282; x_wconf 88' lang='lat' dir='ltr'><strong><em>voces</em></strong></span> <span class='ocrx_word' id='word_1_175' title='bbox 851 2221 1081 2282; x_wconf 86' lang='lat' dir='ltr'><strong><em>hiscere</em></strong></span> <span class='ocrx_word' id='word_1_176' title='bbox 1104 2222 1346 2296; x_wconf 87' lang='lat' dir='ltr'><strong><em>audeas,</em></strong></span> <span class='ocrx_word' id='word_1_177' title='bbox 1377 2231 1435 2284; x_wconf 91' lang='lat' dir='ltr'><strong><em>et</em></strong></span> <span class='ocrx_word' id='word_1_178' title='bbox 1458 2221 1734 2284; x_wconf 81' lang='lat' dir='ltr'><strong><em>audacter</em></strong></span> <span class='ocrx_word' id='word_1_179' title='bbox 1757 2227 1813 2281; x_wconf 90' lang='lat' dir='ltr'><strong><em>et</em></strong></span> <span class='ocrx_word' id='word_1_180' title='bbox 1833 2217 2142 2280; x_wconf 83' lang='lat' dir='ltr'><strong><em>temerarie</em></strong></span> 
     </span>
    </p>
   </div>
   <div class='ocr_carea' id='block_1_27' title="bbox 485 2305 2140 2390">
    <p class='ocr_par' dir='ltr' id='par_1_27' title="bbox 485 2305 2140 2390">
     <span class='ocr_line' id='line_1_27' title="bbox 485 2305 2140 2390; baseline -0.003 -20"><span class='ocrx_word' id='word_1_181' title='bbox 485 2309 746 2389; x_wconf 83' lang='lat' dir='ltr'><strong><em>linguam</em></strong></span> <span class='ocrx_word' id='word_1_182' title='bbox 801 2309 1136 2373; x_wconf 83' lang='lat' dir='ltr'><strong><em>obvertere.</em></strong></span> <span class='ocrx_word' id='word_1_183' title='bbox 1170 2311 1240 2372; x_wconf 89' lang='lat' dir='ltr'><strong><em>Et</em></strong></span> <span class='ocrx_word' id='word_1_184' title='bbox 1269 2311 1502 2373; x_wconf 88' lang='lat' dir='ltr'><strong><em>silentio</em></strong></span> <span class='ocrx_word' id='word_1_185' title='bbox 1562 2318 1845 2390; x_wconf 65' lang='lat' dir='ltr'><strong><em>praetereo</em></strong></span> <span class='ocrx_word' id='word_1_186' title='bbox 1903 2305 2140 2367; x_wconf 88' lang='lat' dir='ltr'><strong><em>Patrum</em></strong></span> 
     </span>
    </p>
   </div>
   <div class='ocr_carea' id='block_1_28' title="bbox 486 2395 2144 2479">
    <p class='ocr_par' dir='ltr' id='par_1_28' title="bbox 486 2395 2144 2479">
     <span class='ocr_line' id='line_1_28' title="bbox 486 2395 2144 2479; baseline -0.002 -21"><span class='ocrx_word' id='word_1_187' title='bbox 486 2397 662 2478; x_wconf 90' lang='lat' dir='ltr'><strong><em>dicta,</em></strong></span> <span class='ocrx_word' id='word_1_188' title='bbox 721 2416 790 2459; x_wconf 83' lang='lat' dir='ltr'><strong><em>ex</em></strong></span> <span class='ocrx_word' id='word_1_189' title='bbox 845 2397 960 2459; x_wconf 87' lang='lat' dir='ltr'><strong><em>hoc</em></strong></span> <span class='ocrx_word' id='word_1_190' title='bbox 999 2399 1158 2460; x_wconf 86' lang='lat' dir='ltr'><strong><em>fonte</em></strong></span> <span class='ocrx_word' id='word_1_191' title='bbox 1197 2399 1426 2479; x_wconf 88' lang='lat' dir='ltr'><strong><em>hausta,</em></strong></span> <span class='ocrx_word' id='word_1_192' title='bbox 1487 2406 1545 2460; x_wconf 87' lang='lat' dir='ltr'><strong><em>et</em></strong></span> <span class='ocrx_word' id='word_1_193' title='bbox 1574 2398 1764 2478; x_wconf 90' lang='lat' dir='ltr'><strong><em>palam</em></strong></span> <span class='ocrx_word' id='word_1_194' title='bbox 1823 2395 2144 2457; x_wconf 87' lang='lat' dir='ltr'><strong><em>intonantia</em></strong></span> 
     </span>
    </p>
   </div>
   <div class='ocr_carea' id='block_1_29' title="bbox 485 2483 2144 2568">
    <p class='ocr_par' dir='ltr' id='par_1_29' title="bbox 485 2483 2144 2568">
     <span class='ocr_line' id='line_1_29' title="bbox 485 2483 2144 2568; baseline -0.001 -22"><span class='ocrx_word' id='word_1_195' title='bbox 485 2485 713 2547; x_wconf 82' lang='lat' dir='ltr'><strong><em>fontem</em></strong></span> <span class='ocrx_word' id='word_1_196' title='bbox 745 2485 998 2566; x_wconf 88' lang='lat' dir='ltr'><strong><em>Spiritus</em></strong></span> <span class='ocrx_word' id='word_1_197' title='bbox 1027 2486 1259 2565; x_wconf 89' lang='lat' dir='ltr'><strong><em>Filium,</em></strong></span> <span class='ocrx_word' id='word_1_198' title='bbox 1295 2489 1354 2548; x_wconf 92' lang='lat' dir='ltr'><strong><em>in</em></strong></span> <span class='ocrx_word' id='word_1_199' title='bbox 1385 2488 1573 2568; x_wconf 93' lang='lat' dir='ltr'><strong><em>primo</em></strong></span> <span class='ocrx_word' id='word_1_200' title='bbox 1603 2495 1804 2547; x_wconf 88' lang='lat' dir='ltr'><strong><em>nostro</em></strong></span> <span class='ocrx_word' id='word_1_201' title='bbox 1834 2483 2144 2547; x_wconf 85' lang='lat' dir='ltr'><strong><em>Commen-</em></strong></span> 
     </span>
    </p>
   </div>
   <div class='ocr_carea' id='block_1_30' title="bbox 487 2573 2146 2656">
    <p class='ocr_par' dir='ltr' id='par_1_30' title="bbox 487 2573 2146 2656">
     <span class='ocr_line' id='line_1_30' title="bbox 487 2573 2146 2656; baseline -0.001 -21"><span class='ocrx_word' id='word_1_202' title='bbox 487 2573 658 2641; x_wconf 87' lang='lat' dir='ltr'><strong><em>tario,</em></strong></span> <span class='ocrx_word' id='word_1_203' title='bbox 688 2574 768 2635; x_wconf 90' lang='lat' dir='ltr'><strong><em>uti</em></strong></span> <span class='ocrx_word' id='word_1_204' title='bbox 799 2573 1146 2649; x_wconf 86' lang='lat' dir='ltr'><strong><em>addecebat,</em></strong></span> <span class='ocrx_word' id='word_1_205' title='bbox 1173 2575 1422 2654; x_wconf 80' lang='lat' dir='ltr'><strong><em>digesta.</em></strong></span> <span class='ocrx_word' id='word_1_206' title='bbox 1449 2574 1518 2638; x_wconf 90' lang='lat' dir='ltr'><strong><em>Et</em></strong></span> <span class='ocrx_word' id='word_1_207' title='bbox 1539 2584 1824 2656; x_wconf 68' lang='lat' dir='ltr'><strong><em>praeterea</em></strong></span> <span class='ocrx_word' id='word_1_208' title='bbox 1855 2573 2146 2655; x_wconf 83' lang='lat' dir='ltr'><strong><em>profunda</em></strong></span> 
     </span>
    </p>
   </div>
   <div class='ocr_carea' id='block_1_31' title="bbox 485 2661 2138 2742">
    <p class='ocr_par' dir='ltr' id='par_1_31' title="bbox 485 2661 2138 2742">
     <span class='ocr_line' id='line_1_31' title="bbox 485 2661 2138 2742; baseline -0.001 -16"><span class='ocrx_word' id='word_1_209' title='bbox 485 2663 616 2726; x_wconf 91' lang='lat' dir='ltr'><strong><em>Filii</em></strong></span> <span class='ocrx_word' id='word_1_210' title='bbox 633 2661 921 2742; x_wconf 84' lang='lat' dir='ltr'><strong><em>Spiritum</em></strong></span> <span class='ocrx_word' id='word_1_211' title='bbox 951 2671 1222 2725; x_wconf 90' lang='lat' dir='ltr'><strong><em>sanctum</em></strong></span> <span class='ocrx_word' id='word_1_212' title='bbox 1251 2682 1450 2739; x_wconf 88' lang='lat' dir='ltr'><strong><em>nosse,</em></strong></span> <span class='ocrx_word' id='word_1_213' title='bbox 1479 2682 1591 2726; x_wconf 89' lang='lat' dir='ltr'><strong><em>noc</em></strong></span> <span class='ocrx_word' id='word_1_214' title='bbox 1613 2663 1854 2742; x_wconf 78' lang='lat' dir='ltr'><strong><em>negabis</em></strong></span> <span class='ocrx_word' id='word_1_215' title='bbox 1876 2666 2138 2738; x_wconf 90' lang='lat' dir='ltr'><strong><em>omnino,</em></strong></span> 
     </span>
    </p>
   </div>
   <div class='ocr_carea' id='block_1_32' title="bbox 489 2751 2146 2833">
    <p class='ocr_par' dir='ltr' id='par_1_32' title="bbox 489 2751 2146 2833">
     <span class='ocr_line' id='line_1_32' title="bbox 489 2751 2146 2833; baseline -0.002 -22"><span class='ocrx_word' id='word_1_216' title='bbox 489 2751 965 2832; x_wconf 89' lang='lat' dir='ltr'><strong><em>quandoquidem</em></strong></span> <span class='ocrx_word' id='word_1_217' title='bbox 1009 2755 1166 2814; x_wconf 90' lang='lat' dir='ltr'><strong><em>Deus</em></strong></span> <span class='ocrx_word' id='word_1_218' title='bbox 1199 2758 1258 2814; x_wconf 88' lang='lat' dir='ltr'><strong><em>et</em></strong></span> <span class='ocrx_word' id='word_1_219' title='bbox 1310 2770 1508 2833; x_wconf 89' lang='lat' dir='ltr'><strong><em>verus,</em></strong></span> <span class='ocrx_word' id='word_1_220' title='bbox 1542 2753 1623 2813; x_wconf 88' lang='lat' dir='ltr'><strong><em>uti</em></strong></span> <span class='ocrx_word' id='word_1_221' title='bbox 1655 2761 1713 2814; x_wconf 90' lang='lat' dir='ltr'><strong><em>et</em></strong></span> <span class='ocrx_word' id='word_1_222' title='bbox 1742 2754 1916 2813; x_wconf 86' lang='lat' dir='ltr'><strong><em>Pater</em></strong></span> <span class='ocrx_word' id='word_1_223' title='bbox 1945 2760 2054 2832; x_wconf 89' lang='lat' dir='ltr'><strong><em>est,</em></strong></span> <span class='ocrx_word' id='word_1_224' title='bbox 2088 2752 2146 2814; x_wconf 87' lang='lat' dir='ltr'><strong><em>et</em></strong></span> 
     </span>
    </p>
   </div>
   <div class='ocr_carea' id='block_1_33' title="bbox 489 2838 2145 2922">
    <p class='ocr_par' dir='ltr' id='par_1_33' title="bbox 489 2838 2145 2922">
     <span class='ocr_line' id='line_1_33' title="bbox 489 2838 2145 2922; baseline 0.002 -22"><span class='ocrx_word' id='word_1_225' title='bbox 489 2840 664 2920; x_wconf 84' lang='lat' dir='ltr'><strong><em>plane</em></strong></span> <span class='ocrx_word' id='word_1_226' title='bbox 693 2839 976 2901; x_wconf 85' lang='lat' dir='ltr'><strong><em>creditur.</em></strong></span> <span class='ocrx_word' id='word_1_227' title='bbox 1022 2838 1246 2902; x_wconf 90' lang='lat' dir='ltr'><strong><em>Horum</em></strong></span> <span class='ocrx_word' id='word_1_228' title='bbox 1287 2841 1502 2922; x_wconf 84' lang='lat' dir='ltr'><strong><em>itaque,</em></strong></span> <span class='ocrx_word' id='word_1_229' title='bbox 1537 2842 1584 2902; x_wconf 92' lang='lat' dir='ltr'><strong><em>si</em></strong></span> <span class='ocrx_word' id='word_1_230' title='bbox 1631 2841 1760 2921; x_wconf 88' lang='lat' dir='ltr'><strong><em>quis</em></strong></span> <span class='ocrx_word' id='word_1_231' title='bbox 1794 2841 1918 2921; x_wconf 88' lang='lat' dir='ltr'><strong><em>jam</em></strong></span> <span class='ocrx_word' id='word_1_232' title='bbox 1952 2841 2145 2904; x_wconf 89' lang='lat' dir='ltr'><strong><em>adhuc</em></strong></span> 
     </span>
    </p>
   </div>
   <div class='ocr_carea' id='block_1_34' title="bbox 487 2929 2144 3010">
    <p class='ocr_par' dir='ltr' id='par_1_34' title="bbox 487 2929 2144 3010">
     <span class='ocr_line' id='line_1_34' title="bbox 487 2929 2144 3010; baseline 0.002 -21"><span class='ocrx_word' id='word_1_233' title='bbox 487 2945 737 3009; x_wconf 83' lang='lat' dir='ltr'><strong><em>superes</em></strong></span> <span class='ocrx_word' id='word_1_234' title='bbox 767 2937 967 2990; x_wconf 88' lang='lat' dir='ltr'><strong><em>nostra</em></strong></span> <span class='ocrx_word' id='word_1_235' title='bbox 987 2929 1330 3010; x_wconf 88' lang='lat' dir='ltr'><strong><em>insequens,</em></strong></span> <span class='ocrx_word' id='word_1_236' title='bbox 1364 2929 1589 2992; x_wconf 90' lang='lat' dir='ltr'><strong><em>nullum</em></strong></span> <span class='ocrx_word' id='word_1_237' title='bbox 1622 2929 1944 3008; x_wconf 89' lang='lat' dir='ltr'><strong><em>reprobare</em></strong></span> <span class='ocrx_word' id='word_1_238' title='bbox 1965 2931 2144 2992; x_wconf 86' lang='lat' dir='ltr'><strong><em>aude-</em></strong></span> 
     </span>
    </p>
   </div>
   <div class='ocr_carea' id='block_1_35' title="bbox 2218 525 3862 610">
    <p class='ocr_par' dir='ltr' id='par_1_35' title="bbox 2218 525 3862 610">
     <span class='ocr_line' id='line_1_35' title="bbox 2218 525 3862 610; baseline 0.001 -27"><span class='ocrx_word' id='word_1_239' title='bbox 2218 525 2397 599; x_wconf 77' lang='grc' dir='ltr'>πάλιν,</span> <span class='ocrx_word' id='word_1_240' title='bbox 2442 535 2510 606; x_wconf 77' lang='grc' dir='ltr'><strong><em>τῇ</em></strong></span> <span class='ocrx_word' id='word_1_241' title='bbox 2567 531 2682 601; x_wconf 85' lang='grc' dir='ltr'>περὶ</span> <span class='ocrx_word' id='word_1_242' title='bbox 2736 539 2827 588; x_wconf 88' lang='grc' dir='ltr'><strong><em>τοῦ</em></strong></span> <span class='ocrx_word' id='word_1_243' title='bbox 2887 538 3249 610; x_wconf 83' lang='grc' dir='ltr'>προσκυνητοῦ</span> <span class='ocrx_word' id='word_1_244' title='bbox 3306 533 3611 608; x_wconf 80' lang='grc' dir='ltr'>Πνεῦματος</span> <span class='ocrx_word' id='word_1_245' title='bbox 3694 537 3862 586; x_wconf 73' lang='grc' dir='ltr'>ταῦτα</span> 
     </span>
    </p>
   </div>
   <div class='ocr_carea' id='block_1_36' title="bbox 2217 609 3866 699">
    <p class='ocr_par' dir='ltr' id='par_1_36' title="bbox 2217 609 3866 699">
     <span class='ocr_line' id='line_1_36' title="bbox 2217 609 3866 699; baseline 0.004 -28"><span class='ocrx_word' id='word_1_246' title='bbox 2217 614 2447 681; x_wconf 75' lang='grc' dir='ltr'>διέξεισι⁶</span> <span class='ocrx_word' id='word_1_247' title='bbox 2509 619 2596 683; x_wconf 89' lang='grc' dir='ltr'><strong><em>Τίς</em></strong></span> <span class='ocrx_word' id='word_1_248' title='bbox 2665 616 2720 674; x_wconf 76' lang='grc' dir='ltr'><strong><em>δὲ</em></strong></span> <span class='ocrx_word' id='word_1_249' title='bbox 2789 622 2823 688; x_wconf 82' lang='grc' dir='ltr'><strong>ἡ</strong></span> <span class='ocrx_word' id='word_1_250' title='bbox 2879 609 3094 696; x_wconf 70' lang='grc' dir='ltr'>δῦναμις</span> <span class='ocrx_word' id='word_1_251' title='bbox 3144 628 3237 678; x_wconf 80' lang='grc' dir='ltr'><strong><em>τοῦ</em></strong></span> <span class='ocrx_word' id='word_1_252' title='bbox 3287 621 3653 699; x_wconf 75' lang='grc' dir='ltr'><strong><em>ἐκπορεύεσθαι</em></strong></span> <span class='ocrx_word' id='word_1_253' title='bbox 3682 639 3699 696; x_wconf 74' lang='grc' dir='ltr'><strong><em>ς</em></strong></span> <span class='ocrx_word' id='word_1_254' title='bbox 3733 609 3866 678; x_wconf 61' lang='grc' dir='ltr'>Ἵνα</span> 
     </span>
    </p>
   </div>
   <div class='ocr_carea' id='block_1_37' title="bbox 2218 705 3866 788">
    <p class='ocr_par' dir='ltr' id='par_1_37' title="bbox 2218 705 3866 788">
     <span class='ocr_line' id='line_1_37' title="bbox 2218 705 3866 788; baseline 0.003 -29"><span class='ocrx_word' id='word_1_255' title='bbox 2218 705 2278 759; x_wconf 82' lang='grc' dir='ltr'>τὸ</span> <span class='ocrx_word' id='word_1_256' title='bbox 2335 709 2432 770; x_wconf 80' lang='grc' dir='ltr'><strong><em>τῆς</em></strong></span> <span class='ocrx_word' id='word_1_257' title='bbox 2487 707 2784 782; x_wconf 66' lang='grc' dir='ltr'>γεννήσεως</span> <span class='ocrx_word' id='word_1_258' title='bbox 2863 706 3031 783; x_wconf 72' lang='grc' dir='ltr'>ὄνομα</span> <span class='ocrx_word' id='word_1_259' title='bbox 3114 706 3348 788; x_wconf 76' lang='grc' dir='ltr'><strong><em>παρέλθῃ</em></strong></span> <span class='ocrx_word' id='word_1_260' title='bbox 3403 710 3439 776; x_wconf 80' lang='grc' dir='ltr'><strong>ἡ</strong></span> <span class='ocrx_word' id='word_1_261' title='bbox 3492 709 3699 788; x_wconf 74' lang='grc' dir='ltr'>Γραφὴ,</span> <span class='ocrx_word' id='word_1_262' title='bbox 3769 707 3866 763; x_wconf 74' lang='grc' dir='ltr'>ἵνα</span> 
     </span>
    </p>
   </div>
   <div class='ocr_carea' id='block_1_38' title="bbox 2220 790 3862 873">
    <p class='ocr_par' dir='ltr' id='par_1_38' title="bbox 2220 790 3862 873">
     <span class='ocr_line' id='line_1_38' title="bbox 2220 790 3862 873; baseline 0 -24"><span class='ocrx_word' id='word_1_263' title='bbox 2220 790 2296 867; x_wconf 75' lang='grc' dir='ltr'><strong><em>μη</em></strong></span> <span class='ocrx_word' id='word_1_264' title='bbox 2371 792 2486 848; x_wconf 73' lang='grc' dir='ltr'><strong><em>Υίὸν</em></strong></span> <span class='ocrx_word' id='word_1_265' title='bbox 2544 793 2671 851; x_wconf 73' lang='grc' dir='ltr'>αὒτὸ</span> <span class='ocrx_word' id='word_1_266' title='bbox 2726 793 2948 873; x_wconf 81' lang='grc' dir='ltr'><strong><em>καλέσῃ,</em></strong></span> <span class='ocrx_word' id='word_1_267' title='bbox 3007 794 3200 873; x_wconf 81' lang='grc' dir='ltr'>λέγει’</span> <span class='ocrx_word' id='word_1_268' title='bbox 3269 821 3292 852; x_wconf 77' lang='grc' dir='ltr'><strong>ι</strong></span> <span class='ocrx_word' id='word_1_269' title='bbox 3345 802 3558 871; x_wconf 81' lang='grc' dir='ltr'><strong>Πνεῦμα</strong></span> <span class='ocrx_word' id='word_1_270' title='bbox 3609 796 3785 873; x_wconf 78' lang='grc' dir='ltr'>ἅγιον,</span> <span class='ocrx_word' id='word_1_271' title='bbox 3833 795 3862 849; x_wconf 83' lang='grc' dir='ltr'>ὃ</span> 
     </span>
    </p>
   </div>
   <div class='ocr_carea' id='block_1_39' title="bbox 2215 880 3864 964">
    <p class='ocr_par' dir='ltr' id='par_1_39' title="bbox 2215 880 3864 964">
     <span class='ocr_line' id='line_1_39' title="bbox 2215 880 3864 964; baseline -0.001 -27"><span class='ocrx_word' id='word_1_272' title='bbox 2215 880 2356 958; x_wconf 73' lang='grc' dir='ltr'>παρὰ</span> <span class='ocrx_word' id='word_1_273' title='bbox 2420 887 2510 937; x_wconf 91' lang='grc' dir='ltr'><strong><em>τοῦ</em></strong></span> <span class='ocrx_word' id='word_1_274' title='bbox 2570 885 2775 962; x_wconf 85' lang='grc' dir='ltr'>Πατρὸς</span> <span class='ocrx_word' id='word_1_275' title='bbox 2844 884 3179 964; x_wconf 75' lang='grc' dir='ltr'><strong><em>ἐκπορεύεται</em></strong></span> <span class='ocrx_word' id='word_1_276' title='bbox 3212 901 3228 916; x_wconf 80' lang='grc'><strong>⁸</strong></span> <span class='ocrx_word' id='word_1_277' title='bbox 3264 907 3293 940; x_wconf 74' lang='grc' dir='ltr'><strong><em>ι</em></strong></span> <span class='ocrx_word' id='word_1_278' title='bbox 3341 885 3539 963; x_wconf 74' lang='grc' dir='ltr'>εἰσάγει</span> <span class='ocrx_word' id='word_1_279' title='bbox 3590 886 3718 941; x_wconf 77' lang='grc' dir='ltr'>αὐτὸ</span> <span class='ocrx_word' id='word_1_280' title='bbox 3773 882 3864 938; x_wconf 75' lang='grc' dir='ltr'><strong><em>ἐκ·</em></strong></span> 
     </span>
    </p>
   </div>
   <div class='ocr_carea' id='block_1_40' title="bbox 2217 968 3866 1052">
    <p class='ocr_par' dir='ltr' id='par_1_40' title="bbox 2217 968 3866 1052">
     <span class='ocr_line' id='line_1_40' title="bbox 2217 968 3866 1052; baseline 0.001 -28"><span class='ocrx_word' id='word_1_281' title='bbox 2217 968 2570 1046; x_wconf 90' lang='grc' dir='ltr'>πορευόμενον</span> <span class='ocrx_word' id='word_1_282' title='bbox 2651 973 2724 1036; x_wconf 81' lang='grc' dir='ltr'>ὡς</span> <span class='ocrx_word' id='word_1_283' title='bbox 2807 970 2942 1052; x_wconf 73' lang='grc' dir='ltr'>ὕδωρ</span> <span class='ocrx_word' id='word_1_284' title='bbox 3039 973 3142 1028; x_wconf 82' lang='grc' dir='ltr'>ἀπὸ</span> <span class='ocrx_word' id='word_1_285' title='bbox 3215 976 3397 1051; x_wconf 80' lang='grc' dir='ltr'>πηγῆς</span> <span class='ocrx_word' id='word_1_286' title='bbox 3477 973 3653 1051; x_wconf 82' lang='grc' dir='ltr'>βρύον,</span> <span class='ocrx_word' id='word_1_287' title='bbox 3725 971 3866 1028; x_wconf 78' lang='grc' dir='ltr'>κατά</span> 
     </span>
    </p>
   </div>
   <div class='ocr_carea' id='block_1_41' title="bbox 2217 1057 3866 1140">
    <p class='ocr_par' dir='ltr' id='par_1_41' title="bbox 2217 1057 3866 1140">
     <span class='ocr_line' id='line_1_41' title="bbox 2217 1057 3866 1140; baseline 0.002 -29"><span class='ocrx_word' id='word_1_288' title='bbox 2217 1057 2279 1111; x_wconf 85' lang='grc' dir='ltr'>τὸ</span> <span class='ocrx_word' id='word_1_289' title='bbox 2345 1057 2620 1135; x_wconf 80' lang='grc' dir='ltr'><strong><em>εἰρημένον</em></strong></span> <span class='ocrx_word' id='word_1_290' title='bbox 2697 1061 2814 1133; x_wconf 86' lang='grc' dir='ltr'>περὶ</span> <span class='ocrx_word' id='word_1_291' title='bbox 2911 1067 3004 1118; x_wconf 88' lang='grc' dir='ltr'><strong><em>τοῦ</em></strong></span> <span class='ocrx_word' id='word_1_292' title='bbox 3094 1059 3407 1140; x_wconf 71' lang='grc' dir='ltr'><strong><em>παραδείσου</em></strong></span> <span class='ocrx_word' id='word_1_293' title='bbox 3441 1077 3455 1091; x_wconf 89' lang='grc'><strong><em>⁹</em></strong></span> <span class='ocrx_word' id='word_1_294' title='bbox 3513 1085 3538 1119; x_wconf 73' lang='grc' dir='ltr'><strong>ι</strong></span> <span class='ocrx_word' id='word_1_295' title='bbox 3617 1061 3866 1135; x_wconf 77' lang='grc' dir='ltr'>Ποταμὸς</span> 
     </span>
    </p>
   </div>
   <div class='ocr_carea' id='block_1_42' title="bbox 2222 1142 3870 1228">
    <p class='ocr_par' dir='ltr' id='par_1_42' title="bbox 2222 1142 3870 1228">
     <span class='ocr_line' id='line_1_42' title="bbox 2222 1142 3870 1228; baseline 0.004 -30"><span class='ocrx_word' id='word_1_296' title='bbox 2222 1142 2277 1199; x_wconf 76' lang='grc' dir='ltr'><strong><em>δὲ</em></strong></span> <span class='ocrx_word' id='word_1_297' title='bbox 2332 1145 2667 1224; x_wconf 73' lang='grc' dir='ltr'>ἒχπορεύεται</span> <span class='ocrx_word' id='word_1_298' title='bbox 2750 1147 2802 1214; x_wconf 74' lang='grc' dir='ltr'><strong><em>ἐξ</em></strong></span> <span class='ocrx_word' id='word_1_299' title='bbox 2869 1147 3049 1224; x_wconf 76' lang='grc' dir='ltr'>Ἐδὲμ,</span> <span class='ocrx_word' id='word_1_300' title='bbox 3129 1171 3157 1204; x_wconf 65' lang='grc' dir='ltr'><strong><em>ι</em></strong></span> <span class='ocrx_word' id='word_1_301' title='bbox 3221 1149 3556 1228; x_wconf 78' lang='grc' dir='ltr'><strong><em>ἐκπορεύεται</em></strong></span> <span class='ocrx_word' id='word_1_302' title='bbox 3615 1150 3702 1205; x_wconf 82' lang='grc' dir='ltr'>καὶ</span> <span class='ocrx_word' id='word_1_303' title='bbox 3756 1171 3870 1214; x_wconf 85' lang='grc' dir='ltr'>πη-</span> 
     </span>
    </p>
   </div>
   <div class='ocr_carea' id='block_1_43' title="bbox 2222 1232 3861 1316">
    <p class='ocr_par' dir='ltr' id='par_1_43' title="bbox 2222 1232 3861 1316">
     <span class='ocr_line' id='line_1_43' title="bbox 2222 1232 3861 1316; baseline 0.001 -27"><span class='ocrx_word' id='word_1_304' title='bbox 2222 1232 2394 1310; x_wconf 82' lang='grc' dir='ltr'>γάζει.</span> <span class='ocrx_word' id='word_1_305' title='bbox 2483 1235 2544 1292; x_wconf 89' lang='grc' dir='ltr'>Τί</span> <span class='ocrx_word' id='word_1_306' title='bbox 2611 1233 2836 1313; x_wconf 82' lang='grc' dir='ltr'>λέγεις;</span> <span class='ocrx_word' id='word_1_307' title='bbox 2923 1235 3320 1316; x_wconf 85' lang='grc' dir='ltr'>Ἐκπορεύεται,</span> <span class='ocrx_word' id='word_1_308' title='bbox 3408 1239 3566 1316; x_wconf 74' lang='grc' dir='ltr'>φημὶ,</span> <span class='ocrx_word' id='word_1_309' title='bbox 3624 1237 3861 1316; x_wconf 70' lang='grc' dir='ltr'>πηγάζει</span> 
     </span>
    </p>
   </div>
   <div class='ocr_carea' id='block_1_44' title="bbox 2224 1319 3866 1404">
    <p class='ocr_par' dir='ltr' id='par_1_44' title="bbox 2224 1319 3866 1404">
     <span class='ocr_line' id='line_1_44' title="bbox 2224 1319 3866 1404; baseline 0.003 -29"><span class='ocrx_word' id='word_1_310' title='bbox 2224 1319 2328 1376; x_wconf 80' lang='grc' dir='ltr'>κάκ</span> <span class='ocrx_word' id='word_1_311' title='bbox 2394 1328 2486 1378; x_wconf 90' lang='grc' dir='ltr'><strong><em>τοῦ</em></strong></span> <span class='ocrx_word' id='word_1_312' title='bbox 2538 1325 2655 1378; x_wconf 72' lang='grc' dir='ltr'>Υἱου</span> <span class='ocrx_word' id='word_1_313' title='bbox 2711 1324 2888 1404; x_wconf 73' lang='grc' dir='ltr'>ϐρύον,</span> <span class='ocrx_word' id='word_1_314' title='bbox 2949 1326 3022 1388; x_wconf 83' lang='grc' dir='ltr'><strong><em>ὡς</em></strong></span> <span class='ocrx_word' id='word_1_315' title='bbox 3079 1325 3142 1381; x_wconf 77' lang='grc' dir='ltr'>ἅν</span> <span class='ocrx_word' id='word_1_316' title='bbox 3184 1323 3317 1404; x_wconf 78' lang='grc' dir='ltr'>ὕδωρ</span> <span class='ocrx_word' id='word_1_317' title='bbox 3375 1325 3479 1380; x_wconf 82' lang='grc' dir='ltr'><strong><em>ἀπὸ</em></strong></span> <span class='ocrx_word' id='word_1_318' title='bbox 3559 1328 3742 1402; x_wconf 80' lang='grc' dir='ltr'>πηγής</span> <span class='ocrx_word' id='word_1_319' title='bbox 3801 1327 3866 1380; x_wconf 80' lang='grc' dir='ltr'>τὸ</span> 
     </span>
    </p>
   </div>
   <div class='ocr_carea' id='block_1_45' title="bbox 2226 1410 3866 1492">
    <p class='ocr_par' dir='ltr' id='par_1_45' title="bbox 2226 1410 3866 1492">
     <span class='ocr_line' id='line_1_45' title="bbox 2226 1410 3866 1492; baseline 0.002 -28"><span class='ocrx_word' id='word_1_320' title='bbox 2226 1414 2438 1485; x_wconf 78' lang='grc' dir='ltr'><strong><em>Πνεῦμα</em></strong></span> <span class='ocrx_word' id='word_1_321' title='bbox 2497 1411 2557 1466; x_wconf 83' lang='grc' dir='ltr'><strong><em>τὸ</em></strong></span> <span class='ocrx_word' id='word_1_322' title='bbox 2613 1410 2788 1489; x_wconf 75' lang='grc' dir='ltr'>ἅγιον.</span> <span class='ocrx_word' id='word_1_323' title='bbox 2861 1411 2936 1469; x_wconf 83' lang='grc' dir='ltr'><strong><em>’Ἦ</em></strong></span> <span class='ocrx_word' id='word_1_324' title='bbox 2989 1415 3082 1476; x_wconf 80' lang='grc' dir='ltr'><strong><em>τὰς</em></strong></span> <span class='ocrx_word' id='word_1_325' title='bbox 3140 1413 3195 1469; x_wconf 80' lang='grc' dir='ltr'>ἐν</span> <span class='ocrx_word' id='word_1_326' title='bbox 3244 1413 3582 1492; x_wconf 75' lang='grc' dir='ltr'>Εὖαγγελίοις</span> <span class='ocrx_word' id='word_1_327' title='bbox 3654 1415 3866 1475; x_wconf 76' lang='grc' dir='ltr'><strong><em>ἀθετεῖς</em></strong></span> 
     </span>
    </p>
   </div>
   <div class='ocr_carea' id='block_1_46' title="bbox 2220 1508 3858 1591">
    <p class='ocr_par' dir='ltr' id='par_1_46' title="bbox 2220 1508 3858 1591">
     <span class='ocr_line' id='line_1_46' title="bbox 2220 1508 3858 1591; baseline 0.004 -29"><span class='ocrx_word' id='word_1_328' title='bbox 2220 1508 2518 1564; x_wconf 76' lang='grc' dir='ltr'>παντάπασι</span> <span class='ocrx_word' id='word_1_329' title='bbox 2560 1510 2817 1576; x_wconf 81' lang='grc' dir='ltr'>τοσαύτας</span> <span class='ocrx_word' id='word_1_330' title='bbox 2886 1513 3060 1591; x_wconf 77' lang='grc' dir='ltr'>φωνὰς</span> <span class='ocrx_word' id='word_1_331' title='bbox 3096 1529 3112 1587; x_wconf 86' lang='grc'>;</span> <span class='ocrx_word' id='word_1_332' title='bbox 3159 1511 3335 1589; x_wconf 86' lang='grc' dir='ltr'>ὥσπερ</span> <span class='ocrx_word' id='word_1_333' title='bbox 3384 1510 3665 1588; x_wconf 84' lang='grc' dir='ltr'>πολλαχοῦ</span> <span class='ocrx_word' id='word_1_334' title='bbox 3713 1509 3858 1568; x_wconf 70' lang='grc' dir='ltr'>διδά-</span> 
     </span>
    </p>
   </div>
   <div class='ocr_carea' id='block_1_47' title="bbox 2219 1595 3867 1677">
    <p class='ocr_par' dir='ltr' id='par_1_47' title="bbox 2219 1595 3867 1677">
     <span class='ocr_line' id='line_1_47' title="bbox 2219 1595 3867 1677; baseline 0.001 -27"><span class='ocrx_word' id='word_1_335' title='bbox 2219 1615 2358 1650; x_wconf 82' lang='grc' dir='ltr'>σκων</span> <span class='ocrx_word' id='word_1_336' title='bbox 2414 1597 2448 1663; x_wconf 76' lang='grc' dir='ltr'><strong>ἦ</strong></span> <span class='ocrx_word' id='word_1_337' title='bbox 2493 1597 2840 1669; x_wconf 78' lang='grc' dir='ltr'>αὒτοαλήθεια</span> <span class='ocrx_word' id='word_1_338' title='bbox 2917 1601 3139 1677; x_wconf 84' lang='grc' dir='ltr'>Χριστὸς</span> <span class='ocrx_word' id='word_1_339' title='bbox 3213 1597 3427 1677; x_wconf 74' lang='grc' dir='ltr'>εἴρηκεν</span> <span class='ocrx_word' id='word_1_340' title='bbox 3461 1615 3476 1630; x_wconf 91' lang='grc'>⁶</span> <span class='ocrx_word' id='word_1_341' title='bbox 3565 1595 3621 1656; x_wconf 74' lang='grc' dir='ltr'>Ὀ</span> <span class='ocrx_word' id='word_1_342' title='bbox 3693 1595 3867 1672; x_wconf 80' lang='grc' dir='ltr'>διψῶν</span> 
     </span>
    </p>
   </div>
   <div class='ocr_carea' id='block_1_48' title="bbox 3494 1679 3869 1745">
    <p class='ocr_par' dir='ltr' id='par_1_48' title="bbox 3494 1679 3869 1745">
     <span class='ocr_line' id='line_1_48' title="bbox 3494 1679 3869 1745; baseline -0.013 0"><span class='ocrx_word' id='word_1_343' title='bbox 3494 1679 3551 1745; x_wconf 66' lang='grc' dir='ltr'><strong><em>ιΟ</em></strong></span> <span class='ocrx_word' id='word_1_344' title='bbox 3601 1687 3869 1743; x_wconf 80' lang='grc' dir='ltr'><strong><em>πιστεύων</em></strong></span> 
     </span>
    </p>
   </div>
   <div class='ocr_carea' id='block_1_49' title="bbox 2224 1773 3865 1853">
    <p class='ocr_par' dir='ltr' id='par_1_49' title="bbox 2224 1773 3865 1853">
     <span class='ocr_line' id='line_1_49' title="bbox 2224 1773 3865 1853; baseline 0 -25"><span class='ocrx_word' id='word_1_345' title='bbox 2224 1775 2296 1833; x_wconf 79' lang='grc' dir='ltr'>εἷς</span> <span class='ocrx_word' id='word_1_346' title='bbox 2341 1773 2459 1850; x_wconf 68' lang='grc' dir='ltr'><strong><em>ἐμὲ³</em></strong></span> <span class='ocrx_word' id='word_1_347' title='bbox 2519 1778 2751 1850; x_wconf 87' lang='grc' dir='ltr'>ποταμοὶ</span> <span class='ocrx_word' id='word_1_348' title='bbox 2807 1775 2868 1832; x_wconf 82' lang='grc' dir='ltr'>ἐκ</span> <span class='ocrx_word' id='word_1_349' title='bbox 2920 1776 3014 1845; x_wconf 77' lang='grc' dir='ltr'>τῆς</span> <span class='ocrx_word' id='word_1_350' title='bbox 3091 1775 3296 1840; x_wconf 77' lang='grc' dir='ltr'>κοιλίας</span> <span class='ocrx_word' id='word_1_351' title='bbox 3366 1779 3525 1834; x_wconf 72' lang='grc' dir='ltr'>αὑτοῦ</span> <span class='ocrx_word' id='word_1_352' title='bbox 3594 1774 3865 1853; x_wconf 78' lang='grc' dir='ltr'>ῥεύσουσιν</span> 
     </span>
    </p>
   </div>
   <div class='ocr_carea' id='block_1_50' title="bbox 2222 1859 3870 1945">
    <p class='ocr_par' dir='ltr' id='par_1_50' title="bbox 2222 1859 3870 1945">
     <span class='ocr_line' id='line_1_50' title="bbox 2222 1859 3870 1945; baseline 0.002 -30"><span class='ocrx_word' id='word_1_353' title='bbox 2222 1859 2408 1926; x_wconf 78' lang='grc' dir='ltr'>ὕδατος</span> <span class='ocrx_word' id='word_1_354' title='bbox 2490 1868 2709 1937; x_wconf 83' lang='grc' dir='ltr'>ζῶντος,</span> <span class='ocrx_word' id='word_1_355' title='bbox 2797 1863 2924 1942; x_wconf 86' lang='grc' dir='ltr'>ὅπερ</span> <span class='ocrx_word' id='word_1_356' title='bbox 3004 1866 3162 1945; x_wconf 78' lang='grc' dir='ltr'>φησὶν</span> <span class='ocrx_word' id='word_1_357' title='bbox 3234 1865 3534 1939; x_wconf 77' lang='grc' dir='ltr'>ἑρμηνεύων</span> <span class='ocrx_word' id='word_1_358' title='bbox 3610 1866 3638 1919; x_wconf 78' lang='grc' dir='ltr'>ὃ</span> <span class='ocrx_word' id='word_1_359' title='bbox 3711 1865 3870 1940; x_wconf 83' lang='grc' dir='ltr'>εὺαγ-</span> 
     </span>
    </p>
   </div>
   <div class='ocr_carea' id='block_1_51' title="bbox 2223 1950 3863 2032">
    <p class='ocr_par' dir='ltr' id='par_1_51' title="bbox 2223 1950 3863 2032">
     <span class='ocr_line' id='line_1_51' title="bbox 2223 1950 3863 2032; baseline -0.008 -13"><span class='ocrx_word' id='word_1_360' title='bbox 2223 1950 2495 2026; x_wconf 79' lang='grc' dir='ltr'>γελιστὴς,</span> <span class='ocrx_word' id='word_1_361' title='bbox 2555 1953 2642 2008; x_wconf 85' lang='grc' dir='ltr'><strong><em>καὶ</em></strong></span> <span class='ocrx_word' id='word_1_362' title='bbox 2683 1955 3006 2032; x_wconf 83' lang='grc' dir='ltr'>πραγμάτων</span> <span class='ocrx_word' id='word_1_363' title='bbox 3047 1956 3191 2028; x_wconf 83' lang='grc' dir='ltr'>ἡμᾶς</span> <span class='ocrx_word' id='word_1_364' title='bbox 3253 1952 3599 2009; x_wconf 81' lang='grc' dir='ltr'>ἀπαλλάττων</span> <span class='ocrx_word' id='word_1_365' title='bbox 3662 1953 3726 2008; x_wconf 79' lang='grc' dir='ltr'>τὸ</span> <span class='ocrx_word' id='word_1_366' title='bbox 3781 1950 3863 2006; x_wconf 85' lang='grc' dir='ltr'>τέ·</span> 
     </span>
    </p>
   </div>
   <div class='ocr_carea' id='block_1_52' title="bbox 2223 2037 3870 2122">
    <p class='ocr_par' dir='ltr' id='par_1_52' title="bbox 2223 2037 3870 2122">
     <span class='ocr_line' id='line_1_52' title="bbox 2223 2037 3870 2122; baseline 0.002 -31"><span class='ocrx_word' id='word_1_367' title='bbox 2223 2037 2342 2092; x_wconf 89' lang='grc' dir='ltr'>λεον</span> <span class='ocrx_word' id='word_1_368' title='bbox 2378 2058 2392 2074; x_wconf 79' lang='grc'><strong><em>⁰</em></strong></span> <span class='ocrx_word' id='word_1_369' title='bbox 2478 2046 2642 2096; x_wconf 86' lang='grc' dir='ltr'>Τοῦτο</span> <span class='ocrx_word' id='word_1_370' title='bbox 2734 2039 2788 2096; x_wconf 79' lang='grc' dir='ltr'>δὲ</span> <span class='ocrx_word' id='word_1_371' title='bbox 2860 2041 3005 2120; x_wconf 76' lang='grc' dir='ltr'>ἔλεγε</span> <span class='ocrx_word' id='word_1_372' title='bbox 3091 2042 3206 2122; x_wconf 90' lang='grc' dir='ltr'>περί</span> <span class='ocrx_word' id='word_1_373' title='bbox 3260 2045 3353 2098; x_wconf 87' lang='grc' dir='ltr'><strong><em>τού</em></strong></span> <span class='ocrx_word' id='word_1_374' title='bbox 3413 2042 3763 2119; x_wconf 70' lang='grc' dir='ltr'>Πνεύματος,’</span> <span class='ocrx_word' id='word_1_375' title='bbox 3805 2042 3870 2095; x_wconf 80' lang='grc' dir='ltr'>οὗ</span> 
     </span>
    </p>
   </div>
   <div class='ocr_carea' id='block_1_53' title="bbox 2225 2124 3858 2203">
    <p class='ocr_par' dir='ltr' id='par_1_53' title="bbox 2225 2124 3858 2203">
     <span class='ocr_line' id='line_1_53' title="bbox 2225 2124 3858 2203; baseline 0.002 -22"><span class='ocrx_word' id='word_1_376' title='bbox 2225 2124 2445 2200; x_wconf 79' lang='grc' dir='ltr'>ἔμελλον</span> <span class='ocrx_word' id='word_1_377' title='bbox 2542 2125 2827 2203; x_wconf 78' lang='grc' dir='ltr'>λαμϐάνειν</span> <span class='ocrx_word' id='word_1_378' title='bbox 2938 2133 2985 2187; x_wconf 82' lang='grc' dir='ltr'>οἱ</span> <span class='ocrx_word' id='word_1_379' title='bbox 3086 2130 3416 2192; x_wconf 80' lang='grc' dir='ltr'>πιστεύοντες</span> <span class='ocrx_word' id='word_1_380' title='bbox 3517 2131 3589 2193; x_wconf 82' lang='grc' dir='ltr'>εἷς</span> <span class='ocrx_word' id='word_1_381' title='bbox 3673 2130 3858 2190; x_wconf 77' lang='grc' dir='ltr'>αὑτὸν,</span> 
     </span>
    </p>
   </div>
   <div class='ocr_carea' id='block_1_54' title="bbox 2227 2217 3866 2297">
    <p class='ocr_par' dir='ltr' id='par_1_54' title="bbox 2227 2217 3866 2297">
     <span class='ocr_line' id='line_1_54' title="bbox 2227 2217 3866 2297; baseline -0.001 -23"><span class='ocrx_word' id='word_1_382' title='bbox 2227 2217 2325 2274; x_wconf 78' lang='grc' dir='ltr'>Καὶ</span> <span class='ocrx_word' id='word_1_383' title='bbox 2382 2218 2510 2293; x_wconf 85' lang='grc' dir='ltr'>πρὸς</span> <span class='ocrx_word' id='word_1_384' title='bbox 2552 2239 2650 2284; x_wconf 85' lang='grc' dir='ltr'><strong><em>την</em></strong></span> <span class='ocrx_word' id='word_1_385' title='bbox 2707 2219 3058 2297; x_wconf 83' lang='grc' dir='ltr'>Σαμαρείτιδα</span> <span class='ocrx_word' id='word_1_386' title='bbox 3089 2235 3102 2250; x_wconf 83' lang='grc'><strong><em>⁸</em></strong></span> <span class='ocrx_word' id='word_1_387' title='bbox 3169 2221 3240 2277; x_wconf 84' lang='grc' dir='ltr'><strong><em>Τὸ</em></strong></span> <span class='ocrx_word' id='word_1_388' title='bbox 3287 2217 3422 2296; x_wconf 71' lang='grc' dir='ltr'>ὕδωρ</span> <span class='ocrx_word' id='word_1_389' title='bbox 3464 2219 3490 2274; x_wconf 84' lang='grc' dir='ltr'>ὃ</span> <span class='ocrx_word' id='word_1_390' title='bbox 3549 2219 3657 2296; x_wconf 72' lang='grc' dir='ltr'><strong><em>ἐγὼ</em></strong></span> <span class='ocrx_word' id='word_1_391' title='bbox 3683 2217 3866 2291; x_wconf 79' lang='grc' dir='ltr'>δώσω,</span> 
     </span>
    </p>
   </div>
   <div class='ocr_carea' id='block_1_55' title="bbox 2224 2305 3870 2385">
    <p class='ocr_par' dir='ltr' id='par_1_55' title="bbox 2224 2305 3870 2385">
     <span class='ocr_line' id='line_1_55' title="bbox 2224 2305 3870 2385; baseline 0.003 -28"><span class='ocrx_word' id='word_1_392' title='bbox 2224 2305 2501 2382; x_wconf 79' lang='grc' dir='ltr'>γενήσεται</span> <span class='ocrx_word' id='word_1_393' title='bbox 2610 2308 2763 2385; x_wconf 76' lang='grc' dir='ltr'>πηγὴ</span> <span class='ocrx_word' id='word_1_394' title='bbox 2874 2307 3058 2373; x_wconf 77' lang='grc' dir='ltr'>ὓδατος</span> <span class='ocrx_word' id='word_1_395' title='bbox 3165 2306 3458 2382; x_wconf 78' lang='grc' dir='ltr'>ἁλλομένου</span> <span class='ocrx_word' id='word_1_396' title='bbox 3568 2309 3639 2371; x_wconf 81' lang='grc' dir='ltr'>εἷς</span> <span class='ocrx_word' id='word_1_397' title='bbox 3723 2307 3870 2377; x_wconf 80' lang='grc' dir='ltr'>ζωὴν</span> 
     </span>
    </p>
   </div>
   <div class='ocr_carea' id='block_1_56' title="bbox 2225 2392 3875 2472">
    <p class='ocr_par' dir='ltr' id='par_1_56' title="bbox 2225 2392 3875 2472">
     <span class='ocr_line' id='line_1_56' title="bbox 2225 2392 3875 2472; baseline 0.003 -26"><span class='ocrx_word' id='word_1_398' title='bbox 2225 2392 2455 2449; x_wconf 87' lang='grc' dir='ltr'>αἰώνιον.</span> <span class='ocrx_word' id='word_1_399' title='bbox 2531 2394 2748 2460; x_wconf 83' lang='grc' dir='ltr'>Πάντως</span> <span class='ocrx_word' id='word_1_400' title='bbox 2808 2398 2900 2453; x_wconf 75' lang='grc' dir='ltr'>οὐκ</span> <span class='ocrx_word' id='word_1_401' title='bbox 2971 2395 3032 2452; x_wconf 78' lang='grc' dir='ltr'><strong><em>ἂν</em></strong></span> <span class='ocrx_word' id='word_1_402' title='bbox 3103 2395 3266 2460; x_wconf 73' lang='grc' dir='ltr'>οὕτως</span> <span class='ocrx_word' id='word_1_403' title='bbox 3340 2393 3544 2462; x_wconf 74' lang='grc' dir='ltr'>ἤλασας</span> <span class='ocrx_word' id='word_1_404' title='bbox 3617 2397 3747 2472; x_wconf 78' lang='grc' dir='ltr'>πρὸς</span> <span class='ocrx_word' id='word_1_405' title='bbox 3806 2393 3875 2451; x_wconf 86' lang='grc' dir='ltr'>τδ</span> 
     </span>
    </p>
   </div>
   <div class='ocr_carea' id='block_1_57' title="bbox 2221 2479 3872 2565">
    <p class='ocr_par' dir='ltr' id='par_1_57' title="bbox 2221 2479 3872 2565">
     <span class='ocr_line' id='line_1_57' title="bbox 2221 2479 3872 2565; baseline 0.001 -29"><span class='ocrx_word' id='word_1_406' title='bbox 2221 2486 2319 2547; x_wconf 82' lang='grc' dir='ltr'>τῆς</span> <span class='ocrx_word' id='word_1_407' title='bbox 2395 2479 2694 2549; x_wconf 82' lang='grc' dir='ltr'>δυσσεϐείας</span> <span class='ocrx_word' id='word_1_408' title='bbox 2761 2486 3048 2564; x_wconf 80' lang='grc' dir='ltr'>ἀκρότατον</span> <span class='ocrx_word' id='word_1_409' title='bbox 3138 2487 3380 2565; x_wconf 83' lang='grc' dir='ltr'>ἀτεχνῶς</span> <span class='ocrx_word' id='word_1_410' title='bbox 3461 2489 3532 2550; x_wconf 84' lang='grc' dir='ltr'><strong><em>ὡς</em></strong></span> <span class='ocrx_word' id='word_1_411' title='bbox 3603 2487 3690 2541; x_wconf 83' lang='grc' dir='ltr'><strong><em>καὶ</em></strong></span> <span class='ocrx_word' id='word_1_412' title='bbox 3761 2491 3872 2540; x_wconf 80' lang='grc' dir='ltr'>τῶν</span> 
     </span>
    </p>
   </div>
   <div class='ocr_carea' id='block_1_58' title="bbox 2225 2571 3864 2653">
    <p class='ocr_par' dir='ltr' id='par_1_58' title="bbox 2225 2571 3864 2653">
     <span class='ocr_line' id='line_1_58' title="bbox 2225 2571 3864 2653; baseline 0.001 -28"><span class='ocrx_word' id='word_1_413' title='bbox 2225 2571 2496 2648; x_wconf 83' lang='grc' dir='ltr'>σωτηρίων</span> <span class='ocrx_word' id='word_1_414' title='bbox 2564 2575 2965 2653; x_wconf 83' lang='grc' dir='ltr'>κατεπαίρεσθαι</span> <span class='ocrx_word' id='word_1_415' title='bbox 3020 2575 3214 2632; x_wconf 89' lang='grc' dir='ltr'>τούτων</span> <span class='ocrx_word' id='word_1_416' title='bbox 3279 2581 3468 2650; x_wconf 74' lang='grc' dir='ltr'>φωνῶν</span> <span class='ocrx_word' id='word_1_417' title='bbox 3538 2576 3626 2630; x_wconf 80' lang='grc' dir='ltr'><strong><em>καὶ</em></strong></span> <span class='ocrx_word' id='word_1_418' title='bbox 3691 2574 3864 2629; x_wconf 60' lang='grc' dir='ltr'>κατα-</span> 
     </span>
    </p>
   </div>
   <div class='ocr_carea' id='block_1_59' title="bbox 2222 2660 3867 2742">
    <p class='ocr_par' dir='ltr' id='par_1_59' title="bbox 2222 2660 3867 2742">
     <span class='ocr_line' id='line_1_59' title="bbox 2222 2660 3867 2742; baseline 0.002 -29"><span class='ocrx_word' id='word_1_419' title='bbox 2222 2660 2578 2726; x_wconf 91' lang='grc' dir='ltr'>θρασύνεσθαι.</span> <span class='ocrx_word' id='word_1_420' title='bbox 2653 2663 2750 2718; x_wconf 82' lang='grc' dir='ltr'><strong><em>Καὶ</em></strong></span> <span class='ocrx_word' id='word_1_421' title='bbox 2834 2668 3013 2740; x_wconf 86' lang='grc' dir='ltr'>παρεῶ</span> <span class='ocrx_word' id='word_1_422' title='bbox 3067 2663 3163 2726; x_wconf 79' lang='grc' dir='ltr'>τὰς</span> <span class='ocrx_word' id='word_1_423' title='bbox 3218 2663 3396 2742; x_wconf 80' lang='grc' dir='ltr'>ῥήσεις</span> <span class='ocrx_word' id='word_1_424' title='bbox 3457 2663 3552 2724; x_wconf 81' lang='grc' dir='ltr'>τὰς</span> <span class='ocrx_word' id='word_1_425' title='bbox 3607 2662 3867 2735; x_wconf 77' lang='grc' dir='ltr'>πατρικὰς</span> 
     </span>
    </p>
   </div>
   <div class='ocr_carea' id='block_1_60' title="bbox 2225 2745 3869 2828">
    <p class='ocr_par' dir='ltr' id='par_1_60' title="bbox 2225 2745 3869 2828">
     <span class='ocr_line' id='line_1_60' title="bbox 2225 2745 3869 2828; baseline 0.009 -27"><span class='ocrx_word' id='word_1_426' title='bbox 2225 2745 2381 2810; x_wconf 69' lang='grc' dir='ltr'>οὔσας</span> <span class='ocrx_word' id='word_1_427' title='bbox 2426 2746 2669 2824; x_wconf 76' lang='grc' dir='ltr'>ἄντλημα</span> <span class='ocrx_word' id='word_1_428' title='bbox 2749 2749 2933 2808; x_wconf 90' lang='grc' dir='ltr'>τούτου</span> <span class='ocrx_word' id='word_1_429' title='bbox 3015 2761 3106 2810; x_wconf 82' lang='grc' dir='ltr'><strong><em>τοῦ</em></strong></span> <span class='ocrx_word' id='word_1_430' title='bbox 3163 2753 3414 2828; x_wconf 71' lang='grc' dir='ltr'>νάματος,</span> <span class='ocrx_word' id='word_1_431' title='bbox 3473 2749 3534 2806; x_wconf 74' lang='grc' dir='ltr'><strong><em>αἵ</em></strong></span> <span class='ocrx_word' id='word_1_432' title='bbox 3589 2747 3869 2827; x_wconf 72' lang='grc' dir='ltr'>διαῤῥήδην</span> 
     </span>
    </p>
   </div>
   <div class='ocr_carea' id='block_1_61' title="bbox 2222 2836 3867 2916">
    <p class='ocr_par' dir='ltr' id='par_1_61' title="bbox 2222 2836 3867 2916">
     <span class='ocr_line' id='line_1_61' title="bbox 2222 2836 3867 2916; baseline 0.001 -25"><span class='ocrx_word' id='word_1_433' title='bbox 2222 2836 2569 2914; x_wconf 83' lang='grc' dir='ltr'>κηρύττουσαι</span> <span class='ocrx_word' id='word_1_434' title='bbox 2629 2839 2806 2916; x_wconf 85' lang='grc' dir='ltr'>πηγὴν</span> <span class='ocrx_word' id='word_1_435' title='bbox 2869 2846 2958 2896; x_wconf 88' lang='grc' dir='ltr'><strong><em>τοῦ</em></strong></span> <span class='ocrx_word' id='word_1_436' title='bbox 3012 2840 3314 2916; x_wconf 88' lang='grc' dir='ltr'>Πνεύματος</span> <span class='ocrx_word' id='word_1_437' title='bbox 3360 2841 3445 2896; x_wconf 81' lang='grc' dir='ltr'>τὸν</span> <span class='ocrx_word' id='word_1_438' title='bbox 3493 2841 3633 2912; x_wconf 72' lang='grc' dir='ltr'>Υίὸν,</span> <span class='ocrx_word' id='word_1_439' title='bbox 3689 2838 3743 2894; x_wconf 81' lang='grc' dir='ltr'>ἐν</span> <span class='ocrx_word' id='word_1_440' title='bbox 3787 2844 3867 2911; x_wconf 84' lang='grc' dir='ltr'>τῷ</span> 
     </span>
    </p>
   </div>
   <div class='ocr_carea' id='block_1_62' title="bbox 2222 2926 3870 3007">
    <p class='ocr_par' dir='ltr' id='par_1_62' title="bbox 2222 2926 3870 3007">
     <span class='ocr_line' id='line_1_62' title="bbox 2222 2926 3870 3007; baseline 0.002 -28"><span class='ocrx_word' id='word_1_441' title='bbox 2222 2927 2418 3002; x_wconf 85' lang='grc' dir='ltr'>πρώτῳ</span> <span class='ocrx_word' id='word_1_442' title='bbox 2461 2927 2782 3005; x_wconf 86' lang='grc' dir='ltr'>συντάγματι</span> <span class='ocrx_word' id='word_1_443' title='bbox 2838 2926 3059 2992; x_wconf 81' lang='grc' dir='ltr'>δεόντως</span> <span class='ocrx_word' id='word_1_444' title='bbox 3115 2931 3250 3004; x_wconf 75' lang='grc' dir='ltr'>ἡμῖν</span> <span class='ocrx_word' id='word_1_445' title='bbox 3309 2929 3686 3007; x_wconf 81' lang='grc' dir='ltr'>προετέθησαν.</span> <span class='ocrx_word' id='word_1_446' title='bbox 3767 2929 3870 2985; x_wconf 78' lang='grc' dir='ltr'>Καὶ</span> 
     </span>
    </p>
   </div>
   <div class='ocr_carea' id='block_1_63' title="bbox 489 3014 2142 3098">
    <p class='ocr_par' dir='ltr' id='par_1_63' title="bbox 489 3015 2137 3098">
     <span class='ocr_line' id='line_1_63' title="bbox 489 3015 2137 3098; baseline 0.001 -20"><span class='ocrx_word' id='word_1_447' title='bbox 489 3015 604 3090; x_wconf 92' lang='lat' dir='ltr'><strong><em>bis,</em></strong></span> <span class='ocrx_word' id='word_1_448' title='bbox 638 3025 760 3077; x_wconf 91' lang='lat' dir='ltr'><strong><em>tum</em></strong></span> <span class='ocrx_word' id='word_1_449' title='bbox 814 3017 972 3098; x_wconf 91' lang='lat' dir='ltr'><strong><em>quod</em></strong></span> <span class='ocrx_word' id='word_1_450' title='bbox 1029 3019 1141 3079; x_wconf 88' lang='lat' dir='ltr'><strong><em>hoc</em></strong></span> <span class='ocrx_word' id='word_1_451' title='bbox 1172 3020 1244 3080; x_wconf 87' lang='lat' dir='ltr'><strong><em>sit</em></strong></span> <span class='ocrx_word' id='word_1_452' title='bbox 1296 3026 1498 3081; x_wconf 88' lang='lat' dir='ltr'><strong><em>contra</em></strong></span> <span class='ocrx_word' id='word_1_453' title='bbox 1528 3017 1758 3093; x_wconf 90' lang='lat' dir='ltr'><strong><em>Filium,</em></strong></span> <span class='ocrx_word' id='word_1_454' title='bbox 1819 3027 1943 3080; x_wconf 90' lang='lat' dir='ltr'><strong><em>tum</em></strong></span> <span class='ocrx_word' id='word_1_455' title='bbox 1985 3018 2137 3098; x_wconf 90' lang='lat' dir='ltr'><strong><em>quod</em></strong></span> 
     </span>
    </p>
   </div>
   <div class='ocr_carea' id='block_1_64' title="bbox 2224 3014 3866 3098">
    <p class='ocr_par' dir='ltr' id='par_1_64' title="bbox 2224 3014 3866 3092">
     <span class='ocr_line' id='line_1_64' title="bbox 2224 3014 3866 3092; baseline -0.001 -23"><span class='ocrx_word' id='word_1_456' title='bbox 2224 3014 2330 3086; x_wconf 74' lang='grc' dir='ltr'><strong><em>μήν</em></strong></span> <span class='ocrx_word' id='word_1_457' title='bbox 2399 3015 2472 3076; x_wconf 82' lang='grc' dir='ltr'>ὡς</span> <span class='ocrx_word' id='word_1_458' title='bbox 2527 3017 2616 3070; x_wconf 75' lang='grc' dir='ltr'><strong><em>καὶ</em></strong></span> <span class='ocrx_word' id='word_1_459' title='bbox 2671 3017 2736 3070; x_wconf 80' lang='grc' dir='ltr'>τὰ</span> <span class='ocrx_word' id='word_1_460' title='bbox 2791 3017 2926 3090; x_wconf 76' lang='grc' dir='ltr'>βάθη</span> <span class='ocrx_word' id='word_1_461' title='bbox 2970 3017 3062 3073; x_wconf 89' lang='grc' dir='ltr'><strong><em>τοῦ</em></strong></span> <span class='ocrx_word' id='word_1_462' title='bbox 3107 3019 3226 3074; x_wconf 84' lang='grc' dir='ltr'>Υίοῦ</span> <span class='ocrx_word' id='word_1_463' title='bbox 3255 3017 3317 3073; x_wconf 77' lang='grc' dir='ltr'><strong><em>τὸ</em></strong></span> <span class='ocrx_word' id='word_1_464' title='bbox 3371 3021 3582 3091; x_wconf 79' lang='grc' dir='ltr'>Πνεῦμα</span> <span class='ocrx_word' id='word_1_465' title='bbox 3607 3017 3670 3070; x_wconf 80' lang='lat'><strong>1‘0</strong></span> <span class='ocrx_word' id='word_1_466' title='bbox 3711 3014 3866 3092; x_wconf 79' lang='grc' dir='ltr'>ἅγιον</span> 
     </span>
    </p>
   </div>
   <div class='ocr_carea' id='block_1_65' title="bbox 488 3104 2141 3188">
    <p class='ocr_par' dir='ltr' id='par_1_65' title="bbox 488 3104 2141 3188">
     <span class='ocr_line' id='line_1_65' title="bbox 488 3104 2141 3188; baseline 0.002 -23"><span class='ocrx_word' id='word_1_467' title='bbox 488 3104 634 3166; x_wconf 90' lang='lat' dir='ltr'><strong><em>illud</em></strong></span> <span class='ocrx_word' id='word_1_468' title='bbox 665 3105 712 3165; x_wconf 92' lang='lat' dir='ltr'><strong><em>si</em></strong></span> <span class='ocrx_word' id='word_1_469' title='bbox 758 3116 963 3167; x_wconf 92' lang='lat' dir='ltr'><strong><em>contra</em></strong></span> <span class='ocrx_word' id='word_1_470' title='bbox 991 3105 1307 3188; x_wconf 87' lang='lat' dir='ltr'><strong><em>Spiritum:</em></strong></span> <span class='ocrx_word' id='word_1_471' title='bbox 1343 3109 1483 3188; x_wconf 90' lang='lat' dir='ltr'><strong><em>quin</em></strong></span> <span class='ocrx_word' id='word_1_472' title='bbox 1540 3107 1659 3168; x_wconf 92' lang='lat' dir='ltr'><strong><em>imo</em></strong></span> <span class='ocrx_word' id='word_1_473' title='bbox 1691 3114 1938 3187; x_wconf 90' lang='lat' dir='ltr'><strong><em>utraque</em></strong></span> <span class='ocrx_word' id='word_1_474' title='bbox 1966 3107 2141 3169; x_wconf 91' lang='lat' dir='ltr'><strong><em>simul</em></strong></span> 
     </span>
    </p>
   </div>
   <div class='ocr_carea' id='block_1_66' title="bbox 491 3195 2144 3278">
    <p class='ocr_par' dir='ltr' id='par_1_66' title="bbox 491 3195 2144 3278">
     <span class='ocr_line' id='line_1_66' title="bbox 491 3195 2144 3278; baseline 0.002 -24"><span class='ocrx_word' id='word_1_475' title='bbox 491 3202 695 3255; x_wconf 86' lang='lat' dir='ltr'><strong><em>contra</em></strong></span> <span class='ocrx_word' id='word_1_476' title='bbox 747 3203 1086 3276; x_wconf 89' lang='lat' dir='ltr'><strong><em>utrumque,</em></strong></span> <span class='ocrx_word' id='word_1_477' title='bbox 1117 3195 1330 3258; x_wconf 89' lang='lat' dir='ltr'><strong><em>Filium</em></strong></span> <span class='ocrx_word' id='word_1_478' title='bbox 1382 3215 1598 3278; x_wconf 88' lang='lat' dir='ltr'><strong><em>nempe</em></strong></span> <span class='ocrx_word' id='word_1_479' title='bbox 1627 3205 1686 3259; x_wconf 86' lang='lat' dir='ltr'><strong><em>et</em></strong></span> <span class='ocrx_word' id='word_1_480' title='bbox 1730 3197 2034 3277; x_wconf 87' lang='lat' dir='ltr'><strong><em>Spiritum.</em></strong></span> <span class='ocrx_word' id='word_1_481' title='bbox 2070 3197 2144 3260; x_wconf 89' lang='lat' dir='ltr'><strong><em>Et</em></strong></span> 
     </span>
    </p>
   </div>
   <div class='ocr_carea' id='block_1_67' title="bbox 488 3282 2140 3365">
    <p class='ocr_par' dir='ltr' id='par_1_67' title="bbox 488 3282 2140 3365">
     <span class='ocr_line' id='line_1_67' title="bbox 488 3282 2140 3365; baseline 0 -21"><span class='ocrx_word' id='word_1_482' title='bbox 488 3283 537 3344; x_wconf 82' lang='lat' dir='ltr'><strong><em>si</em></strong></span> <span class='ocrx_word' id='word_1_483' title='bbox 566 3282 690 3342; x_wconf 73' lang='lat' dir='ltr'><strong><em>haec</em></strong></span> <span class='ocrx_word' id='word_1_484' title='bbox 722 3285 800 3344; x_wconf 88' lang='lat' dir='ltr'><strong><em>ita</em></strong></span> <span class='ocrx_word' id='word_1_485' title='bbox 824 3293 984 3359; x_wconf 90' lang='lat' dir='ltr'><strong><em>sunt,</em></strong></span> <span class='ocrx_word' id='word_1_486' title='bbox 1017 3285 1156 3365; x_wconf 91' lang='lat' dir='ltr'><strong><em>quid</em></strong></span> <span class='ocrx_word' id='word_1_487' title='bbox 1189 3285 1505 3348; x_wconf 88' lang='lat' dir='ltr'><strong><em>dictionem</em></strong></span> <span class='ocrx_word' id='word_1_488' title='bbox 1552 3284 1892 3361; x_wconf 84' lang='lat' dir='ltr'><strong><em>investigas,</em></strong></span> <span class='ocrx_word' id='word_1_489' title='bbox 1925 3284 2140 3345; x_wconf 91' lang='lat' dir='ltr'><strong><em>dictio-</em></strong></span> 
     </span>
    </p>
   </div>
   <div class='ocr_carea' id='block_1_68' title="bbox 491 3371 2142 3452">
    <p class='ocr_par' dir='ltr' id='par_1_68' title="bbox 491 3371 2142 3452">
     <span class='ocr_line' id='line_1_68' title="bbox 491 3371 2142 3452; baseline 0.002 -21"><span class='ocrx_word' id='word_1_490' title='bbox 491 3371 582 3431; x_wconf 91' lang='lat' dir='ltr'><strong><em>nis</em></strong></span> <span class='ocrx_word' id='word_1_491' title='bbox 613 3373 964 3432; x_wconf 89' lang='lat' dir='ltr'><strong><em>sententiam</em></strong></span> <span class='ocrx_word' id='word_1_492' title='bbox 997 3373 1255 3433; x_wconf 80' lang='lat' dir='ltr'><strong><em>tenens?</em></strong></span> <span class='ocrx_word' id='word_1_493' title='bbox 1285 3372 1411 3434; x_wconf 89' lang='lat' dir='ltr'><strong><em>Non</em></strong></span> <span class='ocrx_word' id='word_1_494' title='bbox 1441 3374 1518 3434; x_wconf 89' lang='lat' dir='ltr'><strong><em>ita</em></strong></span> <span class='ocrx_word' id='word_1_495' title='bbox 1567 3373 1909 3452; x_wconf 92' lang='lat' dir='ltr'><strong><em>diviniloqui</em></strong></span> <span class='ocrx_word' id='word_1_496' title='bbox 1940 3376 2142 3436; x_wconf 87' lang='lat' dir='ltr'><strong><em>Patres</em></strong></span> 
     </span>
    </p>
   </div>
   <div class='ocr_carea' id='block_1_69' title="bbox 491 3459 2136 3537">
    <p class='ocr_par' dir='ltr' id='par_1_69' title="bbox 491 3459 2136 3537">
     <span class='ocr_line' id='line_1_69' title="bbox 491 3459 2136 3537; baseline 0.002 -16"><span class='ocrx_word' id='word_1_497' title='bbox 491 3461 698 3537; x_wconf 88' lang='lat' dir='ltr'><strong><em>nostri,</em></strong></span> <span class='ocrx_word' id='word_1_498' title='bbox 732 3478 852 3521; x_wconf 91' lang='lat' dir='ltr'><strong><em>non</em></strong></span> <span class='ocrx_word' id='word_1_499' title='bbox 875 3459 956 3521; x_wconf 85' lang='lat' dir='ltr'><strong><em>ita</em></strong></span> <span class='ocrx_word' id='word_1_500' title='bbox 984 3461 1222 3522; x_wconf 91' lang='lat' dir='ltr'><strong><em>dictioni</em></strong></span> <span class='ocrx_word' id='word_1_501' title='bbox 1275 3461 1454 3523; x_wconf 89' lang='lat' dir='ltr'><strong><em>simili</em></strong></span> <span class='ocrx_word' id='word_1_502' title='bbox 1483 3461 1782 3523; x_wconf 90' lang='lat' dir='ltr'><strong><em>mordicus</em></strong></span> <span class='ocrx_word' id='word_1_503' title='bbox 1812 3461 2136 3524; x_wconf 57' lang='lat' dir='ltr'><strong><em>adhaerent.</em></strong></span> 
     </span>
    </p>
   </div>
   <div class='ocr_carea' id='block_1_70' title="bbox 487 3548 2136 3630">
    <p class='ocr_par' dir='ltr' id='par_1_70' title="bbox 487 3548 2136 3630">
     <span class='ocr_line' id='line_1_70' title="bbox 487 3548 2136 3630; baseline -0.001 -19"><span class='ocrx_word' id='word_1_504' title='bbox 487 3548 559 3611; x_wconf 89' lang='lat' dir='ltr'><strong><em>Et</em></strong></span> <span class='ocrx_word' id='word_1_505' title='bbox 587 3548 894 3629; x_wconf 61' lang='lat' dir='ltr'><strong><em>prasentis</em></strong></span> <span class='ocrx_word' id='word_1_506' title='bbox 917 3549 1031 3609; x_wconf 89' lang='lat' dir='ltr'><strong><em>mei</em></strong></span> <span class='ocrx_word' id='word_1_507' title='bbox 1062 3549 1198 3610; x_wconf 89' lang='lat' dir='ltr'><strong><em>dicti</em></strong></span> <span class='ocrx_word' id='word_1_508' title='bbox 1224 3550 1386 3610; x_wconf 91' lang='lat' dir='ltr'><strong><em>testis</em></strong></span> <span class='ocrx_word' id='word_1_509' title='bbox 1410 3551 1644 3630; x_wconf 89' lang='lat' dir='ltr'><strong><em>sapiens</em></strong></span> <span class='ocrx_word' id='word_1_510' title='bbox 1673 3549 1918 3630; x_wconf 78' lang='lat' dir='ltr'><strong><em>Cyrillus</em></strong></span> <span class='ocrx_word' id='word_1_511' title='bbox 1944 3548 2136 3611; x_wconf 81' lang='lat' dir='ltr'><strong><em>fuerit.</em></strong></span> 
     </span>
    </p>
   </div>
   <div class='ocr_carea' id='block_1_71' title="bbox 491 3636 2142 3720">
    <p class='ocr_par' dir='ltr' id='par_1_71' title="bbox 491 3636 2142 3720">
     <span class='ocr_line' id='line_1_71' title="bbox 491 3636 2142 3720; baseline 0.001 -19"><span class='ocrx_word' id='word_1_512' title='bbox 491 3636 600 3701; x_wconf 87' lang='lat' dir='ltr'><strong><em>Hic</em></strong></span> <span class='ocrx_word' id='word_1_513' title='bbox 625 3638 842 3698; x_wconf 89' lang='lat' dir='ltr'><strong><em>etenim</em></strong></span> <span class='ocrx_word' id='word_1_514' title='bbox 872 3636 976 3698; x_wconf 92' lang='lat' dir='ltr'><strong><em>lib.</em></strong></span> <span class='ocrx_word' id='word_1_515' title='bbox 1007 3653 1091 3713; x_wconf 77' lang='lat' dir='ltr'><strong><em>VI,</em></strong></span> <span class='ocrx_word' id='word_1_516' title='bbox 1124 3637 1197 3698; x_wconf 93' lang='lat' dir='ltr'><strong><em>ad</em></strong></span> <span class='ocrx_word' id='word_1_517' title='bbox 1229 3639 1742 3712; x_wconf 48' lang='lat' dir='ltr'><strong><em>Hermiamd‘nunc</em></strong></span> <span class='ocrx_word' id='word_1_518' title='bbox 1770 3636 2007 3720; x_wconf 90' lang='lat' dir='ltr'><strong><em>quidem</em></strong></span> <span class='ocrx_word' id='word_1_519' title='bbox 2059 3642 2142 3706; x_wconf 86' lang='lat' dir='ltr'><strong><em>ait</em></strong></span> 
     </span>
    </p>
   </div>
   <div class='ocr_carea' id='block_1_72' title="bbox 490 3725 2135 3813">
    <p class='ocr_par' dir='ltr' id='par_1_72' title="bbox 490 3725 2135 3813">
     <span class='ocr_line' id='line_1_72' title="bbox 490 3725 2135 3813; baseline -0.001 -25"><span class='ocrx_word' id='word_1_520' title='bbox 490 3727 681 3807; x_wconf 87' lang='lat' dir='ltr'><strong><em>ipsam</em></strong></span> <span class='ocrx_word' id='word_1_521' title='bbox 703 3725 1108 3804; x_wconf 78' lang='lat' dir='ltr'><strong><em>evangelicam</em></strong></span> <span class='ocrx_word' id='word_1_522' title='bbox 1127 3726 1445 3788; x_wconf 89' lang='lat' dir='ltr'><strong><em>dictionem</em></strong></span> <span class='ocrx_word' id='word_1_523' title='bbox 1470 3745 1766 3808; x_wconf 88' lang='lat' dir='ltr'><strong><em>usurpans</em></strong></span> <span class='ocrx_word' id='word_1_524' title='bbox 1793 3730 2135 3813; x_wconf 89' lang='lat' dir='ltr'><strong><em>dicensque:</em></strong></span> 
     </span>
    </p>
   </div>
   <div class='ocr_carea' id='block_1_73' title="bbox 488 3813 2144 3899">
    <p class='ocr_par' dir='ltr' id='par_1_73' title="bbox 488 3813 2144 3899">
     <span class='ocr_line' id='line_1_73' title="bbox 488 3813 2144 3899; baseline 0.003 -22"><span class='ocrx_word' id='word_1_525' title='bbox 488 3816 670 3877; x_wconf 80' lang='lat' dir='ltr'><strong><em>Anne</em></strong></span> <span class='ocrx_word' id='word_1_526' title='bbox 713 3813 827 3876; x_wconf 86' lang='lat' dir='ltr'><strong><em>tibi</em></strong></span> <span class='ocrx_word' id='word_1_527' title='bbox 865 3815 1122 3894; x_wconf 82' lang='lat' dir='ltr'><strong><em>planum</em></strong></span> <span class='ocrx_word' id='word_1_528' title='bbox 1175 3822 1260 3877; x_wconf 88' lang='lat' dir='ltr'><strong><em>est</em></strong></span> <span class='ocrx_word' id='word_1_529' title='bbox 1310 3816 1657 3878; x_wconf 86' lang='lat' dir='ltr'><strong><em>antecedens</em></strong></span> <span class='ocrx_word' id='word_1_530' title='bbox 1713 3817 2042 3899; x_wconf 85' lang='lat' dir='ltr'><strong><em>eloquium,</em></strong></span> <span class='ocrx_word' id='word_1_531' title='bbox 2088 3827 2144 3882; x_wconf 87' lang='lat' dir='ltr'><strong><em>et</em></strong></span> 
     </span>
    </p>
   </div>
   <div class='ocr_carea' id='block_1_74' title="bbox 488 3903 2145 3983">
    <p class='ocr_par' dir='ltr' id='par_1_74' title="bbox 488 3903 2145 3983">
     <span class='ocr_line' id='line_1_74' title="bbox 488 3903 2145 3983; baseline 0.001 -17"><span class='ocrx_word' id='word_1_532' title='bbox 488 3904 718 3980; x_wconf 85' lang='lat' dir='ltr'><strong><em>vidisti,</em></strong></span> <span class='ocrx_word' id='word_1_533' title='bbox 728 3903 1024 3983; x_wconf 86' lang='lat' dir='ltr'><strong><em>Spiritum</em></strong></span> <span class='ocrx_word' id='word_1_534' title='bbox 1036 3904 1314 3966; x_wconf 87' lang='lat' dir='ltr'><strong><em>veritatis</em></strong></span> <span class='ocrx_word' id='word_1_535' title='bbox 1329 3911 1598 3968; x_wconf 88' lang='lat' dir='ltr'><strong><em>vocatum</em></strong></span> <span class='ocrx_word' id='word_1_536' title='bbox 1611 3907 2145 3971; x_wconf 82' lang='lat' dir='ltr'><strong><em>esseParacletum?</em></strong></span> 
     </span>
    </p>
   </div>
   <div class='ocr_carea' id='block_1_75' title="bbox 491 3993 2146 4076">
    <p class='ocr_par' dir='ltr' id='par_1_75' title="bbox 491 3993 2146 4076">
     <span class='ocr_line' id='line_1_75' title="bbox 491 3993 2146 4076; baseline 0.002 -20"><span class='ocrx_word' id='word_1_537' title='bbox 491 3994 671 4056; x_wconf 66' lang='lat' dir='ltr'><strong><em>Dixit</em></strong></span> <span class='ocrx_word' id='word_1_538' title='bbox 692 3993 1146 4072; x_wconf 85' lang='lat' dir='ltr'><strong><em>siquidemeum</em></strong></span> <span class='ocrx_word' id='word_1_539' title='bbox 1163 3994 1459 4074; x_wconf 84' lang='lat' dir='ltr'><strong><em>progredi</em></strong></span> <span class='ocrx_word' id='word_1_540' title='bbox 1469 4011 1543 4056; x_wconf 77' lang='lat' dir='ltr'><strong><em>ex</em></strong></span> <span class='ocrx_word' id='word_1_541' title='bbox 1556 3993 2146 4076; x_wconf 76' lang='lat' dir='ltr'><strong><em>Patre,quaecunque</em></strong></span> 
     </span>
    </p>
   </div>
   <div class='ocr_carea' id='block_1_76' title="bbox 492 4083 2147 4162">
    <p class='ocr_par' dir='ltr' id='par_1_76' title="bbox 492 4083 2147 4162">
     <span class='ocr_line' id='line_1_76' title="bbox 492 4083 2147 4162; baseline 0.001 -17"><span class='ocrx_word' id='word_1_542' title='bbox 492 4083 700 4146; x_wconf 88' lang='lat' dir='ltr'><strong><em>Patris</em></strong></span> <span class='ocrx_word' id='word_1_543' title='bbox 727 4088 1002 4143; x_wconf 90' lang='lat' dir='ltr'><strong><em>suntsua</em></strong></span> <span class='ocrx_word' id='word_1_544' title='bbox 1031 4098 1155 4143; x_wconf 87' lang='lat' dir='ltr'><strong><em>esse</em></strong></span> <span class='ocrx_word' id='word_1_545' title='bbox 1182 4083 1441 4162; x_wconf 78' lang='lat' dir='ltr'><strong><em>propria</em></strong></span> <span class='ocrx_word' id='word_1_546' title='bbox 1453 4093 1951 4151; x_wconf 86' lang='lat' dir='ltr'><strong><em>commonstrans.</em></strong></span> <span class='ocrx_word' id='word_1_547' title='bbox 1976 4088 2147 4150; x_wconf 91' lang='lat' dir='ltr'><strong><em>Nunc</em></strong></span> 
     </span>
    </p>
   </div>
   <div class='ocr_carea' id='block_1_77' title="bbox 495 4169 2147 4252">
    <p class='ocr_par' dir='ltr' id='par_1_77' title="bbox 495 4169 2147 4252">
     <span class='ocr_line' id='line_1_77' title="bbox 495 4169 2147 4252; baseline 0.002 -19"><span class='ocrx_word' id='word_1_548' title='bbox 495 4170 736 4251; x_wconf 83' lang='lat' dir='ltr'><strong><em>exponit</em></strong></span> <span class='ocrx_word' id='word_1_549' title='bbox 764 4169 1092 4233; x_wconf 89' lang='lat' dir='ltr'><strong><em>clarissime</em></strong></span> <span class='ocrx_word' id='word_1_550' title='bbox 1113 4178 1169 4232; x_wconf 90' lang='lat' dir='ltr'><strong><em>et</em></strong></span> <span class='ocrx_word' id='word_1_551' title='bbox 1185 4170 1523 4252; x_wconf 88' lang='lat' dir='ltr'><strong><em>perspicue,</em></strong></span> <span class='ocrx_word' id='word_1_552' title='bbox 1548 4172 1708 4236; x_wconf 87' lang='lat' dir='ltr'><strong><em>hunc</em></strong></span> <span class='ocrx_word' id='word_1_553' title='bbox 1723 4175 2048 4250; x_wconf 35' lang='lat' dir='ltr'><strong><em>inImodum</em></strong></span> <span class='ocrx_word' id='word_1_554' title='bbox 2073 4176 2147 4236; x_wconf 88' lang='lat' dir='ltr'><strong><em>de</em></strong></span> 
     </span>
    </p>
   </div>
   <div class='ocr_carea' id='block_1_78' title="bbox 491 4259 2148 4342">
    <p class='ocr_par' dir='ltr' id='par_1_78' title="bbox 491 4259 2148 4342">
     <span class='ocr_line' id='line_1_78' title="bbox 491 4259 2148 4342; baseline 0.001 -20"><span class='ocrx_word' id='word_1_555' title='bbox 491 4278 644 4322; x_wconf 91' lang='lat' dir='ltr'><strong><em>novo</em></strong></span> <span class='ocrx_word' id='word_1_556' title='bbox 677 4259 1004 4320; x_wconf 90' lang='lat' dir='ltr'><strong><em>orationem</em></strong></span> <span class='ocrx_word' id='word_1_557' title='bbox 1035 4259 1359 4340; x_wconf 90' lang='lat' dir='ltr'><strong><em>disponens</em></strong></span> <span class='ocrx_word' id='word_1_558' title='bbox 1387 4279 1400 4323; x_wconf 90' lang='lat'>:</span> <span class='ocrx_word' id='word_1_559' title='bbox 1433 4259 1736 4342; x_wconf 79' lang='lat' dir='ltr'><strong><em>Spiritum</em></strong></span> <span class='ocrx_word' id='word_1_560' title='bbox 1766 4281 1906 4327; x_wconf 89' lang='lat' dir='ltr'><strong><em>vero</em></strong></span> <span class='ocrx_word' id='word_1_561' title='bbox 1935 4264 2148 4326; x_wconf 88' lang='lat' dir='ltr'><strong><em>Patris</em></strong></span> 
     </span>
    </p>
   </div>
   <div class='ocr_carea' id='block_1_79' title="bbox 491 4343 2462 4431">
    <p class='ocr_par' dir='ltr' id='par_1_79' title="bbox 491 4343 2462 4431">
     <span class='ocr_line' id='line_1_79' title="bbox 491 4343 2462 4431; baseline 0.001 -21"><span class='ocrx_word' id='word_1_562' title='bbox 491 4347 651 4411; x_wconf 82' lang='lat' dir='ltr'><strong><em>Filii</em></strong></span> <span class='ocrx_word' id='word_1_563' title='bbox 675 4348 977 4428; x_wconf 82' lang='lat' dir='ltr'><strong><em>Spiritum</em></strong></span> <span class='ocrx_word' id='word_1_564' title='bbox 1007 4366 1131 4411; x_wconf 88' lang='lat' dir='ltr'><strong><em>esse</em></strong></span> <span class='ocrx_word' id='word_1_565' title='bbox 1150 4351 1278 4430; x_wconf 85' lang='lat' dir='ltr'><strong><em>ipse</em></strong></span> <span class='ocrx_word' id='word_1_566' title='bbox 1301 4357 1359 4411; x_wconf 92' lang='lat' dir='ltr'><strong><em>te</em></strong></span> <span class='ocrx_word' id='word_1_567' title='bbox 1379 4367 1497 4430; x_wconf 92' lang='lat' dir='ltr'><strong><em>per</em></strong></span> <span class='ocrx_word' id='word_1_568' title='bbox 1509 4352 1770 4431; x_wconf 88' lang='lat' dir='ltr'><strong><em>seipsum</em></strong></span> <span class='ocrx_word' id='word_1_569' title='bbox 1800 4353 2038 4415; x_wconf 82' lang='lat' dir='ltr'><strong><em>docebit</em></strong></span> <span class='ocrx_word' id='word_1_570' title='bbox 2057 4353 2149 4416; x_wconf 89' lang='lat' dir='ltr'><strong><em>di-</em></strong></span> <span class='ocrx_word' id='word_1_571' title='bbox 2170 4374 2214 4425; x_wconf 84' lang='grc' dir='ltr'>ι)</span> <span class='ocrx_word' id='word_1_572' title='bbox 2231 4343 2410 4422; x_wconf 79' lang='grc' dir='ltr'>λόγιον</span> <span class='ocrx_word' id='word_1_573' title='bbox 2446 4391 2462 4424; x_wconf 87' lang='grc'><strong>,</strong></span> 
     </span>
    </p>
   </div>
   <div class='ocr_carea' id='block_1_80' title="bbox 492 4436 2150 4520">
    <p class='ocr_par' dir='ltr' id='par_1_80' title="bbox 492 4436 2150 4520">
     <span class='ocr_line' id='line_1_80' title="bbox 492 4436 2150 4520; baseline 0.003 -22"><span class='ocrx_word' id='word_1_574' title='bbox 492 4454 630 4500; x_wconf 83' lang='lat' dir='ltr'><strong><em>cens</em></strong></span> <span class='ocrx_word' id='word_1_575' title='bbox 657 4457 674 4498; x_wconf 92' lang='lat'><strong>:</strong></span> <span class='ocrx_word' id='word_1_576' title='bbox 704 4461 732 4493; x_wconf 75' lang='grc' dir='ltr'>ι</span> <span class='ocrx_word' id='word_1_577' title='bbox 769 4438 919 4499; x_wconf 85' lang='lat' dir='ltr'><strong><em>Cum</em></strong></span> <span class='ocrx_word' id='word_1_578' title='bbox 944 4442 1182 4500; x_wconf 88' lang='lat' dir='ltr'><strong><em>venerit</em></strong></span> <span class='ocrx_word' id='word_1_579' title='bbox 1207 4436 1763 4520; x_wconf 84' lang='lat' dir='ltr'><strong><em>Paractetus,quem</em></strong></span> <span class='ocrx_word' id='word_1_580' title='bbox 1785 4458 1888 4520; x_wconf 91' lang='lat' dir='ltr'><strong><em>ego</em></strong></span> <span class='ocrx_word' id='word_1_581' title='bbox 1908 4445 2150 4505; x_wconf 84' lang='lat' dir='ltr'><strong><em>mittam</em></strong></span> 
     </span>
    </p>
   </div>
   <div class='ocr_carea' id='block_1_81' title="bbox 493 4524 2148 4610">
    <p class='ocr_par' dir='ltr' id='par_1_81' title="bbox 493 4524 2148 4610">
     <span class='ocr_line' id='line_1_81' title="bbox 493 4524 2148 4610; baseline 0.002 -22"><span class='ocrx_word' id='word_1_582' title='bbox 493 4525 661 4588; x_wconf 83' lang='lat' dir='ltr'><strong><em>vobis</em></strong></span> <span class='ocrx_word' id='word_1_583' title='bbox 681 4543 720 4588; x_wconf 86' lang='grc' dir='ltr'><strong><em>α</em></strong></span> <span class='ocrx_word' id='word_1_584' title='bbox 750 4524 961 4607; x_wconf 89' lang='lat' dir='ltr'><strong><em>Patre,</em></strong></span> <span class='ocrx_word' id='word_1_585' title='bbox 991 4525 1264 4606; x_wconf 87' lang='lat' dir='ltr'><strong><em>Spiritus</em></strong></span> <span class='ocrx_word' id='word_1_586' title='bbox 1289 4529 1706 4609; x_wconf 84' lang='lat' dir='ltr'><strong><em>veritatis,qui</em></strong></span> <span class='ocrx_word' id='word_1_587' title='bbox 1725 4548 1764 4592; x_wconf 91' lang='lat' dir='ltr'><strong><em>a</em></strong></span> <span class='ocrx_word' id='word_1_588' title='bbox 1793 4532 1982 4594; x_wconf 90' lang='lat' dir='ltr'><strong><em>Patre</em></strong></span> <span class='ocrx_word' id='word_1_589' title='bbox 2005 4548 2148 4610; x_wconf 90' lang='lat' dir='ltr'><strong><em>pro-</em></strong></span> 
     </span>
    </p>
   </div>
   <div class='ocr_carea' id='block_1_82' title="bbox 495 4613 2144 4697">
    <p class='ocr_par' dir='ltr' id='par_1_82' title="bbox 495 4613 2144 4697">
     <span class='ocr_line' id='line_1_82' title="bbox 495 4613 2144 4697; baseline 0.001 -19"><span class='ocrx_word' id='word_1_590' title='bbox 495 4614 656 4678; x_wconf 86' lang='lat' dir='ltr'><strong><em>cedit</em></strong></span> <span class='ocrx_word' id='word_1_591' title='bbox 683 4633 706 4692; x_wconf 89' lang='lat'><em>;</em></span> <span class='ocrx_word' id='word_1_592' title='bbox 735 4613 861 4690; x_wconf 79' lang='lat' dir='ltr'><strong><em>ille,</em></strong></span> <span class='ocrx_word' id='word_1_593' title='bbox 914 4615 1024 4690; x_wconf 86' lang='lat' dir='ltr'><strong><em>ait,</em></strong></span> <span class='ocrx_word' id='word_1_594' title='bbox 1058 4617 1464 4678; x_wconf 85' lang='lat' dir='ltr'><strong><em>testimonium</em></strong></span> <span class='ocrx_word' id='word_1_595' title='bbox 1487 4617 1829 4697; x_wconf 84' lang='lat' dir='ltr'><strong><em>perhibebit</em></strong></span> <span class='ocrx_word' id='word_1_596' title='bbox 1869 4619 1940 4681; x_wconf 89' lang='lat' dir='ltr'><strong><em>de</em></strong></span> <span class='ocrx_word' id='word_1_597' title='bbox 1967 4638 2080 4680; x_wconf 90' lang='lat' dir='ltr'><strong><em>me.</em></strong></span> <span class='ocrx_word' id='word_1_598' title='bbox 2115 4640 2144 4680; x_wconf 82' lang='grc'><strong>›</strong></span> 
     </span>
    </p>
   </div>
   <div class='ocr_carea' id='block_1_83' title="bbox 493 4703 2153 4788">
    <p class='ocr_par' dir='ltr' id='par_1_83' title="bbox 493 4703 2153 4788">
     <span class='ocr_line' id='line_1_83' title="bbox 493 4703 2153 4788; baseline 0.004 -24"><span class='ocrx_word' id='word_1_599' title='bbox 493 4703 1009 4783; x_wconf 83' lang='lat' dir='ltr'><strong><em>Intelligisitaque</em></strong></span> <span class='ocrx_word' id='word_1_600' title='bbox 1020 4705 1312 4784; x_wconf 89' lang='lat' dir='ltr'><strong><em>quomodo</em></strong></span> <span class='ocrx_word' id='word_1_601' title='bbox 1317 4707 1822 4785; x_wconf 87' lang='lat' dir='ltr'><strong><em>promittatnobis</em></strong></span> <span class='ocrx_word' id='word_1_602' title='bbox 1827 4709 2153 4788; x_wconf 87' lang='lat' dir='ltr'><strong><em>proprium</em></strong></span> 
     </span>
    </p>
   </div>
   <div class='ocr_carea' id='block_1_84' title="bbox 492 4791 2148 4877">
    <p class='ocr_par' dir='ltr' id='par_1_84' title="bbox 492 4791 2148 4877">
     <span class='ocr_line' id='line_1_84' title="bbox 492 4791 2148 4877; baseline 0.003 -24"><span class='ocrx_word' id='word_1_603' title='bbox 492 4792 753 4856; x_wconf 73' lang='lat' dir='ltr'><strong><em>exPatre</em></strong></span> <span class='ocrx_word' id='word_1_604' title='bbox 765 4791 1398 4872; x_wconf 80' lang='lat' dir='ltr'><strong><em>mittere;etSptritum</em></strong></span> <span class='ocrx_word' id='word_1_605' title='bbox 1413 4795 1658 4874; x_wconf 87' lang='lat' dir='ltr'><strong><em>quidem</em></strong></span> <span class='ocrx_word' id='word_1_606' title='bbox 1671 4797 1946 4858; x_wconf 87' lang='lat' dir='ltr'><strong><em>veritatis</em></strong></span> <span class='ocrx_word' id='word_1_607' title='bbox 1959 4806 2148 4877; x_wconf 89' lang='lat' dir='ltr'><strong><em>vocat,</em></strong></span> 
     </span>
    </p>
   </div>
   <div class='ocr_carea' id='block_1_85' title="bbox 493 4879 2152 4960">
    <p class='ocr_par' dir='ltr' id='par_1_85' title="bbox 493 4879 2152 4960">
     <span class='ocr_line' id='line_1_85' title="bbox 493 4879 2152 4960; baseline 0.002 -18"><span class='ocrx_word' id='word_1_608' title='bbox 493 4879 722 4958; x_wconf 78' lang='lat' dir='ltr'><strong><em>effundi</em></strong></span> <span class='ocrx_word' id='word_1_609' title='bbox 741 4897 878 4943; x_wconf 88' lang='lat' dir='ltr'><strong><em>vero</em></strong></span> <span class='ocrx_word' id='word_1_610' title='bbox 897 4881 1094 4960; x_wconf 86' lang='lat' dir='ltr'><strong><em>ipsum</em></strong></span> <span class='ocrx_word' id='word_1_611' title='bbox 1115 4883 1383 4944; x_wconf 73' lang='lat' dir='ltr'><strong><em>exPatre</em></strong></span> <span class='ocrx_word' id='word_1_612' title='bbox 1399 4882 1861 4946; x_wconf 80' lang='lat' dir='ltr'><strong><em>determinavit.</em></strong></span> <span class='ocrx_word' id='word_1_613' title='bbox 1885 4883 1988 4947; x_wconf 87' lang='lat' dir='ltr'><strong><em>Sic</em></strong></span> <span class='ocrx_word' id='word_1_614' title='bbox 2007 4889 2152 4946; x_wconf 84' lang='lat' dir='ltr'><strong><em>item</em></strong></span> 
     </span>
    </p>
   </div>
   <div class='ocr_carea' id='block_1_86' title="bbox 493 4969 2154 5052">
    <p class='ocr_par' dir='ltr' id='par_1_86' title="bbox 493 4969 2154 5052">
     <span class='ocr_line' id='line_1_86' title="bbox 493 4969 2154 5052; baseline 0.001 -20"><span class='ocrx_word' id='word_1_615' title='bbox 493 4969 568 5032; x_wconf 89' lang='lat' dir='ltr'><strong><em>de</em></strong></span> <span class='ocrx_word' id='word_1_616' title='bbox 578 4971 896 5048; x_wconf 88' lang='lat' dir='ltr'><strong><em>semetipso</em></strong></span> <span class='ocrx_word' id='word_1_617' title='bbox 910 4971 1317 5032; x_wconf 85' lang='lat' dir='ltr'><strong><em>testimonium</em></strong></span> <span class='ocrx_word' id='word_1_618' title='bbox 1323 4969 1567 5050; x_wconf 80' lang='lat' dir='ltr'><strong><em>perhibi</em></strong></span> <span class='ocrx_word' id='word_1_619' title='bbox 1572 4976 1775 5033; x_wconf 87' lang='lat' dir='ltr'><strong><em>turum</em></strong></span> <span class='ocrx_word' id='word_1_620' title='bbox 1781 4982 2062 5052; x_wconf 83' lang='lat' dir='ltr'><strong><em>promunt</em></strong></span> <span class='ocrx_word' id='word_1_621' title='bbox 2069 4975 2154 5034; x_wconf 87' lang='lat' dir='ltr'><strong><em>ia—</em></strong></span> 
     </span>
    </p>
   </div>
   <div class='ocr_carea' id='block_1_87' title="bbox 495 5057 2152 5140">
    <p class='ocr_par' dir='ltr' id='par_1_87' title="bbox 495 5057 2152 5140">
     <span class='ocr_line' id='line_1_87' title="bbox 495 5057 2152 5140; baseline 0 -20"><span class='ocrx_word' id='word_1_622' title='bbox 495 5060 605 5122; x_wconf 89' lang='lat' dir='ltr'><strong><em>vit.</em></strong></span> <span class='ocrx_word' id='word_1_623' title='bbox 628 5057 765 5121; x_wconf 66' lang='lat' dir='ltr'><strong><em>Haac</em></strong></span> <span class='ocrx_word' id='word_1_624' title='bbox 777 5057 852 5120; x_wconf 87' lang='lat' dir='ltr'><strong><em>ad</em></strong></span> <span class='ocrx_word' id='word_1_625' title='bbox 869 5057 1172 5120; x_wconf 87' lang='lat' dir='ltr'><strong><em>Hermiam</em></strong></span> <span class='ocrx_word' id='word_1_626' title='bbox 1192 5059 1469 5139; x_wconf 83' lang='lat' dir='ltr'><strong><em>Cyrillus,</em></strong></span> <span class='ocrx_word' id='word_1_627' title='bbox 1497 5067 1799 5120; x_wconf 89' lang='lat' dir='ltr'><strong><em>rectorum</em></strong></span> <span class='ocrx_word' id='word_1_628' title='bbox 1815 5060 2152 5140; x_wconf 82' lang='lat' dir='ltr'><strong><em>dogmatum</em></strong></span> 
     </span>
    </p>
   </div>
   <div class='ocr_carea' id='block_1_88' title="bbox 495 5145 2152 5228">
    <p class='ocr_par' dir='ltr' id='par_1_88' title="bbox 495 5145 2152 5228">
     <span class='ocr_line' id='line_1_88' title="bbox 495 5145 2152 5228; baseline 0.001 -20"><span class='ocrx_word' id='word_1_629' title='bbox 495 5154 919 5228; x_wconf 74' lang='lat' dir='ltr'><strong><em>propugnator,</em></strong></span> <span class='ocrx_word' id='word_1_630' title='bbox 940 5145 1192 5208; x_wconf 71' lang='lat' dir='ltr'><strong><em>diversis</em></strong></span> <span class='ocrx_word' id='word_1_631' title='bbox 1206 5147 1475 5227; x_wconf 82' lang='lat' dir='ltr'><strong><em>ejusdem</em></strong></span> <span class='ocrx_word' id='word_1_632' title='bbox 1492 5147 1777 5210; x_wconf 88' lang='lat' dir='ltr'><strong><em>orationis</em></strong></span> <span class='ocrx_word' id='word_1_633' title='bbox 1796 5148 1940 5210; x_wconf 89' lang='lat' dir='ltr'><strong><em>locis</em></strong></span> <span class='ocrx_word' id='word_1_634' title='bbox 1958 5149 2152 5228; x_wconf 85' lang='lat' dir='ltr'><strong><em>expla-</em></strong></span> 
     </span>
    </p>
   </div>
   <div class='ocr_carea' id='block_1_89' title="bbox 2226 3098 3869 3185">
    <p class='ocr_par' dir='ltr' id='par_1_89' title="bbox 2226 3098 3869 3185">
     <span class='ocr_line' id='line_1_89' title="bbox 2226 3098 3869 3185; baseline 0.002 -29"><span class='ocrx_word' id='word_1_635' title='bbox 2226 3098 2394 3175; x_wconf 74' lang='grc' dir='ltr'>οἶδεν,</span> <span class='ocrx_word' id='word_1_636' title='bbox 2441 3105 2536 3160; x_wconf 79' lang='grc' dir='ltr'><strong><em>οὐκ</em></strong></span> <span class='ocrx_word' id='word_1_637' title='bbox 2603 3103 2864 3182; x_wconf 80' lang='grc' dir='ltr'>ἀντερεῖς·</span> <span class='ocrx_word' id='word_1_638' title='bbox 2897 3104 3108 3185; x_wconf 77' lang='grc' dir='ltr'>ἐπείπερ</span> <span class='ocrx_word' id='word_1_639' title='bbox 3141 3107 3269 3169; x_wconf 84' lang='grc' dir='ltr'>Θεὸς</span> <span class='ocrx_word' id='word_1_640' title='bbox 3301 3105 3442 3160; x_wconf 81' lang='grc' dir='ltr'>ἐστιν</span> <span class='ocrx_word' id='word_1_641' title='bbox 3484 3104 3687 3172; x_wconf 82' lang='grc' dir='ltr'>ἀληθὴς</span> <span class='ocrx_word' id='word_1_642' title='bbox 3731 3105 3869 3160; x_wconf 80' lang='grc' dir='ltr'>κατά</span> 
     </span>
    </p>
   </div>
   <div class='ocr_carea' id='block_1_90' title="bbox 2223 3189 3866 3265">
    <p class='ocr_par' dir='ltr' id='par_1_90' title="bbox 2223 3189 3866 3265">
     <span class='ocr_line' id='line_1_90' title="bbox 2223 3189 3866 3265; baseline 0.001 -22"><span class='ocrx_word' id='word_1_643' title='bbox 2223 3189 2313 3245; x_wconf 87' lang='grc' dir='ltr'>τὸν</span> <span class='ocrx_word' id='word_1_644' title='bbox 2370 3191 2598 3265; x_wconf 77' lang='grc' dir='ltr'>Πατέρα,</span> <span class='ocrx_word' id='word_1_645' title='bbox 2654 3194 2740 3248; x_wconf 79' lang='grc' dir='ltr'><strong><em>καὶ</em></strong></span> <span class='ocrx_word' id='word_1_646' title='bbox 2822 3192 2886 3263; x_wconf 79' lang='grc' dir='ltr'>δή</span> <span class='ocrx_word' id='word_1_647' title='bbox 2944 3195 3030 3250; x_wconf 86' lang='grc' dir='ltr'>καὶ</span> <span class='ocrx_word' id='word_1_648' title='bbox 3083 3195 3407 3255; x_wconf 80' lang='grc' dir='ltr'>πιστεὺεται,</span> <span class='ocrx_word' id='word_1_649' title='bbox 3442 3194 3651 3251; x_wconf 84' lang='grc' dir='ltr'>Τοὺτων</span> <span class='ocrx_word' id='word_1_650' title='bbox 3682 3193 3866 3249; x_wconf 76' lang='grc' dir='ltr'>οὒκοῠν</span> 
     </span>
    </p>
   </div>
   <div class='ocr_carea' id='block_1_91' title="bbox 2223 3277 3867 3360">
    <p class='ocr_par' dir='ltr' id='par_1_91' title="bbox 2223 3277 3867 3360">
     <span class='ocr_line' id='line_1_91' title="bbox 2223 3277 3867 3360; baseline 0.002 -28"><span class='ocrx_word' id='word_1_651' title='bbox 2223 3279 2251 3332; x_wconf 98' lang='lat'>6</span> <span class='ocrx_word' id='word_1_652' title='bbox 2321 3277 2656 3360; x_wconf 74' lang='grc' dir='ltr'><strong><em>μαχόμενος³</em></strong></span> <span class='ocrx_word' id='word_1_653' title='bbox 2709 3280 2762 3336; x_wconf 81' lang='grc' dir='ltr'><strong><em>εἴ</em></strong></span> <span class='ocrx_word' id='word_1_654' title='bbox 2819 3283 2920 3339; x_wconf 88' lang='grc' dir='ltr'><strong><em>πού</em></strong></span> <span class='ocrx_word' id='word_1_655' title='bbox 2961 3305 3039 3347; x_wconf 89' lang='grc' dir='ltr'><strong><em>τις</em></strong></span> <span class='ocrx_word' id='word_1_656' title='bbox 3071 3283 3160 3338; x_wconf 81' lang='grc' dir='ltr'>καὶ</span> <span class='ocrx_word' id='word_1_657' title='bbox 3201 3283 3357 3338; x_wconf 83' lang='grc' dir='ltr'>εἰσέτι</span> <span class='ocrx_word' id='word_1_658' title='bbox 3387 3280 3564 3345; x_wconf 78' lang='grc' dir='ltr'>τελεῖς</span> <span class='ocrx_word' id='word_1_659' title='bbox 3593 3284 3656 3337; x_wconf 78' lang='grc' dir='ltr'>τὸ</span> <span class='ocrx_word' id='word_1_660' title='bbox 3685 3282 3867 3358; x_wconf 81' lang='grc' dir='ltr'>παρά-</span> 
     </span>
    </p>
   </div>
   <div class='ocr_carea' id='block_1_92' title="bbox 2223 3367 3867 3448">
    <p class='ocr_par' dir='ltr' id='par_1_92' title="bbox 2223 3367 3867 3448">
     <span class='ocr_line' id='line_1_92' title="bbox 2223 3367 3867 3448; baseline 0.001 -26"><span class='ocrx_word' id='word_1_661' title='bbox 2223 3388 2347 3441; x_wconf 80' lang='grc' dir='ltr'>παν,</span> <span class='ocrx_word' id='word_1_662' title='bbox 2425 3371 2518 3424; x_wconf 75' lang='grc' dir='ltr'><strong><em>οὐκ</em></strong></span> <span class='ocrx_word' id='word_1_663' title='bbox 2572 3367 2632 3422; x_wconf 78' lang='grc' dir='ltr'><strong><em>ἄν</em></strong></span> <span class='ocrx_word' id='word_1_664' title='bbox 2663 3369 3055 3445; x_wconf 79' lang='grc' dir='ltr'>ἀποτολμήσεις</span> <span class='ocrx_word' id='word_1_665' title='bbox 3088 3367 3233 3428; x_wconf 81' lang='grc' dir='ltr'>οὐδὲν</span> <span class='ocrx_word' id='word_1_666' title='bbox 3272 3370 3752 3448; x_wconf 66' lang='grc' dir='ltr'>παρακρούσασθαι,</span> <span class='ocrx_word' id='word_1_667' title='bbox 3801 3371 3867 3424; x_wconf 78' lang='grc' dir='ltr'><strong><em>τὸ</em></strong></span> 
     </span>
    </p>
   </div>
   <div class='ocr_carea' id='block_1_93' title="bbox 2223 3456 3863 3532">
    <p class='ocr_par' dir='ltr' id='par_1_93' title="bbox 2223 3456 3863 3532">
     <span class='ocr_line' id='line_1_93' title="bbox 2223 3456 3863 3532; baseline 0.002 -24"><span class='ocrx_word' id='word_1_668' title='bbox 2223 3457 2321 3529; x_wconf 82' lang='grc' dir='ltr'>μὲν</span> <span class='ocrx_word' id='word_1_669' title='bbox 2388 3456 2468 3510; x_wconf 85' lang='grc' dir='ltr'>ὃτι</span> <span class='ocrx_word' id='word_1_670' title='bbox 2524 3457 2658 3512; x_wconf 83' lang='grc' dir='ltr'>κατὰ</span> <span class='ocrx_word' id='word_1_671' title='bbox 2687 3463 2779 3513; x_wconf 90' lang='grc' dir='ltr'><strong><em>τοῦ</em></strong></span> <span class='ocrx_word' id='word_1_672' title='bbox 2839 3461 2979 3532; x_wconf 80' lang='grc' dir='ltr'>Υίοῦ,</span> <span class='ocrx_word' id='word_1_673' title='bbox 3027 3461 3088 3514; x_wconf 83' lang='grc' dir='ltr'>τὸ</span> <span class='ocrx_word' id='word_1_674' title='bbox 3117 3456 3170 3512; x_wconf 77' lang='grc' dir='ltr'><strong><em>δὲ</em></strong></span> <span class='ocrx_word' id='word_1_675' title='bbox 3201 3457 3282 3512; x_wconf 82' lang='grc' dir='ltr'><strong><em>ὅτι</em></strong></span> <span class='ocrx_word' id='word_1_676' title='bbox 3327 3459 3458 3515; x_wconf 77' lang='grc' dir='ltr'>κατὰ</span> <span class='ocrx_word' id='word_1_677' title='bbox 3486 3465 3575 3514; x_wconf 83' lang='grc' dir='ltr'><strong><em>τοῦ</em></strong></span> <span class='ocrx_word' id='word_1_678' title='bbox 3609 3458 3863 3532; x_wconf 79' lang='grc' dir='ltr'>Πνεῦμα-</span> 
     </span>
    </p>
   </div>
   <div class='ocr_carea' id='block_1_94' title="bbox 2221 3541 3868 3626">
    <p class='ocr_par' dir='ltr' id='par_1_94' title="bbox 2221 3541 3868 3626">
     <span class='ocr_line' id='line_1_94' title="bbox 2221 3541 3868 3626; baseline 0.002 -29"><span class='ocrx_word' id='word_1_679' title='bbox 2221 3563 2335 3621; x_wconf 79' lang='grc' dir='ltr'><strong><em>τος³</em></strong></span> <span class='ocrx_word' id='word_1_680' title='bbox 2397 3541 2597 3619; x_wconf 80' lang='grc' dir='ltr'>μᾶλλον</span> <span class='ocrx_word' id='word_1_681' title='bbox 2651 3543 2705 3600; x_wconf 82' lang='grc' dir='ltr'><strong><em>δὲ</em></strong></span> <span class='ocrx_word' id='word_1_682' title='bbox 2762 3548 2849 3602; x_wconf 85' lang='grc' dir='ltr'>καὶ</span> <span class='ocrx_word' id='word_1_683' title='bbox 2903 3547 3172 3626; x_wconf 77' lang='grc' dir='ltr'>ἀμφότερα</span> <span class='ocrx_word' id='word_1_684' title='bbox 3242 3546 3354 3602; x_wconf 83' lang='grc' dir='ltr'>καθ’</span> <span class='ocrx_word' id='word_1_685' title='bbox 3403 3546 3663 3623; x_wconf 78' lang='grc' dir='ltr'>ἑκατέρων</span> <span class='ocrx_word' id='word_1_686' title='bbox 3703 3547 3868 3620; x_wconf 78' lang='grc' dir='ltr'>ὁμοῦ,</span> 
     </span>
    </p>
   </div>
   <div class='ocr_carea' id='block_1_95' title="bbox 2221 3630 3869 3710">
    <p class='ocr_par' dir='ltr' id='par_1_95' title="bbox 2221 3630 3869 3710">
     <span class='ocr_line' id='line_1_95' title="bbox 2221 3630 3869 3710; baseline 0.003 -26"><span class='ocrx_word' id='word_1_687' title='bbox 2221 3630 2456 3687; x_wconf 81' lang='grc' dir='ltr'>τουτέστι</span> <span class='ocrx_word' id='word_1_688' title='bbox 2511 3634 2646 3690; x_wconf 86' lang='grc' dir='ltr'><strong><em>κατά</em></strong></span> <span class='ocrx_word' id='word_1_689' title='bbox 2714 3643 2806 3692; x_wconf 87' lang='grc' dir='ltr'><strong><em>τοῦ</em></strong></span> <span class='ocrx_word' id='word_1_690' title='bbox 2840 3637 2958 3691; x_wconf 82' lang='grc' dir='ltr'>Υἱοῦ</span> <span class='ocrx_word' id='word_1_691' title='bbox 3011 3637 3098 3692; x_wconf 81' lang='grc' dir='ltr'><strong><em>καὶ</em></strong></span> <span class='ocrx_word' id='word_1_692' title='bbox 3164 3641 3256 3691; x_wconf 91' lang='grc' dir='ltr'><strong><em>τοῦ</em></strong></span> <span class='ocrx_word' id='word_1_693' title='bbox 3288 3635 3614 3710; x_wconf 82' lang='grc' dir='ltr'>Πνεύματος,</span> <span class='ocrx_word' id='word_1_694' title='bbox 3663 3636 3760 3692; x_wconf 79' lang='grc' dir='ltr'><strong><em>Καὶ</em></strong></span> <span class='ocrx_word' id='word_1_695' title='bbox 3819 3635 3869 3689; x_wconf 77' lang='grc' dir='ltr'>εἰ</span> 
     </span>
    </p>
   </div>
   <div class='ocr_carea' id='block_1_96' title="bbox 2221 3721 3872 3801">
    <p class='ocr_par' dir='ltr' id='par_1_96' title="bbox 2221 3721 3872 3801">
     <span class='ocr_line' id='line_1_96' title="bbox 2221 3721 3872 3801; baseline 0.002 -28"><span class='ocrx_word' id='word_1_696' title='bbox 2221 3726 2410 3792; x_wconf 83' lang='grc' dir='ltr'>ταῦτα,</span> <span class='ocrx_word' id='word_1_697' title='bbox 2467 3722 2513 3775; x_wconf 84' lang='grc' dir='ltr'><strong><em>τί</em></strong></span> <span class='ocrx_word' id='word_1_698' title='bbox 2539 3721 2637 3788; x_wconf 75' lang='grc' dir='ltr'><strong><em>την</em></strong></span> <span class='ocrx_word' id='word_1_699' title='bbox 2709 3721 2848 3788; x_wconf 81' lang='grc' dir='ltr'>λέξιν</span> <span class='ocrx_word' id='word_1_700' title='bbox 2889 3731 3073 3794; x_wconf 75' lang='grc' dir='ltr'>ζητεῖς</span> <span class='ocrx_word' id='word_1_701' title='bbox 3114 3726 3216 3792; x_wconf 75' lang='grc' dir='ltr'>τὴν</span> <span class='ocrx_word' id='word_1_702' title='bbox 3252 3723 3345 3791; x_wconf 74' lang='grc' dir='ltr'><strong><em>τῆς</em></strong></span> <span class='ocrx_word' id='word_1_703' title='bbox 3375 3721 3565 3801; x_wconf 77' lang='grc' dir='ltr'>λέξεως</span> <span class='ocrx_word' id='word_1_704' title='bbox 3613 3721 3756 3801; x_wconf 80' lang='grc' dir='ltr'>ἔχων</span> <span class='ocrx_word' id='word_1_705' title='bbox 3784 3724 3872 3777; x_wconf 67' lang='grc' dir='ltr'><strong><em>ἔνο</em></strong></span> 
     </span>
    </p>
   </div>
   <div class='ocr_carea' id='block_1_97' title="bbox 2227 3798 3872 3893">
    <p class='ocr_par' dir='ltr' id='par_1_97' title="bbox 2227 3798 3872 3893">
     <span class='ocr_line' id='line_1_97' title="bbox 2227 3798 3872 3893; baseline 0.006 -32"><span class='ocrx_word' id='word_1_706' title='bbox 2227 3827 2420 3887; x_wconf 68' lang='grc' dir='ltr'>νοιανς</span> <span class='ocrx_word' id='word_1_707' title='bbox 2467 3808 2584 3889; x_wconf 75' lang='grc' dir='ltr'><strong><em>Οὐχ</em></strong></span> <span class='ocrx_word' id='word_1_708' title='bbox 2631 3809 2794 3876; x_wconf 76' lang='grc' dir='ltr'>οὕτως</span> <span class='ocrx_word' id='word_1_709' title='bbox 2851 3815 2896 3868; x_wconf 86' lang='grc' dir='ltr'>οἱ</span> <span class='ocrx_word' id='word_1_710' title='bbox 2947 3813 3250 3893; x_wconf 81' lang='grc' dir='ltr'>θεόιρθογγοι</span> <span class='ocrx_word' id='word_1_711' title='bbox 3296 3798 3520 3890; x_wconf 70' lang='grc' dir='ltr'>Πττέβες</span> <span class='ocrx_word' id='word_1_712' title='bbox 3552 3798 3728 3886; x_wconf 64' lang='grc' dir='ltr'>ἡμων,</span> <span class='ocrx_word' id='word_1_713' title='bbox 3762 3815 3872 3890; x_wconf 71' lang='grc' dir='ltr'><strong><em>οὐχ</em></strong></span> 
     </span>
    </p>
   </div>
   <div class='ocr_carea' id='block_1_98' title="bbox 2226 3895 3872 3982">
    <p class='ocr_par' dir='ltr' id='par_1_98' title="bbox 2226 3895 3872 3982">
     <span class='ocr_line' id='line_1_98' title="bbox 2226 3895 3872 3982; baseline 0.005 -33"><span class='ocrx_word' id='word_1_714' title='bbox 2226 3895 2348 3952; x_wconf 84' lang='grc' dir='ltr'>ὥτω</span> <span class='ocrx_word' id='word_1_715' title='bbox 2390 3900 2487 3962; x_wconf 77' lang='grc' dir='ltr'>τῆς</span> <span class='ocrx_word' id='word_1_716' title='bbox 2559 3897 2748 3964; x_wconf 81' lang='grc' dir='ltr'>λέξεως</span> <span class='ocrx_word' id='word_1_717' title='bbox 2784 3902 2980 3968; x_wconf 85' lang='grc' dir='ltr'>ταὺτης</span> <span class='ocrx_word' id='word_1_718' title='bbox 3009 3903 3346 3982; x_wconf 80' lang='grc' dir='ltr'>ἀντέχονται.</span> <span class='ocrx_word' id='word_1_719' title='bbox 3385 3903 3486 3958; x_wconf 81' lang='grc' dir='ltr'><strong><em>Καὶ</em></strong></span> <span class='ocrx_word' id='word_1_720' title='bbox 3533 3902 3728 3978; x_wconf 75' lang='grc' dir='ltr'>μάρτυς</span> <span class='ocrx_word' id='word_1_721' title='bbox 3775 3909 3872 3958; x_wconf 86' lang='grc' dir='ltr'><strong><em>τοῦ</em></strong></span> 
     </span>
    </p>
   </div>
   <div class='ocr_carea' id='block_1_99' title="bbox 2226 3984 3873 4071">
    <p class='ocr_par' dir='ltr' id='par_1_99' title="bbox 2226 3984 3873 4071">
     <span class='ocr_line' id='line_1_99' title="bbox 2226 3984 3873 4071; baseline 0.004 -32"><span class='ocrx_word' id='word_1_722' title='bbox 2226 3984 2485 4060; x_wconf 82' lang='grc' dir='ltr'>παρόντος</span> <span class='ocrx_word' id='word_1_723' title='bbox 2542 4009 2631 4062; x_wconf 89' lang='grc' dir='ltr'><strong><em>μοι</em></strong></span> <span class='ocrx_word' id='word_1_724' title='bbox 2687 3987 2848 4067; x_wconf 82' lang='grc' dir='ltr'>λόγου</span> <span class='ocrx_word' id='word_1_725' title='bbox 2880 3989 3134 4071; x_wconf 86' lang='grc' dir='ltr'>Κύριλλος</span> <span class='ocrx_word' id='word_1_726' title='bbox 3200 3993 3228 4047; x_wconf 88' lang='lat'>6</span> <span class='ocrx_word' id='word_1_727' title='bbox 3259 3989 3440 4070; x_wconf 76' lang='grc' dir='ltr'>σοφός.</span> <span class='ocrx_word' id='word_1_728' title='bbox 3477 3993 3638 4053; x_wconf 75' lang='grc' dir='ltr'>Οὗτος</span> <span class='ocrx_word' id='word_1_729' title='bbox 3670 3990 3770 4068; x_wconf 76' lang='grc' dir='ltr'>γὰρ</span> <span class='ocrx_word' id='word_1_730' title='bbox 3812 3993 3873 4046; x_wconf 72' lang='grc' dir='ltr'>ἓν</span> 
     </span>
    </p>
   </div>
   <div class='ocr_carea' id='block_1_100' title="bbox 2227 4079 3874 4158">
    <p class='ocr_par' dir='ltr' id='par_1_100' title="bbox 2227 4079 3874 4158">
     <span class='ocr_line' id='line_1_100' title="bbox 2227 4079 3874 4158; baseline 0.001 -25"><span class='ocrx_word' id='word_1_731' title='bbox 2227 4100 2304 4152; x_wconf 88' lang='grc' dir='ltr'>τῳ</span> <span class='ocrx_word' id='word_1_732' title='bbox 2354 4079 2491 4152; x_wconf 81' lang='grc' dir='ltr'>’έκτῳ</span> <span class='ocrx_word' id='word_1_733' title='bbox 2546 4083 2650 4133; x_wconf 81' lang='grc' dir='ltr'>τῶν</span> <span class='ocrx_word' id='word_1_734' title='bbox 2707 4081 2838 4156; x_wconf 83' lang='grc' dir='ltr'>πρὸς</span> <span class='ocrx_word' id='word_1_735' title='bbox 2895 4081 3137 4158; x_wconf 79' lang='grc' dir='ltr'>Ἑρμείαν</span> <span class='ocrx_word' id='word_1_736' title='bbox 3195 4079 3271 4147; x_wconf 83' lang='grc' dir='ltr'><strong>πῆ</strong></span> <span class='ocrx_word' id='word_1_737' title='bbox 3316 4079 3414 4154; x_wconf 75' lang='grc' dir='ltr'>μὲν</span> <span class='ocrx_word' id='word_1_738' title='bbox 3465 4099 3644 4156; x_wconf 81' lang='grc' dir='ltr'>φησιν,</span> <span class='ocrx_word' id='word_1_739' title='bbox 3707 4079 3874 4146; x_wconf 73' lang='grc' dir='ltr'>αὖτὴν</span> 
     </span>
    </p>
   </div>
   <div class='ocr_carea' id='block_1_101' title="bbox 2228 4165 3875 4247">
    <p class='ocr_par' dir='ltr' id='par_1_101' title="bbox 2228 4165 3875 4247">
     <span class='ocr_line' id='line_1_101' title="bbox 2228 4165 3875 4247; baseline 0.001 -25"><span class='ocrx_word' id='word_1_740' title='bbox 2228 4167 2326 4234; x_wconf 73' lang='grc' dir='ltr'><strong><em>τὴν</em></strong></span> <span class='ocrx_word' id='word_1_741' title='bbox 2380 4167 2529 4246; x_wconf 76' lang='grc' dir='ltr'>ῥῆσιν</span> <span class='ocrx_word' id='word_1_742' title='bbox 2598 4166 2696 4233; x_wconf 83' lang='grc' dir='ltr'>τὴν</span> <span class='ocrx_word' id='word_1_743' title='bbox 2766 4167 3112 4246; x_wconf 76' lang='grc' dir='ltr'>εὖαγγελικὴν</span> <span class='ocrx_word' id='word_1_744' title='bbox 3191 4168 3408 4247; x_wconf 78' lang='grc' dir='ltr'>πρώτην</span> <span class='ocrx_word' id='word_1_745' title='bbox 3467 4165 3724 4222; x_wconf 74' lang='grc' dir='ltr'>διαλαϐὼν</span> <span class='ocrx_word' id='word_1_746' title='bbox 3780 4169 3875 4224; x_wconf 82' lang='grc' dir='ltr'><strong><em>καὶ</em></strong></span> 
     </span>
    </p>
   </div>
   <div class='ocr_carea' id='block_1_102' title="bbox 2229 4254 3873 4337">
    <p class='ocr_par' dir='ltr' id='par_1_102' title="bbox 2229 4254 3873 4337">
     <span class='ocr_line' id='line_1_102' title="bbox 2229 4254 3873 4337; baseline 0 -26"><span class='ocrx_word' id='word_1_747' title='bbox 2229 4255 2604 4334; x_wconf 51' lang='grc' dir='ltr'>φθεγξάμενος</span> <span class='ocrx_word' id='word_1_748' title='bbox 2687 4259 2799 4337; x_wconf 77' lang='grc' dir='ltr'>Δρά</span> <span class='ocrx_word' id='word_1_749' title='bbox 2853 4280 2935 4314; x_wconf 79' lang='grc' dir='ltr'><strong><em>σοι</em></strong></span> <span class='ocrx_word' id='word_1_750' title='bbox 3017 4257 3178 4336; x_wconf 73' lang='grc' dir='ltr'>σαφὲς</span> <span class='ocrx_word' id='word_1_751' title='bbox 3287 4258 3349 4313; x_wconf 84' lang='grc' dir='ltr'>τὸ</span> <span class='ocrx_word' id='word_1_752' title='bbox 3447 4256 3688 4332; x_wconf 80' lang='grc' dir='ltr'>πάροιθέν</span> <span class='ocrx_word' id='word_1_753' title='bbox 3756 4254 3873 4311; x_wconf 82' lang='grc' dir='ltr'>ἐστι</span> 
     </span>
    </p>
   </div>
   <div class='ocr_carea' id='block_1_103' title="bbox 2572 4343 3876 4426">
    <p class='ocr_par' dir='ltr' id='par_1_103' title="bbox 2572 4343 3876 4426">
     <span class='ocr_line' id='line_1_103' title="bbox 2572 4343 3876 4426; baseline -0.002 -24"><span class='ocrx_word' id='word_1_754' title='bbox 2572 4347 2660 4402; x_wconf 82' lang='grc' dir='ltr'>καὶ</span> <span class='ocrx_word' id='word_1_755' title='bbox 2769 4343 3147 4426; x_wconf 82' lang='grc' dir='ltr'>προσδέδορκας</span> <span class='ocrx_word' id='word_1_756' title='bbox 3257 4345 3337 4402; x_wconf 84' lang='grc' dir='ltr'>ὅτι</span> <span class='ocrx_word' id='word_1_757' title='bbox 3455 4347 3666 4418; x_wconf 77' lang='grc' dir='ltr'>Πνεῦμα</span> <span class='ocrx_word' id='word_1_758' title='bbox 3772 4344 3876 4417; x_wconf 81' lang='grc' dir='ltr'>μὲν</span> 
     </span>
    </p>
   </div>
   <div class='ocr_carea' id='block_1_104' title="bbox 2232 4426 3876 4513">
    <p class='ocr_par' dir='ltr' id='par_1_104' title="bbox 2232 4426 3876 4513">
     <span class='ocr_line' id='line_1_104' title="bbox 2232 4426 3876 4513; baseline 0.001 -25"><span class='ocrx_word' id='word_1_759' title='bbox 2232 4432 2478 4500; x_wconf 80' lang='grc' dir='ltr'>ἀληθείας</span> <span class='ocrx_word' id='word_1_760' title='bbox 2559 4435 2802 4511; x_wconf 83' lang='grc' dir='ltr'>ὠνόμασε</span> <span class='ocrx_word' id='word_1_761' title='bbox 2908 4438 2999 4492; x_wconf 82' lang='grc' dir='ltr'>τὸν</span> <span class='ocrx_word' id='word_1_762' title='bbox 3105 4433 3498 4513; x_wconf 68' lang='grc' dir='ltr'>Παράκλητονς</span> <span class='ocrx_word' id='word_1_763' title='bbox 3580 4426 3736 4512; x_wconf 75' lang='grc' dir='ltr'>’Ἐφη</span> <span class='ocrx_word' id='word_1_764' title='bbox 3808 4455 3876 4510; x_wconf 77' lang='grc' dir='ltr'><strong><em>γε</em></strong></span> 
     </span>
    </p>
   </div>
   <div class='ocr_carea' id='block_1_105' title="bbox 2232 4521 3875 4604">
    <p class='ocr_par' dir='ltr' id='par_1_105' title="bbox 2232 4521 3875 4604">
     <span class='ocr_line' id='line_1_105' title="bbox 2232 4521 3875 4604; baseline 0.001 -28"><span class='ocrx_word' id='word_1_765' title='bbox 2232 4521 2340 4596; x_wconf 77' lang='grc' dir='ltr'><strong><em>μὴν</em></strong></span> <span class='ocrx_word' id='word_1_766' title='bbox 2393 4523 2465 4587; x_wconf 85' lang='grc' dir='ltr'><strong><em>ὡς</em></strong></span> <span class='ocrx_word' id='word_1_767' title='bbox 2543 4522 2778 4602; x_wconf 90' lang='grc' dir='ltr'>πρόεισιν</span> <span class='ocrx_word' id='word_1_768' title='bbox 2838 4525 2899 4582; x_wconf 75' lang='grc' dir='ltr'>ἐκ</span> <span class='ocrx_word' id='word_1_769' title='bbox 2967 4527 3198 4604; x_wconf 70' lang='grc' dir='ltr'><strong><em>Πατρὸις²</em></strong></span> <span class='ocrx_word' id='word_1_770' title='bbox 3271 4523 3381 4580; x_wconf 75' lang='grc' dir='ltr'>ἴδια</span> <span class='ocrx_word' id='word_1_771' title='bbox 3437 4525 3609 4580; x_wconf 76' lang='grc' dir='ltr'>πάντα</span> <span class='ocrx_word' id='word_1_772' title='bbox 3663 4521 3875 4586; x_wconf 81' lang='grc' dir='ltr'>δεικνὺς</span> 
     </span>
    </p>
   </div>
   <div class='ocr_carea' id='block_1_106' title="bbox 2233 4611 3873 4693">
    <p class='ocr_par' dir='ltr' id='par_1_106' title="bbox 2233 4611 3873 4693">
     <span class='ocr_line' id='line_1_106' title="bbox 2233 4611 3873 4693; baseline 0.001 -28"><span class='ocrx_word' id='word_1_773' title='bbox 2233 4611 2416 4668; x_wconf 75' lang='grc' dir='ltr'>ἑαυτοῦ</span> <span class='ocrx_word' id='word_1_774' title='bbox 2469 4612 2535 4667; x_wconf 80' lang='grc' dir='ltr'>τὰ</span> <span class='ocrx_word' id='word_1_775' title='bbox 2602 4621 2694 4670; x_wconf 86' lang='grc' dir='ltr'><strong><em>τοῦ</em></strong></span> <span class='ocrx_word' id='word_1_776' title='bbox 2763 4615 2988 4693; x_wconf 83' lang='grc' dir='ltr'>Πατρὸς’</span> <span class='ocrx_word' id='word_1_777' title='bbox 3063 4614 3139 4681; x_wconf 81' lang='grc' dir='ltr'><strong>πῆ</strong></span> <span class='ocrx_word' id='word_1_778' title='bbox 3199 4612 3243 4670; x_wconf 87' lang='grc' dir='ltr'><strong><em>δ’</em></strong></span> <span class='ocrx_word' id='word_1_779' title='bbox 3299 4611 3625 4691; x_wconf 77' lang='grc' dir='ltr'>ἀπαγγέλλει</span> <span class='ocrx_word' id='word_1_780' title='bbox 3677 4613 3873 4690; x_wconf 85' lang='grc' dir='ltr'>τρανό-</span> 
     </span>
    </p>
   </div>
   <div class='ocr_carea' id='block_1_107' title="bbox 2231 4700 3873 4782">
    <p class='ocr_par' dir='ltr' id='par_1_107' title="bbox 2231 4700 3873 4782">
     <span class='ocr_line' id='line_1_107' title="bbox 2231 4700 3873 4782; baseline 0.001 -28"><span class='ocrx_word' id='word_1_781' title='bbox 2231 4720 2364 4756; x_wconf 89' lang='grc' dir='ltr'>τατα</span> <span class='ocrx_word' id='word_1_782' title='bbox 2445 4703 2533 4757; x_wconf 84' lang='grc' dir='ltr'>καὶ</span> <span class='ocrx_word' id='word_1_783' title='bbox 2587 4707 2888 4782; x_wconf 75' lang='grc' dir='ltr'>περιφανῶς</span> <span class='ocrx_word' id='word_1_784' title='bbox 2944 4701 3108 4766; x_wconf 70' lang='grc' dir='ltr'>οὕτως</span> <span class='ocrx_word' id='word_1_785' title='bbox 3161 4701 3253 4759; x_wconf 83' lang='grc' dir='ltr'>ἀπ’</span> <span class='ocrx_word' id='word_1_786' title='bbox 3313 4703 3490 4782; x_wconf 82' lang='grc' dir='ltr'>ἀρχῆς</span> <span class='ocrx_word' id='word_1_787' title='bbox 3561 4704 3652 4758; x_wconf 69' lang='grc' dir='ltr'><strong><em>τὸν</em></strong></span> <span class='ocrx_word' id='word_1_788' title='bbox 3711 4700 3873 4778; x_wconf 85' lang='grc' dir='ltr'>λόγον</span> 
     </span>
    </p>
   </div>
   <div class='ocr_carea' id='block_1_108' title="bbox 2234 4785 3879 4870">
    <p class='ocr_par' dir='ltr' id='par_1_108' title="bbox 2234 4785 3879 4870">
     <span class='ocr_line' id='line_1_108' title="bbox 2234 4785 3879 4870; baseline 0.002 -27"><span class='ocrx_word' id='word_1_789' title='bbox 2234 4785 2610 4865; x_wconf 83' lang='grc' dir='ltr'>διατιθέμενος·</span> <span class='ocrx_word' id='word_1_790' title='bbox 2712 4786 2842 4851; x_wconf 74' lang='grc' dir='ltr'><strong><em>ΗΟτι</em></strong></span> <span class='ocrx_word' id='word_1_791' title='bbox 2937 4790 2994 4848; x_wconf 78' lang='grc' dir='ltr'><strong><em>δὲ</em></strong></span> <span class='ocrx_word' id='word_1_792' title='bbox 3068 4795 3130 4848; x_wconf 84' lang='grc' dir='ltr'>τὸ</span> <span class='ocrx_word' id='word_1_793' title='bbox 3212 4793 3305 4849; x_wconf 91' lang='grc' dir='ltr'><strong><em>τοῦ</em></strong></span> <span class='ocrx_word' id='word_1_794' title='bbox 3403 4793 3604 4870; x_wconf 83' lang='grc' dir='ltr'>Πατρὸς</span> <span class='ocrx_word' id='word_1_795' title='bbox 3663 4792 3879 4865; x_wconf 79' lang='grc' dir='ltr'>Πνεῦμα</span> 
     </span>
    </p>
   </div>
   <div class='ocr_carea' id='block_1_109' title="bbox 2236 4879 3876 4957">
    <p class='ocr_par' dir='ltr' id='par_1_109' title="bbox 2236 4879 3876 4957">
     <span class='ocr_line' id='line_1_109' title="bbox 2236 4879 3876 4957; baseline 0.002 -25"><span class='ocrx_word' id='word_1_796' title='bbox 2236 4879 2449 4953; x_wconf 83' lang='grc' dir='ltr'>Πνεῦμά</span> <span class='ocrx_word' id='word_1_797' title='bbox 2515 4881 2625 4936; x_wconf 70' lang='grc' dir='ltr'>ἔστι</span> <span class='ocrx_word' id='word_1_798' title='bbox 2699 4885 2791 4941; x_wconf 80' lang='grc' dir='ltr'><strong><em>τοῦ</em></strong></span> <span class='ocrx_word' id='word_1_799' title='bbox 2851 4882 2992 4957; x_wconf 70' lang='grc' dir='ltr'>Υἱοῦ,</span> <span class='ocrx_word' id='word_1_800' title='bbox 3052 4881 3206 4945; x_wconf 72' lang='grc' dir='ltr'>αὒτὸς</span> <span class='ocrx_word' id='word_1_801' title='bbox 3278 4902 3336 4937; x_wconf 89' lang='grc' dir='ltr'><strong><em>σε</em></strong></span> <span class='ocrx_word' id='word_1_802' title='bbox 3392 4879 3456 4936; x_wconf 84' lang='grc' dir='ltr'>δι’</span> <span class='ocrx_word' id='word_1_803' title='bbox 3514 4882 3699 4939; x_wconf 71' lang='grc' dir='ltr'>ἑαυτοῦ</span> <span class='ocrx_word' id='word_1_804' title='bbox 3766 4903 3876 4954; x_wconf 88' lang='grc' dir='ltr'>μυ-</span> 
     </span>
    </p>
   </div>
   <div class='ocr_carea' id='block_1_110' title="bbox 2235 4960 3879 5050">
    <p class='ocr_par' dir='ltr' id='par_1_110' title="bbox 2235 4960 3879 5050">
     <span class='ocr_line' id='line_1_110' title="bbox 2235 4960 3879 5050; baseline 0.013 -30"><span class='ocrx_word' id='word_1_805' title='bbox 2235 4969 2572 5045; x_wconf 77' lang='grc' dir='ltr'>σταγωγήσει</span> <span class='ocrx_word' id='word_1_806' title='bbox 2644 4969 2836 5050; x_wconf 82' lang='grc' dir='ltr'>λέγων,</span> <span class='ocrx_word' id='word_1_807' title='bbox 2901 4995 2928 5026; x_wconf 75' lang='grc' dir='ltr'>ιι</span> <span class='ocrx_word' id='word_1_808' title='bbox 3009 4960 3181 5029; x_wconf 73' lang='grc' dir='ltr'><strong><em>ΗΟταιν</em></strong></span> <span class='ocrx_word' id='word_1_809' title='bbox 3233 4968 3358 5047; x_wconf 74' lang='grc' dir='ltr'>ἔλθῃ</span> <span class='ocrx_word' id='word_1_810' title='bbox 3415 4974 3442 5027; x_wconf 88' lang='lat'>6</span> <span class='ocrx_word' id='word_1_811' title='bbox 3501 4968 3879 5048; x_wconf 67' lang='grc' dir='ltr'>Παράκλητοςο</span> 
     </span>
    </p>
   </div>
   <div class='ocr_carea' id='block_1_111' title="bbox 2237 5053 3877 5140">
    <p class='ocr_par' dir='ltr' id='par_1_111' title="bbox 2237 5053 3877 5140">
     <span class='ocr_line' id='line_1_111' title="bbox 2237 5053 3877 5140; baseline 0.003 -31"><span class='ocrx_word' id='word_1_812' title='bbox 2237 5053 2294 5110; x_wconf 81' lang='grc' dir='ltr'><strong><em>ὅν</em></strong></span> <span class='ocrx_word' id='word_1_813' title='bbox 2352 5054 2460 5133; x_wconf 75' lang='grc' dir='ltr'><strong><em>ἐγώ</em></strong></span> <span class='ocrx_word' id='word_1_814' title='bbox 2502 5057 2702 5135; x_wconf 77' lang='grc' dir='ltr'>πέμψω</span> <span class='ocrx_word' id='word_1_815' title='bbox 2755 5063 2882 5136; x_wconf 75' lang='grc' dir='ltr'>ὑμῖν</span> <span class='ocrx_word' id='word_1_816' title='bbox 2953 5061 3094 5140; x_wconf 88' lang='grc' dir='ltr'><strong><em>παρά</em></strong></span> <span class='ocrx_word' id='word_1_817' title='bbox 3122 5066 3216 5116; x_wconf 87' lang='grc' dir='ltr'><strong><em>τοῦ</em></strong></span> <span class='ocrx_word' id='word_1_818' title='bbox 3270 5062 3495 5138; x_wconf 79' lang='grc' dir='ltr'>Πατρὸς,</span> <span class='ocrx_word' id='word_1_819' title='bbox 3550 5061 3610 5116; x_wconf 83' lang='grc' dir='ltr'>τὸ</span> <span class='ocrx_word' id='word_1_820' title='bbox 3664 5065 3877 5133; x_wconf 77' lang='grc' dir='ltr'>Πνεῦμα</span> 
     </span>
    </p>
   </div>
   <div class='ocr_carea' id='block_1_112' title="bbox 2237 5143 3877 5228">
    <p class='ocr_par' dir='ltr' id='par_1_112' title="bbox 2237 5143 3877 5228">
     <span class='ocr_line' id='line_1_112' title="bbox 2237 5143 3877 5228; baseline -0.003 -21"><span class='ocrx_word' id='word_1_821' title='bbox 2237 5147 2334 5209; x_wconf 81' lang='grc' dir='ltr'>τῆς</span> <span class='ocrx_word' id='word_1_822' title='bbox 2434 5143 2706 5228; x_wconf 68' lang='grc' dir='ltr'><strong><em>(Ξιληθείας³</em></strong></span> <span class='ocrx_word' id='word_1_823' title='bbox 2807 5149 2834 5204; x_wconf 76' lang='grc' dir='ltr'>ὅ</span> <span class='ocrx_word' id='word_1_824' title='bbox 2891 5149 3032 5227; x_wconf 77' lang='grc' dir='ltr'>παρὰ</span> <span class='ocrx_word' id='word_1_825' title='bbox 3088 5154 3183 5204; x_wconf 88' lang='grc' dir='ltr'><strong><em>τοῦ</em></strong></span> <span class='ocrx_word' id='word_1_826' title='bbox 3253 5150 3456 5226; x_wconf 82' lang='grc' dir='ltr'>Πατρὸς</span> <span class='ocrx_word' id='word_1_827' title='bbox 3512 5147 3877 5224; x_wconf 78' lang='grc' dir='ltr'>ἐκπορεύεται,</span> 
     </span>
    </p>
   </div>
   <div class='ocr_carea' id='block_1_113' title="bbox 496 5233 2142 5318">
    <p class='ocr_par' dir='ltr' id='par_1_113' title="bbox 496 5234 2142 5318">
     <span class='ocr_line' id='line_1_113' title="bbox 496 5234 2142 5318; baseline 0.002 -22"><span class='ocrx_word' id='word_1_828' title='bbox 496 5235 679 5300; x_wconf 84' lang='lat' dir='ltr'><strong><em>navit.</em></strong></span> <span class='ocrx_word' id='word_1_829' title='bbox 731 5234 934 5317; x_wconf 83' lang='lat' dir='ltr'><strong><em>Itaque</em></strong></span> <span class='ocrx_word' id='word_1_830' title='bbox 965 5253 1084 5297; x_wconf 92' lang='lat' dir='ltr'><strong><em>non</em></strong></span> <span class='ocrx_word' id='word_1_831' title='bbox 1140 5234 1273 5298; x_wconf 88' lang='lat' dir='ltr'><strong><em>aliis</em></strong></span> <span class='ocrx_word' id='word_1_832' title='bbox 1300 5234 1495 5298; x_wconf 87' lang='lat' dir='ltr'><strong><em>verbis</em></strong></span> <span class='ocrx_word' id='word_1_833' title='bbox 1524 5254 1632 5315; x_wconf 80' lang='lat' dir='ltr'><strong><em>ego</em></strong></span> <span class='ocrx_word' id='word_1_834' title='bbox 1686 5254 1919 5318; x_wconf 89' lang='lat' dir='ltr'><strong><em>quoque</em></strong></span> <span class='ocrx_word' id='word_1_835' title='bbox 1949 5235 2142 5315; x_wconf 88' lang='lat' dir='ltr'><strong><em>edico,</em></strong></span> 
     </span>
    </p>
   </div>
   <div class='ocr_carea' id='block_1_114' title="bbox 2224 5233 3877 5318">
    <p class='ocr_par' dir='ltr' id='par_1_114' title="bbox 2231 5233 3877 5316">
     <span class='ocr_line' id='line_1_114' title="bbox 2231 5233 3877 5316; baseline 0.002 -27"><span class='ocrx_word' id='word_1_836' title='bbox 2231 5233 2459 5308; x_wconf 73' lang='grc' dir='ltr'>ἐκεῖνος,</span> <span class='ocrx_word' id='word_1_837' title='bbox 2545 5239 2692 5314; x_wconf 78' lang='grc' dir='ltr'>φησὶ,</span> <span class='ocrx_word' id='word_1_838' title='bbox 2781 5238 3102 5316; x_wconf 81' lang='grc' dir='ltr'>μαρτυρήσει</span> <span class='ocrx_word' id='word_1_839' title='bbox 3185 5239 3302 5316; x_wconf 88' lang='grc' dir='ltr'>περὶ</span> <span class='ocrx_word' id='word_1_840' title='bbox 3359 5237 3509 5312; x_wconf 72' lang='grc' dir='ltr'>ἐμοῦ.</span> <span class='ocrx_word' id='word_1_841' title='bbox 3591 5255 3621 5296; x_wconf 85' lang='grc'><strong>)</strong></span> <span class='ocrx_word' id='word_1_842' title='bbox 3681 5238 3877 5302; x_wconf 81' lang='grc' dir='ltr'>Συνίης</span> 
     </span>
    </p>
   </div>
   <div class='ocr_carea' id='block_1_115' title="bbox 495 5320 2142 5406">
    <p class='ocr_par' dir='ltr' id='par_1_115' title="bbox 495 5323 2142 5406">
     <span class='ocr_line' id='line_1_115' title="bbox 495 5323 2142 5406; baseline 0.001 -20"><span class='ocrx_word' id='word_1_843' title='bbox 495 5323 777 5406; x_wconf 88' lang='lat' dir='ltr'><strong><em>utrinque</em></strong></span> <span class='ocrx_word' id='word_1_844' title='bbox 797 5325 954 5406; x_wconf 91' lang='lat' dir='ltr'><strong><em>quod</em></strong></span> <span class='ocrx_word' id='word_1_845' title='bbox 975 5325 1036 5385; x_wconf 92' lang='lat' dir='ltr'><strong><em>in</em></strong></span> <span class='ocrx_word' id='word_1_846' title='bbox 1056 5341 1185 5386; x_wconf 91' lang='lat' dir='ltr'><strong><em>rem</em></strong></span> <span class='ocrx_word' id='word_1_847' title='bbox 1214 5323 1353 5386; x_wconf 85' lang='lat' dir='ltr'><strong><em>facit</em></strong></span> <span class='ocrx_word' id='word_1_848' title='bbox 1380 5342 1689 5387; x_wconf 89' lang='lat' dir='ltr'><strong><em>assumens</em></strong></span> <span class='ocrx_word' id='word_1_849' title='bbox 1719 5342 1734 5388; x_wconf 90' lang='lat'><strong>:</strong></span> <span class='ocrx_word' id='word_1_850' title='bbox 1757 5325 1968 5388; x_wconf 88' lang='lat' dir='ltr'><strong><em>Annon</em></strong></span> <span class='ocrx_word' id='word_1_851' title='bbox 1997 5344 2142 5404; x_wconf 85' lang='lat' dir='ltr'><strong><em>prae-</em></strong></span> 
     </span>
    </p>
   </div>
   <div class='ocr_carea' id='block_1_116' title="bbox 2224 5320 3878 5406">
    <p class='ocr_par' dir='ltr' id='par_1_116' title="bbox 2230 5320 3878 5402">
     <span class='ocr_line' id='line_1_116' title="bbox 2230 5320 3878 5402; baseline -0.001 -21"><span class='ocrx_word' id='word_1_852' title='bbox 2230 5324 2316 5381; x_wconf 75' lang='grc' dir='ltr'><strong><em>οὖν</em></strong></span> <span class='ocrx_word' id='word_1_853' title='bbox 2403 5320 2548 5386; x_wconf 83' lang='grc' dir='ltr'>ὅπως</span> <span class='ocrx_word' id='word_1_854' title='bbox 2649 5326 2723 5388; x_wconf 86' lang='grc' dir='ltr'>ὡς</span> <span class='ocrx_word' id='word_1_855' title='bbox 2803 5323 2936 5382; x_wconf 79' lang='grc' dir='ltr'>ἴδιον</span> <span class='ocrx_word' id='word_1_856' title='bbox 3031 5323 3417 5402; x_wconf 72' lang='grc' dir='ltr'>ἒπαγγέλλεται</span> <span class='ocrx_word' id='word_1_857' title='bbox 3505 5327 3878 5400; x_wconf 70' lang='grc' dir='ltr'>καταπέμψειν</span> 
     </span>
    </p>
   </div>
   <div class='ocr_carea' id='block_1_117' title="bbox 497 5408 2142 5504">
    <p class='ocr_par' dir='ltr' id='par_1_117' title="bbox 497 5408 2142 5496">
     <span class='ocr_line' id='line_1_117' title="bbox 497 5408 2142 5496; baseline 0.004 -26"><span class='ocrx_word' id='word_1_858' title='bbox 497 5408 867 5476; x_wconf 86' lang='lat' dir='ltr'><strong><em>laudatorum</em></strong></span> <span class='ocrx_word' id='word_1_859' title='bbox 898 5413 1190 5476; x_wconf 81' lang='lat' dir='ltr'><strong><em>dictorum</em></strong></span> <span class='ocrx_word' id='word_1_860' title='bbox 1222 5413 1308 5475; x_wconf 86' lang='lat' dir='ltr'><strong><em>vis</em></strong></span> <span class='ocrx_word' id='word_1_861' title='bbox 1339 5413 1447 5476; x_wconf 89' lang='lat' dir='ltr'><strong><em>tibi</em></strong></span> <span class='ocrx_word' id='word_1_862' title='bbox 1491 5413 1831 5490; x_wconf 89' lang='lat' dir='ltr'><strong><em>innotescit,</em></strong></span> <span class='ocrx_word' id='word_1_863' title='bbox 1864 5414 1965 5496; x_wconf 89' lang='lat' dir='ltr'><strong><em>qui</em></strong></span> <span class='ocrx_word' id='word_1_864' title='bbox 1994 5415 2142 5480; x_wconf 86' lang='lat' dir='ltr'><strong><em>buc-</em></strong></span> 
     </span>
    </p>
   </div>
   <div class='ocr_carea' id='block_1_118' title="bbox 2224 5408 3879 5504">
    <p class='ocr_par' dir='ltr' id='par_1_118' title="bbox 2227 5413 3879 5494">
     <span class='ocr_line' id='line_1_118' title="bbox 2227 5413 3879 5494; baseline 0 -22"><span class='ocrx_word' id='word_1_865' title='bbox 2227 5418 2363 5491; x_wconf 78' lang='grc' dir='ltr'>ἡμτν</span> <span class='ocrx_word' id='word_1_866' title='bbox 2404 5415 2466 5471; x_wconf 83' lang='grc' dir='ltr'>τὸ</span> <span class='ocrx_word' id='word_1_867' title='bbox 2531 5417 2593 5470; x_wconf 73' lang='grc' dir='ltr'><strong><em>ὲκ</em></strong></span> <span class='ocrx_word' id='word_1_868' title='bbox 2661 5416 2753 5470; x_wconf 89' lang='grc' dir='ltr'><strong><em>τοῦ</em></strong></span> <span class='ocrx_word' id='word_1_869' title='bbox 2807 5415 3059 5494; x_wconf 70' lang='grc' dir='ltr'>Πατρὸςς</span> <span class='ocrx_word' id='word_1_870' title='bbox 3107 5414 3196 5471; x_wconf 84' lang='grc' dir='ltr'><strong><em>καὶ</em></strong></span> <span class='ocrx_word' id='word_1_871' title='bbox 3229 5419 3439 5490; x_wconf 85' lang='grc' dir='ltr'>Πνεῦμα</span> <span class='ocrx_word' id='word_1_872' title='bbox 3481 5415 3578 5489; x_wconf 74' lang='grc' dir='ltr'>μὲν</span> <span class='ocrx_word' id='word_1_873' title='bbox 3625 5413 3879 5482; x_wconf 76' lang='grc' dir='ltr'>ἀληθείας</span> 
     </span>
    </p>
   </div>
   <div class='ocr_carea' id='block_1_119' title="bbox 576 5568 2142 5651">
    <p class='ocr_par' dir='ltr' id='par_1_119' title="bbox 576 5568 2142 5651">
     <span class='ocr_line' id='line_1_119' title="bbox 576 5568 2142 5651; baseline 0.005 -19"><span class='ocrx_word' id='word_1_874' title='bbox 576 5569 631 5619; x_wconf 75' lang='grc'>⁸¹</span> <span class='ocrx_word' id='word_1_875' title='bbox 665 5568 837 5638; x_wconf 82' lang='lat' dir='ltr'><strong><em>Joan.</em></strong></span> <span class='ocrx_word' id='word_1_876' title='bbox 869 5589 974 5651; x_wconf 82' lang='lat' dir='ltr'><strong><em>vn,</em></strong></span> <span class='ocrx_word' id='word_1_877' title='bbox 1003 5572 1105 5636; x_wconf 90' lang='lat'><strong><em>37.</em></strong></span> <span class='ocrx_word' id='word_1_878' title='bbox 1163 5572 1224 5625; x_wconf 76' lang='grc'><strong><em>8³</em></strong></span> <span class='ocrx_word' id='word_1_879' title='bbox 1253 5571 1402 5636; x_wconf 88' lang='lat' dir='ltr'><strong><em>ibid.</em></strong></span> <span class='ocrx_word' id='word_1_880' title='bbox 1433 5573 1534 5637; x_wconf 84' lang='lat'><strong><em>38.</em></strong></span> <span class='ocrx_word' id='word_1_881' title='bbox 1618 5573 1684 5625; x_wconf 71' lang='grc'><strong><em>⁸3</em></strong></span> <span class='ocrx_word' id='word_1_882' title='bbox 1710 5571 1862 5637; x_wconf 88' lang='lat' dir='ltr'><strong><em>ibid.</em></strong></span> <span class='ocrx_word' id='word_1_883' title='bbox 1894 5572 1995 5643; x_wconf 87' lang='lat'><strong><em>39.</em></strong></span> <span class='ocrx_word' id='word_1_884' title='bbox 2080 5577 2142 5629; x_wconf 73' lang='grc'><strong>84</strong></span> 
     </span>
    </p>
   </div>
   <div class='ocr_carea' id='block_1_120' title="bbox 2224 5568 2614 5651">
    <p class='ocr_par' dir='ltr' id='par_1_120' title="bbox 2224 5570 2614 5646">
     <span class='ocr_line' id='line_1_120' title="bbox 2224 5570 2614 5646; baseline -0.015 -6"><span class='ocrx_word' id='word_1_885' title='bbox 2224 5595 2343 5645; x_wconf 68' lang='lat' dir='ltr'><strong><em>ian.</em></strong></span> <span class='ocrx_word' id='word_1_886' title='bbox 2380 5589 2460 5646; x_wconf 83' lang='lat' dir='ltr'><strong><em>IV.</em></strong></span> <span class='ocrx_word' id='word_1_887' title='bbox 2513 5570 2614 5635; x_wconf 75' lang='grc'><strong><em>14.</em></strong></span> 
     </span>
    </p>
   </div>
  </div>
