4208 6290
519 307 671 374 1343
1643 306 2133 374 CONSTANTIN

2216 305 2771 371 MELITENIOTAE
2857 269 2866 277 ’
3744 317 3915 382 4244

509 442 664 504 ritus
692 441 1029 524 progressui
1051 460 1172 504 non
1201 441 1560 521 absimilem,
1591 438 1747 521 quod
1779 437 2133 520 potissimun

2234 438 2558 519 φθέγγεται·
2595 441 2774 500 Τοίνυν
2830 443 3015 522 Πατὴρ
3049 443 3116 512 ἦν
3172 443 3276 515 ἀεὶ,
3321 446 3411 503 καὶ
3455 448 3516 504 16
3566 455 3812 526 Πνεῦμα»
3844 452 3908 516 ἐκ

511 529 970 594 immortalitatis
999 549 1156 594 verae
1173 530 1416 594 nomine
1438 529 1616 609 digne
1635 531 1805 590 Pater
1833 525 2133 606 insignitus

2231 531 2435 607 Πατρὸς
2497 531 2586 586 καὶ
2630 533 2750 588 Υἱοῦ
2799 531 2946 588 πνέει
2981 547 2996 562 ’
3029 530 3289 589 κατέλαϐέ
3314 533 3375 590 τέ
3395 556 3512 600 πως
3542 537 3642 606 τὴν
3672 525 3904 596 πνεῦσιν

511 618 758 684 dixerat.
794 621 964 682 Hunc
993 629 1260 684 sanctum
1289 637 1509 700 nempe
1563 617 1848 698 Spiritum
1899 636 1970 679 ex
2000 615 2133 678 Filic

2231 621 2299 691 τῇ
2355 623 2447 673 τοῦ
2502 618 2807 694 Πνεῦματος
2871 617 3082 699 προόδῳ
3111 620 3470 696 κατάλληλον,
3509 626 3749 691 εἰπόντος
3786 627 3901 701 μά-

510 708 740 788 spirare
794 709 1001 771 beatus
1030 718 1088 771 et
1115 709 1222 771 Dei
1280 707 1473 770 lidelis
1523 725 1728 769 servus
1783 705 2133 788 Epiphaniu:

2233 701 2386 760 λιστα
2428 713 2520 762 τοῦ
2578 708 2676 775 τῆς
2767 707 3046 772 ἀθανασίας
3134 710 3234 777 τῆς
3320 709 3548 780 ἀληθοῦς
3601 711 3900 790 ἀξιωνύμου

2236 795 2463 872 Πατρὸς.
2526 801 2710 875 Τοῦτο,
2770 798 2832 852 τὸ
2874 797 3027 875 ἅγιον
3084 796 3288 866 δηλαδὴ
3347 805 3584 876 Πνεῦμα,
3658 803 3764 858 κάκ
3808 810 3901 858 τοῦ

2236 882 2354 937 Υἱοῦ
2404 881 2578 938 πνέειν
2636 887 2664 939 6
2722 885 2978 964 μακάριος
3049 885 3139 942 καὶ
3180 893 3273 942 τοῦ
3328 894 3458 944 Θεοῦ
3512 889 3753 968 θεράπων
3798 913 3898 946 πι-

2231 969 2354 1032 στὸς
2411 968 2719 1051 Ἐπιφάνιος
2791 979 3090 1054 περιφανῶς
3152 974 3482 1055 ἀπεφήνατο.
3545 979 3769 1042 Πάντως
3843 977 3898 1034 δὲ

2228 1055 2374 1113 πνέει
2416 1057 2520 1115 κάκ
2568 1069 2662 1119 τοῦ
2719 1064 2843 1118 Υἱοῦ
2913 1063 3146 1142 καθάπερ
3199 1063 3258 1120 lx
3313 1074 3408 1126 106
3461 1070 3694 1146 Πατρὸς,
3748 1069 3900 1125 ἔπεια

2227 1143 2394 1236 δήπερ
2455 1149 2542 1203 καὶ
2583 1157 2678 1207 τοῦ
2761 1149 3027 1226 στόματος
3113 1152 3272 1209 αὐτοῦ
3353 1143 3590 1231 πνεῦμα*
3628 1155 3893 1236 πέφυκεν.

2232 1224 2362 1292 ⁸Ὀτι
2406 1237 2494 1291 καὶ
2552 1238 2652 1316 γὰρ
2713 1246 2917 1314 πνεῦμα
2988 1239 3081 1296 τοῦ
3121 1241 3390 1317 στόματος
3442 1251 3532 1300 τοῦ
3576 1247 3811 1322 Πατρὸς,
3860 1248 3895 1312 ἡ

2226 1322 2570 1390 θεόπνευστος
2627 1328 2811 1408 Γραφὴ
2870 1326 3084 1408 πλήρης
3141 1332 3246 1385 τῶν
3303 1332 3579 1410 χρήσεων.
3631 1323 3767 1392 uO11
3837 1333 3893 1390 δὲ

2227 1411 2368 1468 τοῦτ’
2420 1415 2547 1470 αὺτὸ
2586 1418 2674 1472 καὶ
2704 1423 2910 1492 πνεῦμα
2938 1425 3030 1474 τοῦ
3079 1418 3342 1494 στόματος
3373 1428 3461 1477 τοῦ
3516 1424 3661 1501 Υἱοῦ³
3725 1423 3892 1498 μόνος

2227 1500 2382 1578 ἀρκεῖ
2438 1504 2568 1581 πρὸς
2621 1506 2794 1561 πίστιν
2838 1507 2974 1580 ἡμῖν
3030 1509 3058 1562 6
3098 1510 3241 1572 θεῖος
3291 1500 3651 1585 Ἀπόστολοςέ
3677 1512 3737 1573 ὃς
3770 1513 3893 1590 περὶ

509 804 715 878 aperte
743 797 1222 860 decrevit.Modis
1247 815 1388 860 vero
1412 793 1688 858 omnibus
1710 794 1885 857 etiam
1913 813 1981 856 ex
2003 793 2152 856 Filio

509 885 714 966 spirat,
745 885 1245 966 quemadmodum
1291 903 1360 947 ex
1411 887 1605 964 Patre,
1659 903 1792 946 cum
1844 884 1966 947 oris
1995 884 2152 946 illius

509 973 753 1054 spiritus
782 974 957 1038 sit.Et
1003 975 1277 1056 spiritum
1323 973 1445 1035 oris
1477 973 1663 1036 Patris
1693 973 2035 1051 esse,plena
2061 980 2152 1035 est

509 1062 867 1125 testimoniis
895 1065 1073 1126 aDeo
1119 1063 1403 1144 inspirata
1436 1061 1762 1143 Scriptura.
1803 1061 1948 1124 Item
1989 1064 2148 1126 hunc

506 1151 698 1231 ipsum
732 1153 1008 1232 spiritum
1039 1153 1160 1215 oris
1185 1153 1322 1216 Filii
1350 1170 1504 1232 esse,
1539 1151 1700 1214 solus
1735 1151 1903 1214 nobis
1932 1151 2003 1213 ad
2033 1152 2145 1214 hoc

506 1239 880 1320 probandum
904 1241 1138 1303 divinus
1167 1241 1486 1322 Apostolus
1515 1240 1844 1322 suffecerit,
1878 1242 1979 1322 qui
2010 1259 2144 1302 cum

506 1329 582 1390 de
610 1329 794 1410 impio
824 1330 885 1390 in
916 1330 1229 1410 postremis
1257 1328 1473 1391 diebus
1506 1329 1850 1403 revelando,
1879 1339 1945 1392 ut
1973 1338 2147 1391 antea

503 1415 784 1492 diximus,
820 1436 1158 1480 sermonem
1193 1417 1514 1488 habuisset,
1543 1419 1701 1480 circa
1725 1419 1930 1495 tinem,
1955 1418 2147 1495 Quem

505 1505 798 1568 Dominus
807 1509 982 1569 Iesus
995 1506 1272 1570 Christus
1287 1509 1350 1570 in
1357 1509 1468 1571 teri
1471 1515 1586 1570 met
1605 1509 1826 1586 spiritu
1835 1510 1956 1570 oris
1964 1510 2145 1589 sui85,

501 1592 729 1672 ingenti
757 1612 900 1656 voce
931 1595 1222 1658 clamavit.
1255 1599 1400 1659 Cum
1442 1615 1583 1658 vero
1615 1595 1871 1677 Spiritus
1901 1606 2133 1660 sanctus

2223 1595 2317 1645 106
2376 1591 2574 1667 ἀνόμου
2617 1602 2710 1652 106
2767 1591 3058 1669 μέλλοντος
3089 1593 3141 1650 ἐν
3175 1595 3427 1676 ἐσχάτοις
3488 1611 3701 1677 καιροῖς
3742 1600 3893 1655 ἀπο-

502 1682 745 1772 spiritus
775 1683 852 1744 sit
880 1684 1000 1745 oris
1027 1683 1369 1765 Filii,plane
1400 1685 1841 1746 demonstratur
1863 1686 2040 1748 etiam
2073 1705 2133 1749 el

2223 1677 2825 1772 καλυφθῆναι,ηκαθὼς
2912 1681 3352 1764 προδιελςὶϐομεν²
3440 1687 3668 1763 εἰρηκὼς
3750 1688 3891 1766 πρὸς

500 1759 651 1832 Filio
704 1791 868 1832 suam
921 1759 1323 1835 exsistentiam
1359 1773 1580 1835 habere
1636 1775 2017 1854 Hujusceque
2053 1777 2133 1838 rei

2231 1771 2286 1825 τὸ
2329 1759 2478 1834 τέλος
2515 1786 2529 1799 '
2596 1759 2704 1828 uOv
2760 1774 2788 1826 6
2847 1759 3031 1850 Κύριος
3106 1772 3309 1840 Ἰησοῦς
3337 1759 3538 1830 ’ἀνελεῖ
3602 1797 3680 1848 τῳ
3717 1759 3891 1832 πνεύ-

502 1867 880 1940 mystagogus
911 1870 1001 1923 est
1032 1881 1279 1942 magnus
1318 1861 1594 1944 Basilius,
1646 1864 1746 1942 qui
1795 1872 2002 1944 quarta
2030 1866 2130 1926 ad-

2226 1881 2352 1935 ματι
2409 1859 2499 1916 τοῦ
2574 1861 2838 1935 στόματος
2921 1865 3100 1935 αὐτοῦ,
3189 1861 3580 1941 μεγαλοφώνως
3663 1863 3888 1940 ἐϐόησε,

501 1965 708 2009 versus
729 1949 1086 2012 Eunomium
1121 1952 1385 2014 oratione
1418 1952 1607 2033 palam
1648 1965 1966 2034 aperteque
2017 1955 2133 2016 haec

2225 1950 2296 2005 T6
2354 1946 2408 2004 δὲ
2462 1953 2674 2023 Πνεῦμα
2729 1950 2792 2004 16
2836 1949 2986 2026 ἅγιον
3031 1952 3237 2025 πνεῦμα
3278 1949 3455 2007 τελεῖν
3492 1953 3580 2007 καὶ
3622 1961 3714 2011 τοῦ
3757 1954 3892 2009 στό-

498 2037 846 2100 nominatim
868 2039 1045 2102 habet
1065 2040 1290 2122 :Neque
1301 2043 1463 2104 enim
1483 2045 1688 2105 minus
1705 2044 1849 2124 quid
1869 2043 2133 2107 habituri

2228 2058 2391 2110 ματος
2445 2047 2537 2096 τοῦ
2581 2041 2724 2113 Υἱοῦ,
2777 2036 3017 2107 δήλωσις
3060 2039 3350 2118 ἀκραιφνὴς
3391 2039 3472 2095 ὅτι
3502 2039 3606 2096 κάκ
3634 2047 3724 2097 τοῦ
3756 2043 3887 2098 Υῑοῦ

492 2143 699 2190 sumus
712 2129 790 2190 ad
802 2131 1276 2210 cognoscendum
1287 2130 1595 2210 Spiritum
1615 2134 1902 2195 exsistere
1911 2151 1986 2195 ea:
1999 2133 2133 2210 Deo,

2227 2128 2325 2192 τὴν
2381 2125 2596 2200 ὕπαρξιν
2653 2128 2779 2183 αὐτὸ
2837 2125 3090 2194 κέκτηται
3127 2145 3142 2160 ⁶
3202 2129 3288 2183 καὶ
3345 2129 3532 2186 τούτου
3586 2151 3883 2208 μυσταγω-

495 2232 632 2278 cum
655 2219 950 2280 audimus
971 2219 1271 2299 Spiritum
1294 2221 1424 2282 oris
1441 2220 1730 2299 ejus.Sed
1741 2222 1896 2284 satis
1924 2229 2008 2282 est
2037 2221 2133 2284 hoc

2225 2217 2318 2292 γὸς
2375 2215 2403 2270 6
2461 2216 2626 2294 μέγας
2671 2213 2968 2281 Βασίλειος.
3029 2215 3190 2280 Οῦτος
3231 2217 3319 2272 καὶ
3363 2217 3462 2296 γὰρ
3505 2217 3576 2282 εἷς
3633 2219 3724 2274 τὸν
3755 2219 3883 2275 κατ’

493 2309 694 2383 ipsum
707 2324 926 2369 nomen
952 2309 1030 2369 ad
1047 2309 1513 2388 signiﬁcandam
1536 2312 1956 2371 exsistentiam
1974 2309 2133 2371 illius

2227 2304 2479 2378 Εὑνομίοο
2521 2303 2769 2382 τέταρτον
2813 2302 2973 2382 λόγον
3035 2305 3191 2362 αὐτοῦ
3245 2304 3522 2383 διαρρήδην
3573 2308 3662 2364 καὶ
3693 2313 3877 2385 σαφῶς

495 2409 574 2454 ea:
589 2393 936 2467 Deo.Quare
955 2397 1452 2476 quemadmodum
1471 2397 1612 2458 dum
1641 2397 1860 2460 dicitur
1886 2397 2133 2478 Spiritus

2225 2391 2310 2447 ἐπὶ
2366 2391 2556 2458 λέξεως
2613 2399 2776 2448 ταῦτα
2822 2391 3066 2458 διέξεισιν
3095 2411 3110 2428 ⁸
3183 2391 3311 2452 Οὐδὲ
3383 2395 3485 2474 γὰρ
3535 2392 3752 2451 ἔλαττον
3825 2417 3878 2451 τι

496 2491 757 2556 sanctus,
790 2484 1032 2563 spiritus
1060 2484 1182 2544 oris
1214 2484 1341 2558 Dei,
1374 2485 1516 2545 satis
1556 2493 1645 2546 est
1689 2486 1761 2546 ad
1822 2485 2133 2548 notandam

2224 2479 2354 2545 ’έξειν
2433 2480 2696 2558 μέλλομεν
2799 2483 2872 2545 εἰς
2978 2484 3038 2538 16
3122 2484 3401 2561 γινώσκειν
3501 2485 3563 2540 16
3661 2490 3875 2560 Πνεῦμα

496 2568 683 2648 ipsius
717 2572 1119 2634 exsistentiam
1154 2592 1224 2635 ex
1253 2575 1712 2654 Iteo,sententia
1744 2576 1992 2654 Ιηῃυεοθ
2022 2594 2133 2636 ma-

2223 2571 2483 2649 ὑπάρχειν
2538 2572 2596 2625 ὶγ
2696 2571 2848 2650 Θεοῦ,
2935 2577 3143 2647 Πνεῦμα
3222 2577 3313 2628 τοῦ
3379 2573 3644 2647 στόματος
3714 2574 3874 2628 αὐτοῦ

492 2658 640 2718 ximi
694 2661 934 2722 Patris:
974 2663 1050 2723 ita
1120 2662 1259 2724 dum
1315 2663 1530 2725 dicitur
1577 2665 1831 2744 Spiritus
1879 2671 2133 2736 sanctus,

2224 2659 2504 2722 ἀκούοντος
2563 2659 2712 2718 αὐτὸ.
2785 2657 2935 2716 Ἀλλ’
3007 2661 3184 2715 ἱκανὸν
3243 2661 3333 2718 καὶ
3395 2667 3550 2716 τοῦτο
3591 2662 3652 2716 16
3703 2662 3872 2736 ὁνομα

490 2746 734 2825 spiritus
761 2751 882 2812 oris
930 2751 1082 2826 Filii,
1137 2771 1274 2814 vere
1304 2753 1663 2834 proprieque
1692 2753 1834 2814 satis
1865 2753 2043 2814 fuerit
2066 2754 2133 2815 ad

2221 2749 2317 2815 τὴν
2405 2747 2619 2826 ὕπαρξιν
2707 2751 2861 2808 αὐτοῦ
2938 2746 3176 2814 δηλῶσαι
3249 2749 3348 2818 τὴν
3415 2748 3475 2803 ὲκ
3546 2756 3697 2807 Θεοῦ.
3780 2759 3862 2807 Κα

492 2835 886 2900 denotandam
920 2839 1106 2920 ipsius
1137 2841 1538 2903 exsistentiam
1573 2861 1640 2903 ex
1670 2841 1847 2903 Filio.
1899 2841 1972 2903 Et
2026 2843 2133 2904 hac

2220 2838 2388 2893 τοίνυν
2439 2839 2495 2893 ὃν
2549 2837 2742 2916 τρόπον
2791 2840 2852 2893 τὸ
2895 2835 3136 2914 λέγεσθαι
3195 2839 3256 2892 τὸ
3313 2842 3527 2912 Πνεῦμα
3584 2839 3644 2894 16
3715 2837 3869 2915 ἅγιον

495 2925 725 2989 ratione
757 2928 957 2988 multis
987 2947 1058 2990 ex
1093 2929 1362 3009 partibus
1412 2933 1595 2991 oratio
1627 2942 1831 2991 nostra
1855 2930 2133 2992 demons-

2219 2933 2422 3001 πνεῦμα
2479 2935 2570 2983 τοῦ
2612 2926 2875 3002 στόματος
2945 2926 3036 2982 τοῦ
3103 2933 3233 2982 Θεοῦ
3290 2925 3387 2992 τὴν
3455 2925 3670 3004 ὕπαρξιν
3713 2927 3873 2982 αὐτοῦ

491 3016 1099 3094 travit,exsistentiam
1122 3017 1340 3082 habere
1365 3020 1540 3081 etiam
1570 3039 1641 3081 ex
1671 3019 1820 3082 Filio
1850 3017 2133 3101 Spiritum

2219 3015 2455 3084 δηλῶσαι
2495 3017 2593 3084 τὴν
2648 3015 2707 3071 ἐκ
2766 3022 2896 3073 Θεοῦ
2977 3015 3114 3072 κατὰ
3169 3024 3350 3073 τοῦτον
3432 3017 3524 3071 τὸν
3581 3016 3868 3094 πάμμεγαν

491 3114 785 3167 sanctum.
2151 3108 2388 3169 Οἶκανὸν
2446 3104 2585 3160 ἔστιν
2621 3123 2635 3138 ο
2679 3105 2770 3159 τὸν
2829 3105 2982 3160 αὐτὸν
3042 3104 3236 3182 τρόπον
3278 3105 3366 3159 καὶ
3409 3104 3470 3160 16
3512 3101 3754 3182 λέγεσθαι
3807 3105 3869 3158 τὸ

492 3200 702 3271 Πνεῦμα
759 3200 821 3254 16
876 3200 1029 3278 ἅγιον
1085 3201 1172 3256 κπὶ
1230 3208 1435 3277 πνεῦμα
1499 3210 1591 3259 τοῦ
1659 3201 1921 3275 στόματος
1963 3203 2054 3256 τοῦ
2119 3202 2239 3256 Υἱοῦ
2294 3197 2393 3252 11v
2435 3193 2646 3274 ὕπαρξιν
2702 3193 2859 3250 αὐτοῦ
2912 3191 3147 3260 δηλῶσαι
3195 3193 3292 3262 τὴν
3351 3195 3440 3250 καὶ
3490 3192 3552 3249 ἐκ
3578 3200 3670 3250 τοῦ
3741 3195 3867 3249 Υἱοῦ

489 3285 813 3352 καθέστηκεν
899 3291 1077 3346 ἱκανὸν
1163 3293 1293 3366 πρὸς
1369 3290 1640 3362 ἀλήθειαν.
1745 3290 1894 3348 Οὕτω
1949 3297 2152 3369 τρανῶς
2209 3285 2545 3365 πολλαχόθεν
2601 3282 2863 3348 ἀπέδειξεν
2948 3286 2976 3339 6
3033 3281 3191 3362 λόγος
3257 3284 3396 3357 ἡμῖν
3491 3285 3590 3352 τήν
3646 3281 3867 3363 ὕπαρξιν

489 3369 637 3451 ἔχειν
681 3377 782 3432 κάκ
845 3388 938 3436 τοῦ
976 3380 1096 3436 Υἱοῦ
1137 3380 1198 3434 16
1246 3385 1455 3454 Πνεῦμα
1491 3381 1553 3435 16
1606 3378 1776 3456 ἅγιον.

569 3461 668 3524 36.
701 3460 771 3523 Ει
800 3464 942 3544 quid
975 3484 1123 3546 opus
1145 3473 1258 3541 est,
1288 3465 1586 3546 inquiunt,
1621 3465 1712 3528 bis
1735 3465 1956 3546 multis,
1990 3485 2134 3547 quo-

483 3553 916 3635 rum_q_uaedam
933 3553 1083 3616 forte
1101 3554 1173 3616 ad
1201 3573 1414 3618 manus
1440 3563 1672 3616 nostras
1699 3574 1815 3616 non
1850 3573 2132 3635 pervene-

485 3629 1035 3704 reTﬁamascenus
1084 3643 1322 3724 sapiens
1377 3646 1634 3706 Joannes
1682 3644 1808 3705 fere
1850 3629 2131 3706 omnibus

489 3731 782 3807 posterior
812 3748 1054 3810 prorsus
1105 3731 1405 3812 prohibuit
1435 3751 1503 3792 ex
1533 3731 1682 3793 Filio
1713 3731 2126 3813 diciSpiritum

487 3825 781 3894 sanctum,
816 3827 876 3881 et
905 3819 1129 3882 dictum
1163 3821 1325 3882 illius
1346 3820 1426 3881 ita
1455 3820 1744 3899 digeritur
1777 3841 1791 3886 :
1827 3822 2127 3904 Spiritum

485 3923 628 3968 vero
658 3906 816 3970 Filii
829 3909 1108 3985 dicimus,
1141 3927 1216 3972 ea:
1233 3910 1402 3972 Filio
1431 3928 1575 3973 vero
1604 3929 1724 3974 non
1753 3913 2035 3976 dicimus.
2063 3913 2133 3975 Et

2216 3911 2377 3964 θειται
2412 3923 2426 3937 ⁸
2489 3915 2703 3982 Πνεῦμα
2759 3906 2857 3980 μὲν
2909 3908 3029 3963 1‘106
3081 3905 3336 3985 λέγομεν,

484 3995 600 4057 alio
632 3994 761 4058 loco
790 4015 1000 4059 rursus
1031 3999 1090 4058 id
1121 3998 1280 4059 idem
1313 4000 1674 4062 confirmans
1715 4020 1728 4064 :
1766 4002 1941 4066 Solus
1969 4005 2130 4066 enim

2216 3994 2268 4052 δὲ
2325 3999 2383 4055 οὗ
2443 3995 2692 4075 λέγομεν.
2742 3997 2841 4055 Καὶ
2890 3994 3129 4074 ἀλλαχοῦ
3157 3993 3301 4053 τουτ’
3336 3996 3464 4053 αὐτὸ
3512 3993 3673 4051 πάλιν
3729 4016 3865 4051 συν-

486 4102 669 4148 causa
689 4085 873 4149 Pater
892 4095 1000 4163 est,
1038 4086 1205 4149 dixit.
1232 4086 1370 4151 Haec
1397 4089 1596 4170 itaque
1611 4090 1932 4153 adversarii
1956 4093 2132 4155 ambo

2218 4090 2400 4157 ιστῶν,
2465 4085 2638 4150 Μόνος
2695 4085 2796 4164 γὰρ
2865 4084 3038 4150 αἴτιος
3092 4087 3119 4141 6
3176 4085 3381 4164 Πατὴρ,
3439 4084 3626 4164 ἔφησε.
3687 4090 3866 4142 Ταῦτα

486 4174 548 4235 ἱη
581 4193 762 4237 unum
808 4186 1155 4256 aggerantes
1206 4177 1377 4240 nobis
1427 4187 1788 4260 proponunt,
1834 4189 2130 4260 postremo

2216 4173 2312 4249 μὲν
2371 4176 2416 4230 o1
2471 4179 2575 4229 τῶν
2633 4174 2882 4231 ἐναντίων
2937 4177 3006 4241 εἱς
3049 4173 3104 4231 ἓν
3153 4174 3467 4254 συνάγοντες
3520 4173 3680 4254 ἄμφω
3721 4194 3863 4251 προ-

484 4262 613 4326 loco
644 4274 992 4330 conservata
1039 4267 1124 4328 uti
1171 4285 1424 4330 occursu
1477 4267 1756 4344 infausta,
1789 4277 1846 4330 et
1889 4279 2128 4350 aspoetu

2216 4263 2434 4320 τείνουσι
2503 4265 2635 4339 πρὸς
2679 4265 2846 4338 ἡμᾶς,
2894 4265 2960 4321 τὰ
3019 4262 3329 4320 τελευταῖον
3385 4263 3680 4343 τηρούμενα
3734 4263 3863 4319 τού-

487 4353 1214 4430 terribilia,verumtamen
1239 4357 1604 4419 tantumdem
1629 4375 1834 4420 eversu
1853 4349 2128 4420 faciliaiis

2216 4374 2343 4432 τοις,
2401 4354 2473 4416 ὡς
2530 4350 2824 4419 δυσάντητα
2879 4352 3031 4419 δῆθεν
3077 4354 3165 4410 καὶ
3229 4351 3659 4426 δυσαντίϐλεπτα,
3705 4352 3770 4407 τὰ
3806 4349 3862 4407 δὲ

2295 3452 2429 3537 λς’,
2475 3466 2571 3521 Καὶ
2621 3464 2669 3519 τί
2723 3460 2830 3537 δεῖ,
2876 3464 3022 3542 φασὶ,
3054 3469 3157 3519 τῶν
3200 3459 3413 3520 πολλῶν
3456 3461 3653 3542 τούτων
3708 3465 3867 3540 ὑμῖν,

2213 3555 2388 3630 ὧνπερ
2444 3574 2580 3608 τισιν
2635 3551 2771 3614 ’ίσως
2828 3541 2934 3607 οὐδ’
2994 3551 3362 3632 ἑνετύχομενς
3459 3541 3515 3607 Ὀ
3575 3551 3867 3624 Δαμασκό-

2212 3644 2296 3697 θεν
2352 3642 2511 3721 σοφὸς
2589 3639 2839 3706 Ἰωάννης
2917 3640 3357 3720 μεταγενέστερος
3401 3645 3591 3718 μικροῦ
3649 3639 3868 3695 πάντων

2374 3731 2734 3810 ἀπηγόρευσεν
2791 3727 2932 3794 ὅλως
2989 3731 3050 3785 16
3091 3729 3153 3788 ἐκ
3191 3735 3286 3786 τοῦ
3343 3731 3464 3786 Υἱοῦ
3519 3727 3760 3805 λέγεσθαι
3805 3730 3869 3783 τὸ

2828 3820 2915 3874 καὶ
2956 3820 3016 3874 16
3057 3819 3242 3875 τούτου
3283 3819 3445 3896 ῥητὸν
3487 3815 3651 3878 οὕτως
3708 3815 3866 3872 ἐκτέ-

3427 3905 3488 3962 έκ
3569 3907 3660 3962 τοῦ
3743 3905 3868 3962 Υἱοῦ

2212 3731 2310 3810 ὢν,

2213 3826 2425 3894 Πνεῦμα
2457 3821 2517 3874 16
2558 3819 2709 3898 ἅγιον
2743 3837 2761 3855 ⁶

483 4443 581 4522 qui
623 4451 784 4505 recte
832 4454 1225 4526 accurateque
1263 4445 1625 4522 discurrunt,
1679 4455 1960 4528 quantum
2010 4447 2127 4508 illis

484 4530 586 4611 qui
610 4531 782 4594 aliter
817 4534 1014 4595 atfecti
1041 4544 1200 4606 sunt,
1232 4544 1586 4616 reputantur
1612 4546 1946 4617 expugnatu
1967 4535 2126 4597 ditii-

483 4620 620 4682 cilia
648 4621 915 4703 Namque
943 4623 1013 4684 ad
1040 4626 1292 4703 primum
1325 4624 1486 4687 illico
1513 4626 1950 4706 respondentes
1974 4624 2128 4688 dici-

485 4719 710 4784 mus,ut
731 4729 942 4791 magna
954 4714 1298 4775 eorumdem
1318 4713 1562 4793 quastio
1587 4713 1752 4777 brevi
1775 4712 2131 4776 dissolvatur

481 4797 853 4874 oratione,iis
872 4801 972 4881 qui
999 4800 1183 4882 probe
1198 4801 1633 4884 diligenterque
1651 4802 1871 4864 nostris
1883 4800 2126 4864 vocibus

479 4895 741 4949 mentem
775 4889 1114 4962 intendunt,
1147 4909 1364 4971 easque
1395 4892 1758 4966 examinant,
1795 4909 1988 4971 neque
2019 4909 2127 4951 nos

478 4975 702 5058 absque
753 4979 1179 5058 conjunctione
1237 4980 1647 5060 pronuntiare,
1680 4998 1756 5044 ea:
1801 4979 1961 5041 Filio
2001 4996 2127 5042 esse

477 5065 786 5146 Spiritum
804 5067 1217 5142 sauctum,sed
1246 5069 1406 5130 hunc
1426 5070 1611 5132 etiam
1632 5087 1707 5133 ea:
1726 5068 2124 5148 Filio'aperto

478 5173 584 5215 ore
618 5156 1158 5236 praedicamusﬂis
1189 5159 1445 5238 parvulis
1492 5157 1688 5220 verbis
1718 5165 1776 5220 et
1803 5158 2124 5218 admodum

479 5242 712 5321 pusillis
737 5244 1063 5324 problema,
1098 5246 1254 5326 quod
1305 5245 1420 5326 ipsi
1461 5247 1732 5327 judicant
1777 5245 2118 5321 maximum,

477 5330 1000 5414 dissolvimus,quo
1031 5353 1236 5397 everso
1264 5353 1297 5396 a
1319 5335 1490 5398 nobis
1517 5353 1762 5417 prorsus
1793 5335 2119 5397 etalterum

476 5421 785 5485 evertitur.
835 5421 952 5484 Sed
998 5423 1256 5487 breviter
1283 5425 1647 5505 propositum
1677 5424 1898 5487 dictum
1931 5441 2120 5504 expo-

556 5580 622 5630 ⁸5
647 5578 700 5642 II
729 5578 940 5645 Thess.
973 5599 1037 5663 ιι,
1073 5583 1133 5644 8.

2208 4448 2452 4498 τοσοῦτον
2509 4440 2863 4511 εὒανάτρεπτα
2903 4455 3020 4506 τοῖς
3075 4439 3270 4517 κομιδῆ
3345 4441 3704 4520 λογιζομένοις
3759 4440 3860 4518 ὀρ-

2210 4534 2334 4606 θῶς,
2382 4531 2504 4590 ὅσον
2536 4534 2678 4608 παρά
2721 4546 2838 4597 τοῖς
2898 4533 3112 4615 ἔχουσιν
3156 4534 3331 4600 ἄλλως
3388 4536 3563 4594 τελεῖν
3619 4536 3859 4596 δοκοῦσιν

2211 4622 2634 4702 ἀκαταγώνιστα.
2699 4623 2795 4680 Καὶ
2850 4624 2949 4702 γὰρ
3003 4625 3135 4702 πρὸς
3193 4625 3291 4700 μὲν
3332 4627 3394 4682 16
3435 4630 3642 4706 πρῶτον
3685 4648 3861 4704 φαμεν

2213 4711 2680 4793 ἀντιφθεγγόμεθοι
2737 4713 3015 4791 παρευθὺς,
3065 4711 3156 4769 ἴνα
3215 4715 3275 4770 16
3351 4714 3603 4795 μέγιστον
3659 4716 3860 4772 τούτων

2207 4801 2423 4876 ζήτημα
2468 4805 2641 4878 μικρῷ
2683 4797 2830 4878 λόγῳ
2883 4799 3148 4876 λύσωμεν,
3209 4800 3288 4857 ὅτι
3342 4816 3461 4868 τοῖς
3531 4803 3859 4884 προσέχουσι

2207 4892 2295 4946 καὶ
2353 4889 2733 4964 σκοπουμένοις
2789 4887 3018 4968 ἀκριϐῶς
3101 4891 3197 4952 τὰς
3255 4891 3517 4973 ἡμετέρας
3580 4895 3756 4972 φωνὰς
3797 4894 3860 4950 οῦ

2207 4976 2434 5057 λέγομεν
2498 4975 2603 5036 οὐδ’
2687 4978 2850 5053 ἡμεῖς
2933 4975 3249 5056 ἀσυνδέτως,
3322 4979 3382 5037 ἐκ
3457 4988 3548 5038 τοῦ
3617 4983 3738 5040 Υίοῦ
3794 4983 3858 5039 16

2207 5072 2418 5139 Πνεῦμα
2472 5067 2533 5122 16
2605 5066 2779 5143 ἅγιον,
2867 5063 3004 5124 ἀλλά
3089 5074 3243 5124 τοῦτο
3325 5072 3414 5126 καὶ
3467 5070 3529 5128 ἐκ
3573 5077 3666 5128 τοῦ
3735 5072 3860 5129 Υἱοῦ

2207 5155 2517 5236 διαπρυσίως
2573 5155 2925 5233 κηρύττομεν.
3010 5157 3222 5221 Τούτοις
3279 5171 3395 5224 τοῖς
3464 5160 3663 5236 ῥήμασι
3733 5173 3858 5224 τοῖς

2207 5258 2419 5324 μικροῖς
2473 5245 2559 5301 καὶ
2606 5242 2722 5300 λίαν
2787 5244 3090 5321 ὀλιγοστοῖς
3143 5247 3206 5302 16
3261 5247 3510 5326 μέγιστον
3552 5254 3658 5305 τῶν
3713 5269 3858 5328 προ-

2203 5332 2491 5410 ϐλημέτων
2560 5335 2742 5396 αὐτοῖς
2811 5330 3112 5416 διαλύομεν,
3189 5338 3348 5416 οὗπερ
3402 5336 3580 5402 καλῶς
3634 5338 3856 5416 ἀναιρι..

2202 5423 2379 5488 θέντος
2433 5427 2570 5501 ἡμῖν
2623 5423 2833 5487 πάντως
2892 5415 2988 5482 ’καὶ
3057 5425 3118 5480 16
3204 5415 3390 5484 λοιπὸν
3469 5415 3854 5505 συνανῄρηται.
