4208 6290
522 315 678 381 1247
1645 310 2156 380 GONSTANTINI

2239 314 2549 378 [ELITEN
2561 316 2757 379 ΙΟΤΕ
3735 313 3897 378 1248

490 465 610 530 per
643 449 881 514 Filium
934 448 1318 531 eﬂ‘usus.Non
1348 447 1464 512 alia
1505 458 1708 510 mente
1754 447 2155 510 Damascenus

2240 446 2385 502 Κατὰ
2440 447 2637 515 ταὺτην
2703 449 2799 517 τὴν
2857 446 3056 507 ἔννοιαν
3103 451 3191 506 καὶ
3249 452 3276 506 6
3323 448 3664 524 Δαμασκόθεν
3707 448 3880 526 σοφὸς

507 537 770 619 sapiens,
801 560 824 594 ι
847 541 953 604 Ea:
983 541 1169 621 Filio,
1197 536 1503 619 inquit,uti
1527 555 1595 599 ex
1626 536 1819 616 prima
1847 553 2021 598 causa
2041 553 2156 598 non

2251 554 2275 588 ι
2326 543 2400 592 Εκ
2451 543 2545 593 τοῦ
2592 539 2734 598 Υἱοῦ.
2769 539 2954 617 φησὶν,
2997 540 3070 600 ὡς
3099 536 3150 604 ἐξ
3187 538 3362 618 ἀρχῆς
3394 536 3611 616 πρώτης
3642 539 3699 594 οὗ
3728 534 3901 611 λέγο-

506 626 785 692 dicimus.
825 655 847 687 ο
884 629 1034 692 Illud
1069 646 1244 710 porro
1276 628 1461 690 etiam
1499 643 1580 688 ea:
1607 627 1908 698 Filio,hoc
1939 633 2030 688 est
2054 643 2164 706 per

505 716 736 779 Filium
760 718 1114 779 mediantem
1148 715 1516 785 naturaliter,
1552 716 1667 778 hoc
1695 716 1821 777 fere
1854 715 1928 776 ab
1959 714 2161 776 omni-

513 803 628 866 bus
655 805 909 886 Spiritus
946 808 1144 869 aftlatu
1177 805 1562 886 loquentibus
1592 805 2158 867 Patribustraditum

512 892 807 971 nobisque
841 914 960 956 non
992 896 1187 956 minus
1215 894 1392 957 variis
1422 912 1626 957 eorum
1655 895 1893 976 scriptis
1913 895 2161 956 relatum

509 980 684 1042 etiam
718 982 776 1042 in
807 982 1073 1046 Ecclesia
1101 985 1230 1065 ipsa
1282 985 1469 1061 magis
1527 1001 1746 1045 sonore
1785 983 2162 1045 decantatum

510 1070 725 1132 est.Sic
754 1081 958 1151 aperte
988 1075 1085 1136 hic
1115 1092 1348 1154 quoque
1379 1072 1616 1134 divinus
1670 1071 1936 1135 Melodus
1985 1067 2166 1135 simili

510 1158 768 1238 dogmati
793 1163 987 1240 potius
1035 1162 1395 1243 patrocinari
1439 1162 1696 1234 videtur,
1733 1169 1961 1222 tantum
1995 1162 2166 1223 abest

512 1254 576 1307 ut
603 1247 704 1309 ille
733 1251 805 1310 ad
862 1250 1006 1312 illud
1040 1251 1447 1325 evertendam,
1484 1258 1546 1312 ut
1604 1249 1924 1312 adversarii
1954 1253 2158 1313 existi-

516 1343 698 1411 mant,
735 1337 962 1402 tendat.

592 1424 694 1486 37.
728 1426 930 1487 Solum
966 1429 1104 1489 item
1133 1427 1374 1489 Patrem
1397 1446 1636 1489 causam
1665 1445 1820 1502 esse,
1857 1429 2033 1490 etiam
2049 1430 2160 1492 hoc

515 1510 709 1592 ipsum
740 1532 774 1574 a
801 1514 1053 1576 Numine
1081 1517 1367 1579 instructo
1421 1517 1545 1577 viro
1570 1518 1666 1597 pie
1717 1519 2157 1598 pronuntiatum

515 1609 752 1675 est,non
781 1623 852 1664 eo
884 1623 1063 1685 scopo
1097 1624 1336 1686 prorsus
1372 1615 1435 1666 ut
1465 1605 1750 1685 destruat,
1783 1614 1883 1668 aut
1911 1617 2155 1681 evertat,

516 1689 766 1770 intelligi
797 1691 975 1754 etiam
1007 1713 1076 1756 ex
1116 1695 1261 1756 Filio
1291 1695 1576 1775 Spiritum
1610 1702 1899 1756 sanctum.
1935 1697 2159 1759 Rerum

2243 645 2363 698 μεν.
2399 644 2427 682 ι
2465 626 2535 682 Τ“›
2586 623 2640 681 δὲ
2671 628 2757 683 καὶ
2801 629 2863 682 ὲκ
2890 634 2981 684 τοῦ
3013 629 3154 702 Υίοῦ,
3227 625 3462 683 τουτέστι
3507 623 3589 680 διὰ
3644 631 3740 680 τοῦ
3776 625 3902 681 Υἱοῦ

2242 714 2605 787 μεσιτειῦοντος
2673 718 2931 795 φυσικῶς,
2976 723 3133 774 τοῦτο
3200 714 3393 794 σχεδὸν
3422 715 3509 770 καὶ
3558 727 3673 776 τοῖς
3725 732 3900 768 πνευ-

2243 805 2634 880 ματοφθόγγοις
2692 804 2856 860 ἅπασι
2915 795 3148 882 Πατράσι
3193 802 3592 881 τεθεολόγηται,
3636 801 3726 857 καὶ
3758 802 3901 874 ἡμῖν

2250 889 2304 945 ἄν
2360 887 2624 969 διαφόροις
2683 893 3086 970 συγγράμμασιν
3147 890 3291 949 οὐδὲν
3359 894 3520 959 ἧττον
3579 888 3737 967 ῥηθὲν
3799 888 3901 943 ἆν-

2247 979 2498 1054 ῦμνηται,
2585 980 2712 1037 κάπὶ
2793 987 2892 1048 τῆς
2978 981 3294 1048 Ἐκκλησίας
3350 981 3512 1046 αὐτῆς
3561 975 3898 1056 διαπρῦσιον.

2249 1066 2400 1125 Οὕτω
2468 1073 2648 1148 σαφῶς
2689 1070 2776 1126 καὶ
2831 1072 2980 1134 οὗτος
3011 1073 3039 1126 6
3066 1069 3342 1132 Θεσπέσιος
3377 1064 3622 1141 Μελῳὸὸς
3664 1071 3749 1138 τῷ
3779 1063 3903 1141 δόγ-

2251 1178 2377 1230 ματι
2419 1158 2589 1232 τούτῳ
2658 1164 2960 1237 συνηγορῶν
3015 1157 3218 1234 μᾶλλον
3259 1157 3518 1238 φαίνεται,
3572 1156 3648 1230 μή
3709 1152 3901 1229 μέντοι

2249 1245 2379 1323 πρὸς
2436 1247 2696 1326 ἀναίρεσιν
2765 1249 2950 1306 τοῦτου
2981 1249 3174 1328 χωρῶν
3215 1248 3352 1304 κατὰ
3380 1247 3475 1314 τὴν
3504 1245 3610 1300 τῶν
3644 1242 3900 1300 ἐναντίων

2241 1332 2535 1410 ὑπόληψιν.

2323 1414 2427 1493 λζ’.
2478 1414 2608 1482 ΗΟτι
2653 1424 2708 1482 δὲ
2755 1428 2842 1483 καὶ
2897 1427 3058 1502 μόνος
3119 1427 3257 1484 ἐστὶν
3287 1424 3462 1487 αἴτιος
3507 1424 3534 1478 6
3565 1421 3778 1498 Πατὴρ,
3809 1418 3900 1474 καὶ

2241 1510 2382 1567 τοῦτ’
2439 1513 2564 1568 αῦτὸ
2605 1519 2683 1588 τῷ
2742 1517 2978 1595 θεοσόφῳ
3005 1515 3182 1579 καλῶς
3214 1513 3450 1594 εἴρηται,
3481 1509 3624 1577 πλὴν
3653 1508 3753 1564 οὒκ
3810 1503 3895 1561 ἐπ’

2243 1600 2499 1678 ἀναιρέσει
2543 1603 2602 1658 τὸ
2659 1605 2896 1678 σύνολον,
2946 1603 3052 1662 οὐδ’
3096 1605 3369 1683 ἀνατροπῇ
3395 1607 3486 1657 τοῦ
3516 1601 3755 1654 νοεῖσθαι
3812 1595 3899 1650 καὶ

2240 1688 2302 1742 lx
2330 1689 2422 1744 106
2475 1691 2592 1747 Υἱοῦ
2633 1691 2693 1746 τὰ
2755 1698 2963 1767 Πνεῦμα
3005 1694 3066 1749 τὸ
3107 1692 3283 1771 ἅγιον,
3335 1691 3432 1748 Καὶ
3492 1693 3597 1742 τῶν
3654 1683 3896 1758 κτισμά-

515 1779 809 1873 siquidem
839 1781 1122 1844 factarum
1183 1769 1360 1844 causa
1417 1783 1579 1845 solus
1628 1786 1799 1844 Pater
1853 1784 2154 1860 asseritur,

2243 1796 2347 1830 των
2390 1777 2490 1855 γὰρ
2544 1777 2753 1856 λέγεται
2787 1780 2948 1856 μόνος
3008 1769 3180 1846 αἶ’τιοξ
3224 1784 3252 1837 δ
3285 1779 3492 1873 Πιτὴρτ
3527 1769 3900 1872 ὁμολογοεμέ·

513 1865 652 1928 licet
679 1869 832 1948 apud
864 1889 1072 1932 omnes
1106 1875 1164 1932 in
1187 1872 1459 1934 confesso
1499 1871 1598 1944 sit,
1625 1891 1726 1934 eas
1757 1872 1930 1933 etiam
1961 1893 2030 1934 ex
2055 1872 2156 1935 Fi-

2243 1885 2342 1926 νως
2386 1865 2491 1920 κὰκ
2549 1875 2640 1923 106
2695 1871 2815 1928 Υἱοῦ
2871 1868 3236 1926 πλουτούντων
3293 1869 3391 1934 τὴν
3435 1866 3707 1922 σύστασιν.

517 1953 594 2014 lio
627 1957 1105 2022 constitutionem
1141 1960 1472 2041 possidere.
1514 1959 1590 2022 Ut
1621 1979 1761 2022 vero
1793 1980 1868 2022 ne
1911 1963 1986 2023 de
2017 1981 2160 2024 voce

512 2043 674 2106 solus
703 2063 912 2107 rursus
940 2065 1277 2110 sermonem
1309 2048 1648 2121 instituens,
1683 2050 1900 2129 saepius
1943 2051 2156 2112 eadem

514 2142 814 2212 repetens,
848 2143 1083 2217 tempus
1116 2139 1432 2209 insumam,
1467 2146 1526 2199 et
1555 2138 1761 2199 eadem
1802 2138 2154 2199 circumvol-

512 2239 678 2297 vens,
713 2224 954 2285 modum
987 2226 1276 2287 excedere
1319 2226 1541 2303 videar,
1577 2226 1732 2305 quod
1768 2227 2065 2307 praecipue
2097 2227 2157 2288 in

514 2311 830 2374 antedictis
862 2313 1094 2393 longius
1124 2323 1471 2395 prosecutus
1500 2333 1653 2388 sum,
1692 2333 1938 2393 magnus
1987 2316 2158 2377 Basi-

517 2396 632 2459 lius
677 2400 927 2462 aﬂirmat
983 2403 1262 2463 adversus
1297 2403 1656 2464 Eunomium
1688 2403 1837 2464 libro
1869 2404 2154 2480 secundo,

516 2487 675 2548 hunc
707 2487 767 2548 in
805 2489 1042 2551 modum
1103 2509 1440 2553 sermonem
1488 2491 1806 2553 instituens
1857 2500 1915 2552 et
1951 2492 2160 2572 dispo-

515 2593 702 2636 nens:
738 2577 907 2652 Quod
928 2597 965 2640 a
997 2579 1165 2641 Filio
1183 2580 1416 2658 factum
1442 2581 1762 2655 asseritur,
1792 2582 1874 2640 ad
1892 2583 2162 2660 primam

519 2681 768 2726 causam
779 2666 1070 2744 refertur;
1089 2670 1242 2730 adeo
1259 2678 1326 2730 ut
1341 2675 1456 2731 etsi
1471 2669 1676 2731 omnia
1689 2686 1802 2748 per
1814 2670 2006 2732 Deum
2027 2673 2164 2733 Ver-

517 2753 1532 2836 bumproductaessecredamus,sed
1545 2774 1798 2818 causam
1815 2775 1882 2819 cu
1892 2765 2163 2820 notorum

517 2843 707 2904 Deum
727 2860 851 2906 esse
873 2863 996 2908 non
1025 2845 1738 2925 denegemus.Considera
1767 2845 2165 2927 interim,qui-

519 2949 755 3012 cunque
810 2932 872 2993 in
922 2936 1234 3015 praesentia
1262 2952 1600 2996 sermonem
1647 2943 1911 2995 nostrum
1965 2937 2158 3011 audis,

511 3026 638 3081 tum
671 3021 829 3084 illius
869 3042 909 3085 a
961 3023 1139 3088 Filio.
1179 3032 1300 3084 tum
1332 3023 1494 3085 illius
1521 3041 1626 3104 per
1681 3026 1870 3085 Deum
1907 3024 2162 3087 Verbum

513 3109 655 3183 vim,
688 3119 751 3172 ut
781 3111 920 3173 inde
943 3112 1126 3174 rebus
1162 3113 1222 3174 in
1251 3112 1528 3174 omnibus
1580 3111 1890 3174 ambarum
1949 3115 2157 3175 harum

515 3200 998 3280 praepositionum
1019 3201 1176 3264 vires
1195 3201 1450 3281 aequales
1477 3219 1764 3281 agnoscas
1791 3223 1804 3260 :
1841 3211 2160 3283 praeterea-

515 3307 630 3369 que
660 3299 798 3352 ante
828 3289 939 3352 hoc
987 3291 1240 3372 inspice,
1300 3310 1415 3372 qua
1467 3291 1701 3354 ratione
1753 3299 2157 3354 creaturarum

512 3379 774 3457 ipsarum
803 3379 966 3441 solus
999 3381 1170 3442 Pater
1197 3398 1335 3442 vere
1368 3399 1546 3442 causa
1579 3380 1828 3454 exsistit,
1875 3381 2154 3462 quoniam

509 3467 662 3544 quod
691 3469 924 3546 factum
946 3485 1074 3530 esse
1090 3469 1320 3531 dicitur
1346 3487 1382 3530 α
1421 3469 1610 3547 Filio,
1643 3469 1726 3529 ad
1754 3468 2153 3548 primam,ait,

509 3570 753 3617 causam
784 3556 1223 3634 refertur,adeo
1253 3564 1319 3620 ut
1343 3559 1457 3619 etsi
1479 3573 1590 3636 per
1610 3557 1837 3619 Filium
1862 3557 2158 3636 producta

507 3659 630 3705 esse
652 3643 998 3724 credamus,
1034 3645 1140 3706 sed
1160 3653 1510 3707 cunctorum
1541 3662 1790 3707 causam
1819 3663 1942 3706 esse
1973 3646 2155 3708 Deum

509 3749 634 3793 esse
687 3749 812 3794 non
867 3733 1250 3814 denegemus.
1313 3733 1431 3796 Sed
1503 3751 1577 3794 ne
1637 3732 1912 3794 turbetur
1979 3735 2154 3814 quis-

511 3821 667 3899 piam
700 3820 789 3882 vel
835 3820 1144 3884 minimum
1200 3840 1297 3884 me
1340 3823 1402 3883 in
1455 3821 1791 3902 exemplum
1838 3821 2154 3886 adduxisse

514 3908 872 3971 creationem
903 3909 977 3971 ad
1002 3909 1221 3972 similia
1245 3910 1688 3973 demonstrand.
1726 3909 1991 3991 Namque
2023 3911 2152 3972 col-

511 3996 779 4077 loquium
796 3997 1125 4060 Orthodoxi
1147 4009 1206 4061 et
1226 3999 1497 4061 .tnomcei
1519 3999 1827 4078 cujusdam
1853 4018 2154 4079 exponens

509 4085 746 4148 divinus
768 4087 1068 4162 Pater,cui
1099 4087 1172 4149 ab
1201 4088 1590 4152 immortalite
1623 4107 1842 4151 nomen
1874 4088 2001 4161 fuit,
2026 4090 2154 4152 haec

509 4174 695 4238 habet
728 4192 744 4236 :
783 4177 984 4239 Causa
1029 4185 1119 4240 est
1162 4177 1274 4240 Dei
1318 4184 1564 4250 natura,
1589 4184 1642 4240 et
1661 4177 1826 4258 Filii,
1855 4185 1912 4240 et
1942 4176 2151 4256 Spiri-

512 4273 608 4326 tus
634 4267 855 4346 sancti,
906 4267 1089 4328 etiam
1137 4268 1437 4329 universas
1477 4273 1800 4329 creatum.
1851 4265 1976 4329 Sed
2006 4268 2155 4328 Filii

3792 1849 3900 1914 Ἰνα

2238 1949 2291 2006 δὲ
2348 1953 2425 2027 μὴ
2465 1953 2622 2010 πάλιν
2665 1955 2723 2012 τῖ
2778 1958 2896 2036 περὶ
2964 1967 3055 2017 τοῦ
3124 1958 3292 2033 μόνος
3351 1954 3536 2031 εἰπὼν,
3593 1947 3769 2026 λέγων
3834 1946 3900 1999 τὰ

2238 2041 2368 2095 αὐτὰ
2411 2041 2669 2108 πολλάκις
2714 2035 3111 2126 ἐνδιατρίϐοιμι,
3184 2047 3273 2102 καὶ
3341 2056 3459 2099 τοῖς
3504 2041 3686 2102 αῦτοῐς
3747 2035 3897 2126 αὖθις

2235 2129 2596 2186 ἒπεισκυκλῶν
2653 2133 2791 2190 οὕτω
2846 2124 3094 2214 περιττὸς
3151 2141 3280 2192 πᾶσι
3363 2130 3592 2203 δόξαιμι,
3665 2125 3788 2202 περὶ
3839 2124 3896 2178 οὖ

2237 2215 2467 2290 μάλιστα
2510 2219 2666 2299 λόγον
2727 2209 2929 2302 συχνὸν
2988 2225 3041 2281 ὲν
3113 2237 3229 2286 τοῖς
3287 2216 3606 2298 προλαϐοῦσι
3655 2209 3894 2302 κατέβα-

2238 2303 2352 2378 λον,
2417 2309 2444 2362 ὁ
2487 2309 2655 2388 μέγας
2699 2300 2971 2376 Βασίλειος
3029 2321 3184 2370 τοῦτο
3237 2333 3400 2391 φησιν
3443 2309 3496 2363 ἐν
3551 2309 3629 2379 τῷ
3669 2300 3896 2391 se“???

2239 2400 2342 2449 τῶν
2399 2399 2527 2470 πρὸς
2562 2399 2840 2475 Εὒνόμιον,
2913 2388 3267 2480 τοιουτρόπως
3323 2395 3586 2454 διαλαϐὼν
3646 2393 3736 2448 τὸν
3791 2388 3890 2444 λόο

2241 2503 2334 2558 γον
2391 2486 2476 2540 καὶ
2557 2485 2856 2564 διαθέμενος
2887 2506 2902 2521 ⁸
2969 2492 3040 2548 Τό
3116 2491 3258 2569 παρὰ
3313 2494 3404 2544 τοῦ
3463 2484 3582 2540 ι’ἱοῦ
3659 2484 3888 2569 γεγενῆ’

2243 2575 2358 2626 σθ²ι
2444 2572 2732 2653 λεγόμενον
2817 2582 2946 2656 πρὸς
3031 2580 3131 2647 τὴν
3196 2566 3446 2656 *πρώτην
3528 2573 3694 2628 αἰτίαν
3791 2566 3888 2630 τὴν

2243 2657 2502 2738 ἀν²φυράν
2586 2663 2702 2744 ἔχει
2739 2686 2752 2700 ⁸
2839 2669 2999 2741 ὥστε,
3071 2668 3168 2725 κᾶν
3229 2667 3399 2723 πάντα
3458 2664 3530 2725 είς
3599 2661 3661 2715 τὸ
3748 2659 3886 2710 εἶναι

2243 2754 2519 2829 παρῆχθαι
2571 2751 2654 2810 διὰ
2727 2767 2816 2816 τοῦ
2911 2765 3044 2814 Θεοῦ
3100 2759 3270 2834 Λόγου
3344 2751 3680 2826 πιστεύομεν,
3755 2741 3888 2800 ἀλλᾶ

2243 2837 2305 2890 τὸ
2375 2840 2585 2896 πάντων
2644 2843 2816 2901 αἴτιον
2865 2847 3007 2903 εἶναι
3063 2848 3154 2902 τὸν
3193 2833 3353 2900 ίΘεὸν
3441 2845 3547 2898 τῶν
3611 2836 3750 2892 ὅλων
3797 2833 3886 2887 οὒκ

2245 2923 2622 3004 ἀφυρούμεθα.
2703 2934 2901 2990 Σκόπει
2966 2933 3180 3010 μεταξὺ,
3257 2933 3468 3007 σύμπας
3531 2929 3559 2983 6
3601 2931 3709 2982 τῶν
3753 2919 3887 2977 κατὰ

2243 3018 2304 3070 τὸ
2362 3019 2527 3095 παρὸν
2614 3019 2910 3100 λεγομέιων
2995 3022 3286 3103 ἀκροατὴς,
3326 3021 3418 3076 τοδ
3473 3039 3530 3075 τε
3587 3015 3730 3090 παρὰ
3798 3014 3886 3103 Τῷ

2247 3106 2366 3160 Υἱοῦ
2421 3108 2604 3164 τούτου
2659 3113 2746 3167 καὶ
2805 3121 2897 3170 τοῦ
2954 3113 3038 3169 διὰ
3080 3123 3172 3171 τοῦ
3233 3119 3362 3168 Θεοῦ
3423 3107 3590 3184 Λόγου
3644 3103 3745 3170 τὴν
3795 3097 3885 3155 δύ-

2241 3214 2425 3266 ναμιν,
2471 3197 2544 3260 ὡς
2589 3195 2651 3253 ἂν
2709 3199 2969 3260 κάνταῦθα
3024 3203 3086 3257 τὸ
3139 3200 3276 3257 κατὰ
3329 3204 3433 3254 πᾶν
3462 3195 3642 3273 γνοίης
3698 3189 3886 3246 ταυτὸν

2240 3281 2552 3361 ἀμφοτέρων
2608 3308 2670 3364 γε
2713 3293 2820 3344 τῶν
2875 3291 3125 3346 τοιούτων
3181 3288 3476 3367 προθέσεων
3513 3305 3529 3321 ο
3575 3284 3670 3360 ὃρα
3702 3278 3759 3335 δὲ
3787 3277 3884 3354 πρὸ

2238 3371 2424 3426 τούτου
2483 3374 2596 3438 πῶς
2649 3377 2736 3431 καὶ
2779 3383 2883 3434 τῶν
2931 3377 3245 3452 ποιημάτων
3281 3374 3449 3432 αδτων
3493 3372 3654 3447 μόνος
3683 3371 3714 3424 δ
3772 3373 3884 3422 Πα-

2239 3458 2338 3536 τὴρ
2413 3461 2738 3528 καθέστηκεν
2820 3465 3030 3531 ἀληθῶς
3114 3466 3309 3537 αἴτιος,
3388 3459 3597 3533 Επειδὴ,
3657 3459 3732 3514 Τδ
3789 3475 3880 3533 γε·

2239 3551 2490 3624 γενῆσθαι
2586 3549 2878 3628 λεγόμενον
2974 3556 3117 3632 παρὰ
3201 3560 3293 3609 τοῦ
3383 3554 3503 3608 Υίοῦ
3583 3546 3717 3626 πρὸς
3788 3543 3882 3610 τὴν

2239 3634 2478 3713 πρώτην,
2551 3640 2731 3717 φησὶν.
2804 3642 2970 3698 αἰτίαν
3051 3647 3150 3708 τήν
3245 3640 3507 3719 ἀναφορὰν
3578 3635 3880 3699 κέκτηται·

2237 3721 2316 3779 διὸ
2371 3726 2458 3779 καὶ
2552 3727 2722 3784 πάντα
2805 3731 3120 3806 πιστεύομεν
3228 3729 3324 3805 μὲν
3420 3727 3696 3804 παρῆχθαι
3803 3719 3883 3776 διὰ

2235 3818 2327 3867 τοῦ
2400 3815 2542 3894 Γίου,
2611 3818 2810 3874 τούτων
2852 3817 2907 3875 δὲ
2962 3819 3122 3879 πάλιν
3180 3818 3353 3875 αἴτιον
3437 3816 3527 3871 τὸν
3582 3815 3713 3869 Θεὸν
3781 3813 3881 3864 τῶν

2235 3899 2375 3956 ὁλων
2431 3903 2782 3982 γινώσκομεν,
2857 3905 3022 3964 Ἀλλὰ
3089 3908 3167 3983 μὴ
3239 3905 3519 3984 θροησάτω
3590 3902 3710 3957 τινὰ
3779 3898 3882 3954 τῶν

2237 3989 2482 4045 ἁπάντων
2562 3993 2914 4068 μηδοπωσοῦν
2969 3998 3030 4052 τὸ
3087 3997 3187 4064 τὴν
3243 3996 3411 4052 κτίσιν
3456 3993 3510 4048 ἐν
3551 3991 3755 4050 τούτοις
3819 4005 3882 4061 με

2235 4076 2563 4155 παραλαϐεῖν
2649 4084 2721 4145 εἷς
2809 4083 3164 4162 παράδειγμα.
3249 4084 3352 4142 Καὶ
3419 4083 3518 4160 γὰρ
3602 4077 3879 4152 ΕκΘὲμενος

2235 4163 2537 4244 Ὀρθοδόξου
2603 4168 2827 4237 διάλεξιν
2869 4175 2956 4230 καὶ
3014 4173 3289 4248 Ἀνομοίου
3341 4172 3483 4233 τινὸς
3513 4171 3541 4225 6
3577 4171 3721 4230 θεῖος
3766 4171 3882 4220 Πα-

2233 4253 2332 4332 τὴρ
2385 4257 2414 4310 ὃ
2504 4257 2600 4325 τῆς
2685 4261 2964 4326 ἀθανασίας
3034 4263 3309 4338 ἐπώνυμος
3378 4259 3543 4324 οῧτως
3611 4256 3831 4334 εἴρηκεν
3863 4300 3876 4313 .

509 4355 601 4416 uti
630 4352 812 4416 Verbi
840 4341 860 4415 Ξ
901 4377 924 4412 α
972 4354 1048 4417 Iu
1081 4357 1387 4436 principio
1416 4356 1575 4418 enim
1609 4362 1748 4418 erat
1785 4354 2086 4428 Verbum;
2117 4376 2145 4416 ι

2239 4343 2385 4399 Αἰτία
2442 4345 2582 4404 ἐστὶν
2626 4351 2661 4416 ἡ
2705 4357 2799 4406 106
2862 4355 2994 4408 Θεοῦ
3047 4353 3197 4431 φύσις
3265 4350 3354 4407 καὶ
3421 4355 3513 4404 τοῦ
3593 4347 3714 4402 Υίοῦ
3795 4341 3881 4399 καὶ

511 4442 782 4522 Spiritus
792 4453 1027 4518 vero,ut
1044 4445 1286 4523 ﬂatusn
1299 4443 1506 4508 Flatus
1523 4445 1686 4506 enim
1711 4443 2068 4524 Omnipoten
2079 4445 2156 4504 tis

508 4533 613 4610 qui
649 4532 856 4595 docuit
889 4550 1012 4610 me;
1049 4535 1380 4595 creationis
1400 4535 1661 4613 vero,uti
1691 4549 1893 4594 rerum
1917 4539 2152 4594 creata-

509 4637 754 4694 rum,ea:
773 4621 996 4701 quibus
1015 4623 1402 4702 proportione
1416 4622 1681 4700 quadam
1702 4637 1911 4682 earum
1935 4620 2153 4682 condi-

510 4715 602 4769 tor
617 4709 1140 4788 dignoscitur.Hic
1162 4729 1340 4774 unam
1364 4718 1422 4772 et
1438 4709 1763 4773 divinitatis
1784 4716 2151 4770 causatarum

511 4796 1310 4877 bypostaseon,etuniveraae
1340 4808 1632 4861 creaturae
1676 4815 1912 4859 causam
1949 4795 2149 4867 tradit,

509 4883 651 4946 licet
681 4904 814 4948 mox
846 4886 1033 4967 illius,
1058 4895 1116 4949 et
1145 4906 1529 4968 personarum
1562 4886 1800 4949 deitatis
1829 4885 2154 4946 discrimen

509 4992 683 5055 quam
732 4975 1050 5038 maximum
1102 4977 1510 5056 assignaverit.
1549 4975 1742 5048 Quare
1773 4993 1890 5036 non
1919 4975 2152 5034 incom-

510 5063 690 5124 mode
728 5081 836 5144 ego
865 5065 1041 5127 etiam
1074 5083 1246 5146 opem
1277 5065 1529 5127 orationi
1549 5065 1748 5126 ferens
1770 5079 1951 5140 nunc,
1983 5079 2156 5122 crea-

505 5151 727 5214 tionem
758 5153 818 5214 in
839 5153 1176 5234 exemplum
1201 5153 1590 5236 usurpavi.At
1621 5169 1870 5231 magnus
1899 5150 1998 5212 hic
2031 5169 2151 5210 nou

508 5241 703 5302 minus
721 5249 781 5304 et
802 5242 922 5304 alia
949 5262 1185 5324 quoque
1209 5243 1444 5306 ratione
1475 5243 1549 5305 de
1580 5251 1779 5304 nostro
1813 5238 2012 5320 priore
2030 5256 2154 5300 sco-

511 5347 584 5408 po
617 5348 956 5394 sermonem
981 5332 1320 5408 instituens,
1351 5332 1412 5394 in
1442 5333 1534 5394 his
1588 5350 1715 5413 quae
1761 5329 1906 5390 dixit
1938 5345 2151 5408 proce-

506 5416 688 5479 dente
719 5420 988 5482 oratione
1039 5421 1302 5501 perfecte
1351 5421 1526 5483 nobis
1573 5418 1877 5502 suppetias
1925 5415 2147 5478 tulerit.

511 5508 784 5588 Namque
804 5509 929 5587 jam
950 5509 1106 5571 dicta
1121 5510 1496 5584 continuans,
1527 5509 1650 5571 haec
1682 5507 1993 5590 perspicue
2009 5523 2150 5567 rur-

506 5611 609 5659 sus
634 5595 817 5661 tradit
842 5615 858 5662 :
891 5597 1093 5678 Neque
1119 5616 1339 5684 sermo,
1361 5601 1469 5682 qui
1477 5599 1819 5681 profertur,
1845 5613 1956 5679 per
1975 5611 2148 5662 voca-

2235 4442 2326 4490 τοῦ
2405 4435 2552 4512 ἁγίου
2638 4439 2944 4515 Πνεύματος
3036 4443 3124 4497 καὶ
3212 4439 3308 4508 τῆς
3390 4439 3608 4500 κτίσεως
3677 4437 3874 4502 πάσης.

2237 4519 2402 4578 Ἀλλὰ
2455 4533 2546 4583 τοῦ
2605 4530 2702 4604 μὲν
2765 4533 2883 4586 Υἱοῦ
2952 4532 3026 4595 ὠς
3097 4531 3292 4610 Λόγου,
3345 4553 3372 4583 ι
3434 4525 3524 4584 Ἐν
3582 4526 3729 4605 ἆρχῇ
3783 4525 3880 4601 γὰρ

2235 4611 2300 4678 ἦν
2357 4613 2552 4690 Λόγος,
2588 4639 2616 4672 ι
2686 4627 2778 4677 τοῦ
2833 4617 2888 4674 δὲ
2942 4621 3244 4695 Πνεύματος
3298 4621 3372 4681 ὡς
3429 4621 3620 4690 πνοῆς,
3671 4637 3699 4668 ι
3736 4613 3878 4678 Πνοὴ

2233 4700 2333 4778 γὰρ
2415 4705 2863 4784 Παντοκράτορος,
2971 4706 3214 4773 διδάξασα
3333 4708 3401 4783 μὲ
3489 4729 3516 4761 ι
3619 4703 3716 4771 τῆς
3829 4701 3879 4756 δὲ

2235 4791 2454 4855 κτίσεως
2509 4795 2582 4855 ὡς
2639 4795 2965 4872 κτίσματων,
3027 4797 3080 4863 ἒξ
3137 4801 3210 4853 ὧν
3285 4795 3560 4874 ἀναλόγως
3641 4797 3670 4850 δ
3728 4812 3880 4869 Τενε⁸

2236 4881 2477 4957 σιουργὸς
2537 4886 2707 4941 αὐτῶν
2775 4889 3073 4965 θεωρεῖται,
3132 4888 3265 4942 Μίαν
3321 4883 3376 4942 δὲ
3431 4887 3518 4941 καὶ
3575 4887 3724 4948 οὗτος
3775 4883 3880 4938 τῶν

2235 4967 2332 5034 τῆς
2391 4972 2640 5038 θεοτητος
2701 4976 2954 5032 αἰτιατῶν
3011 4977 3349 5032 ὑποστάσεων
3405 4976 3491 5031 καὶ
3550 4975 3727 5039 πάσης
3781 4973 3879 5038 τῆς

2238 5057 2456 5122 κτίσεως
2515 5063 2684 5118 αἰτίαν
2729 5065 2882 5144 φησὶ,
2933 5064 3030 5121 κᾶν
3063 5067 3246 5122 αὖτίκα
3295 5066 3393 5133 τὴν
3454 5061 3702 5142 διαφορὰν
3746 5062 3880 5117 ταύ-

2233 5166 2339 5212 τησ
2395 5169 2452 5203 τε
2497 5152 2584 5206 καὶ
2647 5156 2747 5208 τῶν
2825 5155 3076 5211 τοιούτων
3131 5157 3428 5233 θεαρχικῶν
3471 5154 3768 5226 προσὼπων
3811 5153 3881 5216 ὡς

2235 5235 2492 5303 πλείστην
2536 5237 2935 5315 ἐπεσημήνατο,
2987 5249 3180 5299 Λοιπὸν
3231 5244 3326 5299 οὒκ
3373 5243 3584 5304 ἀτόπως
3654 5240 3881 5296 ἐπεκού-

2238 5346 2375 5404 ρησα
2416 5335 2493 5400 τῷ
2537 5327 2681 5407 λόγῳ
2722 5331 2894 5408 κάγὼ,
2941 5329 3322 5411 παραδείγματι
3366 5333 3495 5407 πρὸς
3526 5333 3588 5386 τὸ
3617 5332 3784 5407 παρὸν
3812 5337 3882 5408 τῇ

2233 5416 2401 5472 κτίσει
2473 5429 2841 5498 χρησάμενος.
2895 5414 2951 5479 Ὀ
3007 5419 3061 5476 δὲ
3126 5421 3294 5500 μέγας
3346 5418 3494 5477 οῦδὲν
3537 5419 3756 5477 ἔλαττον
3795 5422 3884 5476 καὶ

2232 5505 2414 5570 ἄλλως
2467 5516 2559 5566 τοῦ
2614 5507 2734 5566 καθ’
2817 5512 2959 5586 ἡμᾶς
3030 5511 3298 5588 ἆψάμενος
3355 5509 3607 5589 προτέρου
3659 5517 3881 5589 σκοποῦ,

2233 5596 2333 5654 κᾶν
2387 5599 2556 5672 τούτῳ
2596 5597 2662 5655 δι’
2721 5601 2796 5656 ὧν
2848 5599 3200 5681 ὺπηγόριυσε,
3269 5600 3610 5680 παρακατιὼν
3665 5598 3881 5666 τελείως

3045 5885 3056 5892 .
3121 5847 3203 5894 οὐ
