4184 6300
416 353 578 415 1249

1325 348 1424 413 DE
1469 349 1974 414 PROCESSIONE
2019 347 2078 408 S.
2126 346 2478 408 SPIRITUS
2519 345 2748 408 ORAT.
2795 342 2872 407 II.

3633 339 3794 404 1250

398 487 534 560 ἡμῖν
607 485 978 564 συνεκρότησε.
1016 487 1109 543 Καὶ
1183 486 1282 563 γὰρ
1326 484 1563 564 ἐχόμενα
1596 491 1700 540 τῶν
1755 481 2055 562 λεχθέντων

2142 479 2224 542 lia
2249 497 2489 560 organa
2513 483 2784 555 emissus,
2815 497 3012 560 neque
3031 479 3216 561 ﬂatus
3237 482 3343 561 qui
3364 478 3716 542 dissolvitur
3737 486 3793 541 et

402 577 544 648 αὖτῷ
601 581 766 631 ταῦτα
839 579 1137 654 περιφανῶς
1198 574 1340 637 αὖθις
1400 572 1656 639 διέξεισιν
1690 571 1818 630 Οὔτε
1848 570 1902 627 δὲ
1958 571 2056 628 λό-

401 685 494 741 γος
578 664 896 743 προφορικὸς
966 661 1050 718 διὰ
1106 669 1211 719 τῶν
1299 662 1614 742 φωνητικῶν
1669 661 1905 739 ὀργάνων
1961 660 2056 716 ἐκ-

402 755 772 828 πεμπὸμενος,
833 750 948 808 οὔτε
1020 753 1159 821 πνοή
1218 773 1298 814 τις
1396 750 1746 830 διαχεομένη,
1831 750 1919 807 καὶ
1973 747 2056 804 διὰ

403 846 508 899 τῶν
577 841 1002 898 ἀναπνευστικῶν
1093 840 1328 918 ὀργάνων
1424 839 1806 915 ἐκπεμπομένη
1889 839 2051 895 ἐστίν·

403 929 541 987 ἀλλὰ
599 933 688 987 καὶ
760 931 928 1008 Λόγος
1012 931 1116 1000 ζῶν
1183 930 1270 986 καὶ
1326 929 1566 1007 ἐνεργὴς,
1634 952 1661 984 α
1726 929 1902 984 Πάντα
1957 929 2057 1009 γὰρ

405 1017 472 1074 δι’
545 1021 701 1078 αὒτοῦ
773 1019 1003 1096 ἐγένετο,
1057 1041 1081 1074 n
1141 1022 1227 1074 καὶ
1285 1025 1498 1093 Πνεῦμα
1581 1017 1686 1089 ζῶν
1766 1019 1854 1074 καὶ
1908 1016 2057 1096 ἐνερ-

403 1109 519 1189 γὸν,
600 1131 624 1163 ι
686 1108 864 1165 Πάντα
934 1109 1034 1187 γὰρ
1091 1117 1254 1166 ταῦτα
1327 1108 1533 1186 ἐνεργεῖ
1599 1109 1661 1164 τὸ
1718 1105 1773 1162 ἕν
1828 1108 1914 1162 καὶ
1996 1108 2055 1189 16

403 1187 529 1254 αὐτὸ
587 1203 821 1270 Πνεῦμα.
893 1220 920 1251 n
981 1197 1171 1276 Πρώην
1229 1198 1478 1276 εἰρηκὼς,
1539 1199 1613 1262 ὡς
1670 1195 1892 1277 ἔφημεν,
1967 1187 2056 1250 καὶ

406 1287 558 1351 αὐτὸς
622 1285 789 1342 αἰτίαν
839 1286 934 1351 τῆς
990 1285 1212 1348 κτίσεως
1269 1287 1360 1342 τὸν
1391 1288 1542 1357 Θεὸν,
1591 1286 1806 1344 ἐνταῦθα
1836 1291 1920 1341 νῦν
1971 1281 2055 1339 διὰ

401 1381 495 1430 τοῦ
551 1376 722 1453 Λόγου
774 1375 905 1444 πρὸς
963 1374 1165 1452 γένεσιν
1198 1373 1378 1431 άλθεῖν
1435 1377 1500 1432 τὰ
1549 1375 1721 1432 πάντα
1792 1373 2052 1448 μαρτύρε-

401 1485 510 1523 ται.
579 1464 822 1540 Καθάπερ
893 1470 1017 1542 γοῦν
1085 1465 1150 1520 τὰ
1207 1466 1484 1539 ποιήματα
1539 1465 1628 1521 καὶ
1670 1464 1730 1520 ἐκ
1771 1470 1864 1518 τοῦ
1908 1465 2050 1534 Υἱοῦ,

401 1553 596 1608 τούτων
652 1550 706 1608 δὲ
749 1553 910 1608 πάλιν
983 1552 1213 1633 πέφηνεν
1257 1554 1284 1609 ὀ
1328 1554 1510 1630 Πατὴρ
1568 1551 1766 1631 αἴτιος,
1803 1550 1938 1608 οὕτω
1965 1551 2052 1606 καὶ

2139 586 2250 648 per
2279 573 2630 651 respirandi
2649 591 2880 653 organa
2896 575 3161 635 emissus
3180 574 3396 648 est,sed
3431 570 3678 634 Verbum
3703 575 3793 633 vi-

2144 676 2284 721 vens
2313 672 2681 741 exuperans:
2721 687 2747 717 α
2785 663 3012 724 Omnia
3051 663 3212 723 enim
3256 678 3370 739 per
3402 661 3601 739 ipsum
3623 663 3790 737 facta

2139 754 2278 809 sunt
2298 748 2388 822 86;
2415 773 2434 803 ι
2466 758 2526 812 et
2552 751 2820 830 Spiritus
2840 752 3050 813 vivens
3093 758 3151 812 et
3187 767 3475 830 operans:
3510 772 3536 803 α
3572 747 3789 811 Omnia

2142 853 2213 896 ea
2224 837 2305 898 im
2323 839 2448 900 haec
2469 846 2758 918 operatur
2780 856 2944 900 unus
2957 846 3014 900 et
3036 839 3194 900 idem
3215 838 3479 918 Spiritus
3493 837 3616 900 8⁷.»
3641 837 3786 899 Cum

2143 925 2299 1004 p.ius
2321 927 2584 1004 dixisset,
2645 937 2708 989 ut
2761 927 3185 1002 adnotavimus,
3214 927 3524 988 creationis
3547 943 3786 986 causam

2145 1014 2356 1082 Deum.
2392 1015 2484 1076 hic
2512 1034 2667 1076 nunc
2699 1034 2805 1094 per
2835 1015 3095 1076 Verbum
3127 1015 3324 1076 omnia
3352 1014 3638 1094 producta
3657 1031 3790 1076 esse

2141 1109 2405 1164 testatur.
2443 1105 2632 1166 Veluti
2685 1105 2880 1184 itaque
2936 1123 3034 1166 res
3067 1113 3277 1165 creatae
3307 1105 3478 1166 etiam
3512 1119 3584 1164 ex
3618 1103 3782 1177 Filio,

2140 1209 2389 1271 quorum
2415 1212 2622 1256 rursus
2645 1195 2818 1255 Pater
2839 1212 3016 1254 causa
3039 1202 3146 1270 est,
3184 1192 3275 1254 sic
3292 1201 3347 1254 et
3370 1191 3618 1272 Spiritus
3648 1210 3784 1253 san-

2140 1289 2264 1342 ctus
2286 1283 2458 1342 etiam
2487 1301 2556 1344 ex
2582 1283 2722 1344 Filio
2748 1301 2763 1357 ;
2799 1282 2936 1343 licet
2968 1281 3120 1343 illius
3142 1300 3378 1362 quoque
3404 1284 3580 1344 Pater
3610 1298 3789 1342 causa

2141 1369 2747 1450 est.Quandoquidem
2783 1388 2918 1441 una,
2954 1371 3033 1430 uti
3065 1369 3338 1431 doctores
3370 1371 3630 1446 tradunt,
3654 1370 3784 1431 dei-

2138 1459 2267 1519 tatis
2292 1482 2305 1519 ι
2326 1469 2663 1521 ausatarum
2686 1460 3078 1540 hypostaseon
3098 1468 3154 1520 et
3175 1460 3462 1521 universae
3478 1468 3783 1541 creaturas,

2135 1546 2258 1608 Filii
2291 1549 2528 1628 quidem
2591 1557 2647 1609 et
2707 1547 2955 1629 Spiritus
2986 1548 3297 1616 naturalis.
3328 1548 3620 1608 universa;
3648 1567 3785 1610 vero

396 1642 459 1696 16
515 1640 665 1718 ἅγιον
722 1646 934 1715 Πνεῦμα
989 1644 1077 1697 καὶ
1132 1641 1192 1698 ἐκ
1247 1650 1340 1701 τοῦ
1400 1645 1540 1698 Υἱοῦ’
1599 1641 1732 1705 τέως
1780 1643 1807 1696 6
1870 1639 2051 1713 Πατὴρ

2142 1645 2418 1698 creaturae
2477 1636 2766 1698 conditrix
2825 1653 2999 1698 causa
3047 1644 3155 1698 est.
3209 1635 3316 1708 Qui
3347 1653 3483 1697 vero
3515 1634 3693 1697 dicit:
3726 1635 3786 1699 Si

401 1727 576 1793 αἴτιος
632 1729 720 1784 καὶ
780 1729 966 1785 τούτου
1007 1730 1348 1797 καθέστηκεν,
1401 1727 1713 1807 Ἐπειδήπερ
1765 1729 1820 1784 ἓν
1852 1727 2046 1798 αἴτιον,

2142 1724 2384 1801 Spiritus
2405 1734 2641 1787 sanctus
2664 1726 2832 1786 etiam
2879 1745 2949 1786 ex
2981 1724 3126 1786 Filio
3154 1733 3261 1805 est,
3296 1724 3486 1785 modis
3515 1726 3787 1788 omnibus

400 1818 535 1873 κατὰ
591 1817 689 1884 τὴν
759 1823 864 1872 τῶν
921 1815 1247 1874 διδασκάλων
1303 1816 1618 1898 παράδοσιν,
1654 1821 1682 1874 6
1716 1817 1898 1890 Πατὴρ
1948 1817 2051 1872 τῶν

2142 1813 2406 1890 ejusdem
2426 1815 2541 1876 duo
2575 1815 2882 1894 principia,
2909 1821 2966 1874 ct
2985 1813 3114 1875 duae
3137 1832 3331 1875 causae
3353 1813 3590 1888 fuerint,
3622 1815 3784 1876 vide-

401 1927 460 1962 τε
530 1910 627 1974 τῆς
684 1907 936 1973 θεότητος
1011 1907 1257 1964 αἰτιατῶν
1313 1908 1672 1979 ὑποστάσεων,
1735 1909 1822 1964 καὶ
1877 1907 2052 1973 πάσης

401 1994 496 2061 τῆς
552 1994 797 2068 κτίσεως,
856 2002 948 2052 τοῦ
1019 1997 1114 2070 μὲν
1189 1998 1310 2053 Υἱοῦ
1336 1997 1544 2054 καὶτοῦ
1571 1997 1872 2070 Πνεύματος
1895 2017 2052 2073 φυσι-

409 2085 522 2156 κὸν,
592 2082 968 2162 δημιουργικὸν
1024 2082 1078 2139 δὲ
1134 2085 1310 2150 πάσης
1344 2084 1438 2152 τῆς
1482 2085 1722 2150 κτίσεως.
1763 2076 1818 2142 Ὀ
1865 2082 1917 2139 δὲ
1960 2083 2048 2140 λέ-

407 2193 539 2251 γων,
600 2174 658 2229 Εἰ
727 2173 788 2228 τὸ
844 2173 995 2251 ἅγιον
1050 2179 1262 2249 Πνεῦμα
1305 2175 1393 2229 καὶ
1420 2176 1482 2230 hic
1511 2181 1604 2230 τοῦ
1651 2177 1795 2253 Υἱοὺ,
1840 2174 2053 2238 πάντως

408 2261 569 2339 ἁρχαὶ
619 2259 708 2316 δύο
764 2267 855 2318 τοῦ
907 2261 1065 2317 αῦτοῦ
1133 2263 1219 2318 καὶ
1262 2259 1350 2318 δύο
1379 2262 1443 2318 τὰ
1473 2261 1643 2338 αἴτια,
1675 2260 1825 2318 δοκεῖ
1855 2285 1944 2337 μοι
1977 2265 2054 2338 μὴ

406 2350 469 2407 ἄν
525 2349 829 2407 ἐπίστασθαι
898 2352 960 2407 τὸ
1015 2351 1262 2430 παράπαν
1324 2351 1428 2408 κάκ
1483 2358 1575 2408 τοῦ
1649 2353 1768 2407 Υἱοῦ
1823 2353 1910 2408 καὶ
1963 2354 2057 2407 τοῦ

408 2440 711 2515 Πνεύματος
765 2439 863 2506 τὴν
916 2443 1081 2496 κνίσιν
1135 2438 1336 2515 τελεῖν,
1400 2439 1436 2508 ἢ
1505 2437 1649 2496 τοῦτ’
1707 2439 2054 2514 ἐπιστάμενος

408 2527 580 2607 ἀρχὰς
611 2529 638 2582 6
685 2537 919 2592 τοιοῦτος
976 2540 1122 2607 τρεῖς
1170 2527 1398 2598 δοξάζειν
1453 2528 1550 2595 τῆς
1610 2530 1772 2594 αύτῆς
1829 2529 1916 2583 καὶ
1941 2529 2056 2607 τρία

407 2617 475 2671 τὰ
544 2614 714 2687 αἴτια,
774 2613 900 2691 μηδ’
961 2614 1024 2672 ἂν
1073 2615 1305 2679 συνόλως
1353 2617 1481 2672 Θεὸν
1525 2614 1710 2673 εἰδέναι
1740 2615 1941 2673 τέλειον
1967 2617 2058 2672 τὸν

411 2704 553 2778 Υἱὸν,
599 2701 735 2770 τὶηδὲ
766 2701 925 2759 πάλιν
971 2705 1100 2760 Θεὸν
1152 2703 1349 2762 τέλειον
1421 2705 1482 2761 τὸ
1539 2711 1751 2781 Πνεῦμα
1779 2707 1840 2761 τὸ
1881 2704 2054 2782 ἅγιον·

410 2791 446 2859 ἢ
498 2792 586 2848 καὶ
629 2799 793 2849 ταῦτα
849 2790 996 2858 εἰδὼς
1045 2794 1182 2850 κατὰ
1228 2794 1327 2860 τὴν
1355 2800 1462 2850 τῶν
1508 2785 1778 2864 Ἐλλήνων
1806 2793 2055 2851 πολύθεον

408 2879 670 2947 ἐξαπάνην
724 2894 866 2958 τρεῖς
923 2880 1224 2960 πρεσϐεύειν
1295 2884 1475 2956 Θεούς,
1530 2885 1592 2938 τὸ
1649 2890 1740 2940 τοῦ
1797 2904 2054 2962 προειρη-

2135 1910 2231 1962 tur
2261 1903 2400 1963 mihi
2455 1903 2626 1983 plane
2682 1903 2932 1979 nescire,
2985 1904 3157 1964 etiam
3191 1922 3259 1964 ex
3294 1901 3434 1963 Filio
3464 1910 3519 1964 et
3548 1921 3618 1964 ex
3648 1902 3786 1983 Spi-

2135 1992 2247 2051 ritu
2279 2009 2376 2053 res
2405 2001 2630 2053 creatas
2661 2010 2792 2052 esse
2827 2012 2841 2052 :
2879 1993 2970 2054 vel
3003 1991 3058 2051 id
3091 1992 3138 2052 si
3167 1992 3396 2072 calleat,
3417 1993 3465 2052 is
3497 1993 3604 2053 tria
3629 1992 3785 2071 ejus-

2138 2079 2273 2140 dem
2310 2081 2598 2160 principia
2630 2087 2689 2141 et
2721 2089 2840 2142 tres
2869 2097 3079 2141 causas
3107 2080 3785 2161 existimare,nequeab-

2137 2168 2328 2230 solute
2357 2168 2540 2230 Deum
2587 2169 2913 2248 perfectum
2940 2169 3173 2250 Filium,
3213 2187 3323 2230 nec
3355 2188 3562 2230 rursus
3591 2172 3781 2232 Deum

2140 2260 2465 2338 perlectum
2497 2259 2776 2339 Spiritum
2810 2267 3079 2321 sanctum
3106 2277 3430 2338 agnoscere
3457 2276 3471 2321 :
3496 2259 3588 2322 vel
3610 2260 3658 2321 si
3674 2259 3783 2321 ista
3811 2335 3819 2342 _

2139 2347 2390 2426 sciverit,
2421 2347 2747 2408 secundum
2789 2347 3092 2426 gentilium
3137 2348 3212 2408 de
3243 2347 3489 2409 deorum
3516 2347 3782 2409 multitu-

2140 2434 2278 2496 dine
2330 2454 2597 2496 errorem
2653 2444 2776 2496 tres
2830 2436 3029 2497 colere
3055 2435 3224 2516 deos,
3257 2453 3387 2517 quas
3417 2453 3654 2498 summa
3695 2445 3785 2498 est

2140 2523 2385 2603 perditas
2403 2523 2741 2603 impietatis,
2761 2531 2817 2585 et
2839 2525 3015 2585 totius
3037 2524 3283 2585 insanias
3323 2524 3787 2606 temeritatisque

2140 2614 2416 2693 caput.Et
2436 2613 2817 2675 nihilominus
2833 2613 3141 2692 theologia:
3162 2613 3433 2675 doctores
3461 2614 3782 2693 perfectum

2141 2699 2325 2762 Deum
2351 2701 2940 2782 Patrem,perfectum
2965 2701 3146 2764 Deum
3165 2719 3369 2763 rursus
3383 2700 3782 2781 Unigenitum,

2144 2792 2472 2869 perfectum
2535 2793 2721 2852 Deum
2763 2791 3040 2869 Spiritum
3075 2799 3342 2851 sanctum
3373 2799 3780 2869 agnoscentes,

2141 2897 2321 2939 unum
2357 2879 2675 2955 perfectum
2716 2883 2898 2941 Deum
2935 2880 3058 2940 haec
3105 2880 3214 2940 tria
3261 2880 3622 2960 praedicant:
3660 2879 3784 2959 pari

411 2967 570 3043 μένου
626 2967 1018 3044 δυσσεϐήματος
1081 2973 1166 3028 καὶ
1235 2970 1411 3038 πάσης
1467 2969 1662 3039 λοιπῆς
1720 2973 2054 3051 κακοφροσύ-

2142 2968 2311 3028 modo
2341 2977 2398 3028 et
2421 2968 2478 3028 in
2496 2969 2934 3030 constructione
2957 2978 3361 3029 creaturarum
3379 2967 3610 3029 Patrem
3645 2985 3786 3047 per-

414 3078 509 3122 νης
559 3056 870 3138 κεφάλαιον.
920 3061 1016 3116 Καὶ
1059 3060 1168 3134 μὴν
1213 3063 1257 3116 οἱ
1285 3065 1382 3128 τῆς
1419 3059 1690 3138 θεολογίας
1720 3062 2056 3138 μυσταγωγοί

412 3144 612 3202 τέλειον
684 3147 812 3203 Θεὸν
877 3149 968 3203 τὸν
1025 3149 1230 3229 Πατέρα
1274 3149 1648 3230 γινώσκοντες,
1711 3151 1838 3206 Θεὸν
1896 3149 2057 3206 πάλιν

411 3233 612 3290 τέλειον
681 3237 769 3292 τὸν
831 3241 1127 3315 Μονογενῆ,
1206 3237 1408 3294 τέλειον
1479 3240 1608 3295 Θεὸν
1651 3240 1713 3294 τὸ
1756 3244 1967 3307 Πνεῦμα
1995 3241 2058 3295 τὸ

411 3321 583 3400 ἅγιον,
645 3321 734 3380 ἕνα
763 3323 963 3380 τέλειον
1021 3327 1149 3382 Θεὸν
1190 3328 1256 3383 τα
1285 3329 1400 3405 τρία
1450 3329 1814 3406 κηρὺττουσιν’
1877 3329 2056 3384 ὡσαύ-

411 3433 518 3472 τως
574 3411 701 3468 κάπὶ
755 3415 853 3481 τῆς
925 3414 1221 3479 συστάσεως
1264 3422 1370 3471 τῶν
1420 3416 1726 3491 κτισμάτων
1769 3417 1938 3473 αὐτῶν
1966 3419 2058 3473 τὸν

413 3499 619 3580 Πατέρα
672 3499 870 3558 τέλειον
953 3500 1272 3582 δημιουργὸν
1353 3503 1832 3583 καταγγέλλοντες,
1890 3503 2056 3580 δημι-

412 3591 596 3668 ουργὸν
655 3589 798 3654 αὖθις
855 3589 1055 3648 τέλειον
1111 3594 1200 3648 τὸν
1244 3599 1544 3672 Μονογενῆ,
1576 3593 1777 3650 τὲλειον
1807 3593 2060 3673 δημιουρ-

413 3679 508 3756 γὸν
563 3679 625 3733 τὸ
695 3684 905 3754 Πνεῦμα
959 3681 1020 3736 16
1051 3679 1225 3759 ἅγιον,
1262 3681 1352 3738 ἕνα
1393 3682 1595 3739 τέλειον
1643 3681 1962 3762 δημιουργὸν
1995 3685 2060 3740 τὰ

412 3765 529 3844 τρία
583 3764 1096 3842 καταλαμϐάνουσιν,
1171 3769 1439 3830 Ἐντεῦθεν
1467 3773 1556 3828 καὶ
1597 3771 1664 3828 τά
1705 3772 1830 3852 παρ’
1889 3772 2060 3829 αὖτῶν

414 3853 658 3931 διδόμενα
717 3856 836 3919 τοῖς
893 3855 1052 3922 ἂξίοις
1111 3860 1324 3938 χρηστὰ
1365 3858 1691 3917 διδάσκουσιν
1733 3863 1877 3936 ἡμᾶς
1926 3863 2058 3941 πρὸς

415 3944 619 4007 τοὺτοις
673 3945 747 4008 ὡς
807 3945 858 4011 ἐξ
913 3947 1029 4010 ἑνὸς
1106 3955 1268 4004 ταῦτα
1338 3946 1584 4005 δίδοσθαι’
1627 3951 1714 4007 καὶ
1742 3972 1894 4007 τουτο
1924 3973 2055 4029 τρα-

416 4040 518 4097 νῶς
566 4030 844 4110 βεϐαιώσει
914 4036 979 4091 τὰ
1050 4042 1136 4093 νῦν
1192 4039 1220 4093 6
1291 4037 1354 4093 τὰ
1382 4041 1501 4094 θεῖα
1529 4037 1692 4102 πολύς
1724 4037 2054 4111 Ἀθανάσιος,

2139 3056 2355 3118 fectum
2388 3057 2778 3131 conditorem,
2851 3056 3215 3120 conditorem
3263 3056 3547 3118 factorum
3579 3074 3787 3117 rursus

2139 3146 2463 3226 perfectum
2482 3145 2880 3226 Unigenitum,
2906 3145 3234 3226 perfectum
3261 3146 3628 3206 conditorem
3651 3142 3785 3223 Spi-

2138 3235 2311 3296 ritum
2344 3243 2608 3296 sanctum
2632 3236 3026 3308 enuntiantes,
3065 3253 3246 3296 unum
3280 3233 3601 3314 perfectum
3631 3251 3782 3294 con-

2140 3324 2388 3384 ditorem
2426 3324 2550 3384 hac
2579 3325 2686 3385 tria
2719 3324 2918 3385 colunt
2951 3333 3008 3386 et
3040 3324 3351 3385 aestimant.
3383 3322 3534 3385 Hinc
3566 3330 3623 3383 et
3652 3339 3787 3402 (μω

2139 3411 2331 3490 dignis
2355 3412 2670 3474 traduntur
2698 3413 2770 3474 ab
2795 3413 2935 3492 ipsis
2967 3413 3142 3485 bona,
3174 3421 3386 3492 prater
3409 3413 3533 3474 haec
3566 3431 3675 3472 nos
3701 3412 3789 3471 in-

2140 3507 2392 3581 struunt,
2425 3501 2506 3562 uti
2561 3521 2630 3563 ex
2673 3521 2791 3563 uno
2814 3503 2912 3563 illa
2943 3501 3205 3563 exhiberi
3235 3523 3252 3576 ;
3283 3501 3462 3581 idque
3491 3508 3694 3582 aperte
3727 3501 3786 3561 in

2143 3591 2413 3667 praesenti
2437 3590 2807 3652 conﬁrmabit
2837 3591 3233 3652 divinissimus
3267 3591 3651 3666 Athanasius,
3687 3590 3787 3670 qui

2141 3679 2199 3739 in
2231 3689 2440 3759 quarta
2458 3688 2663 3740 contra
2687 3681 2944 3742 Arianos
2967 3681 3250 3752 oratione,
3288 3680 3446 3741 hunc
3467 3681 3526 3740 in
3547 3679 3788 3740 modum

2141 3784 2480 3831 sermonem
2504 3767 3143 3850 disponitzElargiente
3171 3769 3290 3831 Deo
3316 3773 3578 3848 gratiam
3598 3776 3651 3828 et
3674 3785 3789 3848 pa-

2144 3875 2288 3938 cem,
2323 3875 2460 3919 eam
2486 3859 2752 3921 eth’tius
2773 3858 3094 3937 clargitur.
3133 3859 3265 3920 Una
3288 3859 3448 3920 enim
3471 3859 3792 3935 eademque

2147 3947 2344 4025 gratia
2394 3955 2480 4008 est
2524 3965 2603 4008 ex
2643 3947 2828 4010 Patre.
2867 3954 2922 4010 et
2951 3947 3230 4024 Filio,uti
3258 3954 3343 4008 est
3372 3965 3556 4008 unum
3589 3946 3792 4008 ιιιηιεη

2144 4037 2287 4096 solis
2309 4042 2364 4097 et
2383 4036 2567 4110 radii,
2610 4042 2667 4098 et
2710 4037 3099 4100 illumimatio
3118 4038 3260 4098 solis
3289 4055 3400 4116 per
3417 4036 3659 4097 radium
3683 4043 3789 4097 est.

414 4121 472 4186 ὅς
526 4124 582 4177 ἓν
649 4122 726 4198 τῷ
792 4123 1026 4203 τετάρτῳ
1068 4125 1205 4182 κατὰ
1249 4122 1534 4204 Ἀρειανῶν
1564 4125 1711 4204 λόγῳ
1753 4127 1907 4206 φησὶ,
1940 4125 2057 4183 δια-

2144 4122 2455 4185 Prozterea
2469 4129 2524 4186 et
2542 4124 2772 4187 Paulus
2792 4126 2869 4186 ad
2891 4125 3446 4187 Thessalonicenses
3476 4125 3741 4187 scribens
3778 4143 3792 4184 :

414 4207 697 4285 λαμϐάνων
755 4213 942 4270 οὑτωσὶ
1009 4215 1098 4271 καὶ
1175 4212 1552 4291 διατιθέμενος⁹
1651 4213 1893 4278 Διδὸντος
1971 4223 2062 4273 τοῦ

415 4301 620 4379 Πατρὸς
676 4300 835 4380 χάριν
903 4305 992 4360 καὶ
1048 4305 1284 4381 εἰρήνην,
1343 4305 1503 4372 αὖτὴν
1573 4306 1660 4360 καὶ
1702 4306 1730 4360 6
1788 4305 1908 4367 Υἱὸς
1977 4302 2059 4360 δι-

417 4387 570 4451 δωσι.
626 4391 730 4445 Μία
795 4391 894 4471 γὰρ
948 4393 1035 4448 καὶ
1104 4393 1236 4460 αὕτη
1293 4393 1451 4473 χάρις
1533 4392 1673 4449 ἐστὶν
1745 4393 1886 4472 παρὰ
1943 4399 2060 4449 Πα-

415 4481 537 4558 τρὸς
589 4477 642 4536 ἔν
689 4481 816 4559 Υἱῷ,
873 4481 945 4546 ὡς
997 4479 1139 4538 ἶστιν
1196 4479 1252 4539 ἓν
1321 4484 1382 4538 16
1437 4481 1550 4562 φῶς
1606 4488 1699 4539 τοῦ
1763 4480 1916 4550 ἡλίου
1974 4483 2063 4541 καὶ

417 4569 508 4624 τοῦ
587 4569 1026 4651 ὰπαυγάσματος,
1123 4571 1212 4628 καὶ
1304 4571 1365 4627 τό
1433 4571 1672 4651 φωτίζειν
1757 4577 1850 4628 τοῦ
1914 4569 2064 4640 ἡλίου

417 4653 501 4716 διὰ
585 4678 679 4714 του
761 4658 1175 4737 ἂπαυγάσματος
1252 4659 1478 4737 γίνεται.
1570 4659 1669 4715 Διὰ
1743 4659 1898 4718 τοῦτο
1978 4661 2066 4717 καὶ

415 4745 620 4811 Παῦλος
718 4748 848 4826 πρὸς
931 4747 1054 4812 τούς
1132 4747 1541 4813 Θεσσαλονικετς
1617 4747 1811 4827 λέγων,
1865 4771 1893 4804 ι
1953 4747 2065 4806 A6-

417 4836 505 4900 τὸς
575 4833 629 4891 δὲ
685 4837 713 4892 6
779 4837 908 4902 Θεὸς
964 4838 1052 4893 καὶ
1123 4837 1306 4914 Πατὴρ
1389 4839 1568 4913 ἡμῶν,
1630 4839 1720 4895 καὶ
1789 4841 1817 4894 ὁ
1881 4837 2068 4916 Κύριος

416 4923 624 4992 Ἰησοῦς
703 4927 922 5004 Χριστὸς
983 4927 1285 4984 κατευθῦναι
1365 4929 1464 4994 τὴν
1544 4925 1663 4984 ὁδὸν
1733 4927 1881 5002 ὑμῶν
1936 4927 2066 5005 πρὸς

416 5015 583 5094 ἡμᾶς,
665 5035 688 5071 0
765 5014 862 5083 τὴν
925 5015 1149 5083 ἑνότητα
1199 5023 1290 5072 τοῦ
1372 5018 1573 5092 Πατρὸς
1657 5016 1742 5072 καὶ
1796 5021 1888 5072 τοῦ
1947 5016 2068 5073 Υῖοῦ

418 5101 688 5182 ἐφύλαξεν·
777 5103 836 5160 οὒ
937 5105 1036 5184 γὰρ
1113 5105 1259 5179 εἷπε,
1322 5105 1709 5179 κατευθύναιεν,
1782 5106 1858 5168 ὡς
1925 5106 2067 5184 παρὰ

418 5189 505 5248 δύο
595 5189 873 5269 διδομένης
950 5194 1093 5273 παρὰ
1173 5197 1358 5251 τούτου
1440 5195 1528 5252 καὶ
1608 5195 1816 5272 τούτου,
1904 5192 2063 5274 ἀλλὰ,

421 5281 760 5355 Κατευθύναι,
830 5281 924 5337 ἵνα
979 5279 1138 5359 δείξῃ,
1207 5281 1287 5339 ὅτι
1344 5284 1527 5362 Πατὴρ
1622 5279 1686 5337 δι’

1774 5283 1894 5338 Υἱοῦ
1991 5279 2167 5338 δίδωσι
2236 5281 2432 5346 ταύτην
2443 5327 2457 5342 ,

2151 4209 2318 4290 «Ipse
2345 4211 2502 4274 Deus
2523 4218 2574 4274 et
2594 4214 2776 4275 Pater
2796 4220 3076 4288 noster,et
3107 4214 3396 4274 Dominus
3423 4216 3597 4274 Jesus
3625 4212 3795 4273 Chri-

2144 4305 2270 4361 stus
2291 4299 2522 4379 dirigat
2538 4303 2701 4363 oiam
2719 4308 2980 4364 vestram
2996 4303 3078 4363 ad
3095 4320 3200 4363 nos
3212 4303 3297 4381 88,
3310 4325 3334 4360 ι
3347 4303 3639 4362 unitatem
3663 4302 3795 4360 Pa-

2145 4390 2325 4451 triset
2340 4388 3090 4471 Filiiconservavitmeque
3100 4392 3261 4451 enim
3277 4388 3790 4468 dixit,Dirigtmt,

2146 4483 2325 4557 quasi
2343 4495 2382 4539 a
2405 4477 2639 4540 duobus
2674 4480 2737 4542 id
2782 4480 3216 4542 concederetur
3237 4480 3314 4542 ab
3343 4478 3454 4540 hoc
3477 4477 3628 4540 etab
3659 4476 3788 4548 hoc,

2145 4567 2252 4627 sed
2275 4567 2530 4647 dirigat,
2551 4573 2618 4630 ut
2639 4569 2977 4631 ostenderet
3006 4586 3141 4630 eam
3167 4586 3205 4630 a
3240 4568 3425 4630 Putre
3438 4583 3554 4646 per
3567 4565 3797 4626 Filium

2147 4653 2437 4718 tradi.Sic
2463 4671 2573 4736 ego
2597 4664 2771 4718 teneo
2815 4658 3124 4740 sentioque
3145 4657 3218 4718 de
3242 4657 3352 4736 his,
3387 4674 3422 4716 a
3451 4655 3568 4716 Deo
3593 4654 3788 4734 inspi-

2150 4745 2289 4804 ratis
2311 4743 2624 4824 Scripturis
2676 4746 2733 4807 in
2783 4745 3064 4808 omnibus
3096 4745 3274 4808 ﬁdem
3305 4743 3616 4824 adhibens,
3649 4760 3791 4822 pro-

2151 4841 2478 4914 ptereaque
2516 4835 2915 4897 exsistentiam
2961 4834 3136 4896 divini
3168 4833 3418 4915 Spiritus
3443 4832 3700 4894 credens
3729 4849 3801 4892 ex

2148 4921 2316 4998 Filio,
2373 4941 2555 4985 unum
2607 4923 2797 4986 fateor
2855 4942 2989 4986 esse
3038 4925 3386 5004 principium
3437 4925 3690 4996 Patrem,
3742 4927 3803 4983 et

2149 5030 2331 5073 unam
2390 5030 2652 5088 causam,
2715 5031 2848 5076 cum
2905 5012 3203 5075 referatur
3247 5013 3319 5074 ad
3364 5013 3553 5092 ipsum
3587 5010 3669 5070 uti
3725 5007 3800 5069 ad

2150 5101 2404 5182 primum
2457 5102 2806 5183 principium
2893 5101 3176 5164 adorandi
3242 5118 3480 5183 quoque
3552 5096 3802 5180 Spiritus

2150 5208 2353 5254 causa.

2548 5281 2700 5337 Οὕτω
2755 5288 2932 5359 φρονῶ
2998 5283 3085 5340 καὶ
3154 5279 3431 5359 λογίζομαι
3501 5279 3618 5357 περὶ
3675 5277 3805 5334 τού-

420 5391 524 5426 των
585 5371 718 5450 ἐγω,
776 5383 898 5434 ταῖς
969 5372 1330 5435 θεοπνεύστοις
1384 5379 1622 5452 Γραφαϊς
1672 5371 1808 5428 κατὰ
1867 5392 2040 5428 παντα
2109 5370 2442 5444 πειθόμενος·
2492 5367 2571 5425 διὸ
2645 5371 2734 5425 καὶ
2791 5373 2889 5439 τὴν
2947 5368 3161 5450 ὕπαρξιν
3220 5376 3311 5426 τοῦ
3361 5368 3498 5426 θείου
3557 5367 3804 5442 Πνεῦμα-

423 5482 514 5524 τος
583 5461 844 5518 πιστεύων
900 5459 1006 5516 κάκ
1041 5467 1133 5517 τοῦ
1193 5462 1314 5519 Υἱοῦ
1383 5461 1508 5538 μίαν
1563 5457 1815 5538 ὁμολογῶ
1869 5460 2157 5541 τυγχάνειν
2213 5458 2391 5538 ἀρχὴν
2444 5459 2535 5514 τὸν
2594 5459 2803 5539 Πατέρα
2858 5461 2946 5518 καὶ
3017 5459 3071 5517 ἕν
3140 5456 3338 5535 αἴτιον,
3405 5455 3804 5538 ἀναφερομένης

423 5550 554 5627 πρὸς
611 5549 767 5607 αὐτὸν
809 5552 883 5616 ὡς
942 5551 1075 5631 πρὸς
1123 5551 1344 5630 πρώτην
1401 5549 1578 5631 ἂρχὴν
1606 5550 1694 5606 καὶ
1738 5553 1838 5617 τῆς
1868 5550 2033 5614 αἰτίας
2077 5551 2241 5617 αὒτῆς
2297 5553 2390 5605 τοῦ
2453 5556 2818 5627 προσκυνητοῦ
2873 5551 3202 5627 Πνιύματος.

503 5681 569 5733 86
598 5680 792 5746 Color.
825 5700 868 5758 ι,
900 5681 1000 5743 16.
1086 5680 1205 5743 311
1236 5683 1372 5747 Cor.
1405 5697 1512 5760 xu,
1551 5681 1648 5743 11.
1730 5675 1848 5741 881
1875 5681 2090 5746 Thess.
2126 5697 2188 5745 in
2227 5680 2322 5744 H.
