4208 6290
459 315 609 379 1251

1600 304 2118 374 CONSTANTINI
2161 303 2717 370 MELITENIOTE

3685 303 3717 364 1
3733 299 3870 364 25‘2

547 445 1217 530 38.1taque,inferunt,F
1221 445 1355 508 ilius
1371 461 1609 524 quoque
1629 443 1817 505 Deum
1839 448 2102 530 generat:

2269 437 2339 506 λη
2353 429 2384 514 ’,
2457 441 2654 498 Οὐκοῦν
2709 440 2846 512 ἱστι,
2920 438 3067 517 φασὶ,
3099 437 3347 517 θεογόνος
3375 438 3463 493 καὶ
3504 439 3533 493 ὁ
3564 437 3723 515 Υἱὸς,
3759 433 3868 490 εἶ·-

464 541 514 602 si
546 540 718 601 etiam
741 529 809 600 ex
839 537 986 599 Filio
1017 536 1265 618 Spiritus
1295 541 1534 596 sanctus
1583 539 1692 605 est,
1725 529 2112 612 quemadmo-

467 630 610 691 dum
635 635 724 690 est
763 645 967 688 rernm
1001 625 1280 686 factarum
1323 621 1618 694 conditor,
1647 619 1803 700 quod
1835 619 2007 681 etiam
2039 637 2108 680 ex

465 717 612 780 Filio
644 716 842 777 omnia
867 714 1152 795 producta
1183 719 1318 773 sunt
1345 731 1358 771 :
1421 718 1479 772 et
1525 709 1812 770 bonorum
1847 707 2108 768 omnium

466 804 890 886 suppeditator,
916 801 1070 882 quod
1111 800 1310 861 omnia
1338 800 1509 861 etiam
1537 816 1606 859 ex
1637 797 1779 860 Filio
1823 795 2108 876 suppedi-

464 903 681 957 tantur.
706 891 774 954 Ft
794 891 840 952 si
868 890 925 951 id
947 889 1233 969 fuerit,uti
1278 887 1460 950 Filius
1495 895 1757 967 generat,
1785 886 1870 948 sic
1892 902 2104 946 neces-

465 983 618 1044 sario
661 989 719 1042 et
747 979 995 1060 Spiritus
1025 986 1266 1041 sanctus
1287 984 1552 1056 generat.
1577 973 1745 1047 Quod
1776 975 1934 1036 enim
1964 991 2108 1052 pro-

467 1071 592 1152 prie
614 1069 687 1132 de
709 1067 829 1130 Deo
852 1068 1260 1129 consideratur
1295 1085 1328 1126 a
1359 1064 1526 1126 nobis
1551 1073 1607 1152 et
1631 1064 1863 1137 dicitur,
1897 1070 2109 1152 aut‘est

465 1149 773 1221 csmmune
802 1156 988 1218 beata
1018 1163 1074 1217 et
1107 1156 1234 1215 vitae
1262 1154 1541 1234 principis
1561 1151 1810 1226 Triadis,
1835 1159 1932 1212 aut
1956 1149 2110 1212 illius

467 1246 930 1310 veeerandarum
959 1245 1352 1324 hypostaseon
1392 1243 1492 1303 uni
1516 1241 1839 1322 proprium,
1872 1241 2026 1318 quod
2053 1240 2109 1299 in

463 1338 556 1399 illa
590 1332 992 1396 tantummodo
1025 1341 1121 1393 aut
1152 1332 1447 1393 naturalia
1501 1339 1598 1390 aut
1647 1329 1977 1410 personalia
2005 1347 2096 1406 ag-

464 1435 804 1492 noscantur,
847 1421 1062 1502 quibus
1119 1419 1276 1499 apud
1308 1419 1622 1498 theologos
1651 1419 2029 1497 conjungitur
2055 1424 2112 1477 et

465 1513 839 1583 discernitur,
901 1519 957 1572 et
987 1528 1111 1590 pra;
1139 1509 1229 1570 his
1262 1508 1487 1569 nullum
1521 1506 1678 1568 aliud
1708 1505 2111 1587 deprehendi-

2189 549 2288 606 περ
2345 529 2434 584 καὶ
2489 526 2552 584 ἐκ
2630 534 2722 584 τοῦ
2784 529 2905 584 Υἶοῦ
2960 529 3021 584 τὸ
3077 532 3288 603 Πνεῦμα
3329 528 3391 584 τὸ
3434 526 3606 605 ἅγιον,
3656 524 3867 602 ὥσπερ

2190 615 2505 696 δημιουργός
2562 622 2667 674 τῶν
2738 636 3036 694 γενομενων
3101 616 3290 690 αύτῶν,
3345 615 3424 672 ὅτι
3453 615 3558 672 κάκ
3583 621 3678 672 τοῦ
3727 615 3865 670 Υἱοῦ

2192 707 2257 764 τὰ
2333 706 2505 762 πάντα
2561 704 2898 773 συνέστηκεν·
2957 706 3045 762 καὶ
3101 706 3370 786 παροχεὺς
3426 704 3676 762 ἁπάντων
3741 708 3864 759 τῶν

2193 793 2401 872 ἀγαθῶν
2445 793 2524 850 ὅτι
2596 795 2700 851 κάκ
2763 805 2854 854 τοῦ
2913 794 3030 851 Υἱοῦ
3083 802 3246 852 ταῦτα
3302 799 3574 871 νέμονται.
3633 792 3748 851 Καὶ
3815 790 3864 846 εἰ

2190 889 2366 959 τοῦτο,
2439 882 2576 941 κατὰ
2629 885 2719 939 τὸν
2783 885 2902 940 Υἱὸν
2958 884 3166 958 ἀνάγκη
3219 881 3395 940 τελεῖν
3453 882 3708 961 θεογόνον
3765 881 3864 936 καὶ

2191 973 2316 1030 αὐτὸ
2385 973 2446 1028 τὸ
2498 978 2708 1042 Πνεῦμα
2735 975 2797 1030 τὸ
2827 973 2998 1050 ἅγιον,
3047 964 3232 1030 “Ann
3277 973 3364 1030 καὶ
3405 974 3504 1052 γὰρ
3529 974 3592 1028 τὸ
3643 971 3861 1049 κυρίως

2193 1061 2278 1118 ἰπὶ
2348 1067 2478 1118 Θεοῦ
2525 1062 2881 1142 θεωρούμενον
2937 1064 3072 1138 ἡμῖν
3127 1063 3215 1119 καὶ
3265 1061 3553 1140 λεγόμενον
3627 1060 3664 1128 ἢ
3747 1059 3860 1125 τῆς

2192 1149 2453 1226 μακαρίας
2508 1151 2593 1204 καὶ
2680 1151 2982 1230 ζωαρχικῆς
3040 1147 3254 1228 Τριάδος
3341 1151 3535 1222 κοινὸν,
3621 1148 3659 1216 ἢ
3739 1152 3862 1203 τῶν

2192 1240 2385 1304 ταύτης
2443 1244 2650 1294 σεπτῶν
2703 1239 3039 1295 ὑποστιίσεων
3087 1245 3212 1314 μιᾶς
3285 1236 3439 1295 ἴδιον·
3505 1236 3587 1294 ὅτι
3637 1236 3859 1316 φυσικὰ

2194 1327 2357 1402 μόνον
2415 1325 2498 1382 ἐπ’
2544 1326 2703 1394 αὐτῆς
2731 1323 2948 1403 οἴδαμεν
2991 1329 3078 1384 καὶ
3107 1327 3442 1401 προσωπικά,
3473 1324 3592 1383 καθ’
3622 1324 3657 1380 ἃ
3718 1324 3858 1388 τοῖς

2195 1414 2522 1492 θεελογοῦσιν
2578 1415 2777 1481 ἣνωταί
2833 1437 2891 1472 τε
2949 1417 3037 1472 καὶ
3090 1413 3432 1496 διακέκριται.
3496 1416 3643 1495 Παρὰ
3671 1421 3858 1471 ταῦτα

2192 1502 2236 1560 δ’
2299 1502 2444 1561 οὐδὲν
2502 1502 2632 1560 ἂλλο
2680 1504 3034 1582 γινώσκομεν.
3086 1495 3484 1572 υΩστίξπειδὴ
3531 1503 3795 1583 θεογόνος
3827 1503 3858 1558 ὃ

464 1612 582 1663 tur.
635 1600 831 1674 Quare
880 1617 1013 1659 cum
1071 1597 1257 1659 Deum
1308 1604 1552 1676 generet
1581 1599 1775 1671 Pater,
1809 1603 1872 1655 ut
1901 1611 2106 1656 omnes

2195 1594 2374 1672 Πατὴρ
2429 1590 2868 1672 ὁμολογουμένως
2937 1593 3098 1675 ἐστὶν²
3144 1597 3188 1650 εἶ
3227 1595 3469 1674 θεογόνος
3502 1596 3587 1650 καὶ
3626 1597 3654 1650 ὁ
3690 1596 3854 1671 Υἱὸς,

464 1693 748 1770 fatentur,
783 1689 830 1750 si
850 1686 1035 1749 Deum
1067 1694 1379 1764 generaret
1409 1693 1468 1746 et
1498 1685 1693 1765 Filius,
1720 1693 1776 1745 et
1805 1702 1924 1745 non
1953 1691 2106 1744 esset

2189 1684 2275 1739 καὶ
2327 1687 2480 1738 τοῦτο
2535 1688 2626 1738 τοῦ
2681 1685 2884 1762 Πατρὸς
2927 1680 3085 1756 ἴδιον,
3118 1683 3323 1762 ἀνάγκη
3365 1681 3430 1753 δή
3459 1683 3711 1762 θεογόνον
3747 1702 3857 1770 τε-

463 1781 520 1841 id
549 1780 698 1842 Patri
733 1777 1054 1858 proprium,
1092 1793 1338 1837 necesse
1369 1782 1526 1836 esset
1555 1781 1611 1834 et
1658 1773 1933 1854 Spiritum
1965 1789 2106 1832 san-

464 1877 621 1931 ctum
651 1883 966 1948 generare,
1002 1873 1058 1926 et
1087 1865 1170 1925 sic
1198 1862 1596 1944 quodcunque
1618 1871 1778 1926 esset
1806 1862 1864 1922 in
1895 1859 2108 1923 Triade

460 1957 864 2020 venerandum
924 1972 1032 2035 per
1061 1970 1174 2015 nos
1203 1953 1528 2014 tolleretur.
1565 1950 1633 2014 Et
1660 1951 1974 2031 qualenam
2009 1967 2106 2010 es-

462 2045 741 2128 set,quod
767 2044 840 2106 ab
863 2045 990 2124 ipso
1032 2042 1437 2104 exsistentiam
1481 2041 1749 2114 haberet,
1783 2040 1832 2100 si
1861 2041 1920 2100 in
1949 2056 2111 2118 quae-

463 2138 654 2199 stione
679 2131 1115 2195 immorandum
1147 2140 1257 2206 est,
1283 2149 1394 2193 nec
1425 2131 1577 2191 ultra
1602 2128 1744 2190 illud
1769 2145 1961 2208 neque
1991 2128 2104 2187 mi-

463 2226 714 2304 nimum,
765 2221 838 2283 ad
889 2221 1221 2284 evitandum
1279 2220 1640 2280 infinitatem'
1674 2218 1929 2278 examini
1973 2217 2109 2278 huic

465 2313 794 2395 procedere
823 2308 1009 2371 licet?
1043 2312 1185 2372 Haec
1215 2309 1519 2370 contrariae
1542 2306 1806 2395 factionis
1836 2305 2108 2366 homines

465 2394 638 2462 nobis
668 2406 1070 2480 proponentes
1101 2398 1431 2458 existimant
1479 2414 1548 2457 eo
1577 2394 1872 2457 deducere
1893 2395 2107 2454 oratio-

465 2507 598 2551 nem
635 2495 916 2566 nostram,
943 2494 1005 2547 ut
1071 2503 1264 2565 neque
1293 2486 1404 2544 vim
1463 2483 1792 2563 argumenti
1825 2482 2105 2560 effugere,

463 2595 658 2658 neque
681 2584 884 2638 contra
932 2574 1154 2654 aliquid
1205 2591 1507 2653 opponere
1536 2573 1741 2634 valeat.
1788 2570 1905 2632 Nos
1936 2589 2109 2650 porro

464 2675 525 2728 ut
546 2665 753 2727 ordine
801 2682 913 2743 per
964 2663 1122 2744 ipsos
1154 2661 1326 2724 allata
1360 2661 1714 2742 refutamus,
1746 2678 1860 2742 qua
1884 2660 2111 2721 ratione

461 2755 667 2816 Filium
697 2754 868 2814 etiam
891 2751 1078 2814 Deum
1103 2769 1393 2831 generare
1415 2751 1640 2829 dicunt,
1665 2750 1820 2830 quod
1842 2750 2011 2811 etiam
2041 2767 2109 2810 ex

464 2842 608 2906 Filio
632 2842 878 2922 Spiritus
902 2849 1135 2902 sanctus
1161 2842 1272 2901 est?
1294 2840 1363 2902 Et
1415 2849 1608 2901 tamen
1632 2839 1882 2920 Spiritus
1902 2856 1970 2900 ex
1995 2835 2108 2898 Pa--

464 2941 556 2993 tre
579 2931 981 3012 principaliter
1005 2929 1288 3004 subsistit,
1319 2947 1512 3010 neque
1550 2936 1863 3008 propterea
1881 2946 1914 2988 a
1939 2925 2109 2988 nobis

2189 1771 2306 1828 λεϊν
2359 1772 2447 1826 καὶ
2516 1772 2575 1826 τὸ
2624 1771 2836 1847 Πνεῦμα
2891 1773 2952 1828 τὸ
3019 1772 3196 1853 ἅγιον³
3251 1773 3342 1829 καὶ
3368 1773 3429 1830 τὸ
3471 1772 3568 1840 τῆς
3615 1769 3858 1850 Τριάδος

2191 1861 2382 1936 σεμνὸν
2436 1857 2561 1916 ὅσον
2615 1861 2676 1916 τὸ
2734 1861 2808 1924 εἷς
2837 1861 2970 1936 ὑμᾶς
3001 1860 3243 1940 οἴχεται.
3273 1859 3423 1930 Πλὴν
3468 1873 3627 1918 ποῖον
3657 1861 3754 1916 καὶ
3789 1861 3858 1915 τὸ

2193 1948 2246 2015 ἐξ
2296 1953 2452 2008 αὐτοῦ
2506 1948 2830 2025 κεκτημένον
2884 1949 2983 2016 τὴν
3013 1947 3255 2030 ὕπαρξιν³
3311 1951 3355 2006 εἰ
3397 1949 3591 2030 μέχρις
3637 1949 3860 2006 ἐκείνου

2192 2038 2370 2118 χρεών
2437 2041 2625 2104 στῆναι
2679 2039 2744 2093 τὰ
2797 2043 2896 2106 τῆς
2927 2041 3225 2113 ζητήσεως,
3299 2040 3388 2096 καὶ
3415 2041 3494 2116 μὴ
3543 2038 3857 2118 περαιτέρω

2189 2123 2474 2206 προϐῆναι,
2546 2124 2675 2202 μηδ’
2727 2129 2964 2184 ὁπωσοῦν
3019 2127 3118 2196 τὴν
3175 2127 3408 2193 ἐξέτασιν
3435 2129 3634 2196 ταύτην
3662 2125 3756 2186 διὰ
3786 2129 3856 2183 τὸ

2191 2213 2402 2295 ἄπειρον
2437 2234 2454 2295 ;
2517 2226 2742 2276 Τοιαῦτα
2794 2215 3038 2295 λέγοντες
3096 2218 3142 2275 οἱ
3172 2216 3268 2285 τῆς
3315 2218 3500 2296 μοίρας
3541 2223 3648 2274 τῶν
3678 2216 3856 2275 ἀντι-

2191 2302 2557 2379 διατιθεμένων
2614 2307 2772 2381 ἡμῖν,
2825 2307 2897 2369 εἷς
2957 2305 3194 2384 ἀνάγκην
3251 2305 3478 2385 ἄφυκτον
3506 2305 3652 2386 ἄγειν
3699 2305 3853 2364 οἴον-

2191 2414 2276 2449 ται
2333 2394 2424 2449 τὸν
2492 2392 2650 2472 λόγον
2703 2395 2792 2450 καὶ
2845 2393 3239 2473 ἀναντίῤῥητον.
3300 2390 3490 2472 Ἡμεῖς
3544 2393 3594 2453 δ’
3621 2395 3717 2452 ἵνα
3778 2395 3850 2453 τὰ

2190 2480 2316 2559 παρ’
2374 2481 2540 2538 ούτῶν
2601 2485 2736 2539 κατὰ
2791 2481 2934 2550 ταξιν
3017 2483 3335 2564 ἐλέγξωμεν,
3419 2491 3536 2549 πῶς
3590 2486 3849 2566 θεογόνον

2191 2571 2278 2626 καὶ
2306 2571 2397 2625 τὸν
2436 2572 2556 2627 Υἱὸν
2583 2572 2726 2629 εἷναί
2779 2594 2958 2652 φασιν²
2997 2571 3077 2629 ὅτι
3107 2577 3212 2630 κὰκ
3265 2581 3358 2632 τοῦ
3395 2576 3513 2631 Υἱοῦ
3539 2575 3601 2631 τὸ
3627 2581 3848 2651 Πνεῦμα

2190 2660 2252 2714 τὸ
2308 2660 2510 2738 ἅγιον;
2573 2663 2672 2719 Καὶ
2729 2662 2836 2737 μὴν
2878 2662 3196 2730 καθέοτηκεν
3253 2664 3378 2720 αὐτὸ
3419 2665 3846 2743 προηγουμένως

2192 2747 2251 2802 ἐκ
2303 2757 2397 2808 τοῦ
2455 2751 2680 2828 Πατρὸς,
2727 2751 2787 2807 ού
2812 2749 2896 2806 διὰ
2964 2759 3120 2809 τοῦτο
3148 2749 3192 2808 δ’
3223 2755 3358 2828 ἡμῖν
3386 2754 3632 2825 θεογόνος
3663 2755 3694 2809 ὁ
3725 2759 3844 2809 Πα-

2187 2835 2288 2915 τὴρ
2355 2835 2593 2918 εἴρηται,
2621 2836 2706 2894 διὰ
2752 2836 2807 2894 δὲ
2837 2841 2928 2895 τὸν
2971 2846 3235 2920 μονογενῆ
3266 2841 3478 2904 πάντως
3512 2843 3651 2915 Υἱὸν,
3688 2843 3843 2904 ὅστις

2188 2923 2242 2990 ιξ
2309 2923 2465 2984 αὐτοῦ
2519 2927 2775 3006 τυγχάνει
2830 2928 3182 3006 γεννώμενος.
3244 2931 3302 2987 Εἰ
3372 2927 3428 2985 δὲ
3483 2929 3731 3008 θεογόνος
3813 2930 3844 2986 ὸ

461 3022 637 3084 Pater
657 3037 944 3098 generare
973 3019 1162 3081 Deum
1185 3017 1416 3092 dicitur,
1446 3017 1552 3079 sed
1575 3015 1944 3078 solummodo
1966 3035 2100 3096 pro-

2189 3013 2370 3093 Πατὴρ
2425 3013 2636 3094 λέγεται
2707 3014 2824 3073 κατ’
2894 3018 3102 3092 αὐτούς,
3151 3015 3436 3098 ἰπειδήπερ
3464 3017 3516 3084 ἐξ
3557 3023 3720 3078 αὐτοῦ
3749 3019 3842 3076 καὶ

463 3115 594 3189 pter
624 3107 990 3185 unigenitum
1040 3107 1248 3169 Filium
1307 3107 1405 3187 qui
1465 3104 1538 3166 ab
1593 3107 1719 3186 ipso
1769 3113 2104 3185 generatur.

464 3196 633 3270 Quod
667 3197 714 3257 si
745 3194 932 3258 Deum
965 3213 1258 3276 generare
1317 3198 1488 3256 Pater
1533 3195 1836 3275 asseritur,
1888 3203 1951 3255 ut
1999 3195 2107 3275 ipsi

461 3285 644 3361 aiunt,
681 3283 837 3366 quod
860 3302 929 3346 ex
960 3285 1088 3365 ipso
1113 3285 1364 3365 Spiritus
1387 3291 1629 3345 sanctus
1651 3291 1760 3364 est,
1797 3301 1871 3346 en
1899 3291 1956 3346 et
1983 3284 2108 3364 ipse

459 3373 761 3436 secundus
811 3375 918 3435 Dei
976 3371 1157 3435 Filius
1200 3371 1393 3448 fuerit,
1450 3372 1704 3453 indeque
1745 3372 2106 3452 unigenitum

461 3461 844 3544 deperdetur.
871 3461 1042 3525 Unde
1072 3463 1227 3524 enim
1259 3460 1439 3524 Filius
1495 3480 1755 3543 unquam
1802 3469 2110 3523 vocaretur

460 3553 819 3634 unigenitus,
881 3569 1012 3613 cum
1065 3551 1243 3613 Filius
1272 3551 1510 3612 exsistat
1551 3551 1889 3613 adorandus
1931 3551 2103 3612 etiam

462 3639 556 3701 hic
585 3638 882 3722 Spiritus?
940 3637 1058 3701 Sed
1110 3640 1352 3700 minime
1402 3640 1614 3700 mirum
1646 3648 1754 3715 est,
1802 3658 1906 3702 eos
1931 3639 2104 3701 simili

460 3745 666 3791 errore
690 3726 1150 3810 implicari,dum
1177 3728 1362 3790 Deum
1385 3746 1672 3806 generare
1693 3729 2102 3791 universorum

459 3817 647 3880 Deum
673 3817 891 3898 opinati
923 3825 1081 3890 sunt,
1117 3815 1274 3895 quod
1324 3835 1392 3878 ex
1426 3817 1550 3897 ipso
1583 3817 1833 3899 Spiritus
1864 3824 2102 3880 sanctus

459 3907 672 3987 est,qui
695 3906 997 3968 luminum
1020 3903 1267 3967 Patrem
1287 3924 1421 3966 eum
1461 3907 1808 3969 vocitantem
1834 3908 2064 3988 Scriptu
2087 3940 2100 3953 -

457 4013 588 4057 ram
618 3995 949 4070 audientes,
1001 3993 1234 4056 lumina
1296 3994 1504 4057 Filium
1563 4004 1620 4057 et
1651 3995 1928 4077 Spiritum
1959 4015 2101 4058 san-

460 4091 615 4145 ctum
650 4101 768 4144 non
798 4081 1028 4164 absque
1083 4085 1252 4162 gravi
1282 4103 1486 4147 errore
1516 4087 1995 4167 interpretantur.
2031 4087 2104 4148 Et

457 4172 585 4234 haec
611 4191 729 4234 non
763 4172 821 4234 in
847 4173 998 4234 hanc
1029 4175 1381 4236 sententiam
1411 4174 1622 4256 accipi,
1669 4177 1946 4256 exemplo
1970 4193 2103 4237 esse
2135 4219 2138 4222 ~

456 4261 834 4343 potest,quod
854 4260 1038 4324 Deum
1068 4263 1312 4326 Patrem
1331 4263 1888 4328 misericordiarum
1908 4264 2106 4346 appel-

456 4350 603 4416 lant.
630 4350 896 4433 Namque
926 4351 1009 4412 uti
1044 4349 1226 4414 Pater
1251 4353 1814 4417 misericordiarum
1841 4363 2099 4431 vocatur,

2188 3104 2249 3159 τὸ
2304 3109 2518 3179 Πνεῦμα
2587 3105 2648 3160 τὸ
2716 3104 2893 3186 ἅγιον³
2935 3103 3042 3163 ἰδού
3091 3108 3179 3164 καὶ
3236 3113 3390 3163 τοῦτο
3448 3105 3686 3188 δεύτερός
3757 3128 3839 3171 τις

2189 3191 2343 3271 γόνος
2402 3199 2554 3256 Θεοῦ.
2619 3193 2901 3252 Κᾶθτεῦθεν
2957 3196 3020 3253 τὸ
3083 3216 3368 3276 μονογενες
3411 3193 3702 3275 διεῤῥύηκε.
3739 3197 3840 3255 Καὶ

2189 3281 2289 3360 γὰρ
2358 3281 2515 3338 πόθεν
2569 3283 2598 3338 ὸ
2639 3283 2758 3348 Υἱὸς
2814 3281 2876 3338 ἄν
2905 3305 3035 3342 ποτε
3063 3283 3283 3352 κληθείη
3314 3285 3629 3365 μονογενὴς,
3662 3286 3838 3364 ὑπάρ-

2190 3391 2384 3450 χοΛτος
2440 3371 2596 3450 γόνου
2651 3372 2740 3428 καὶ
2819 3380 2911 3431 τοῦ
2978 3381 3341 3453 προσκυνητοῦ
3369 3375 3554 3432 τούτου
3583 3375 3836 3451 Πνεύμα-

2187 3481 2278 3523 τος
2306 3481 2324 3535 ;
2357 3457 2506 3516 Ἀλλ’
2550 3461 2610 3518 οὒ
2660 3462 2938 3538 θαυμάζειν
3005 3461 3089 3520 δεῖ
3141 3464 3205 3520 τὸ
3249 3463 3499 3544 παράπαν
3559 3464 3733 3544 ἡμᾶς,
3791 3463 3837 3518 εἰ

2188 3549 2382 3616 ταύτην
2435 3549 2581 3607 αὐτοὶ
2633 3549 2730 3617 τὴν
2774 3549 2981 3619 πλάνην
3048 3550 3434 3628 πεπλάνηνται,
3464 3553 3710 3630 θεογόνον
3738 3549 3835 3608 δό-

2188 3636 2364 3703 ξαντες
2419 3638 2510 3694 τόν
2560 3637 2666 3694 τῶν
2720 3639 2965 3699 ἁπάντων
2999 3642 3147 3718 Θεὸν,
3213 3640 3324 3698 ἀνθ’
3374 3642 3549 3720 ὦνπερ
3594 3640 3646 3707 ἐξ
3673 3641 3836 3698 αύτοῦ

2184 3730 2272 3785 καὶ
2323 3729 2385 3784 τὸ
2442 3729 2654 3804 Πνεῦμα
2707 3730 2768 3785 τὸ
2798 3728 2972 3809 ἅγιον,
3019 3730 3073 3787 οἳ
3118 3731 3204 3786 καὶ
3235 3735 3343 3787 τῶν
3383 3731 3574 3808 φώτων
3603 3730 3834 3789 ἀκούον-

2183 3837 2268 3880 τες
2327 3815 2534 3895 Πατέρα
2599 3822 2698 3881 τῆς
2754 3823 2965 3898 Γραφῆς
3021 3817 3282 3898 λεγοὸσης
3336 3820 3518 3896 αὐτὸν,
3564 3824 3712 3898 φῶτα
3738 3821 3834 3877 τὸν

2193 3907 2312 3962 Υίὸν
2370 3903 2674 3984 ἐξηγοῦνται
2745 3907 3018 3988 σφαλερῶς
3067 3909 3156 3966 καὶ
3184 3908 3245 3966 τό
3296 3910 3507 3984 Πνεῦμα
3541 3908 3603 3966 τό
3651 3908 3826 3988 ἂγιον.

2184 3996 2286 4053 Καὶ
2338 4001 2504 4051 ταῦτα
2555 3993 2888 4075 παράδειγμα
2940 4003 3033 4054 τοῦ
3088 3999 3166 4073 μὴ
3222 3999 3358 4055 κατᾶ
3383 4004 3620 4056 τοιοῦτον
3668 3997 3832 4077 λέγε-

2184 4087 2300 4141 σθαι
2381 4090 2536 4141 τοῦτο
2620 4092 2763 4162 νοῦν,
2843 4086 2932 4142 καὶ
3011 4086 3071 4142 τό
3126 4087 3332 4167 Πατέρα
3381 4090 3487 4147 τῶν
3543 4089 3831 4167 οἰκτιρμῶν

2185 4172 2524 4250 ὀνομάζεσθαι
2580 4173 2671 4231 τόν
2742 4181 2871 4232 Θεον
2942 4174 3185 4256 ἔχοντες.
3243 4179 3340 4236 Καὶ
3442 4178 3542 4257 γὰρ
3595 4181 3832 4256 καθαπερ

2187 4262 2368 4340 Πατὴρ
2410 4260 2656 4319 διελεῖται
2714 4269 2819 4320 τῶν
2890 4265 3196 4345 οἰκτιρμῶν,
3259 4268 3332 4330 ὡς
3391 4267 3570 4330 αἴτιος
3627 4267 3832 4346 οἰκτιρ-

2184 4357 2300 4427 μῶν
2367 4351 2624 4431 ὑπάρχων
2680 4353 2770 4409 καὶ
2838 4353 3114 4433 πρὺτανις,
3171 4354 3310 4414 οὕτω
3365 4357 3453 4413 καὶ
3510 4355 3690 4433 Πατὴρ
3724 4361 3831 4413 τῶν

458 4441 617 4520 quod
641 4459 818 4503 causa
840 4441 912 4502 sit
937 4440 1474 4504 misericordiarum
1515 4449 1572 4504 et
1591 4442 1984 4526 dispensator,
2020 4444 2103 4506 sic

2189 4441 2374 4521 φώτων
2455 4440 2554 4521 ὤν,
2612 4443 2700 4498 καὶ
2752 4449 2909 4500 τοῦτο
2949 4445 3383 4521 κατονομάζεται.
3414 4451 3576 4504 Φῶτα
3604 4444 3659 4503 δὲ
3688 4446 3833 4504 πάν-

454 4536 514 4590 et
533 4531 717 4592 Pater
743 4529 1040 4592 luminum
1064 4530 1357 4593 exsistens
1387 4531 1500 4593 hoc
1531 4532 1724 4612 ipsum
1755 4533 1925 4595 etiam
1947 4534 2103 4595 voci-

452 4625 627 4683 tatur.
659 4617 916 4681 Lumina
953 4635 1195 4699 prorsus
1241 4627 1378 4682 sunt
1406 4619 1890 4703 illuminationes,
1920 4622 2105 4700 cccle-

455 4707 564 4769 stia
585 4708 784 4769 omnia
803 4705 960 4769 dona
992 4707 1140 4789 haec,
1170 4715 1233 4770 ut
1263 4706 1568 4790 Scriptura
1615 4710 1813 4786 tradit,
1848 4720 1907 4773 et
1935 4709 2108 4774 bona;

454 4795 811 4871 dationes,et
833 4796 1095 4878 perfecta
1123 4816 1331 4860 revera
1363 4817 1629 4861 munera.
1659 4797 1887 4862 Horum
1907 4808 2104 4862 autem

452 4887 864 4949 universorum
925 4889 1079 4951 Deus
1127 4889 1359 4967 genitor
1412 4897 1522 4970 est,
1575 4897 1632 4951 et
1687 4889 1876 4966 dator,
1932 4890 2104 4951 etiam

455 4975 756 5053 omnibus,
818 4993 955 5056 qua;
1009 4994 1188 5057 supra
1239 4977 1528 5040 mundum
1565 4986 1727 5055 sunt,
1777 4977 2102 5040 virtutibus.

456 5061 854 5128 Nihilominus
887 5066 1003 5127 hia
1032 5063 1359 5146 Scriptura;
1382 5073 1584 5129 mente
1613 5066 1789 5146 longe
1818 5067 2106 5130 deciden-

454 5160 568 5235 tes,
603 5153 829 5216 lumina
857 5153 1276 5216 intellexerunt
1311 5153 1524 5216 Filium
1572 5163 1629 5218 et
1651 5157 1933 5234 Spiritum
1963 5175 2106 5218 san-

453 5249 638 5315 ctum,
668 5260 911 5323 prorsus
935 5260 1055 5305 non
1082 5243 1487 5325 concipientes
1519 5244 1727 5308 eadem
1776 5247 2004 5310 ratione
2032 5247 2106 5310 ab

453 5329 596 5410 ipsis
626 5333 740 5395 dici
771 5331 984 5396 Filium
1018 5338 1076 5393 et
1115 5331 1310 5412 ipsum
1361 5328 1643 5416 Spiritum
1676 5343 1964 5399 sanctum.
1999 5337 2108 5412 Qui

2183 4552 2288 4594 τως
2356 4530 2410 4586 αἱ
2463 4529 2705 4607 ὶλλάμψε
2719 4555 2763 4597 ις
2818 4533 2937 4614 εἰσὶ,
2968 4534 3034 4591 τὰ
3063 4533 3274 4615 οὐράνια
3325 4536 3495 4595 πάντα
3523 4537 3834 4617 χαρίσματα

2184 4627 2370 4692 ταῦτα,
2427 4620 2563 4678 κατὰ
2602 4621 2700 4688 τὴν
2756 4622 2992 4704 Γραφιῖν,
3049 4625 3137 4681 καὶ
3190 4623 3360 4690 δόσεις
3391 4625 3602 4704 ἀγαθαὶ,
3635 4627 3724 4684 καὶ
3750 4625 3836 4682 τέο

2186 4707 2302 4766 λεια
2352 4713 2421 4786 τῇ
2487 4705 2706 4782 ἄληθείᾳ
2755 4709 3067 4791 δωρήματα.
3139 4715 3345 4772 Τούτων
3406 4713 3462 4772 δὲ
3549 4716 3760 4775 πάντων
3804 4717 3833 4773 ὁ

2190 4802 2317 4864 Θεὸς
2373 4797 2592 4877 γενέτης
2643 4801 2732 4858 καὶ
2789 4805 3031 4882 χορηγὸς
3111 4806 3200 4861 καὶ
3252 4806 3448 4871 πάσαις
3491 4808 3677 4870 αὗτατς
3709 4819 3832 4870 ταῖς

2187 4887 2556 4969 ὑπερκοσμίοις
2586 4885 2884 4968 δυνάμεσιν,
2949 4887 2964 4907 ’
2986 4903 3145 4970 Ομως
3186 4893 3233 4951 δ’
3275 4895 3363 4953 οῦν
3407 4898 3454 4954 οί
3483 4903 3711 4954 τοιοῦτοι
3741 4897 3834 4954 τοῦ

2188 4984 2288 5046 τῆς
2343 4981 2555 5058 Γραφῆς
2597 4980 2910 5046 ὶκπεσόντες
2952 4991 3176 5066 σκοποῦ,
3207 4991 3356 5066 φῶτα
3381 4987 3472 5043 τὸν
3519 4987 3637 5043 Υἱὸν
3667 4985 3833 5053 ἐνόη-

2189 5090 2286 5125 σαν
2343 5071 2432 5126 καὶ
2481 5070 2544 5125 τὸ
2608 5077 2820 5147 Πνεῦμα
2877 5072 2939 5130 τό
2982 5072 3155 5152 ἃγιον,
3214 5075 3292 5150 μὴ
3334 5073 3595 5138 συνιέντες
3624 5075 3685 5131 τὸ
3714 5075 3834 5131 σύν-

2191 5156 2340 5236 ολον⁹
2396 5161 2468 5226 ὡς
2509 5161 2924 5240 τοιουτοτρόπως
2999 5164 3118 5226 Υἱὸς
3174 5164 3317 5241 παρὰ
3383 5162 3588 5228 τούτοις
3615 5162 3831 5243 λέγεται

2189 5249 2279 5304 καὶ
2337 5247 2464 5307 αὐτὸ
2531 5251 2593 5307 τὸ
2638 5257 2851 5328 Πνεῦμα
2881 5251 2942 5308 τό
2969 5251 3144 5330 ἅγιον.
3190 5253 3252 5311 Οἱ
3318 5256 3418 5320 τῆς
3463 5251 3664 5317 ἑννοίας
3706 5254 3831 5331 γοῦν

2191 5339 2588 5418 ἁμαρτήσαννες
2644 5339 2750 5397 κάκ
2789 5341 2958 5415 τοὺτῳ
3011 5345 3109 5409 τῆς
3163 5339 3411 5423 ἄληθοῦς,
3442 5343 3513 5408 ὡς
3565 5342 3655 5399 καὶ
3711 5346 3832 5398 Πα-

454 5418 656 5512 itaque
693 5439 741 5512 e_
755 5421 870 5481 iam
909 5421 981 5512 in
1024 5420 1137 5482 hoc
1155 5439 1206 5512 _a
1232 5440 1372 5512 vera
1420 5423 1712 5512 sententia
1759 5423 2106 5490 aberrarunt

2189 5427 2312 5507 τέρα
2366 5429 2458 5486 τὸν
2513 5429 2644 5486 Θεὸν
2695 5427 2869 5508 λέγειν
2937 5439 3029 5490 τοῦ
3085 5418 3448 5508 προσκυνητοῦ
3502 5430 3826 5512 Πνεύματος,

457 5506 691 5575 adeo.ut
706 5507 894 5573 Deum
913 5508 1196 5571 adorandi
1219 5511 1469 5591 Spiritus
1490 5511 1722 5576 Patrem
1747 5527 2106 5596 assererent,

458 5606 890 5678 consequenter
929 5597 1103 5659 etiam
1135 5598 1194 5659 in
1242 5598 1357 5662 hoc
1387 5601 1544 5681 quod
1576 5601 1734 5664 hunc
1767 5603 1826 5665 in
1859 5623 2106 5674 examen

2189 5516 2486 5582 ἀκολούθως
2584 5520 2713 5576 καπὶ
2780 5526 2874 5577 τοῦ
2953 5521 3084 5599 πρὸς
3154 5519 3394 5587 έξάτασιν
3448 5520 3832 5599 προσκειμένου

2191 5616 2277 5670 νῦν
2328 5616 2426 5680 τῆς
2493 5608 2738 5676 ἀληθείας
2825 5609 2968 5672 αὖθις
3021 5611 3108 5667 καὶ
3163 5611 3261 5678 τῆς
3320 5611 3475 5684 ὀρθῆς
3517 5607 3717 5673 ἐννοίας
3744 5606 3830 5664 δι-
