4184 6300
331 319 483 388 1253
1276 323 1374 386 DE
1416 320 1924 386 PROCBSSIONE
1967 318 1988 379 Ε

2076 314 2427 377 SPIRITUS
2468 313 2694 377 ORAT.
2741 313 2822 375 II.
3566 303 3717 370 1254

323 456 584 534 ήμαρτον,
628 455 742 512 επεὶ
791 453 1040 534 θεογόνος
1091 453 1120 509 ὁ
1181 452 1384 532 Πατὴρ,
1461 452 1574 508 ἐπεὶ
1657 451 1987 531 γεννώμενος

2073 447 2447 527 proponitur,
2480 466 2513 507 a
2544 444 2797 534 veritate,
2823 450 3106 534 rectaque
3135 439 3431 534 sententia
3459 439 3713 534 delapsi,

324 527 377 610 εξ
441 527 600 602 αὒτοῦ
651 527 910 626 πέφυκεν-
945 545 972 599 ὁ
1031 542 1172 621 Υἱὸς,
1233 527 1447 620 οὒχνὸτι
1491 540 1546 597 δὲ
1582 527 1978 626 πρύεισινήῦχον

2073 536 2122 596 in
2148 535 2531 596 maximarum
2558 551 2757 595 rerum
2784 531 3155 610 ignoratione
3176 529 3390 592 versati
3409 536 3544 590 sunt
3573 527 3713 589 Ideo

321 633 422 699 τὴν
475 631 690 713 ὕπαρξιν
735 618 746 626 ’
771 631 823 698 ἐξ
893 633 1056 689 ιιιοῦτοῦ
1124 631 1215 686 καὶ
1257 631 1317 685 τὸ
1365 636 1575 705 Πνεῦμα
1603 632 1664 687 τὸ
1707 630 1882 708 ἅγιον.
1919 620 1976 689 Ὀ

2073 624 2218 686 enim
2244 627 2430 686 Deum
2447 631 2690 702 generat
2711 621 2880 682 Pater
2909 621 3060 702 quod
3077 619 3313 696 genitus
3337 638 3405 682 ex
3430 637 3499 681 eo
3529 618 3718 681 Filius

323 720 378 778 δὲ
442 709 594 788 Υἱὸς-
630 725 690 780 οῦ
756 719 1006 799 θεογόνος
1079 723 1284 799 σαφῶς,
1349 718 1630 798 καθότιπερ
1671 717 1807 794 μηδὲ
1862 722 1976 776 Γὶὸν

2073 713 2468 794 est,nonquod
2504 711 2978 793 progreditur,ex
3012 712 3139 789 ipso
3171 709 3575 771 exsistentiam
3607 710 3720 771 ha-

322 811 598 879 κέκτηται.
633 813 832 868 Λοιπὸν
900 809 966 866 οὗ
1031 808 1281 886 θεογύνον
1324 807 1461 864 κατᾶ
1501 807 1593 863 τὸν
1625 807 1742 864 Υἱὸν
1792 806 1975 866 οὔκουν

2073 804 2208 866 bans
2233 804 2489 884 Spiritus
2511 809 2774 864 sanctus.
2798 801 2981 864 Filius
3002 813 3200 862 autem
3221 801 3328 863 Dei
3345 801 3578 877 genitor
3599 818 3718 861 non

357 899 434 960 ὒδν
529 901 542 922 9
588 902 602 918 \
706 902 721 922 κ
790 905 835 955 Π
894 903 922 917 ο
1081 898 1108 953 ὸ
1145 895 1172 918 »Ι
1299 912 1313 926 ο
1445 897 1460 919 \
1492 895 1516 916 ὀ
1661 894 1718 919 ws
1889 903 1914 914 ι..

325 923 354 958 ο
490 923 614 958 αυτο
671 923 734 957 το
840 919 1006 973 νευνα
1047 920 1076 953 τ
1141 919 1289 975 αγιον
1375 918 1464 952 και
1494 919 1630 952 εστιν
1667 917 1797 952 ιοιον
1826 919 1980 954 τουτο

326 988 557 1066 μάλιστα
613 996 705 1046 τοῦ
781 987 1012 1067 Πατρὶις,
1086 987 1174 1042 καὶ
1242 989 1342 1052 τῆς
1426 984 1766 1049 ὑποστάσεως
1823 987 1981 1042 αὐτοῦ

325 1077 447 1135 κατ’
502 1077 779 1156 ὖξαίρετον.
824 1082 1076 1135 Τοιοῦτον
1133 1075 1194 1130 τὸ
1237 1072 1352 1130 καθ’
1408 1075 1564 1150 ἡμῶν
1594 1075 1806 1142 καὶτῆς
1839 1073 1980 1141 ἀλη-

326 1166 466 1230 θείας
522 1166 686 1234 αὐτῆς
756 1165 898 1240 παρὰ
954 1168 1060 1219 τῶν
1115 1161 1434 1218 ὑπεναντίων
1489 1161 1818 1218 ἆναπλασθὲν
1851 1160 1981 1219 lito-

327 1277 449 1314 πον.
513 1253 662 1312 Οὕτω
731 1257 830 1322 τῆς
888 1252 1067 1334 ἀρχῆς
1136 1252 1475 1318 ὑποτεθείσης
1519 1250 1761 1326 ψευδοῦς,
1796 1252 1882 1307 καὶ
1923 1253 1984 1307 τὸ

328 1341 682 1419 συμπέρασμα
714 1340 902 1418 ψεῦδος
981 1339 1326 1407 καθέστηκεν,

407 1508 511 1581 λθ’.
587 1517 719 1576 Οἶον
762 1517 818 1574 δὲ
861 1517 1104 1592 κάκεῖνο,
1152 1515 1220 1574 δι’
1255 1519 1314 1574 οὗ
1342 1524 1496 1575 τοῦτο
1538 1517 1816 1594 συνάγουσι
1855 1515 1983 1573 συλ-

329 1607 673 1686 λογιστικῶς,
735 1606 866 1686 ὅπερ
926 1607 1017 1686 καὶ
1082 1606 1312 1662 τιθέασιν
1361 1609 1434 1670 ὡς
1493 1606 1554 1663 ἂν
1625 1605 1829 1682 ἀξίωμα
1900 1607 1988 1662 καὶ

329 1697 516 1765 κοινὴν
586 1697 842 1772 ἔννοιαν;
903 1684 944 1714 u

327 1788 683 1866 θεωροὺμενον
749 1787 887 1862 ἡμῖν
944 1786 1036 1842 καὶ
1104 1783 1392 1861 λεγόμενον
1467 1783 1503 1852 ἦ
1558 1787 1656 1851 τῆς
1725 1785 1986 1863 μακαρίας

329 1876 421 1931 καὶ
476 1878 788 1954 ζωαρχικῆς
845 1870 1060 1950 Τρίέδος
1094 1873 1294 1947 κοινὸν,
1341 1873 1377 1942 ἢ
1419 1879 1526 1929 τῶν
1555 1874 1752 1940 ταύτης
1783 1879 1988 1928 σεπτῶν

330 1965 668 2022 ὒποστάσεων
728 1968 854 2038 μιᾶς
886 1961 1044 2041 ἴδιον,
1105 1963 1177 2024 ὡς
1233 1961 1493 2041 ἀναγκαία
1537 1985 1616 2025 τις
1673 1964 1707 2030 ἡ
1752 1963 1989 2040 παροῦσα

333 2059 420 2110 νῦν
489 2051 627 2116 θέσις
699 2054 894 2112 αὐτῶν.
950 2040 1150 2108 ’Ἔνθεν
1193 2072 1272 2107 τοι
1319 2052 1406 2107 καὶ
1451 2049 1827 2108 ἀναπόδεικτον
1855 2051 1986 2106 ταύ-

333 2163 432 2208 την
490 2139 826 2220 προφέρουσι,
893 2139 1044 2207 Πλὴν
1086 2140 1217 2217 πρὸς
1289 2139 1474 2196 τοὺτου
1505 2139 1844 2216 ἑρωτήσομεν
1897 2139 1986 2196 δύο

334 2230 481 2293 τινὰς
538 2227 824 2308 ἱρωτήσεις
868 2230 1059 2304 ἡμεῖς,
1121 2227 1208 2287 ἰὰν
1269 2226 1368 2307 ἄρα
1422 2226 1671 2285 δὺνωνται
1726 2231 1856 2308 πρὸς
1885 2231 1982 2297 τὴν

334 2317 572 2398 δευτέραν
641 2319 1036 2397 ἀποκρίνασθχι’
1115 2319 1187 2376 Τὸ
1243 2318 1478 2374 αἰτιατὸν
1538 2317 1780 2397 Λέγεσθαι
1849 2340 1982 2396 τυγ-

336 2409 521 2487 χάνειν
593 2407 677 2464 ἰπὶ
741 2415 873 2466 Θεοῦ
920 2407 1131 2469 πάντως
1202 2406 1264 2462 ἂν
1313 2407 1448 2463 κατὰ
1504 2408 1594 2471 τὰς
1648 2409 1751 2462 τῶν
1821 2407 1983 2484 ἁγίων

335 2496 512 2576 φωνὰς
568 2495 780 2574 φαίητε.
867 2501 1035 2554 Τοῦτο
1105 2491 1159 2550 δὲ
1230 2497 1452 2574 πότερον
1520 2495 1616 2563 τῆς
1692 2498 1984 2575 θεαρχικῆς

337 2581 552 2660 Τριάδος
622 2585 823 2657 κοινὸν,
881 2581 917 2650 ἢ
986 2589 1091 2640 τῶν
1141 2585 1341 2651 ταύτης
1391 2590 1598 2640 σεπτῶν
1649 2584 1985 2641 δποστάσεων

2027 948 2030 950 ν
2066 901 2178 967 est,
2212 913 2342 954 cum
2376 893 2524 954 Filio
2565 899 2797 953 careat:
2832 889 2918 951 sic
2949 909 3059 951 nec
3090 889 3198 953 Dei
3228 890 3460 968 genitor
3490 897 3602 970 est,
3637 890 3722 950 uti

2066 981 2448 1061 nequeFilius
2461 989 2549 1042 est
2566 978 2818 1059 Spiritus
2833 985 3090 1040 sanctus.
3109 980 3276 1039 Etest
3289 979 3402 1040 hoc
3415 980 3719 1058 proprium

2067 1079 2124 1130 et
2139 1067 3302 1150 praecipuumPatris,ethypostasisillius
3318 1068 3724 1131 excellentiori

2068 1159 2324 1239 quodam
2359 1158 2558 1221 modo.
2591 1157 2662 1219 Et
2691 1157 2870 1236 hujus
2899 1165 3104 1217 contra
3135 1176 3242 1217 nos
3274 1165 3329 1218 et
3353 1159 3535 1237 ipsam
3567 1158 3722 1220 veri-

2072 1256 2248 1307 tatem
2333 1247 2406 1307 ab
2492 1246 2848 1308 adversariis
2904 1244 3144 1306 absurdi
3220 1249 3504 1321 conﬁcti,
3587 1266 3722 1309 cum

2070 1335 2432 1416 principium
2499 1335 2711 1396 falsum
2776 1343 3186 1414 supponatur,
3279 1337 3724 1400 conclusionem

2068 1425 2208 1486 item
2243 1423 2620 1486 mendacium
2669 1423 2978 1484 continere
3011 1441 3259 1484 necesse
3291 1434 3405 1486 est.

2151 1513 2247 1576 39.
2282 1512 2464 1586 Quale
2493 1513 2634 1574 item
2671 1521 2780 1582 est,
2810 1511 2964 1592 quod
2999 1511 3086 1572 illi
3119 1514 3540 1576 ratiocinantes
3563 1515 3727 1577 colli-

2069 1607 2240 1680 gunt,
2275 1613 2331 1662 et
2361 1602 2450 1664 uti
2484 1600 2925 1681 pronuntiatum
2958 1610 3017 1662 et
3069 1619 3446 1664 communem
3479 1612 3725 1665 senten-

1006 1704 1180 1775 Amw,
1227 1697 1371 1775 φασὶ,
1414 1698 1476 1753 τὸ
1520 1697 1706 1776 κυρίως
1744 1696 1830 1752 ἐπὶ
1858 1703 1988 1754 Θεοῦ

2075 1689 2210 1750 tiam
2246 1698 2582 1770 proponunt
2611 1689 2640 1748 ?
2673 1688 2992 1769 Quidquid,
3050 1689 3348 1771 inquiunt,
3386 1693 3623 1774 proprie
3653 1695 3729 1755 de

2076 1781 2195 1841 Deo
2228 1777 2641 1840 censideratnr
2671 1798 2700 1838 a
2754 1777 2924 1838 nobis
2956 1786 3014 1838 et
3042 1778 3280 1856 dicitur,
3315 1789 3414 1842 aut
3461 1790 3550 1842 est
3577 1781 3724 1844 bea-

2071 1874 2144 1928 ta)
2171 1868 2420 1948 vitaeque
2467 1867 2754 1948 principis
2787 1866 3018 1928 Triadis
3050 1886 3390 1950 commune,
3421 1880 3520 1932 aut
3551 1873 3725 1936 unius

2071 1957 2422 2017 veneranda;
2450 1956 2784 2036 hypostasis
2813 1956 3144 2036 proprium.
3181 1956 3248 2018 Et
3287 1959 3439 2022 hanc
3472 1964 3725 2040 positio-

2074 2064 2208 2106 nem
2228 2045 2407 2106 veluti
2431 2045 2827 2107 necessariam
2841 2043 3064 2126 absque
3083 2046 3199 2106 ulla
3217 2047 3728 2114 demonstratione

2070 2135 2130 2194 in
2188 2134 2446 2195 medium
2492 2135 2823 2213 proferunt.
2857 2133 2976 2195 Nos
3035 2135 3425 2199 nihilominus
3483 2139 3731 2218 hujusce

2068 2241 2242 2285 causa
2273 2223 2388 2283 duo
2415 2222 2486 2284 ab
2517 2222 2661 2303 ipsis
2696 2231 2989 2304 petemus,
3009 2225 3053 2285 si
3084 2231 3280 2285 tamen
3297 2227 3369 2287 ad
3387 2230 3715 2291 secundum

2068 2331 2271 2372 eorum
2293 2312 2660 2392 respondere
2685 2321 2958 2390 poterunt
2978 2335 2990 2372 :
3009 2311 3317 2375 Causatum
3338 2334 3469 2378 esse
3489 2317 3550 2379 in
3568 2318 3714 2403 Deo,

2069 2401 2118 2461 si
2149 2412 2487 2463 sanctorum
2519 2420 2692 2462 voces
2722 2401 2888 2480 sequi
2921 2420 3038 2462 non
3075 2402 3358 2478 abnuitis,
3393 2407 3505 2468 hoc
3535 2417 3622 2468 est
3643 2401 3718 2470 ne

2069 2489 2390 2550 divinitatis
2449 2489 2733 2569 principis
2780 2489 3015 2552 Triadis
3044 2509 3381 2569 commune,
3416 2513 3490 2555 an
3541 2515 3716 2559 reve-

2070 2578 2274 2639 renda:
2303 2578 2463 2639 illius
2493 2577 2826 2658 hypostasis
2852 2578 3028 2640 unius
3053 2581 3352 2661 proprium
3381 2582 3493 2646 YUt
3523 2585 3714 2658 video,

339 2678 462 2747 μιᾶς
533 2669 668 2728 ἴδιον
702 2693 718 2744 ;
784 2662 877 2737 Ὠς
919 2673 1049 2751 δρῶ,
1083 2673 1346 2751 κεχήνασι
1378 2673 1440 2728 τὸ
1485 2675 1654 2750 παρὸν
1683 2673 1984 2736 ἆτονοῦντες

2073 2667 2184 2746 iam
2244 2675 2446 2748 aperto
2494 2685 2597 2728 ore
2627 2667 2811 2739 hiant,
2846 2669 3219 2748 responsioni
3270 2672 3549 2752 impares,
3584 2693 3716 2736 cum

338 2761 471 2837 πρὸς
529 2760 626 2826 τὴν
681 2759 981 2838 ἀπόκρισιν·
1060 2759 1273 2840 ἐπείπερ
1343 2761 1438 2816 οῦκ
1521 2759 1736 2840 ἔχουσιν
1819 2762 1988 2816 εἰπεῖν

2073 2755 2580 2845 neutrum_dicere
2611 2756 2864 2845 valeant.
2900 2760 3173 2840 Namque
3229 2771 3530 2824 causatum
3563 2765 3719 2845 quod

341 2845 596 2923 οὕμενουν
641 2848 838 2905 τούτων
899 2847 1189 2928 οὐδέτερον.
1238 2850 1309 2907 Τὸ
1365 2849 1465 2928 γὰρ
1536 2849 1766 2907 αἰτιατὸν
1823 2847 1988 2912 ὅντως

2073 2861 2210 2934 vere
2234 2843 2321 2934 in
2347 2843 2887 2934 Deoicons‘picitur,
2919 2855 2977 2907 et
3036 2848 3109 2908 de
3143 2868 3211 2910 eo
3255 2851 3490 2928 dicitur,
3525 2843 3718 2934 neque

340 2937 428 2993 ἰπὶ
501 2943 630 2992 Θεοῦ
670 2938 1036 3016 καθορώμενον
1066 2938 1198 3014 ὁμοῦ
1240 2939 1328 2994 καὶ
1383 2937 1670 3016 λεγόμενον
1717 2937 1832 2995 οὔτε
1888 2943 1988 3005 τῆς

2073 2931 2202 3022 vitae
2235 2933 2526 3022 principis
2557 2932 2792 2995 Triadis
2831 2953 3145 3022 commune
3176 2947 3286 3020 est,
3321 2959 3514 3022 neque
3545 2931 3718 3006 unius

341 3025 652 3105 ζωαρχικῆς
708 2991 908 3108 πέιέηνε
967 2991 1181 3104 Τριάὲος
1237 2991 1604 3107 κοινὸν,.οίὶτε
1656 3033 1763 3083 τῶν
1791 3027 1986 3093 ταύτης

2073 2991 2653 3102 illiusrhypostaseon
2681 3021 2982 3102 proprium
3010 3046 3026 3102 ;
3051 3026 3156 3087 sed
3179 2991 3451 3105 dutiruni,
3479 3040 3542 3093 ut
3563 3034 3721 3114 quis-

340 3110 680 3169 ὁποστάσεων
731 3121 856 3190 μιᾶς
886 3113 1046 3195 ἴδιον,
1115 3118 1219 3171 τῶν
1275 3113 1364 3172 δύο
1417 3112 1472 3172 δὲ
1543 3115 1742 3191 μόνων,
1799 3115 1871 3180 ὡς
1925 3112 1986 3171 ἂν

343 3197 491 3257 ε’ίποι
545 3223 648 3278 τις,
711 3200 845 3260 ἴδιον
886 3203 976 3262 καὶ
1028 3205 1226 3278 κοινὸν,
1284 3204 1522 3261 τουτέστι
1592 3211 1685 3261 τοῦ
1726 3202 1848 3260 Υἱοῦ
1900 3203 1988 3260 καὶ

342 3295 436 3346 τοῦ
489 3291 624 3350 θείου
690 3292 777 3348 καὶ
830 3300 1162 3372 παντουργοῦ
1217 3293 1546 3363 Πνεύματος,
1625 3282 1800 3349 υΩστε
1849 3313 1986 3349 κατ-

343 3373 542 3448 εϐλήθη
573 3385 661 3436 νῦν
687 3382 750 3436 τὸ
791 3380 993 3438 τούτων
1036 3379 1262 3458 ἀξίωμα,
1293 3383 1381 3438 καὶ
1408 3383 1469 3438 τὸ
1521 3380 1618 3450 τῆς
1661 3380 1840 3449 κοινῆς
1895 3379 1986 3437 ἰν-

344 3465 486 3532 νοίας
534 3467 705 3524 αὐτῶν
761 3471 904 3549 παρὰ
959 3471 1174 3529 πάντων
1227 3471 1694 3539 καταπεπάτηται,
1752 3470 1874 3534 Πῶς
1926 3469 1989 3525 ἄν

343 3577 474 3612 ποτε
538 3557 790 3625 τοιαύτην
859 3559 1117 3635 σύντομον
1162 3561 1312 3627 νίκην
1369 3559 1602 3631 νικήσειέ
1642 3583 1746 3629 τις,
1813 3561 1856 3615 εἰ
1912 3559 1990 3636 μὴ

345 3642 562 3728 ᾆυνάμει
607 3646 700 3704 τοῦ
741 3647 1060 3724 ἦμπνὲοντος
1092 3650 1180 3706 καὶ
1207 3650 1327 3714 τοῖς
1373 3663 1580 3728 νεκροῖς
1637 3649 1938 3726 Πνεύματος
1970 3671 1989 3722 ς

349 3725 441 3799 Ὠς
488 3732 551 3794 ἄν
604 3733 659 3790 δὲ
700 3735 785 3793 διὰ
835 3736 1047 3796 πολλῶν
1105 3740 1196 3795 τὸν
1252 3737 1412 3818 λόγον
1465 3725 1843 3816 συστήσωμιὲν,
1903 3741 1991 3796 καὶ

346 3821 550 3897 μᾶλλον
595 3825 764 3884 αὐτῶν
818 3832 924 3884 τῶν
996 3825 1213 3907 ἔγγιστα
1279 3835 1372 3885 τοῦ
1440 3835 1640 3885 σκοποῦ
1690 3829 1756 3886 τὰ
1811 3826 1989 3907 πόρῤω

2070 3109 2227 3204 piam
2259 3110 2848 3204 diceret,_proprium
2880 3119 2939 3173 et
2969 3131 3307 3194 commune,
3340 3119 3476 3181 Filii
3507 3109 3719 3204 nempe

2071 3207 2130 3262 et
2159 3198 2340 3261 divini
2370 3200 2686 3280 omniaque
2707 3204 3003 3282 operantis
3034 3201 3311 3284 Spiritus.
3339 3198 3532 3281 Quare
3562 3198 3719 3276 nunc

2070 3307 2276 3352 eorum
2328 3291 2769 3370 pronuntiatum
2803 3309 3096 3368 eversum,
3133 3303 3190 3356 et
3217 3301 3552 3363 communis
3607 3321 3716 3364 eo-

2069 3379 2341 3466 rumdem
2400 3383 2699 3442 sententia
2726 3379 2800 3441 ab
2859 3381 3132 3444 omnibus
3203 3389 3548 3452 conculcata
3603 3401 3716 3466 est,

2068 3465 2332 3540 Quanam
2389 3466 2621 3530 ratione
2667 3467 2816 3531 adeo
2873 3471 3354 3550 compendiosam
3412 3465 3716 3542 victoriam

2070 3555 2392 3648 quispiam,
2408 3556 2520 3618 nisi
2549 3557 2820 3638 Spiritus,
2853 3556 2953 3639 qui
2983 3561 3157 3622 etiam
3183 3562 3508 3628 demortuis
3537 3568 3721 3648 inspi-

2071 3651 2184 3721 rat,
2208 3671 2220 3734 γ’
2245 3644 2521 3708 facultate
2571 3648 3087 3734 consequeretur?
3113 3649 3188 3712 Ut
3244 3671 3380 3714 vero
3452 3644 3719 3734 pluribus

2074 3733 2400 3826 orationem
2421 3733 2894 3826 corroboremus,
2927 3736 3002 3797 iis
3023 3739 3394 3817 potissimum
3423 3733 3553 3824 quae
3575 3765 3717 3826 pro-

2072 3821 2261 3904 posito
2295 3822 2563 3914 proxima
2595 3836 2751 3914 sunt,
2788 3831 2846 3885 et
2874 3843 3006 3905 quae
3035 3826 3209 3905 longe
3239 3821 3712 3914 proculque-ab-

345 3913 432 3968 καὶ
512 3913 579 3971 τὰ
648 3915 854 3995 μακρὰν
909 3916 1344 3993 καταλείψαντες,
1411 3919 1474 3974 τὸ
1528 3916 1871 3975 ἀποστέλλειν
1923 3919 1985 3974 τὸ

2073 3920 2226 3987 sunt,
2259 3911 2568 3992 neglectis,
2632 3912 2867 3977 mittere
2896 3914 3179 3992 Spiritum
3211 3911 3483 3982 sanctum
3529 3926 3720 3996 Patris

344 3999 496 4080 ἅγιον
552 4008 764 4079 Πνεῦμα
814 4007 907 4062 τοῦ
959 4008 1164 4084 Πατρὸς
1209 4005 1322 4083 ἅμα
1377 4008 1464 4064 καὶ
1512 4010 1606 4064 τοῦ
1657 4008 1797 4063 Υίοῦ⁶
1855 4008 1982 4064 τού-

2073 4006 2128 4062 et
2151 3999 2287 4062 Filii
2309 4007 2418 4080 est,
2445 4000 2693 4079 hujusce
2709 4019 2848 4063 vero
2870 3999 3122 4081 Spiritus
3142 4008 3331 4068 sancti
3357 4011 3518 4072 nullo
3544 4013 3717 4076 modo

343 4111 439 4148 του
523 4089 577 4148 δὲ
631 4095 724 4150 τοῦ
801 4095 938 4151 θείου
1016 4096 1318 4172 Πνεύματος
1392 4098 1485 4153 οὐκ
1553 4095 1694 4152 ἕοτιν
1747 4093 1987 4172 οὐδαμῶς

2073 4095 2181 4164 est,
2217 4105 2410 4168 neque
2436 4088 2678 4163 dicitur,
2713 4089 2869 4170 quod
2901 4089 3029 4153 ﬁeri
3082 4094 3309 4174 nequit,
3362 4106 3423 4158 ut
3453 4099 3610 4162 idem
3642 4104 3722 4163 sit

347 4177 462 4239 οῦδέ
532 4179 766 4259 λεγεται,
827 4180 910 4239 διὰ
951 4185 1012 4243 τὸ
1073 4185 1150 4260 μὴ
1181 4185 1243 4240 τὸ
1272 4186 1398 4242 αὐτὸ
1426 4183 1664 4250 καθάπαξ
1720 4183 1987 4264 ἰγχωρεῖν

2073 4176 2309 4238 mittens
2341 4181 2399 4237 et
2425 4175 2682 4264 missus;
2715 4197 2910 4259 neque
2937 4180 3096 4241 aliud
3127 4184 3424 4263 quidpiam
3486 4190 3720 4251 mittere

346 4267 678 4357 ἀποστάλλον
735 4270 915 4331 τελεῖν
988 4275 1078 4330 καὶ
1144 4271 1624 4348 ἇποστελλόμενον·
1684 4270 1791 4329 οὐδ’
1816 4263 1822 4264 ⁷
1847 4273 1986 4330 ἀπο-

2073 4282 2314 4357 prorsus
2381 4263 2712 4357 διοινὶειιυιδ,Δ
2747 4269 2904 4357 quod
2935 4270 3199 4348 ejusdem
3259 4273 3334 4333 sit
3363 4293 3496 4335 cum
3531 4294 3600 4338 eo
3660 4285 3720 4338 et

347 4356 584 4416 στέλλειν
625 4358 802 4440 ἕτερὸν
830 4383 881 4417 τι
938 4363 1001 4418 τὸ
1043 4362 1286 4442 παράπαν
1317 4361 1500 4442 αὐχεῖ,
1540 4361 1806 4442 τυγχάνον
1849 4361 1988 4438 ὁμό-

347 4445 495 4514 δοξον
536 4449 624 4506 καὶ
682 4449 938 4526 ὁμότιμον
995 4455 1176 4514 αὐτοῦ.
1237 4451 1296 4508 Τί
1326 4473 1416 4527 μοι
1447 4452 1508 4508 τὸ
1537 4453 1703 4531 παρὸν
1735 4451 1866 4531 πρὸς
1897 4451 1988 4508 τὸν

346 4536 584 4617 ἀρχῆθεν
641 4537 838 4596 σκοπόν
883 4560 904 4618 ;
943 4540 1183 4620 Βχόμενα
1237 4541 1422 4597 τούτου
1476 4542 1564 4598 καὶ
1591 4539 1988 4620 πλησιαίτερον.

351 4627 489 4686 Αὐτὸ
573 4633 784 4706 Πνεῦμα
847 4630 911 4686 τὸ
975 4628 1128 4708 ἅγιον
1196 4629 1402 4706 πνεῦμα
1469 4636 1562 4687 τοῦ
1627 4631 1834 4709 Πατρὸς
1904 4629 1993 4685 καὶ

349 4721 558 4792 πνεῦμα
611 4726 704 4776 τοῦ
785 4715 931 4794 Υἱοῦ,
996 4727 1205 4796 πνεῦμα
1259 4715 1314 4774 δὲ
1367 4725 1460 4777 τοῦ
1516 4719 1818 4795 Πνεὺματος
1875 4716 1992 4777 οὔτε

351 4804 602 4887 πέφυκεν,
663 4805 778 4863 οὔτε
849 4805 957 4884 μὴν
1011 4807 1347 4884 ὀνομάζεται,
1411 4805 1495 4864 διὰ
1522 4807 1583 4864 τὸ
1638 4805 1774 4884 μηδὲ
1820 4808 1992 4887 ὑπάρ-

352 4915 474 4975 χειν
560 4895 766 4969 ἑαυτοῦ,
849 4894 974 4972 μηδ’
1031 4897 1351 4977 εὑρίσκεσθαι
1422 4898 1575 4953 τοῦτο
1641 4894 1991 4972 καλούμενον.

355 4979 485 5040 Οῦδέ
561 4981 720 5040 πάλιν
773 4983 1095 5052 καθέστηκεν
1149 4986 1244 5041 τοῦ
1284 4983 1587 5059 Πνεύματος
1627 4979 1758 5039 ἄλλο
1786 5005 1860 5057 τι,
1893 4990 1993 5052 τῆς

354 5071 603 5140 θεότητος
659 5073 941 5150 ἱσταμένης
997 5073 1050 5131 δν
1124 5075 1288 5154 τρισὶν
1360 5072 1727 5130 ὑποστάσεσιν.
1798 5074 1996 5130 Λοιπὸν

355 5161 444 5218 καὶ
484 5161 584 5229 τὴν
667 5162 886 5243 ὓπαρξιν
938 5163 1195 5223 πλουτοῦν
1235 5162 1296 5219 τὸ
1353 5168 1564 5238 Πνεῦμα
1618 5162 1681 5217 τὸ
1733 5159 1889 5240 ἅγιον
1937 5161 1999 5219 εκ

357 5257 450 5310 τοῦ
521 5252 726 5332 Πατρὸς
782 5249 897 5328 ἅμα
944 5253 1032 5311 καὶ
1072 5259 1165 5309 τοῦ
1221 5253 1364 5325 Υἱοῦ,
1409 5251 1604 5317 ταύτην
1631 5249 1691 5306 οῦ
1717 5248 1993 5326 κέκτηται,

359 5341 449 5399 καὶ
501 5337 628 5417 παρ’
684 5341 873 5400 ἑαυτοῦ
907 5342 970 5398 τὸ
1051 5337 1265 5397 σύνολον
1293 5336 1410 5396 οῦδὲ
1439 5336 1587 5419 ἔχειν
1617 5341 1736 5419 τοῖς
1781 5351 1997 5403 πιστοῖς

358 5427 802 5510 καταγγέλλεταιο
878 5425 1013 5487 διότι
1066 5427 1202 5506 μηδὲ
1265 5417 1503 5504 δυνατόν,
1537 5417 1668 5503 μηδ’
1703 5424 1995 5508 ινδεχόμε-

362 5541 452 5578 νον
507 5521 771 5598 ὁπωσοῦν,
841 5523 992 5577 τοῦτο
1047 5521 1148 5585 τῆς
1216 5515 1480 5597 ὑπάρξεως
1511 5519 1608 5583 τῆς
1634 5515 1824 5581 οἰκείας
1853 5516 1997 5573 εἶναι

360 5608 656 5688 παραίτιον.
716 5607 824 5676 Τῆς
893 5605 946 5666 li
1017 5604 1235 5686 τριάδος
1315 5607 1378 5663 τὸ
1425 5603 1625 5661 τέλειον
1656 5606 1913 5684 φερούσης
1943 5605 1997 5662 ἰν

2070 4353 2273 4434 gloriae
2300 4359 2359 4415 et
2387 4354 2651 4415 honoris.
2679 4353 2832 4427 Quid
2863 4356 2977 4419 hoc
3004 4358 3080 4420 ad
3107 4377 3283 4439 quem
3317 4361 3462 4423 mihi
3504 4363 3578 4426 ab
3607 4363 3720 4427 ini-

2072 4442 2154 4505 tio
2180 4459 2424 4531 scopum
2445 4460 2865 4523 proposueram
2891 4445 2917 4507 Υ
2944 4448 3217 4528 proprius
3245 4448 3318 4510 ad
3339 4449 3530 4531 ipsum
3552 4471 3719 4518 acce-

2073 4531 2305 4623 damus.
2333 4529 2592 4623 Spiritus
2617 4541 2854 4623 sanctus
2877 4536 3122 4616 spiritus
3143 4529 3444 4613 Patrisfet
3470 4541 3718 4623 spiritus

2071 4621 2227 4703 Filii,
2256 4620 2499 4702 spiritus
2513 4639 2650 4684 vero
2677 4620 2931 4704 Spiritus
2959 4643 3151 4706 neque
3174 4634 3262 4688 est
3283 4647 3477 4710 neque
3499 4620 3721 4695 vocita.

2075 4717 2192 4784 tur,
2225 4710 2381 4792 quod
2413 4729 2537 4798 non
2581 4719 2671 4772 est
2698 4713 2790 4773 sui
2815 4711 3024 4792 ipsius,
3057 4733 3252 4796 neque
3279 4717 3611 4798 reperiatur
3637 4721 3720 4783 ita

2074 4797 2696 4889 nuncupatuereque
2723 4819 2925 4864 rursus
2943 4803 3102 4866 aliud
3133 4797 3435 4888 quidpiam
3457 4809 3720 4889 assigna-

2075 4896 2172 4951 tur
2195 4888 2311 4970 ipsi
2339 4887 2604 4969 Spiritui,
2639 4908 2771 4951 cum
2792 4890 2992 4954 Deitas
3009 4893 3066 4954 in
3092 4887 3289 4957 tribus
3310 4887 3719 4977 hypostasibus

2076 4978 2381 5041 consistat.
2409 4977 2603 5069 Quare
2631 4997 2765 5041 cum
2791 4981 3194 5045 exsistentiam
3226 4984 3436 5046 habeat
3465 4987 3722 5069 Spiritus

2078 5075 2318 5160 sanctus
2349 5086 2418 5160 ex
2449 5067 2622 5160 Patre
2651 5069 2827 5132 simul
2857 5080 2916 5133 et
2949 5071 3120 5151 Filio,
3155 5093 3284 5136 eam
3317 5093 3434 5138 non
3457 5067 3723 5160 posside-

2079 5157 2168 5248 bit
2223 5157 2466 5248 omnino
2497 5158 2675 5222 etiam
2727 5161 3133 5242 asemetipso,
3188 5183 3382 5248 neque
3411 5157 3634 5230 habere
3684 5188 3719 5231 a

2081 5247 2362 5339 ﬁdelibus
2379 5249 2822 5339 pronuntiatur,
2881 5252 3039 5332 quod
3089 5253 3217 5316 fieri
3245 5247 3475 5338 nequit,
3526 5275 3721 5339 neque
3761 5271 3764 5275 '

2081 5337 2322 5400 omnino
2349 5337 2524 5400 liceat
2551 5337 2672 5429 ullo
2692 5339 2892 5421 modo,
2911 5341 3071 5405 hunc
3086 5337 3447 5409 exsistentias
3466 5337 3721 5429 propria

2079 5445 2336 5518 causam
2352 5445 2507 5490 esse.
2541 5425 2685 5518 cum
2706 5447 2849 5518 vero
2870 5429 3042 5493 Trias
3062 5425 3488 5513 perfectionem
3515 5425 3635 5518 pra:
3655 5455 3721 5499 se

2082 5516 2234 5580 [erat
2251 5514 2434 5580 rebus
2455 5515 2730 5579 omnibus
2750 5517 2812 5580 in
2832 5518 3083 5598 Deitate,
3107 5541 3365 5603 persona
3383 5524 3498 5589 alia
3515 5514 3722 5590 essen-

2080 5605 2299 5670 tialiter
2317 5623 2386 5670 ex
2406 5605 2725 5688 semetipsa
2745 5626 2864 5672 non
2889 5611 3107 5694 prodit,
3131 5611 3203 5677 ad
3216 5615 3375 5695 quod
3396 5615 3718 5680 absurdum
