4208 6290
575 313 596 376 1
611 309 729 377 255
1730 307 2215 377 CONSTANTIN

2297 302 2840 379 MELITENIOTE
3819 308 3976 380 1256

602 447 746 509 lfusa
772 446 1254 510 adversariorum
1277 445 1469 508 oratio
1494 461 1600 506 nos
1613 443 2215 526 compellebatquue

2311 445 2524 512 θεότητι
2595 448 2732 504 κατὰ
2786 454 2912 524 πᾶν,
2974 447 3091 505 οῦδὲ
3148 448 3428 528 πρόσωίον
3470 449 3742 516 οῦσιωδῶς
3795 450 3972 526 ἕτερον

569 537 744 616 plane
788 535 1042 597 minime
1083 533 1370 597 adorandi
1432 531 1686 610 Spiritus
1721 533 2060 595 imminutio
2112 538 2215 609 est1

2314 531 2364 598 ἐξ
2435 537 2592 594 αὐτοῦ
2659 537 2844 594 τούτου
2908 537 3138 615 πρόεισι,
3188 540 3320 616 πρὸς
3353 538 3474 616 ἰπερ
3505 537 3702 598 ἄτοπον
3738 541 3771 596 ὁ
3817 537 3972 616 λόγος

570 624 1075 704 quemadmodum
1109 640 1316 684 rursus
1348 621 1506 682 nulla
1527 620 1825 700 Unigeniti
1869 623 2215 696 extenuatio,

2313 625 2342 680 ὁ
2390 623 2553 688 πολύς
2621 633 2728 682 τῶν
2783 625 3159 703 ἀντικειμένων
3221 629 3366 703 ἡμᾶς
3423 629 3740 699 συνήλαυνε.
3807 631 3970 685 Τοῦτο

570 711 1289 810 cumPaterbabetFilium
1309 707 2230 810 etSpirittimsanctumaseipso,
2313 707 2368 765 δὲ
2424 711 2635 810 «fxim:
2691 717 2796 810 οξχ
2837 713 3025 810 ἔφεσις
3095 721 3188 772 τοῦ
3237 724 3598 794 προσκδνητοῦ
3653 714 3966 810 meditari:

571 800 856 881 Spiritum
879 808 1144 861 sanctum
1165 797 1355 860 solum
1377 818 1406 856 ει
1432 816 1496 858 se
1513 799 1640 878 ipso
1665 799 1876 861 Filium
1897 799 2215 880 possidere.

2313 820 2417 879 τις,
2448 799 2627 880 ὥσπερ
2697 799 2744 856 δ’
2801 802 2866 858 αὗ
2890 801 3104 879 οὐδεμία
3130 811 3222 862 τοῦ
3251 811 3576 883 Μονογενοῦς
3603 803 3774 862 πάλιν
3803 803 3964 861 ελάτ-

572 889 721 962 Quid
741 887 1442 970 praeterea?personaliaa
1459 887 1826 948 naturalibus
1837 888 2215 968 distinguunt1

2310 908 2495 958 τωσις,
2529 888 2608 944 ὅτι
2651 897 2744 972 τοῦ
2788 893 2990 970 Πατρὸς
3021 891 3242 972 ἔχοντος
3283 895 3372 953 τδν
3416 896 3535 951 Υἱὸν
3577 896 3666 950 καὶ
3705 895 3777 950 τὸ
3813 892 3964 970 ἅγιον

569 998 687 1040 non
718 968 1126 1056 intelligentes
1151 976 1211 1036 in
1241 977 1361 1038 Deo
1389 976 1562 1036 etiam
1598 976 1990 1056 proprietates
2022 987 2215 1038 natura

2310 975 2522 1051 Πνεῦμα
2591 968 2722 1056 παρ’
2774 968 2983 1054 ἑαυτοῦ,
3153 988 3360 1058 Πνεῦμα
3389 983 3451 1039 τό
3502 980 3652 1060 ἅγιον
3680 978 3817 1060 παρ’
3847 968 3967 1036 ἔαυ-

569 1069 794 1146 inesse,
827 1085 961 1126 cum
979 1065 1261 1127 accidens
1292 1063 1376 1124 ibi
1395 1063 1590 1125 locum
1623 1083 1740 1126 non
1772 1065 2008 1139 habeat,
2037 1074 2097 1126 et
2125 1065 2215 1128 ille

2308 1069 2402 1119 τοῦ
2447 1066 2608 1139 μόνον
2650 1068 2738 1123 καὶ
2795 1067 2824 1122 ὃ
2885 1071 3004 1132 Υἱὸς
3035 1072 3184 1134 οὗτος
3225 1071 3506 1138 κέκτηται.
3559 1072 3622 1129 Kl
3664 1073 3808 1149 πρὸς
3837 1069 3961 1124 τοῦ-

571 1155 732 1218 omni
761 1155 1194 1235 compositione
1211 1152 1482 1232 superior
1511 1153 1608 1230 sit,
1632 1161 1687 1214 et
1718 1152 1973 1232 amplius
2003 1153 2215 1232 magis-

2306 1173 2418 1215 τοις
2480 1154 2569 1210 καὶ
2634 1161 2739 1212 τῶν
2769 1157 3130 1214 δποστατικῶν
3175 1157 3538 1238 ἂντιδιαιροῦσι
3610 1159 3675 1214 τὰ
3737 1158 3957 1238 φυσικὰ,

569 1263 683 1325 que
695 1243 936 1326 proprie
951 1259 1320 1321 unaquaeque
1335 1259 1588 1321 persona
1601 1241 1921 1302 divinitatis
1949 1242 2215 1322 princeps

2307 1241 2386 1314 μὴ
2448 1249 2684 1307 νοοῦντες
2750 1246 2823 1308 ὡς
2880 1243 2966 1302 ἐπὶ
3033 1253 3162 1303 Θεοῦ
3218 1249 3310 1305 καὶ
3371 1251 3424 1304 αἱ
3479 1245 3743 1314 ἰδιότητες
3814 1246 3962 1326 φύσει

571 1343 628 1395 et
657 1331 1034 1395 solummodo
1069 1329 1490 1409 proprietatem
1545 1331 1870 1409 propriam,
1901 1349 2031 1411 quae
2064 1331 2215 1391 nullo

2307 1330 2576 1406 πρόσεισιν
2630 1350 2647 1406 ;
2713 1333 2826 1389 ἐπεὶ
2881 1331 3010 1408 μηδ’
3080 1333 3198 1415 ἔχει
3268 1335 3326 1394 τό
3381 1333 3717 1412 συμϐεϐηκός
3772 1335 3960 1414 χώραν

575 1421 750 1483 modo
784 1437 1040 1500 unquam
1066 1415 1631 1497 incepit,possideat
1663 1420 2100 1499 Proptereaqne
2117 1439 2215 1481 na-

2306 1415 2443 1498 ἐκεῖ,
2506 1419 2682 1488 πάσης
2753 1422 2912 1478 αὺτοῦ
2967 1425 3252 1489 συνθέσεως
3299 1423 3449 1488 ὄντος
3525 1424 3802 1497 ἐπέκεινα,
3877 1423 3963 1477 καὶ

575 1518 704 1572 tura
737 1511 909 1572 Pater
938 1525 1076 1569 vere
1100 1509 1274 1570 Pater
1305 1513 1418 1585 est,
1452 1507 1562 1567 hoc
1594 1505 1754 1566 enim
1777 1506 1888 1570 soli
1921 1509 2215 1588 proprium

2305 1508 2365 1564 τὸ
2420 1516 2605 1582 μεῖζον
2649 1511 2733 1566 καὶ
2774 1511 3087 1590 κυριώτερον
3129 1513 3351 1572 ἑκάστω
3393 1512 3459 1581 δὴ
3513 1516 3620 1569 τῶν
3647 1510 3958 1590 προσώπων

572 1609 661 1660 est
692 1607 751 1658 et
781 1605 1170 1678 perpetuum;
1216 1605 1275 1655 et
1302 1594 1484 1656 Filius
1515 1602 1726 1656 natura
1755 1593 1910 1656 ﬁlius
1940 1613 2052 1672 εει,
2089 1616 2215 1658 om-

2306 1592 2527 1674 ἔχοντος
2579 1599 2683 1653 τῶν
2725 1600 3028 1678 θεαρχικῶν
3087 1602 3173 1657 καὶ
3227 1599 3401 1675 μόνως
3448 1600 3548 1668 τὴν
3578 1597 3831 1666 ἰδιότητα
3860 1598 3957 1664 τὴν

571 1688 668 1750 nia
698 1685 884 1748 Patris
917 1683 1250 1783 possidens,
1291 1699 1466 1742 unam
1499 1682 1550 1742 si
1581 1683 1840 1763 excipias
1898 1686 2215 1765 paternita-

2306 1684 2522 1760 οἰκείαν,
2589 1687 2677 1742 καὶ
2726 1686 3077 1762 μηδοπωσοῦν
3132 1688 3426 1768 ἀρξαμένην
3478 1686 3776 1763 μηδέποτε.
3862 1687 3954 1742 Διὸ

572 1786 735 1851 tem;
767 1773 942 1836 sicuti
990 1779 1048 1832 et
1097 1769 1348 1851 Spiritus
1387 1778 1622 1832 sanctus
1677 1783 1881 1834 natura
1921 1782 2010 1835 est
2063 1775 2215 1856 quod

2304 1773 2439 1828 κατὰ
2493 1775 2644 1852 φύσιν
2701 1777 2730 1831 ὁ
2780 1775 2962 1855 Πατὴρ
3017 1775 3184 1842 ὅντως
3238 1777 3437 1856 πατὴρ,
3494 1783 3647 1834 τοῦτο
3701 1777 3801 1832 καὶ
3858 1775 3958 1851 γὰρ

575 1871 969 1945 nuncupatur,
1025 1860 1164 1922 licet
1193 1876 1385 1940 neque
1439 1860 1848 1940 paternitatem
1888 1863 2215 1946 participet,

2305 1861 2453 1934 μόνῳ
2502 1862 2643 1936 αὐτῷ
2696 1864 2784 1919 καὶ
2851 1862 3046 1944 ἀίδιον,
3105 1866 3189 1922 καί
3244 1865 3353 1928 ore;
3407 1866 3544 1920 κατὰ
3591 1865 3746 1942 φύσιν
3780 1860 3958 1942 πέφυ-

574 1971 770 2034 neque
813 1949 1155 2012 ﬁliationem
1182 1948 1424 2010 sortitus
1452 1949 1548 2011 sit.
1611 1952 1832 2011 Natura
1863 1950 2060 2031 itaque
2089 1965 2215 2018 sunt

2304 1970 2395 2004 κεν
2436 1952 2464 2005 ὁ
2498 1951 2640 2026 Υἱὸς,
2672 1952 2844 2010 πάντα
2872 1955 2938 2009 τὰ
2978 1961 3072 2012 τοῦ
3115 1957 3315 2028 Πατρὸς
3359 1952 3504 2033 ἔχων
3533 1952 3674 2023 πλήν
3702 1957 3812 2019 τῆς
3845 1971 3962 2006 πα-

574 2043 632 2103 in
705 2040 950 2102 minime
982 2039 1306 2120 composita
1336 2045 1396 2099 et
1449 2056 1623 2118 quam
1659 2038 1912 2100 maxime
1969 2039 2215 2121 simplici

2305 2035 2584 2112 τρότητος,
2643 2041 2716 2103 ὣς
2771 2042 2946 2098 καὶτὸ
2977 2046 3186 2118 Πνεῦμα
3226 2045 3291 2100 τὸ
3312 2042 3464 2122 ἅγιον
3513 2042 3642 2121 ὅπερ
3687 2040 3960 2116 ὀνομάζε-

581 2130 796 2193 Triade
823 2129 967 2209 ipsa;
995 2127 1346 2190 differentia:
1373 2126 1841 2208 uniuscujusque
1891 2129 2215 2209 hypostasis

2298 2147 2390 2182 ται
2431 2127 2569 2183 κατὰ
2627 2129 2776 2208 φύσιν
2833 2129 2964 2210 ἐστὶ,
2997 2132 3135 2206 μὴτε
3188 2137 3286 2189 τοῦ
3309 2133 3491 2210 Πατὴρ
3519 2131 3786 2210 ὑπάρχειν
3819 2149 3956 2203 μετ-

571 2229 632 2282 et
663 2219 1080 2300 proprietates,
1104 2215 1335 2277 etiamsi
1349 2215 1473 2295 jam
1505 2215 1642 2277 dicti
1663 2234 1796 2277 cum
1819 2217 2068 2298 reliquis
2087 2220 2215 2282 aliis

2301 2217 2574 2296 εσχηκὼς,
2635 2219 2773 2292 μήτε
2821 2219 2881 2274 τό
2940 2221 3056 2284 Υἱός
3107 2219 3545 2300 κληρωσάμενον.
3602 2220 3767 2276 Φύσει
3830 2226 3954 2295 γοῦν

570 2308 742 2390 plane
771 2307 831 2368 id
861 2304 1291 2385 ignoraverint.

2301 2304 2386 2363 ἰπὶ
2439 2311 2538 2373 τῆς
2594 2304 2871 2366 ἀσυνθέτου
2927 2310 3016 2366 καὶ
3070 2308 3245 2376 ἁπλῆς
3301 2308 3530 2386 μάλιστα
3571 2306 3797 2384 Τριάδος
3851 2305 3951 2362 αὖ·

565 2405 663 2466 τῆς
719 2397 776 2455 αἲ
822 2418 878 2451 τε
935 2392 1048 2451 καθ’
1108 2396 1394 2450 ὑπόστασιν
1462 2393 1692 2460 ἐκᾶστην
1746 2393 1984 2474 διαφοραὶ
2037 2397 2124 2452 καὶ
2180 2397 2248 2454 τὰ
2300 2393 2584 2476 ἰδιὼματα,
2655 2395 2750 2455 κᾶν
2831 2401 2879 2454 οἱ
2949 2396 3272 2466 δηλωθέντες
3366 2399 3504 2474 μετὰ
3555 2401 3664 2453 τῶν
3739 2395 3950 2452 Αοιπιῖιν

564 2485 836 2564 ἠγνόησαν
892 2485 981 2539 καὶ
1023 2493 1175 2541 τοῦτο
1226 2481 1583 2543 παντάπασιν,

645 2573 746 2638 40.
782 2570 937 2633 Satis
965 2569 1320 2649 abundeque
1369 2568 1444 2630 de
1474 2569 1588 2632 hoc
1618 2569 2034 2635 disseruimus.
2067 2574 2218 2636 Pos-
2383 2571 2463 2650 μ’,

565 2680 695 2723 sum
745 2658 1138 2721 nihilominus
1194 2667 1252 2720 et
1285 2656 1418 2720 aliis
1475 2659 1674 2719 multis
1711 2663 1932 2740 scripto
1988 2662 2215 2724 traditis

2300 2662 2600 2723 διείλεκται.
2659 2663 2806 2733 Πλὴν
2863 2656 3092 2746 ἔχωνκαί
3148 2663 3232 2721 διὰ
3283 2661 3498 2722 πολλῶν
3529 2663 3721 2744 ἑτέρων
3747 2683 3947 2741 γραφι-

569 2748 924 2812 testimoniis
953 2747 1384 2820 demonstrare,
1420 2746 1703 2825 Spiritum
1737 2759 2006 2811 sanctum
2037 2750 2215 2811 etiam

2298 2759 2408 2808 κῶν
2461 2750 2627 2818 δεῖξαι
2684 2754 2859 2831 ῥητῶν
2927 2757 3002 2820 ὡς
3043 2755 3103 2811 τό
3159 2761 3378 2830 Πνεῦμα
3425 2754 3485 2810 τό
3516 2753 3666 2832 ἅγιον
3707 2753 3818 2808 κάκ
3857 2754 3947 2804 τοῦ

567 2858 636 2900 ex
652 2837 802 2901 Filio
823 2835 1223 2900 exsistentiam
1243 2835 1624 2915 habere,qute
1644 2836 1844 2898 omnia
1858 2857 2031 2918 quam
2052 2838 2215 2901 ocius

2302 2842 2424 2900 Υἱοῦ
2478 2841 2621 2920 φέρει
2691 2843 2786 2910 τὴν
2814 2841 3051 2923 ὕπαρξιν,
3085 2843 3121 2898 ἅ
3159 2843 3338 2900 πάντα
3365 2843 3550 2922 τάχιον
3601 2840 3802 2919 ἂπάρτι
3832 2835 3945 2894 καθ’

566 2946 674 2989 suo
705 2927 915 2988 ordine
946 2945 1102 2988 nunc
1131 2926 1192 2986 in
1225 2923 1488 2986 medium
1525 2924 1804 2998 aﬂ'erens,
1840 2929 2214 3007 postmodum

2298 2929 2474 3006 εἰρμόν
2544 2933 2600 2987 tv
2650 2937 2727 3005 τῷ
2785 2931 2934 3007 μέσῳ
2990 2932 3219 3010 πρόθείς,
3278 2930 3402 2998 εἶτα
3465 2933 3596 3010 πρὸς
3641 2925 3944 3005 συμϐουλὴν

566 3017 628 3078 in
649 3017 1124 3080 adversariorum
1137 3015 1632 3078 consultationem
1656 3021 1714 3077 et
1741 3015 2211 3080 adhortationem

2297 3024 2401 3074 τῶν
2460 3019 2705 3076 ἐναντίων
2771 3022 2983 3100 τραπεὶς
3053 3023 3142 3079 καὶ
3221 3021 3524 3102 παραίνεσιν
3594 3021 3669 3084 εἰς
3729 3015 3943 3094 μετρίαν

563 3124 911 3187 conversus,
944 3105 1004 3167 in
1041 3104 1403 3166 moderatam
1435 3104 1670 3166 laudem
1703 3104 1835 3182 Dei,
1869 3114 1926 3167 et
1955 3105 2213 3187 particu-

2297 3105 2500 3164 αἴνεσιν
2565 3108 2657 3166 τόν
2713 3107 2873 3188 λόγον
2927 3111 3000 3175 ὡς
3053 3107 3268 3186 δύναμις
3324 3106 3806 3188 ἂνακεφαλαιώσω,
3857 3103 3942 3160 καὶ

563 3195 748 3259 larem
779 3197 1097 3275 gratiarum
1143 3193 1467 3273 actionem,
1501 3194 1580 3254 uti
1618 3201 1848 3272 potero,
1882 3196 2215 3258 orationem

2300 3197 2520 3274 μερικὴν
2576 3197 2920 3277 εὐχαριστίαν
2963 3205 3115 3272 Θεοῦ,
3174 3197 3307 3257 κατᾶ
3371 3198 3465 3255 τόν
3531 3197 3768 3276 ἀρχῆθεν
3821 3213 3944 3250 σκο-

562 3286 624 3348 in
653 3302 944 3347 summam
977 3281 1267 3361 redigam,
1299 3282 1385 3342 uti
1407 3281 1481 3343 ab
1515 3281 1683 3344 initio
1715 3284 1864 3344 mihi
1894 3302 2215 3364 proposue-

2299 3285 2422 3360 πόν,
2480 3287 2568 3342 καὶ
2594 3287 2692 3355 τῆν
2747 3287 2800 3344 ἐν
2842 3294 2918 3362 τῷ
2973 3289 3232 3367 προοιμίῳ
3289 3286 3649 3366 μεταχείρισιν
3674 3292 3773 3342 τοῦ
3799 3283 3938 3356 ἡμιο

562 3393 714 3455 ram,
743 3382 802 3436 et
823 3373 885 3434 in
908 3371 1182 3452 prooemii
1203 3369 1541 3450 agressione
1569 3371 1742 3452 primi
1768 3371 1882 3433 mei
1904 3373 2215 3435 Commen'

2303 3374 2469 3433 ὃαποῦ
2535 3377 2743 3456 πρώτου
2807 3379 3194 3458 συντάγματος.
3241 3381 3337 3438 καὶ
3394 3377 3562 3440 οὕτως
3589 3371 3938 3449 ἐπευξάμενος

567 3463 703 3523 tarii
735 3461 1184 3534 constitueram,
1217 3459 1427 3535 sicque
1472 3459 1904 3522 addecentibus
1935 3461 2215 3542 precibus

2303 3466 2368 3524 τὰ
2424 3467 2622 3534 εἰκότα,
2683 3469 2955 3547 καθαπερεὶ
3026 3467 3175 3533 θέμις
3238 3467 3401 3542 ἐστὶν,
3477 3463 3618 3531 ἄξιον
3672 3464 3771 3519 σῦν
3828 3464 3939 3532 Θεῷ

565 3549 788 3629 eﬁusis,
852 3548 933 3610 uti
992 3565 1098 3627 par
1152 3555 1263 3636 est,
1327 3547 1570 3625 dignum
1645 3548 1845 3611 divina
1913 3558 2215 3612 annuente

2297 3553 2459 3632 πέρας
2508 3553 2744 3612 ἐπιϐάλῶ
2798 3563 2876 3631 τῷ
2943 3556 3163 3636 παρόντι
3205 3556 3502 3630 πονήματι.
3549 3553 3650 3612 Καὶ
3683 3549 3751 3619 δὴ
3781 3567 3939 3629 προσ.

565 3657 677 3718 0pe
699 3637 837 3699 huic
861 3653 993 3696 meo
1021 3636 1205 3697 labori
1229 3635 1407 3697 tinem
1439 3636 1887 3716 imponam.Sed
1907 3637 2031 3717 jam
2058 3639 2215 3702 dicta

2297 3642 2469 3700 θετέον
2535 3644 2602 3700 τὰ
2629 3651 2732 3701 τῶν
2760 3645 2934 3722 ῥητῶν
2966 3645 3020 3701 ἐν
3061 3645 3304 3720 συντόμῳ
3338 3645 3429 3701 καὶ
3470 3643 3643 3704 καθὼς
3697 3640 3934 3720 ἔχουσιν.

565 3724 918 3813 compendio
975 3723 1328 3813 apponenda
1373 3732 1542 3813 sunt,
1602 3733 1661 3813 et
1702 3725 1785 3786 uti
1844 3743 1909 3786 se
1965 3727 2208 3792 habent.

2297 3727 2384 3788 Ἐν
2441 3733 2670 3811 πρώτοις
2727 3733 2756 3789 δ
2807 3733 2972 3813 μέγας
3020 3733 3295 3798 Βασίλειος
3318 3735 3348 3789 δ
3378 3732 3567 3790 καὶτὰ
3605 3734 3728 3787 θεῖα
3773 3725 3936 3787 πολὺς

565 3815 723 3874 Ante
751 3812 900 3872 alios
933 3829 1180 3889 magnus
1209 3811 1459 3874 Basilius
1478 3812 1539 3873 in
1569 3812 1750 3874 rebus
1777 3813 1996 3875 divinis
2028 3835 2214 3898 expo-

2298 3817 2352 3874 ἐν
2409 3828 2487 3895 τῷ
2555 3824 2672 3901 περὶ
2728 3811 2958 3888 Πίστεως
3030 3823 3176 3902 λόγῳ
3230 3822 3408 3901 ῥητῶς
3449 3826 3615 3878 ταῦτα
3673 3815 3931 3882 διέξεισινο

2530 2565 2743 2639 ἰκανῶς
2826 2577 2915 2633 καὶ
2956 2576 3247 2657 ἀρκούντως
3300 2577 3438 2652 ἡμῖν
3467 2577 3558 2633 καὶ
3600 2573 3719 2652 περὶ
3746 2572 3948 2630 τούτων

564 3901 779 3963 nendis
797 3899 1378 3980 prwcellentissimus
1393 3903 1659 3963 oratione
1675 3903 1748 3963 de
1762 3902 1877 3964 ﬁde
1892 3903 2016 3965 haec
2031 3907 2210 3970 certis

2301 3935 2333 3970 α
2390 3899 2746 3982 Ἐθεασάμεθα
2825 3911 2946 3992 γὰρ,
3051 3899 3240 3992 φησὶνὴ
3295 3913 3322 3970 ὀ
3379 3907 3800 3988 Εὒαγγελιστὴς,
3844 3904 3936 3970 τὴν

561 3989 761 4051 verbis
793 3988 1097 4080 enuntiat:
1129 4009 1159 4080 ι
1191 3988 1466 4080 Vidimus
1484 3991 1673 4080 enim,
1693 3991 1779 4080 ait
1815 3993 2215 4072 evangelista-

2299 3997 2452 4080 δόξαν
2510 4001 2689 4075 αὖτοῦ,
2749 3988 2906 4066 δόξαν.
2933 3988 3005 4065 ὥς
3037 3988 3365 4080 Πονογενοῦς
3434 3999 3578 4077 παρᾶ
3626 3998 3858 4080 Πιξψᾷς,
3905 4015 3930 4047 ³

563 4078 825 4157 gloriam
843 4077 1264 4157 eius,gloriam
1279 4079 1457 4158 quasi
1482 4078 1790 4156 Unigeniti
1810 4097 1846 4140 a
1871 4081 2058 4143 Patre
2077 4080 2152 4159 89,
2181 4107 2208 4140 ι

2301 4079 2567 4137 τουτέστιν
2653 4074 2746 4137 οῦκ
2826 4080 2886 4136 ἐκ
2965 4082 3159 4160 δωρεᾶς
3193 4074 3205 4080 ⁷
3242 4081 3329 4140 καὶ
3409 4074 3632 4160 χάριτος
3687 4074 3935 4134 δοθέντων

561 4167 671 4229 hoc
689 4174 903 4243 estnon
917 4183 994 4229 ea:
1004 4183 1249 4228 munere
1265 4167 1496 4229 denovo
1508 4166 1602 4229 illi
1618 4166 1862 4230 tributis
1873 4169 2210 4254 miraculis,

2297 4170 2438 4242 αὒτῷ
2479 4175 2584 4227 τῶν
2654 4171 2955 4251 θαυμάτων,
3001 4170 3118 4228 ἀλλ’
3190 4172 3251 4229 ὲκ
3303 4174 3403 4239 τῆς
3471 4170 3608 4227 κατὰ
3636 4168 3788 4249 φῦσιν
3833 4186 3936 4222 κοι-

561 4255 667 4318 sed
694 4273 769 4317 ex
787 4256 1204 4316 communione
1225 4255 1553 4318 secundum
1574 4262 1859 4319 naturam
1879 4259 2215 4337 possidente

2297 4257 2484 4322 νωνίας
2553 4258 2772 4340 ἔχοντος
2861 4268 2953 4318 τοῦ
3012 4264 3131 4320 Υἱοῦ
3202 4266 3307 4327 τῆς
3377 4262 3640 4339 πατρικῆς
3693 4257 3934 4323 θεότητος

563 4344 721 4436 [filio
736 4353 1021 4426 paterna:
1041 4345 1290 4436 deitat-is
1313 4343 1699 4425 dignitatem.
1729 4346 2012 4436 Accipere
2031 4350 2215 4428 siqui.

2297 4346 2381 4436 τὸ,
2413 4343 2636 4422 ἀξίωμα.
2670 4351 2740 4436 Τγὸ
2805 4353 2903 4424 μὲν
2957 4351 3056 4428 γὰρ
3112 4347 3296 4407 λαϐεῖν
3359 4349 3533 4436 κοινὸν
3560 4347 3648 4403 καὶ
3677 4346 3812 4424 πρὸς
3842 4341 3931 4409 τὴν

563 4433 694 4496 dem
722 4450 1033 4496 commune
1052 4433 1197 4512 quid
1220 4439 1304 4495 est
1331 4437 1518 4495 etiam
1533 4440 1854 4509 creatum,
1874 4435 1980 4498 sed
1997 4454 2076 4499 ea:
2093 4455 2214 4500 na-

2297 4433 2488 4514 κτίσιν,
2569 4437 2632 4518 τὸ
2699 4435 2753 4494 δε
2809 4436 2958 4518 ἔχειν
3027 4438 3089 4495 ἐκ
3145 4439 3354 4518 φύσεως
3407 4433 3544 4494 ἴδιον
3598 4443 3692 4493 τοῦ
3741 4452 3932 4511 γεννη-

564 4530 701 4584 tura
732 4521 950 4584 habere
973 4523 1294 4601 proprium
1319 4530 1404 4584 est
1434 4523 1633 4603 geniti
1643 4520 1769 4586 .Uti
1789 4523 1996 4604 itaque
2017 4524 2212 4588 Filius

2297 4523 2499 4588 θέντος.
2571 4514 2666 4589 Ὠς
2721 4527 2820 4602 μὲν
2839 4514 2966 4584 ’νοῦν
3059 4514 3177 4592 Υἱὸς
3247 4531 3485 4608 φυσικῶς
3555 4523 3814 4589 κέκτηται
3877 4519 3936 4576 τὰ

563 4611 939 4673 naturaliter
975 4611 1242 4690 possidet
1292 4627 1660 4690 quacunque
1691 4609 1898 4675 Patris
1925 4620 2091 4696 sunt,
2120 4617 2215 4677 uti

2297 4612 2390 4669 τοῦ
2445 4613 2674 4694 Πατρὶς,
2732 4617 2804 4680 ὡς
2847 4613 2904 4674 δὲ
2961 4619 3266 4696 Μονογενής
3333 4613 3436 4674 ὅλα
3494 4613 3615 4694 ἔχει
3659 4615 3717 4670 iv
3773 4611 3935 4680 ἑαυτῷ

566 4717 710 4762 vero
722 4699 1084 4780 Unigenitus
1096 4699 1303 4762 omnia
1317 4704 1382 4760 in
1404 4700 1719 4780 semetipso
1739 4711 2106 4782 congregata
2115 4703 2215 4764 ha.

2300 4698 2594 4784 ωλλαὸὼν,
2695 4702 2900 4768 οὐδενὸς
3027 4702 3510 4784 καταμεριζσμένου
3603 4701 3737 4778 πρὸς
3825 4697 3935 4754 ’ἕτε-

566 4788 862 4863 bet,nullo
884 4790 950 4850 in
970 4789 1158 4851 alium
1180 4788 1469 4852 diviso.In
1490 4807 1606 4850 uno
1627 4790 1876 4851 secundi
1889 4790 2215 4854 Thesauro-

2301 4815 2413 4872 ρον.
2475 4783 2585 4852 ’Ἐν
2653 4817 2755 4852 τινι
2796 4801 2903 4852 τῶν
2931 4783 3247 4876 κεφαλαίων
3270 4799 3364 4854 τοῦ
3405 4791 3644 4870 δευτέρου
3671 4791 3780 4848 τῶν
3826 4797 3932 4855 Θη-

566 4895 702 4938 rum
725 4877 918 4957 capite
941 4877 1235 4941 nisceuon
1250 4877 1488 4940 dissona
1499 4877 1866 4941 admirabilis
1879 4879 2217 4962 scribitCy-

567 4965 754 5028 rillus:
764 4966 1073 5043 Quomodo
1082 4969 1243 5031 inter
1258 4984 1357 5030 res
1365 4967 1556 5046 factas
1569 4984 1797 5030 annum
1805 4969 2220 5050 erabitur,qui

566 5056 634 5116 di
639 5056 793 5117 vinas
803 5063 1189 5136 paternasque
1207 5061 1695 5118 essentiteomnes
1716 5060 1780 5117 in
1794 5072 1857 5118 se
1873 5057 2214 5137 complecti-

566 5150 671 5206 tur
685 5144 1258 5208 naturaliterPatris
1269 5148 1668 5225 proprietates
1685 5161 1757 5206 ac
1777 5144 2170 5210 excellentius
2185 5149 2216 5209 ν

565 5233 644 5295 Ει
671 5251 878 5296 rursus
909 5234 968 5296 in
999 5233 1113 5296 alio
1139 5252 1160 5294 :
1185 5232 1500 5308 Quomodo
1527 5250 1648 5294 non
1675 5232 1988 5298 eritFilius
2007 5237 2217 5300 vivens

566 5339 641 5384 ea;
659 5323 900 5387 vivente
928 5323 1132 5405 Patre,
1153 5340 1290 5385 cum
1320 5323 1389 5384 in
1418 5322 1615 5402 ipsum
1645 5320 2022 5386 naturaliter
2045 5342 2216 5404 gene-

567 5413 764 5475 rantis
808 5419 1146 5494 proprietas
1193 5411 1477 5476 immeet?
1510 5408 1620 5474 Hic
1649 5409 1712 5473 in
1769 5410 1992 5475 dictum
2023 5412 2211 5478 illud:

647 5567 711 5618 ιο
737 5571 908 5634 Joan.
942 5589 982 5645 ι,
1018 5576 1117 5635 14.

2300 4888 2505 4960 σαυρῶν
2558 4883 2746 4943 τοότου
2795 4883 2998 4960 συνῳδὰ
3051 4886 3140 4942 καὶ
3207 4887 3237 4943 ὁ
3302 4883 3591 4958 θαυμάσιος
3629 4879 3772 4958 λέγει
3833 4877 3933 4937 Κύ-

2299 4969 2497 5050 ριλλος.
2558 4977 2679 5038 Πῶς
2736 4971 2798 5029 ἂν
2853 4973 2946 5042 εἴη
3014 4980 3121 5031 τῶν
3173 4978 3442 5053 γεννητῶν
3500 4973 3530 5028 ὁ
3557 4975 3657 5038 τῆς
3713 4969 3854 5032 θείας
3881 4984 3932 5022 τι

2297 5061 2385 5117 καὶ
2441 5061 2696 5140 Πατρῴας
2777 5063 2953 5128 οὐσίας
3045 5062 3188 5144 ἔχων
3242 5062 3298 5120 έν
3358 5062 3526 5142 ἑαυτῷ
3583 5064 3814 5140 φυσικῶς
3875 5055 3936 5113 τὰ

2297 5157 2391 5207 τοῦ
2445 5151 2650 5230 Πατρός
2679 5149 2792 5208 ’ίδια
2847 5154 2936 5210 καὶ
2988 5151 3271 5233 ὶξαίρετας
3333 5152 3436 5212 Καὶ
3486 5149 3645 5208 πάλιν
3692 5151 3748 5205 ἒν
3795 5145 3935 5218 ἄλλῳ

2297 5242 2417 5303 Πῶς
2468 5241 2562 5296 οὒκ
2588 5239 2732 5297 ἔσται
2805 5242 2924 5308 Υἱὸς
2973 5245 3080 5314 ζῶν
3147 5243 3208 5300 ἐκ
3275 5247 3472 5314 ζῶντος
3525 5239 3752 5318 Πατρδς,
3825 5237 3934 5295 δια-

2296 5325 2579 5396 ϐαινοόσης
2661 5331 2734 5395 εἰς
2817 5330 2972 5389 αὐτὸν
3061 5337 3292 5412 φυσικῶς
3391 5335 3489 5398 τῆς
3583 5335 3678 5386 τοῦ
3741 5327 3930 5407 γεννή-

2299 5439 2489 5482 σαντος
2571 5415 2832 5488 ἰδιότητος
2892 5437 2910 5496 ;
3009 5423 3173 5486 Οὗτος
3229 5422 3302 5486 εἰς
3371 5417 3430 5482 ὁ
3482 5418 3644 5497 ῥητὸν
3719 5418 3810 5499 τὸ,
3868 5416 3934 5474 οὔ
