4184 6300
580 253 603 316 1
615 251 733 318 259

1697 248 2221 316 CONSTANTINI
2268 237 2820 314 MELITENIOTM

3785 244 3949 312 i260

544 384 1059 451 sentialiterillud
1069 389 1274 467 ipsum
1298 382 1884 464 exsistentem,quad
1900 381 2206 460 intelligi-

2291 379 2346 435 ἰν
2401 387 2476 456 τῷ
2531 382 2688 458 τρίτῳ
2745 387 2851 437 τῶν
2922 381 3050 460 πρὸς
3123 379 3370 459 Ἐρμείαν
3412 381 3668 460 λαμπρῶς
3710 380 3909 458 εἴρηκε
3934 400 3947 413 '

548 484 648 538 tur
667 475 1238 554 essePater,absque
1250 491 1317 535 eo
1335 473 1462 536 solo
1484 474 1646 552 quod
1667 475 1846 535 Pater
1863 474 2201 535 sit.Postre-

547 585 707 628 mum
722 565 987 627 omnium
1004 565 1102 625 hic
1114 570 1446 644 apponatur
1465 561 1688 623 dictum
1711 561 1898 640 ipsius
1912 579 1982 622 ex
1995 578 2201 621 secun-

543 654 620 717 do
640 655 908 734 ejusdem
931 653 1002 714 ad
1028 651 1338 714 Hermiam
1363 650 1816 730 libro.Namque
1843 649 1905 710 in
1929 668 1998 710 eo
2035 648 2205 709 divus

542 744 642 805 hic
661 743 909 824 Cyrillus
927 741 986 802 id
1008 740 1384 820 apertissime
1401 739 1548 801 dicit
1569 760 1584 799 :
1612 739 1988 802 Cowternum
2009 737 2207 799 credi-

541 832 743 894 dimus
764 830 998 892 Filium
1019 829 1292 903 Patri,et
1310 833 1519 890 omnia
1534 827 1756 908 aequali
1775 845 2060 889 mensura
2073 843 2206 906 pos-

538 921 850 993 sidentem,
861 923 1105 998 excepta
1117 934 1244 980 una
1258 917 1385 980 sola
1402 917 1884 996 generationeztd
1903 915 2201 995 siquidem

538 1009 655 1072 soli
681 1009 802 1072 Deo
826 1014 953 1071 etet
976 1009 1158 1070 Patri
1175 1009 1491 1088 proprium
1513 1012 1616 1069 est.
1653 1005 1790 1068 Haec
1811 1005 2011 1066 omnia
2031 1003 2200 1082 sigil-

539 1098 704 1160 latim
737 1117 770 1159 a
792 1099 916 1160 Deo
939 1095 1176 1176 edocto,
1209 1104 1266 1156 et
1299 1095 1498 1156 divina
1528 1101 1728 1155 mente
1750 1093 1994 1174 praedito
2027 1096 2202 1156 Patre

537 1194 872 1263 asserente,
911 1197 970 1248 et
999 1185 1189 1264 palam
1223 1184 1632 1264 aﬂirmateque
1663 1183 1724 1242 in
1758 1189 1844 1243 tot
1873 1181 1996 1243 suis
2033 1201 2195 1242 com-

538 1273 847 1337 mentariis
905 1271 1360 1345 comprobante,
1392 1291 1552 1334 nunc
1606 1271 1851 1352 quidem
1903 1270 2195 1353 tradente,

538 1365 747 1426 omnia
777 1380 902 1425 esse
920 1360 1160 1423 Filium
1177 1377 1548 1441 quaecunque
1570 1360 1761 1423 Pater
1781 1360 2123 1440 est,absque
2133 1377 2198 1421 eo

537 1453 663 1515 solo
694 1452 855 1532 quod
882 1450 1079 1511 Pater
1094 1457 1370 1527 est;nunc
1393 1449 1923 1530 edicente,absque
1951 1467 2074 1510 una
2093 1466 2200 1528 pa-

543 1542 830 1605 ternitate
859 1540 1018 1601 hunc
1045 1541 1246 1618 ipsum
1272 1541 1520 1617 agnosci
1544 1537 1837 1618 aqualem
1875 1554 2204 1617 paremque

2285 473 2521 526 Συνωθεῖ
2602 468 2656 526 δὲ
2739 468 2943 544 μᾶλ)ον
3013 472 3086 536 εἰς
3169 467 3457 548 ὁμολογίαν
3529 473 3556 526 ὁ
3616 468 3773 546 λόγος
3863 469 3954 524 τοῦ

2285 559 2483 637 χρῆναι
2537 573 2680 615 νοεῖν
2753 558 2814 615 ἐκ
2867 564 2964 626 τῆς
3033 560 3124 615 τοῦ
3178 565 3310 615 Θεοῦ
3367 561 3454 616 καὶ
3523 559 3727 637 Πατρὸς
3772 557 3952 619 οὗσίας

2285 646 2369 702 διὰ
2421 647 2521 715 τῆς
2603 646 2830 714 ἀληθοῦς
2899 649 3199 726 γεννήσεως
3280 650 3569 728 ἀναφυῆναι
3651 647 3742 704 τόν
3835 647 3953 700 ιἼὸν

2289 736 2417 791 Θεὸν
2486 735 2734 802 ἀληθινὸν
2790 735 2851 792 ἐκ
2906 742 3038 792 Θεοῦ
3091 735 3366 816 ἀληθινοῦ,
3439 740 3534 794 οὐκ
3617 737 3689 799 εἰς
3748 735 3954 790 eoum

2286 824 2400 880 τινὰ
2468 826 2555 880 καὶ
2637 823 2860 906 ’ἔκφυλον
2935 824 3267 905 ἐκπεφυκότα
3351 826 3527 904 φύσιν,
3627 822 3746 880 ἀλλ’
3827 821 3954 876 ὄντα

2270 919 2438 970 δτοῦτο
2497 910 2786 993 οὐσιωδώς,
2861 911 2992 992 ὅπερ
3075 912 3136 968 ἂν
3205 927 3386 970 νοοῖτο
3481 914 3570 969 καὶ
3637 915 3666 970 ὁ
3734 913 3950 986 Πατήρ,

2283 1000 2409 1080 δίχα
2473 1002 2637 1077 μόνου
2721 1008 2813 1058 τοῦ
2881 1005 3023 1058 εἶναι
3115 1003 3317 1082 Πατὴρ.
3425 1003 3643 1058 Πάντων
3713 999 3952 1078 ἔσχατον

2283 1094 2613 1165 προσκεισθω
2679 1093 2769 1148 καὶ
2842 1093 2904 1148 τὸ
2973 1092 3108 1148 κατὰ
3171 1093 3264 1148 τὸν
3335 1091 3570 1170 δεύτερον
3636 1096 3744 1146 τῶν
3819 1087 3952 1164 πρὸς

2288 1177 2530 1256 Ἑρμείαν
2586 1181 2742 1236 αὐτοῦ
2801 1178 2976 1258 λόγων
3073 1180 3260 1257 ῥητὸν.
3321 1177 3531 1237 Ἐκεῖσε
3600 1179 3691 1234 καὶ
3767 1176 3876 1254 γὰρ
3926 1176 3952 1229 ὁ

2281 1265 2554 1331 Θεσπέσιος
2623 1267 2774 1331 οὗτος
2847 1266 3103 1346 Κύριλλος
3190 1275 3346 1324 τοῦτο
3415 1266 3708 1346 τρανότατα
3775 1263 3949 1340 λέγων

2283 1355 2627 1432 :3ptaxe1at'
2733 1354 2974 1412 Συνίδιον
3075 1357 3389 1432 πιστεύομεν
3484 1357 3576 1411 τὸν
3678 1355 3804 1409 Υἱδν
3876 1355 3952 1422 τῷ

2282 1445 2468 1524 Πατρὶ,
2541 1446 2628 1500 καὶ
2714 1451 2816 1500 πᾶν
2914 1448 3088 1503 ὁτιοῦν
3180 1447 3456 1523 ίσόμετρον
3533 1443 3735 1522 ἔχοντα
3823 1438 3949 1518 δίχα

2283 1533 2446 1606 μόνου
2501 1540 2594 1590 τοῦ
2679 1547 2880 1595 τεκεῖν.
2971 1535 3237 1612 Προσήκοι
3298 1535 3399 1612 γὰρ
3452 1531 3516 1588 ἂν
3570 1538 3726 1589 τοῦτο
3802 1531 3950 1605 μόνῳ

535 1647 644 1710 per
664 1630 873 1691 omnia
893 1617 1102 1700 Patri;
1122 1635 1180 1688 et
1198 1645 1356 1689 nunc
1377 1617 1624 1698 iterum,
1651 1628 1921 1689 omnium
1942 1633 2201 1688 natura-

2287 1625 2361 1693 τῷ
2416 1628 2530 1696 Θεῷ
2573 1622 2660 1677 καὶ
2722 1623 2903 1700 Πατρὶ.
2966 1629 3140 1679 Ταῦτα
3199 1621 3263 1690 δὴ
3320 1624 3492 1678 πάντα
3545 1617 3662 1676 καθ’
3719 1617 3948 1674 ἕκαστον

541 1718 690 1780 ltum
707 1725 1108 1798 paternorum
1131 1716 1419 1778 bonorum
1437 1717 1795 1795 participem
1815 1732 1937 1776 esse
1956 1715 2198 1798 Filium,

541 1815 792 1886 excepto
809 1823 874 1868 eo
895 1804 1023 1868 solo
1042 1805 1203 1885 quod
1229 1806 1414 1868 Pater
1439 1822 1563 1866 non
1601 1803 2038 1884 est,ipsissimis
2067 1821 2202 1864 ver-

540 1893 635 1956 bis
667 1894 1116 1974 pronuntiante;
1141 1911 1298 1954 nunc
1329 1893 1808 1968 etiam,omnium
1839 1909 1970 1971 qua:
1995 1897 2206 1962 insunt

542 1981 728 2044 Patri
747 1980 1128 2044 naturaliter
1145 1981 1444 2043 hteredem
1458 1980 1620 2044 hunc
1639 1991 2085 2060 ease,tanquam
2099 1986 2206 2061 qui

542 2071 923 2134 naturaliter
937 2073 1154 2151 eatipso
1169 2070 1689 2143 est,nihilominus
1711 2069 1894 2132 Pater
1913 2087 2038 2131 esse
2050 2086 2204 2130 nun-

456 2172 470 2184 ‘
542 2177 722 2239 quam
743 2158 1308 2232 obtinebit,fatente;
1343 2159 1406 2220 id
1435 2161 1597 2220 enim
1619 2175 1698 2220 ea:
1728 2159 1803 2219 iis
1833 2163 1917 2220 est
1937 2175 2072 2236 qua
2093 2156 2204 2219 Ge-

537 2247 737 2309 nitori
755 2247 990 2308 insunt.
1013 2243 1284 2308 Manebit
1305 2263 1449 2308 vero
1470 2244 1671 2307 Filius
1688 2244 1854 2307 nullo
1875 2262 1949 2306 ea:
1964 2245 2044 2306 iis
2065 2263 2200 2325 qua:

540 2336 716 2397 Patri
730 2332 1425 2413 insunt,spoliatus,licet
1445 2350 1569 2395 non
1588 2333 1971 2412 intelligatur
1985 2332 2193 2408 Pater,

2284 1719 2376 1768 106
2429 1711 2681 1790 θεοσόφου
2735 1712 2822 1767 καὶ
2890 1711 3165 1791 θεόφρονος
3224 1711 3409 1768 τούτου
3452 1712 3655 1787 Πατρὸς
3704 1708 3948 1786 φάσκον-

2283 1819 2372 1861 τος
2414 1796 2854 1876 ὁμολογουμένως
2929 1801 3013 1856 καὶ
3073 1802 3307 1878 φανερῶς
3362 1799 3416 1855 ἐν
3470 1799 3738 1862 τοσούτοις
3793 1797 3950 1852 αὐτοῦ

2285 1887 2682 1965 συγγράμμασι,
2760 1890 2847 1990 καὶ
2931 1887 3060 1975 ποτὲ
3145 1889 3273 1990 μὲν.
3299 1889 3470 1944 πάντα
3521 1885 3701 1943 τελεῖν
3777 1885 3948 1941 ὁπόσα

2283 1977 2372 2031 καὶ
2425 1977 2454 2031 ὁ
2512 1975 2720 2054 Πατήρ,
2767 1973 2891 2056 δίχα
2954 1967 3046 2034 106
3129 1967 3310 2054 Πατῆρ
3369 1977 3518 2034 ,εἶναι
3590 1977 3758 2052 μόνου
3859 1976 3948 2028 τὸν

2287 2065 2428 2137 Υἱὸν,
2489 2062 2738 2143 λέγοντος
2775 2082 2788 2096 ’
2838 2065 2966 2121 ποτὲ
3021 2063 3075 2120 δὲ
3153 2065 3538 2145 φθεγγομένου,
3629 2063 3778 2130 πλὴν
3849 2068 3945 2128 τῆς

2284 2152 2618 2232 πατρότητος
2724 2161 2907 2210 τοῦτον
3001 2156 3153 2213 αὐτὸν
3236 2154 3358 2211 ἴσον
3437 2154 3789 2232 γινώσκεσθαι
3872 2151 3946 2224 τῷ

2285 2243 2452 2321 Πατρὶ
2507 2243 2644 2298 κατά
2711 2243 2883 2299 πάντα
2941 2245 3028 2299 καὶ
3071 2241 3253 2318 ὅμοιον
3284 2259 3297 2274 ⁸
3358 2245 3443 2299 καὶ
3505 2249 3594 2299 νῦν
3664 2244 3791 2322 μὲν,
3865 2241 3941 2296 ὅτι

2284 2337 2400 2388 Τῶν
2473 2337 2565 2387 τοῦ
2655 2333 2856 2410 Πατρὸς
2941 2333 3076 2388 κατά
3159 2331 3311 2412 φύσιν
3393 2332 3602 2410 ἀγαθῶν
3687 2330 3940 2392 κοινωνός

541 2425 749 2486 omnia
772 2440 911 2485 vero
926 2422 1183 2503 perfecte
1199 2422 1508 2502 possidens
1538 2424 1604 2483 in
1639 2427 1769 2503 ipso
1796 2424 2052 2502 propria
2079 2440 2192 2502 pa-

2287 2429 2422 2484 ὲατιν
2490 2421 2518 2474 ὁ
2575 2421 2719 2494 Υἱὸς,
2789 2419 2911 2476 ἄνευ
2977 2420 3156 2496 μέντοι
3199 2441 3258 2498 γε
3317 2427 3410 2476 τοῦ
3463 2420 3753 2499 τυγχάνειν
3825 2425 3939 2474 Πα-

543 2513 1006 2575 ternwessentiai
1030 2519 1216 2589 atque
1228 2510 1754 2590 eximiu;itemque
1776 2510 1890 2570 alio
1910 2510 2194 2572 locozFi-

2287 2509 2400 2586 τὴρ,
2447 2506 2531 2564 ἐπὶ
2573 2506 2762 2574 λέξεως
2853 2509 2990 2566 οὕτω
3069 2507 3516 2585 διαλαμϐάνοντος
3551 2528 3566 2542 ⁸
3624 2516 3711 2564 νῦν
3756 2507 3805 2563 δ’
3861 2507 3938 2563 ὅτι

543 2600 694 2662 lium
707 2601 1094 2662 exsistentem
1110 2607 1165 2660 et
1179 2599 1459 2678 agnitum
1473 2617 1600 2661 esse
1611 2607 1801 2661 essent
1811 2599 1945 2661 iatit
1957 2617 2038 2673 er,
2049 2599 2203 2678 quod

2287 2603 2398 2656 Τῶν
2467 2604 2698 2676 φυσικῶς
2782 2597 3003 2655 ἐνόντων
3093 2605 3170 2673 τῷ
3250 2601 3413 2677 Πατρὶ
3495 2596 3832 2678 κληρονόμος
3910 2599 3937 2652 ὁ

542 2687 912 2767 intelligitur
925 2687 1367 2765 Pater,absque
1385 2705 1454 2750 eo
1473 2687 1791 2767 solo,quod
1816 2689 2206 2760 Patersit,af-

2287 2695 2520 2749 τοιοῦτος
2576 2687 2648 2751 ὡς
2702 2685 2753 2752 ἐξ
2831 2689 2989 2744 αὐτοῦ
3058 2688 3192 2743 κατά
3260 2688 3411 2767 φύσιν
3470 2687 3731 2767 ὑπάρχων
3775 2688 3934 2760 ἐστὶν,

545 2780 860 2856 ﬁrmante;
902 2785 961 2838 et
981 2777 1042 2836 in
1064 2775 1368 2840 alio.hunc
1402 2778 1601 2856 ipsum
1624 2776 1802 2837 Patri
1821 2784 2202 2860 cowternum,

2290 2775 2436 2849 ὅμως
2496 2773 2539 2829 δ’
2585 2777 2672 2830 οὖν
2729 2777 2790 2830 τὸ
2845 2776 3159 2832 καθεστέναι
3225 2777 3406 2855 Πατὴρ
3463 2780 3566 2855 οὔχ
3607 2776 3708 2842 ἔξει
3786 2778 3929 2847 ποτὲ,

547 2874 608 2930 et
633 2865 945 2928 habentem
967 2865 1263 2945 quidquid
1277 2873 1361 2928 est
1379 2870 1448 2927 in
1468 2866 1653 2928 Patre
1665 2865 1892 2954 aequali
1904 2882 2206 2954 mensura,

2294 2861 2573 2929 διεξιόντος
2605 2880 2619 2894 ⁸
2689 2865 2777 2920 καὶ
2836 2871 2990 2921 τοῦτο
3051 2866 3150 2943 γὰρ
3219 2872 3322 2922 τῶν
3379 2867 3682 2944 προσόντων
3746 2867 3803 2922 ἒν
3867 2870 3931 2937 τῷ

548 2958 608 3018 si
627 2972 918 3035 generare
945 2960 1176 3017 tantum
1199 2956 1611 3035 excipiasmoc
1631 2957 1790 3016 enim
1811 2953 1930 3016 soli
1949 2954 2129 3018 Patri
2149 2951 2204 3018 et

2292 2953 2585 3031 γεννήτορὶ.
2669 2959 2833 3008 Μενεῖ
2903 2951 2948 3008 δ’
3005 2956 3033 3010 ὁ
3065 2957 3180 3018 Υἱὸς
3225 2954 3676 3034 ἀποστερούμενος
3738 2954 3929 3017 οιῖιδενὸς

545 3022 669 3106 Deo
681 3047 1005 3124 propr-ium
1019 3043 1228 3123 est,pla
1239 3062 1313 3104 ne
1335 3022 1860 3124 pronuntiantezex
1890 3043 1982 3104 his
2003 3045 2201 3106 omni-
2221 3022 2261 3073 C

546 3131 657 3194 bus
688 3132 1066 3195 manifestum
1118 3139 1209 3194 est
1259 3131 1543 3213 Spiritum
1605 3140 1872 3195 sanctum
1931 3135 2108 3196 etiam
2134 3137 2231 3195 ex'

545 3219 698 3283 Filio
731 3222 1133 3282 exsistentiam
1163 3220 1408 3284 habere.
1428 3219 1806 3300 Quaecunque
1836 3219 1994 3282 enim
2030 3221 2206 3283 Pater

546 3319 657 3387 est,
692 3310 901 3372 eadem
954 3320 1013 3371 et
1071 3309 1255 3371 Filius
1295 3319 1408 3386 est,
1462 3319 1521 3371 et
1572 3314 1772 3372 omnia
1829 3309 2020 3372 Patris
2047 3311 2108 3372 iu
2139 3329 2204 3372 se

547 3399 846 3480 possidet,
895 3398 1267 3460 solummodo
1295 3398 1469 3460 Pater
1499 3418 1618 3461 non
1649 3407 1762 3480 est,
1798 3417 1909 3462 nec
1936 3402 2192 3478 genitor,

547 3505 663 3568 quo
695 3487 888 3568 ipsum
925 3486 1226 3548 distinctio
1282 3489 1544 3566 privavit.
1595 3488 1787 3560 Quare
1827 3488 2013 3550 Filius
2044 3507 2201 3550 nun-

546 3593 721 3656 quam
796 3575 1038 3637 omnino
1101 3575 1334 3639 dicetur
1401 3595 1691 3658 generare
1749 3575 1962 3639 Filium
2002 3595 2201 3658 :quo-

545 3664 706 3724 niam
757 3682 948 3744 nequs
1003 3667 1179 3726 Pater
1232 3673 1362 3742 est,
1419 3665 1523 3726 sed
1585 3665 1996 3727 tantummodo
2039 3666 2204 3727 solus

544 3751 735 3814 Filius
796 3752 1172 3832 est.Spiritus
1231 3771 1372 3815 vero
1403 3762 1642 3815 sanctus
1687 3772 1870 3834 quare
1892 3773 2011 3815 non
2042 3755 2202 3816 aﬂir-

2284 3049 2388 3098 τῶν
2465 3040 2688 3097 ἐνόντων
2769 3048 2846 3115 τῷ
2919 3045 3099 3122 Πατρὶ,
3171 3043 3272 3100 κᾶν
3331 3044 3406 3119 μὴ
3474 3045 3659 3112 νοῆται
3735 3046 3930 3121 Πατὴρ,

2283 3131 2456 3187 πάντα
2517 3127 2572 3184 δὲ
2633 3129 2778 3209 ἔχων
2833 3129 3044 3196 τελείως
3095 3131 3149 3188 ἐν
3206 3133 3374 3207 ἑαυτῷ
3429 3134 3495 3188 τὰ
3538 3132 3650 3190 ἴδια
3693 3140 3798 3202 τῆς
3850 3134 3930 3190 οὗ·

2286 3230 2398 3283 σιας
2441 3228 2532 3276 τοῦ
2575 3220 2783 3297 Πατρὸς
2841 3221 2928 3276 καὶ
2995 3217 3226 3299 ἐξαίρετα
3263 3237 3277 3251 ⁶
3323 3220 3484 3278 πάλιν
3527 3221 3720 3279 ἄλλοτε
3760 3229 3930 3297 τοῦτο,

2283 3309 2375 3363 τὸν
2472 3308 2591 3362 Υίόν
2667 3306 2794 3363 ὅντα
2863 3309 2950 3365 καὶ
3033 3307 3414 3387 γνωριζόμενον
3497 3311 3762 3392 ὑπάρχειν
3844 3312 3930 3368 06-

2285 3393 2514 3475 σιωδῶς,
2583 3395 2760 3474 ὥσπερ
2827 3395 2887 3454 ἂν
2975 3411 3156 3455 νοοῖτο
3252 3399 3338 3455 καὶ
3416 3401 3445 3456 ὁ
3516 3402 3727 3482 Πατὴρ,
3818 3399 3934 3481 δίχα

2285 3485 2447 3559 μόνου
2518 3491 2610 3542 τοῦ
2663 3486 2844 3565 Πατὴρ
2902 3486 3068 3561 εἶναι,
3145 3485 3536 3566 διαγορεύοντος
3572 3508 3587 3524 ’
3650 3489 3705 3546 ἐν
3783 3492 3936 3570 ἑτέρῳ

2285 3571 2365 3647 δὲ,
2435 3580 2617 3630 τοῦτον
2673 3577 2827 3633 αὐτὸν
2901 3573 3164 3634 συναὶδιον
3220 3583 3296 3651 τῷ
3351 3579 3539 3658 Πατρὶ,
3598 3581 3684 3636 καί
3746 3581 3933 3662 ’ἔχοντα

2285 3669 2390 3720 πᾶν
2456 3661 2732 3742 ἰσόμετρον
2805 3666 2999 3740 ὁτιοῦν,
3073 3663 3198 3746 δίχα
3281 3666 3447 3742 μόνου
3517 3678 3609 3728 τοῦ
3701 3661 3886 3728 τεκεῖν
3918 3687 3931 3704 '

2289 3753 2554 3829 προσήκοι
2605 3753 2704 3831 γὰρ
2767 3751 2828 3809 ἂν
2901 3763 3056 3812 τοῦτο
3097 3762 3175 3829 τῷ
3221 3761 3337 3830 Θεῷ
3389 3757 3478 3813 καὶ
3548 3762 3711 3838 Πατρὶ
3773 3761 3930 3835 μόνῳ,

546 3840 804 3902 mabitur
853 3849 910 3902 et
957 3840 1086 3921 ipse
1133 3841 1430 3923 emittere,
1485 3842 1686 3903 omnia
1741 3842 1929 3904 Patris
1970 3842 2206 3924 propria

2287 3845 2466 3920 σαφῶς
2520 3839 2948 3920 ἀπαγγέλλοθτος
2983 3857 2997 3872 ⁶
3057 3841 3109 3909 εξ
3179 3843 3428 3900 ἀπάντων
3487 3846 3760 3925 πρόδηλον
3815 3849 3933 3906 τοῦ·

547 3928 897 4018 naturaliter
919 3928 1035 3990 sibi
1063 3929 1393 4004 vindicans,
1428 3930 1574 3991 illud
1612 3931 1662 3991 si
1700 3931 1962 4010 excipias
2014 3949 2206 4012 neque

2287 3951 2392 3986 των
2449 3932 2523 3993 ὡς
2579 3932 2664 3986 καὶ
2705 3933 2766 3988 τὸ
2821 3929 2974 4010 ἅγιον
3033 3931 3244 4009 Πνεῦμα
3289 3934 3387 4002 τὴν
3430 3933 3646 4016 ὕπαρξιν
3691 3937 3815 4018 ἔχει
3842 3938 3933 3995 κάκ

546 4015 784 4079 Patrem
831 4035 962 4080 esse
995 4036 1188 4099 neque
1219 4037 1506 4097 generare
1564 4020 1837 4099 omnino,
1872 4020 1922 4081 si
1951 4021 2206 4101 Spiritus

2287 4025 2377 4074 106
2435 4021 2577 4079 Υἱοῦ.
2634 4017 2811 4076 Πάντα
2857 4021 2958 4101 γὰρ
3001 4021 3142 4078 ἔστιν
3184 4025 3213 4078 ὁ
3259 4025 3374 4088 Υἱὸς
3419 4022 3518 4080 ὅσα
3544 4015 3647 4082 καὶ
3676 4015 3930 4107 ὁΠατήρ.

545 4116 785 4168 sanctus
840 4125 1006 4168 suam
1056 4108 1316 4170 divinam
1356 4108 1780 4170 exsistentiam
1811 4128 1928 4170 non
1966 4109 2206 4172 haberet

2293 4109 2390 4165 Καὶ
2445 4108 2618 4167 πάντα
2674 4109 2740 4165 τὰ
2795 4117 2886 4166 τοῦ
2944 4112 3147 4189 Πατρὸς
3205 4109 3350 4192 ἔχων
3405 4114 3726 4192 καθέστηκε,
3779 4120 3934 4198 χωρὶς

547 4197 724 4257 etiam
745 4215 817 4256 ex
854 4194 1026 4271 Filio,
1063 4197 1177 4258 hoc
1201 4195 1344 4258 item
1377 4197 1708 4259 divinissim
1723 4219 1794 4259 us
1831 4198 2080 4279 Cyrillus
2110 4218 2206 4261 se-

2293 4197 2456 4286 μόνου
2493 4204 2586 4254 τοῦ
2644 4198 2826 4277 Πατὴρ
2867 4200 3171 4280 τυγχάνειν,
3212 4204 3301 4258 καὶ
3341 4204 3436 4259 τοῦ
3479 4217 3679 4286 τεκεῖν,
3738 4194 3867 4286 ὅπερ
3911 4209 3935 4262 ὁ

546 4283 805 4347 cundum
857 4285 1303 4348 distinctionem
1354 4288 1698 4368 accepisset
1734 4297 1795 4350 et
1840 4288 2206 4369 potissimum

2297 4283 2698 4366 προσδιορισμὸς
2763 4299 2943 4348 τοῦτον
3028 4289 3293 4370 ἀφείλετο.
3353 4293 3532 4350 Τοίνυν
3591 4297 3619 4351 ὁ
3663 4283 3798 4361 ’Υἱὸς
3842 4283 3937 4355 ὀὐκ

2311 4373 2336 4394 τι
2603 4375 2617 4394 ε
2661 4379 2685 4394 ..
2725 4378 2736 4394 ,
2957 4385 2985 4394 -
3107 4377 3212 4394 ...κ
3554 4381 3580 4394 ..
3761 4383 3800 4394 -.
3841 4391 3882 4394 _

545 4373 606 4434 in
628 4372 771 4448 illis,
805 4373 866 4475 in
898 4373 1112 4454 quibus
1145 4375 1463 4455 perspicue
1497 4375 1806 4475 expressit
1831 4375 2108 4475 :_absque
2154 4395 2222 4475 eo

545 4463 866 4542 solo,quod
891 4481 1006 4525 non
1019 4473 1296 4543 generat,
1326 4464 1668 4527 addidisset
1693 4485 1706 4525 :
1729 4472 1786 4528 et
1805 4464 2058 4546 effundit
2075 4463 2222 4546 qua:

547 4551 599 4612 si
629 4551 690 4611 in
715 4551 1122 4613 exsistentiam
1185 4549 1470 4632 Spiritum
1533 4561 1844 4635 sanctum;
1881 4562 1937 4614 at
1967 4573 2124 4616 nunc
2151 4573 2222 4634 eo

547 4639 675 4703 solo
709 4639 944 4720 privans
990 4639 1230 4720 Filium,
1268 4659 1465 4721 neque
1495 4641 1609 4703 hoc
1639 4641 1892 4718 addens,
1931 4644 2104 4723 plane
2132 4644 2221 4714 illi

546 4728 900 4804 concesssit,
938 4749 1056 4790 non
1091 4729 1286 4790 minus
1320 4748 1499 4810 quam
1557 4729 1619 4791 in
1679 4730 1810 4792 aliis
1859 4732 1982 4792 suis
2009 4732 2208 4816 dictis,

546 4835 730 4898 supra
759 4835 866 4897 per
887 4835 994 4878 nos
1026 4818 1238 4891 allatis,
1275 4836 1410 4896 qua:
1435 4818 1625 4898 palam
1659 4817 1988 4898 praedicant
2017 4820 2210 4882 exsis-

550 4914 677 4969 tere
707 4906 883 4967 etiam
918 4925 988 4968 ex
1017 4906 1167 4968 Filio
1200 4906 1488 4987 Spiritum
1523 4907 2032 4970 sanctum.Talem
2057 4929 2210 4990 prae-

547 5013 687 5057 seus
716 4994 930 5074 dogma
959 5014 1028 5056 ex
1061 4994 1238 5058 dictis
1270 4995 1685 5075 hujuscemodi
1715 4995 1777 5057 in
1807 4999 2085 5077 praesenti
2107 4999 2212 5061 de-

547 5083 1038 5147 monstrationem
1071 5084 1248 5146 simul
1279 5084 1831 5166 ﬁrmitudinemque
1883 5089 2209 5169 consequi-

547 5179 665 5251 tur,
701 5173 858 5255 quod
893 5182 950 5234 et
1005 5183 1143 5236 ante
1197 5174 1297 5235 illa
1357 5192 1534 5255 quam
1589 5173 1972 5236 verissimum
2049 5195 2208 5258 esse,

547 5262 634 5322 uti
686 5269 935 5338 rectum,
988 5262 1347 5324 inoll‘ensum
1392 5271 1449 5324 et
1513 5269 1727 5341 tutum,
1775 5263 2051 5344 plurimis
2081 5266 2212 5329 aliis

548 5352 791 5412 Patrum
819 5351 1197 5432 testimoniis,
1227 5370 1358 5432 quae
1386 5352 1560 5432 plane
1609 5353 1773 5415 nulla
1823 5354 2201 5435 expositione

547 5437 838 5519 indigent,
872 5437 1066 5520 neque
1095 5441 1167 5501 ad
1207 5440 1300 5502 sui
1331 5440 1781 5520 intelligentiam
1834 5441 2203 5524 interpreta-

548 5526 734 5610 tione,
768 5529 909 5591 satis
951 5527 1308 5611 abundeque
1357 5531 1756 5611 probavimus,
1806 5550 1926 5596 non
1970 5532 2068 5612 iis,
2103 5533 2201 5597 in-

2305 4373 2364 4431 ἂν
2408 4396 2538 4432 ποτε
2592 4375 2774 4454 ῥηθείη
2831 4385 3017 4456 γεννᾷν
3072 4377 3300 4445 οὒδόλως
3347 4381 3466 4438 Υἱὸν
3503 4397 3516 4412 ·
3552 4381 3637 4438 ὅτι
3670 4383 3812 4459 μηδὲ
3840 4391 3934 4442 Πα-

2305 4471 2404 4539 τὴρ
2446 4465 2578 4540 ἐστι,
2627 4466 2787 4540 μόνον
2833 4465 2888 4523 δὲ
2942 4469 3030 4525 καὶ
3097 4469 3256 4545 μόνος
3323 4472 3442 4535 Υἱὸς
3509 4471 3734 4552 πέφυκε.
3782 4477 3850 4533 Τὸ
3888 4472 3935 4529 δὲ

2307 4560 2517 4629 Πνεῦμα
2569 4556 2629 4612 τό
2669 4554 2820 4635 ἅγιον
2875 4558 3014 4622 τίνος
3072 4557 3246 4616 ’ἐνεκεν
3306 4557 3547 4635 οὐδαμῶς
3599 4562 3934 4643 ὁμολογηθῆ-

2308 4642 2454 4700 σεταί
2510 4644 2849 4723 προπέμπειν
2922 4646 3039 4704 καθ’
3115 4645 3328 4728 ὕπαρξιν
3380 4651 3466 4706 καὶ
3533 4650 3716 4734 αῦτὸς,
3777 4642 3932 4713 πάντα

2292 4735 2358 4794 τὰ
2399 4740 2492 4790 τοῦ
2535 4736 2738 4812 Πατρὸς
2794 4733 2941 4814 ἔχειν
2992 4734 3102 4794 ἴδια
3134 4741 3364 4818 φυσικῶς
3409 4737 3586 4800 ὂῖνευθε
3637 4733 3802 4818 μόνον
3849 4751 3932 4802 τοῦ

2295 4825 2473 4904 Πατὴρ
2516 4823 2657 4879 εἶναι
2711 4825 2798 4881 καὶ
2852 4832 2944 4882 τοῦ
2993 4839 3169 4884 τεκεῖν
3238 4829 3679 4907 μαρτυρούμενος,
3731 4833 3932 4896 πάντως

2293 4917 2336 4970 εί
2408 4913 2484 4988 μὴ
2525 4913 2587 5003 τὸ
2630 4908 2786 5003 ἅγιον,
2812 4921 3036 5003 Πνεῦμα
3075 4915 3174 4984 τὴν
3235 4917 3418 4975 ἑαυτοῦ
3472 4921 3611 4995 θείαν
3656 4923 3788 5003 εἶχε
3841 4921 3934 4978 κᾶκ

2293 5011 2384 5060 τοῦ
2441 5001 2586 5078 Υἱοῦ,
2647 5001 2900 5083 Κύριλλος
2945 5006 3007 5060 ἃν
3054 5008 3082 5063 ὁ
3137 5003 3403 5085 θειότατος
3455 5011 3545 5066 καὶ
3597 5001 3759 5069 τοῦτο
3806 5013 3932 5081 κατὰ

2291 5095 2382 5150 τὸν
2433 5089 2836 5172 προσδιορισμὸν
2893 5093 3285 5174 παρελάμϐανε,
3348 5099 3434 5154 καὶ
3475 5097 3680 5174 μᾶλλον
3738 5101 3795 5158 ἂν
3850 5101 3932 5164 οἷς

2291 5179 2554 5256 ἀριδήλως
2598 5181 2783 5260 εἴρηκε
2826 5185 2910 5263 τὸ,
2955 5183 3080 5264 δίχα
3148 5187 3311 5261 μόνου
3367 5195 3458 5246 τοῦ
3509 5193 3712 5271 τεκεῖν,
3772 5211 3927 5270 προσ-

2285 5271 2445 5332 ετίθει
2491 5270 2579 5328 καὶ
2611 5277 2703 5326 τοῦ
2745 5286 3000 5355 προχεῖν,
3045 5275 3117 5339 ὡς
3176 5275 3308 5352 πρὸς
3350 5273 3566 5355 ὕπαρξιν
3606 5289 3669 5335 τὸ
3697 5270 3703 5271 ⁷
3728 5285 3929 5355 Πνεῦμα

2288 5361 2349 5417 τὸ
2380 5360 2576 5439 ἅγιον.
2618 5367 2720 5417 Νῦν
2763 5358 2808 5444 δξ
2847 5361 3023 5419 ἐκεῖνο
3067 5362 3228 5439 μόνον
3277 5362 3601 5443 ἀφελόμενος
3659 5376 3752 5426 τοῦ
3785 5373 3929 5444 fimi,

2285 5459 2440 5508 10610
2493 5446 2559 5504 δι’
2616 5451 2690 5506 ὧν
2735 5439 2803 5510 οῦ
2822 5444 3172 5532 προσέθηκεν,
3215 5439 3360 5527 αὖτῷ
3410 5439 3656 5534 δέδωκεν,
3702 5458 3805 5540 οὐχ
3844 5439 3932 5524 ﬁt;

2288 5559 2379 5595 τον
2435 5537 2470 5606 ἢ
2529 5551 2652 5605 ταῖς
2681 5538 2912 5606 πολλαῖς
2941 5538 3129 5607 ἄλλαις
3157 5539 3372 5620 ρήσεσιν
3400 5540 3606 5624 ἑαυτοῦ,
3640 5535 3927 5610 "telvm.
