4184 6300
472 315 622 379 1267

1594 313 2120 380 CONSTANTINI
2161 317 2713 386 MELITENIOTIE

3684 316 3848 385 1268

465 453 751 516 vertimus
780 452 812 516 ?
868 453 971 518 Ha
1025 453 1319 518 machina;
1391 459 1531 514 sunt
1587 459 1646 516 et
1699 450 1937 514 fraudes
1995 447 2135 512 mali

2229 453 2348 532 πΡδ(
2404 455 2504 522 τὴν
2574 453 2825 536 ἀκρόασιν
2885 457 3052 526 αὐτὴν
3120 456 3608 526 ἀποδυσπητοῦντες
3662 452 3856 535 φαινό-

467 541 778 617 daemonis,
807 543 909 624 qui
952 563 1060 605 nos
1093 543 1166 606 ab
1196 542 1340 604 inde
1371 539 1774 604 exorientibus
1803 537 2133 603 commodis

467 631 728 694 abducit.
759 631 822 696 Si
856 632 1147 713 promptis
1193 631 1549 711 attentisque
1579 629 1825 692 auribus
1855 628 1952 690 illa
1987 645 2130 708 per-

467 721 779 802 cipiamus,
861 723 1085 784 fructus
1145 721 1285 782 inde
1334 719 1643 782 uberiores
1714 719 2127 798 decerpemus,

467 810 868 888 intelligentes
897 829 1104 871 eorum
1135 827 1247 890 ope
1281 808 1570 889 dogmatis
1599 809 2040 879 certitudinem,
2073 806 2132 866 et

467 897 541 959 ad
573 916 778 977 pacem
811 906 1090 961 contente
1122 907 1464 978 pergentes,
1499 917 1575 960 ne
1631 897 2132 979 pertimescamus

467 985 745 1051 dictionis
765 987 1091 1064 insuetum,
1118 995 1176 1049 et
1198 988 1598 1069 peregrinum,
1631 986 1771 1068 quin
1794 987 1914 1048 imo
1951 983 2133 1062 magis

468 1075 756 1155 majorem
793 1076 858 1138 in
887 1094 996 1138 nos
1023 1075 1432 1158 concipiamus
1463 1084 1685 1138 metum
1714 1075 1876 1138 illius
1900 1073 2132 1153 impro-

466 1165 732 1240 batione,
767 1183 843 1226 ne
865 1165 1158 1227 rationem
1191 1171 1514 1227 extremam
1538 1164 1699 1226 illius
1724 1181 1902 1226 causa
1920 1160 2133 1224 redda-

471 1273 624 1329 mus,
658 1255 720 1315 in
776 1253 875 1316 die
923 1251 1152 1316 scilicet
1208 1253 1650 1317 retributionis.
1687 1252 1994 1334 Optimum
2047 1252 2137 1310 est

467 1362 578 1406 nos
606 1350 786 1408 rectae
834 1341 999 1422 ﬁdei,
1056 1360 1177 1403 non
1235 1342 1663 1404 consuetudini
1717 1339 1936 1403 addici.
1985 1337 2136 1399 Tum

465 1432 650 1495 robur
678 1431 952 1494 obtinere
1004 1429 1185 1492 debet
1215 1431 1606 1506 consuetudo,
1659 1449 1795 1492 cum
1824 1426 2143 1492 canonicas

467 1520 914 1584 observationes
969 1539 1088 1581 non
1150 1519 1444 1597 vulnerat,
1504 1519 1590 1580 uti
1644 1519 1710 1580 ﬁt
1753 1519 1814 1580 in
1867 1515 2137 1579 civilibus

467 1609 742 1690 negotiis,
800 1628 933 1671 cum
998 1607 1371 1671 eversionem
1413 1609 1612 1688 legum
1667 1627 1786 1669 non
1842 1605 2134 1686 respicit;

467 1718 603 1761 cum
639 1716 812 1780 porro
847 1697 1082 1780 pietatis
1111 1698 1295 1761 cultui
1329 1717 1540 1792 noxam
1571 1697 1775 1792 infert,
1809 1695 2131 1792 et__per_icu-‘

2229 1699 2392 1792 ἀφορᾷ
2448 1701 2600 1792 πρὸςΔ
2640 1703 2817 1779 νόμων
2873 1695 3157 1777 ἀναίρεσιν,

2214 546 2346 616 μεθα
2381 561 2397 618 ;
2443 543 2638 602 Τούτου
2695 545 2923 626 μηχανῆ
2980 548 3069 604 καὶ
3122 545 3361 624 μεθοδεία
3403 569 3483 611 τις
3530 550 3622 602 τοῖ’)
3679 563 3857 626 ποντι-

2215 637 2326 709 ροῦ,
2385 637 2482 700 τῆς
2539 619 2971 712 ἐντεῦθεν“ἥμᾶς
3037 619 3294 718 ὡφελείας
3351 635 3670 712 ἀπάγοντος.
3747 619 3859 684 ’Ἂν

2214 719 2432 777 ἑστῶσιν
2475 721 2840 799 ὁποδεξώμεθα
2894 726 3086 789 ταύτας
3139 726 3260 802 ὠσὶ,
3327 725 3390 781 τδ
3431 722 3613 803 κέρδος
3648 717 3862 778 πολλα-

2212 807 2439 866 πλάσιον
2480 808 2616 868 οὕτω
2669 810 2988 891 δρεψόμεθα,
3046 814 3306 879 συνιέντες
3375 812 3428 878 ἒξ
3469 814 3637 870 αὐτῶν
3666 810 3733 865 τὸ
3775 812 3865 862 τοῦ

2211 896 2475 978 δόγματος
2525 899 2778 982 ἀσφαλὲς,
2834 905 2923 960 καὶ
2990 906 3122 972 πρὸς
3190 905 3290 972 τὴν
3333 905 3546 983 εἰρήνην
3601 897 3863 959 συντόνως

2215 988 2722 1067 μεταχωρήσαντες,
2755 991 2833 1066 μὴ
2879 991 3195 1073 φοϐηθῶμεν
3237 994 3298 1050 τδ
3327 997 3424 1059 τῆς
3468 989 3644 1070 φωνῆς
3705 984 3864 1052 ἄηθες

2213 1077 2300 1132 ναὶ
2357 1074 2500 1140 ξένον
2540 1079 2702 1158 ἡμῖν,
2736 1077 2940 1154 μᾶλλον
2981 1080 3366 1157 ὑποπτήξωμεν
3407 1081 3505 1148 τὴν
3559 1077 3726 1157 μέχρι
3783 1080 3868 1130 νῦν

2213 1163 2410 1231 ταύτης
2466 1165 2743 1244 ἀθέτησιν,
2791 1171 2869 1244 μὴ
2911 1172 3000 1228 καὶ
3055 1171 3215 1249 λόγον
3256 1169 3485 1250 ἔσχατον
3538 1167 3868 1245 ὑπόσχωμεν

2218 1253 2376 1334 χάριν
2433 1257 2619 1328 αὐτῆς,
2657 1257 2711 1314 ὲν
2753 1266 2823 1336 τῇ
2861 1259 3036 1340 ἡμέρᾳ
3061 1259 3264 1329 δηλαδὴ
3294 1265 3394 1327 τῆς
3436 1253 3864 1316 ἀνταποδόσεως.

2224 1340 2398 1400 Καλὸν
2453 1342 2741 1420 ὀρθοδοξίας
2823 1351 2988 1425 ἡμᾶς,
3065 1349 3142 1426 μὴ
3213 1350 3510 1421 συνηθείας,
3567 1344 3870 1424 ἑξέχεσθαι.

2224 1430 2356 1488 Τότε
2412 1432 2523 1510 χρὴ
2566 1449 2784 1512 κρατεῖν
2825 1439 2886 1495 τὸ
2943 1437 3058 1504 ἔθος
3110 1441 3168 1495 ἰν
3204 1442 3322 1500 τοῖς
3375 1435 3869 1502 ἑκκλησιαστικοῖς,

2220 1516 2308 1575 δτι
2352 1520 2430 1594 μὴ
2485 1525 2762 1589 κανονικὰς
2817 1529 3212 1606 παρατηρήσεις
3281 1525 3611 1602 λυμαίνεται,
3657 1520 3874 1576 καθώσ-

2220 1629 2319 1687 περ
2376 1609 2433 1666 ἒν
2488 1625 2607 1676 τοῖς
2683 1614 2983 1682 πολιτικοῖς
3048 1617 3353 1696 πράγμασιν
3427 1617 3514 1694 αὖ,
3583 1611 3712 1668 ὅταν
3784 1608 3875 1666 οὒκ

3255 1662 3459 1762 ἒένίκα.
3467 1662 3548 1758 ⁷δὲ
3616 1699 3873 1764 πλείστην

469 1788 592 1850 lum
651 1787 826 1849 nobis
883 1796 1068 1864 creat,
1109 1796 1230 1848 tum
1290 1785 1482 1851 modis
1533 1785 1808 1848 omnibus
1864 1784 2010 1874 illud
2071 1782 2134 1845 ιιι

2229 1788 2290 1874 εἷς
2335 1788 2426 1843 τὸν
2481 1788 2602 1846 κατ’
2660 1792 2928 1851 εὐσέϐειαν
2978 1792 3136 1872 λόγον
3191 1794 3540 1874 ἀπεργάζεται
3590 1791 3690 1858 τὴν
3739 1785 3875 1865 βλάσ-

467 1876 824 1940 insidiosum
906 1883 970 1937 et
1028 1875 1334 1938 inimicum
1394 1875 1592 1937 animo
1647 1873 1990 1954 fugiendum
2023 1880 2134 1937 est.

469 1964 691 2038 Quodsi
720 1965 780 2026 in
810 1963 978 2026 vobis
1010 1973 1233 2027 metum
1267 1964 1608 2044 concipitis,
1668 1971 1726 2025 et
1755 1982 1908 2043 aegre
1940 1969 2138 2023 mente

472 2053 833 2134 consistitis,
868 2053 1023 2134 quod
1047 2070 1312 2135 praesens
1343 2053 1456 2115 hoc
1483 2053 1699 2132 dogma
1730 2055 1787 2112 in
1805 2070 1972 2113 sacro
2001 2048 2140 2112 ﬁdei

471 2142 749 2224 Symbolo
781 2161 897 2203 non
957 2142 1475 2222 deprehendatur,
1514 2159 1617 2222 par
1644 2149 1762 2215 est,
1818 2159 1921 2202 vos
1950 2158 2139 2218 agno-

473 2248 666 2312 scere,
727 2231 913 2292 multa
973 2231 1089 2292 alia
1143 2230 1486 2293 necessaria
1561 2229 1968 2292 venerandum
2028 2229 2143 2291 hoc

475 2318 820 2402 Symbolum
874 2319 1038 2382 nullo
1089 2319 1268 2381 modo
1324 2319 1633 2380 continere
1683 2337 1816 2380 cum
1851 2327 2146 2399 nequeant

475 2409 676 2471 omnia
726 2417 785 2470 et
858 2408 1093 2488 singula
1160 2407 1496 2470 minutatim
1557 2425 1676 2469 una
1741 2408 2143 2469 tantummodo

477 2496 870 2578 expositione,
901 2505 961 2558 et
1011 2496 1357 2558 tantundem
1418 2504 1721 2558 contracta
1770 2506 1946 2577 atque
1974 2515 2140 2578 com-_

476 2576 767 2667 pendiosa
821 2585 1139 2663 concludi;
1175 2603 1372 2666 neque
1425 2593 1740 2666 propterea
1770 2576 1876 2646 nos
1923 2585 2024 2646 illa
2051 2576 2142 2647 vel

478 2673 907 2755 improbamus,
942 2674 1032 2736 vel
1058 2675 1231 2754 longe
1253 2693 1288 2736 a
1317 2673 1490 2735 nobis
1516 2673 1820 2753 pellimus,
1845 2674 1988 2755 quin
2021 2674 2140 2735 imo

481 2781 551 2826 ea
581 2770 702 2825 tuto
735 2771 1028 2838 tenemus,
1055 2771 1114 2826 et
1144 2781 1360 2824 sonora
1383 2782 1528 2826 voce
1553 2763 1970 2844 praedicamus.
1987 2763 2058 2825 Et
2081 2769 2142 2824 ut

483 2852 668 2914 multa
697 2852 934 2914 silentio
962 2859 1341 2934 praeteream,
1371 2853 1552 2914 unius
1581 2853 1671 2914 vel
1703 2851 1944 2914 alterius
1977 2871 2142 2914 men-

481 2941 707 3003 tionem
729 2941 1104 3004 solummodo
1126 2941 1362 3024 faciam,
1395 2960 1644 3022 quorum
1671 2941 1997 3023 speculatio
2021 2960 2140 3003 non

2216 1873 2317 1942 δην
2375 1877 2536 1954 ἡμῖν,
2582 1885 2872 1947 τηνικαῦτα
2932 1882 3016 1940 δεῖ
3071 1882 3304 1959 μάλιστα
3370 1882 3578 1960 φεύγειν
3631 1881 3711 1940 ὡς
3768 1875 3878 1931 επί-

2219 1962 2406 2051 ϐουλον
2464 1977 2620 2026 τοῦτο
2676 1975 2775 2038 τῆς
2833 1975 3018 2051 ψυχῆς
3075 1974 3169 2029 καὶ
3212 1971 3490 2047 πολέμιον,
3524 1970 3584 2026 El.
3628 1966 3687 2023 δὲ
3745 1964 3877 2021 κατὰ

2221 2059 2341 2110 νοῦν
2385 2049 2674 2131 δεδοίκατε,
2719 2060 2808 2115 καὶ
2862 2049 3020 2117 πτοία
3064 2083 3144 2124 τις
3212 2059 3495 2138 ὑποτρέχει
3550 2057 3642 2112 τὸν
3687 2053 3877 2122 ﬂuite-

2222 2163 2312 2220 ρον
2368 2140 2648 2226 λογισμὸν,
2696 2146 2777 2203 ὅτι
2820 2149 2880 2204 τὸ
2909 2149 3077 2227 παρὸν
3126 2149 3222 2206 οὐκ
3263 2144 3705 2226 ἐμπεριείληπται
3750 2140 3876 2218 δότ’

2223 2251 2299 2306 μα
2343 2238 2419 2306 τῷ
2476 2235 2602 2312 ιερῷ
2657 2234 2921 2312 Συμϐόλῳ
2967 2238 3064 2306 τῆς
3119 2238 3370 2309 πίστεως,
3417 2235 3556 2298 είκός
3598 2232 3877 2309 γινώσκειν

2223 2320 2394 2395 ἡμᾶς,
2425 2322 2499 2386 ὡς
2531 2324 2619 2381 καί
2677 2324 2827 2404 ἔτερα
2869 2333 2976 2382 τῶν
3035 2326 3334 2404 ἀναγκαίων
3387 2323 3558 2381 πολλὰ
3590 2325 3653 2379 τὸ
3711 2329 3877 2378 τοιοῦ-

2225 2429 2317 2463 τον
2359 2408 2611 2482 οῦμενουν
2695 2413 2934 2491 οωαμῶς
3009 2415 3251 2495 περιέχει
3327 2415 3517 2471 σεπτδν
3576 2408 3875 2484 Σύμϐολον,

2224 2495 2338 2553 ἐπεὶ
2387 2497 2524 2572 μηδὲ
2582 2502 2702 2559 οἶόν
2759 2525 2816 2559 τε
2869 2504 2934 2561 τὰ
2988 2504 3158 2561 πάντα
3204 2504 3341 2559 κατᾶ
3385 2501 3579 2559 λεπτὸν
3606 2501 3709 2568 τῆς
3740 2499 3878 2554 εὐσεο

2223 2583 2367 2652 ϐείας
2426 2589 2736 2652 περιλαϐεῖν
2794 2595 2868 2656 είς
2912 2591 3114 2650 ἔκθεσιν
3159 2595 3280 2668 μίαν
3349 2593 3488 2666 τινὰ,
3533 2591 3621 2647 καὶ
3680 2586 3879 2663 μᾶλλον

2225 2674 2415 2733 οὐτωσὶ
2471 2681 2900 2759 συνεπτύγμένην
2957 2684 3044 2738 καὶ
3101 2682 3390 2757 σύνκτομον
3423 2697 3437 2710 ·
3485 2681 3545 2736 οὐ
3599 2677 3688 2734 διὰ
3731 2683 3878 2732 τοῦτο

2223 2761 2269 2818 δ’
2326 2767 2489 2842 ἡμεῖς
2548 2768 2830 2844 ἀθετοῦμεν
2873 2776 2962 2828 και
3013 2769 3383 2844 ἀποϐάλλομεν
3430 2771 3592 2825 ταῦτα
3651 2766 3876 2842 μακρὰν,

2223 2849 2359 2912 ἀλλὰ
2411 2877 2471 2934 γε
2530 2859 2618 2914 καὶ
2673 2857 3029 2936 πρεσϐεύομεν
3082 2858 3358 2939 ἀσφαλῶς,
3419 2858 3508 2914 καὶ
3563 2854 3878 2927 διαπρυσίως

2223 2943 2574 3020 κτιρύττομεν.
2639 2948 2737 3005 Καὶ
2779 2947 2873 3005 ἵνα
2915 2949 2980 3007 τὰ
3024 2946 3198 3005 πολλὰ
3249 2947 3518 3028 παρεάσας
3580 2946 3702 3010 ἑνὸς
3745 2965 3880 3006 τινος

481 3029 659 3108 longe
715 3030 788 3093 ab
838 3030 954 3094 hoc
1009 3040 1210 3092 nostro
1265 3031 1538 3108 dogmate
1594 3028 1808 3092 aberit.
1863 3030 2146 3111 Spiritum

2234 3030 2270 3098 ἢ
2327 3029 2416 3090 δύο
2460 3039 2704 3110 μνησθῶ,
2753 3038 2840 3094 καὶ
2894 3037 3093 3094 τούτων
3155 3038 3320 3094 αὐτῶν
3388 3033 3764 3115 θεωρουμένων
3797 3039 3883 3088 τοῦ

487 3127 760 3182 sanctum
793 3122 982 3184 Deum
1005 3138 1137 3182 esse
1167 3119 1227 3181 in
1253 3120 1366 3182 hoc
1387 3119 1671 3200 Symbolo
1703 3120 1840 3182 ﬁdei
1863 3138 2150 3200 nusquam

483 3217 751 3291 apparet,
809 3227 1002 3290 neque
1071 3209 1232 3272 Patri
1282 3218 1341 3270 et
1389 3209 1542 3272 Filio
1601 3209 1800 3271 verbis
1856 3209 2152 3290 expressis

479 3298 1048 3362 consubstantialem
1083 3315 1240 3379 esse,
1301 3296 1446 3358 licet
1483 3297 1764 3360 editionis
1793 3297 1954 3360 illius
1995 3305 2150 3358 tem-

484 3410 628 3474 pore
682 3391 811 3471 ejus
843 3389 1118 3451 divinitas
1149 3389 1211 3451 in
1270 3391 1736 3453 controversiam
1767 3409 1938 3453 versa
1967 3395 2144 3449 esset.

488 3479 889 3544 Nihilominus
943 3486 1002 3539 et
1031 3477 1216 3539 Deum
1277 3478 1376 3540 ille
1407 3499 1540 3541 esse
1587 3498 1696 3541 nos
1729 3479 1919 3559 palam
1969 3494 2148 3558 aper-

485 3575 664 3651 teque
695 3567 1072 3640 conﬁtemur,
1108 3573 1166 3628 et
1198 3568 1352 3628 Patri
1378 3568 1646 3648 Filioque
1678 3566 2150 3630 consubstantia-

483 3656 602 3721 lem
628 3675 762 3719 esse
809 3656 1159 3736 recipimus,
1193 3675 1388 3736 neque
1417 3658 1574 3739 apud
1622 3657 1947 3736 prudentia:
1976 3655 2149 3718 laude

484 3744 936 3809 commendatos
960 3761 1177 3806 novum
1201 3745 1507 3827 quippiam
1526 3746 1586 3807 in
1617 3746 1756 3807 ﬁdei
1782 3744 2159 3824 dogmatibus

485 3843 748 3898 tentasse
779 3833 1211 3896 existimamur.
1246 3833 1503 3914 Spiritus
1533 3842 1778 3896 sanctus
1831 3853 2061 3914 rursus,
2095 3840 2160 3896 ut

487 3922 812 4004 proximius
836 3940 1107 4003 scopum,
1141 3922 1241 4004 qui
1276 3922 1448 3984 nobis
1472 3931 1561 3984 est
1595 3924 1956 4004 propositus,
1985 3923 2158 3984 attin-

483 4029 638 4092 gam,
673 4029 867 4093 neque
901 4011 958 4072 in
1009 4011 1122 4072 hoc
1153 4010 1364 4072 eodem
1402 4011 1539 4073 ﬁdei
1587 4011 1866 4092 Symbolo
1899 4011 2155 4094 Spiritus

483 4099 748 4162 veritatis
814 4099 1059 4173 dicitur,
1112 4113 1171 4161 et
1215 4110 1411 4163 tamen
1464 4119 1641 4163 nemo
1701 4120 1948 4182 usquam
2005 4102 2154 4164 adeo

484 4189 861 4270 temerarius,
893 4197 1170 4270 tantaque
1197 4189 1446 4252 affectus
1474 4189 1837 4254 conﬁdentia
1865 4191 2062 4264 fuertt,
2091 4200 2155 4254 ut

2233 3121 2490 3200 παρόντος
2541 3123 2698 3202 ἐγγὺς
2757 3123 3045 3205 δόγματος,
3099 3127 3161 3182 τὸ
3221 3127 3437 3200 Πνεῦμα
3491 3125 3554 3179 τὸ
3621 3121 3776 3202 ἅγιον
3827 3120 3882 3175 ὠ

2232 3223 2409 3268 κεῖται
2465 3214 2594 3278 Θεὸς
2639 3215 2778 3271 κατά
2835 3217 2895 3271 τὸ
2949 3212 3224 3290 Σύμϐολον
3278 3222 3432 3271 τοῦτο
3473 3218 3571 3280 τῆς
3631 3217 3879 3283 πίστεως,

2233 3297 2348 3356 οὐδὲ
2405 3299 2483 3375 τῷ
2541 3305 2704 3381 Πατρὶ
2758 3304 2846 3360 καὶ
2915 3307 2992 3378 τῷ
3063 3306 3168 3376 mp
3207 3303 3338 3381 πρὸς
3390 3301 3518 3364 ἔπος
3569 3301 3657 3357 καὶ
3716 3298 3883 3378 ῥητῶς

2231 3390 2536 3464 ὁμοούσιον,
2580 3393 2668 3449 καὶ
2737 3399 2900 3450 ταῦτα
2955 3391 3074 3449 κατ’
3133 3393 3288 3449 αὐτὸν
3349 3391 3438 3447 τὸν
3490 3395 3589 3456 τῆς
3633 3389 3880 3450 ἐκθέσεως

2229 3484 2322 3535 τοῦ
2385 3481 2622 3540 τοιούτου
2677 3483 2884 3559 καιρὸν,
2957 3485 3056 3548 τῆς
3119 3481 3296 3543 οὐσίας
3340 3483 3497 3538 αὐτοῦ
3537 3477 3886 3556 λογοπραγη-

2229 3568 2408 3634 θείσης
2466 3571 2554 3626 καὶ
2594 3575 2691 3637 τῆς
2759 3569 3034 3636 θεότητος.
3097 3569 3284 3643 Ὅμως
3327 3570 3413 3624 καὶ
3453 3569 3582 3624 Θεὸν
3631 3567 3888 3646 ὑπάρχειν

2231 3655 2596 3735 ὁμολογοῦμεν
2643 3659 2809 3734 ἡμεῖς
2883 3665 3037 3716 τοῦτο
3077 3663 3306 3730 τρανῶς,
3343 3657 3434 3712 καὶ
3477 3656 3764 3731 ὁμουύσιον
3817 3658 3889 3725 τῷ

2239 3747 2401 3824 Πατρὶ
2459 3747 2649 3822 καὶτῷ
2692 3751 2798 3822 1⁸ἱῷ
2857 3745 3316 3826 καταγγέλλομεν,
3361 3747 3450 3800 καὶ
3479 3749 3537 3803 οὐ
3564 3741 3741 3814 δήπου
3769 3765 3886 3800 και-

2240 3837 2488 3910 νοτομεῖν
2540 3837 2683 3915 παρὰ
2733 3850 2852 3898 τοῖς
2899 3843 3173 3916 φρονοῦσιν
3223 3836 3384 3907 ὀρθῶς
3427 3833 3526 3900 τὴν
3569 3830 3690 3889 κατ’
3743 3830 3889 3891 εὐσέ-

2237 3919 2382 3978 ϐειαν
2437 3926 2610 3980 πίστιν
2695 3923 2940 3999 οὐδαμῶς
3012 3924 3355 3999 νομιζόμεθα.
3431 3923 3502 3980 Τὸ
3566 3928 3781 3996 Πνεῦμα
3835 3919 3892 3975 τὸ

2237 4010 2386 4089 ἅγιον
2441 4013 2605 4086 αὖθις,
2665 4015 2739 4077 ὡς
2798 4014 2859 4071 ἂν
2945 4013 3107 4094 φαίην
3165 4011 3542 4087 πλησιαίτερον
3597 4018 3696 4067 τοῦ
3762 4009 3892 4066 κατὰ

2236 4101 2460 4174 σκοπὸν,
2505 4099 2620 4158 οὐδὲ
2675 4108 2887 4177 Πνεῦμα
2947 4100 3158 4178 λέγεται
3229 4105 3328 4167 τῆς
3402 4099 3651 4166 ἀληθείας
3714 4099 3769 4154 ἐν
3822 4103 3892 4171 τῷ

2237 4190 2377 4264 αὐτῷ
2420 4187 2681 4264 Συμϐόλῳ
2710 4195 2808 4256 τῆς
2861 4192 3088 4254 πίστεως
3128 4204 3142 4218 ⁸
3189 4187 3332 4256 πλὴν
3361 4193 3464 4244 τῶν
3509 4186 3761 4243 ἁπάντων
3803 4187 3889 4243 οὐ-

484 4278 886 4358 evangelicam
943 4279 1266 4340 Salvatoris
1299 4297 1504 4340 vocem
1563 4299 1681 4341 non
1739 4281 2146 4360 amplectatur.

2243 4277 2346 4342 δεὶς
2398 4278 2534 4336 οὕτω
2589 4279 2910 4346 καθέστηκεν
2968 4277 3194 4345 αὐθάδης
3225 4279 3313 4335 καὶ
3340 4275 3631 4355 τολμηρὸς,
3682 4277 3756 4339 ὡς
3799 4275 3890 4340 τὴν

486 4366 736 4431 Silentio
796 4387 1036 4450 quoque
1091 4367 1346 4445 involvo,
1405 4387 1536 4450 qua:
1608 4368 1682 4430 de
1739 4368 2152 4430 incarnatione

483 4455 786 4536 Unigeniti
836 4475 944 4518 nos
1002 4456 1237 4538 pietatis
1294 4457 1554 4519 cultores
1610 4456 1809 4518 divina
1860 4465 1919 4518 et
1969 4476 2153 4520 vene-

484 4546 672 4608 randa
716 4545 992 4626 dogmata
1049 4547 1426 4627 proﬁtemur,
1493 4554 1550 4608 et
1606 4564 1728 4626 pra;
1781 4545 1914 4608 aliis
1972 4546 2159 4627 ipsam

483 4633 756 4716 Deiparaa
784 4653 1010 4710 vocem,
1048 4634 1152 4699 Dei
1177 4635 1382 4697 matris
1439 4635 1821 4715 appellationi
1851 4654 1969 4696 non
1999 4635 2163 4697 absi-

489 4723 716 4799 mitem,
769 4725 942 4806 cujus
971 4723 1159 4804 gratia
1204 4735 1260 4785 ct
1300 4724 1403 4805 qui
1434 4723 1809 4805 postmodum
1864 4724 2160 4805 praeluxe—

489 4820 627 4875 runt
657 4813 846 4876 sancti
904 4815 1117 4876 Patres
1152 4815 1342 4876 nostri
1396 4813 1805 4875 deﬁnitionem
1837 4814 2163 4894 particula-

487 4920 615 4965 rem
641 4901 822 4965 edere
847 4903 1040 4967 coacti
1064 4911 1224 4978 sunt,
1257 4910 1312 4964 et
1336 4921 1465 4965 eam
1492 4902 1553 4962 in
1575 4900 1839 4964 Ecclesia
1861 4902 1995 4965 cani
2017 4922 2162 4964 con-

488 4991 837 5054 stituerunt.
874 4993 971 5056 Uti
1031 4992 1211 5072 igitur
1239 4991 1364 5053 haac
1399 4991 1602 5053 omnia
1657 4990 2070 5070 amplectimur
2101 5003 2159 5053 et

487 5081 862 5156 conﬁtemur,
943 5081 1086 5144 licet
1165 5099 1457 5161 nusquam
1516 5079 1576 5140 in
1630 5081 1967 5142 venerando
2022 5072 2162 5142 ﬁdei

488 5167 768 5252 Symbolo
825 5170 1174 5246 habeantur,
1245 5169 1371 5251 pari
1403 5169 1580 5231 modo
1609 5177 1665 5230 et
1701 5166 1985 5248 Spiritum
2016 5189 2158 5232 san-

486 5267 644 5321 ctum
707 5259 1114 5322 exsistentiam
1145 5258 1366 5322 habere
1398 5258 1574 5321 etiam
1609 5276 1680 5319 ex
1730 5256 1881 5320 Filio
1914 5277 2159 5339 prorsus

487 5347 561 5410 ab
595 5349 874 5412 omnibus
933 5350 1312 5413 sentiendum
1347 5355 1456 5425 est,
1493 5356 1550 5410 et
1581 5347 1629 5408 si
1690 5345 1854 5408 nullo
1888 5348 2065 5410 modo
2095 5347 2155 5408 in

488 5455 560 5499 eo
591 5439 1166 5518 comprehendatur,
1220 5438 1377 5522 quod
1407 5437 1726 5518 perspicue
1756 5435 1828 5496 ab
1879 5436 2157 5506 omnibus

488 5524 713 5606 Spiritu
771 5527 982 5589 atﬂatis
1033 5529 1302 5591 Patribus
1351 5545 1466 5590 uno
1501 5545 1605 5589 ore
1663 5525 1971 5588 decretum
2024 5533 2150 5589 est:

504 5613 752 5696 lludque
782 5615 932 5678 locis
978 5615 1039 5678 in
1071 5618 1348 5680 omnibus
1385 5615 1826 5697 praedicandum
1863 5623 1974 5691 est,
2031 5633 2152 5678 tum

2239 4369 2294 4424 ἒν
2347 4366 2688 4446 Εὐαγγελίοις
2744 4369 2923 4448 φωνὴν
2979 4375 3073 4424 τοῦ
3143 4369 3392 4446 Σωτῆρος
3438 4367 3514 4440 μὴ
3587 4363 3890 4443 παραδέχε-

2240 4459 2381 4519 σθαι.
2418 4457 2514 4514 Καὶ
2569 4456 2920 4534 παραπλείπω
2977 4453 3041 4524 δὴ
3079 4457 3145 4513 τὰ
3185 4455 3322 4512 κατὰ
3373 4456 3471 4522 τὴν
3503 4453 3892 4532 ἒνανθρώπησιν

2243 4547 2336 4602 τοῦ
2407 4552 2735 4624 Μονογενοῦς
2792 4543 3185 4625 πρεσϐευόμενα
3253 4557 3368 4607 τοῖς
3443 4540 3710 4599 εὐσεϐέσιν
3766 4541 3893 4616 ἡμῖν

2244 4637 2364 4690 θετα
2419 4635 2508 4691 καὶ
2565 4635 2733 4693 σεπτα
2789 4632 3053 4713 δόγματα,
3099 4634 3187 4690 καὶ
3214 4634 3344 4710 πρὸς
3376 4632 3579 4694 τούτοις
3611 4631 3779 4697 αὐτὴν
3805 4630 3897 4694 τὴν

2248 4723 2503 4786 Θεοτόκος
2546 4725 2752 4804 φωνήν,
2784 4723 2882 4789 τὴν
2932 4721 3268 4789 κατάλληλον
3310 4719 3500 4788 κλῆσιν
3531 4725 3626 4786 τῆς
3687 4719 3897 4792 Θεομή-

2245 4835 2422 4890 τορος,
2512 4812 2578 4879 ἧς
2636 4811 2796 4892 χάριν
2854 4809 3039 4878 ἐδέησε
3112 4811 3202 4867 καὶ
3270 4821 3386 4874 τοῖς
3456 4807 3897 4885 μεταγενέστερον

2245 4901 2580 4978 ἐκλάμψασιν
2637 4902 2801 4978 ἱεροῖς
2846 4900 3110 4980 Πατράσιν
3165 4901 3318 4972 ἡμῶν
3377 4896 3496 4975 ὅρον
3541 4895 3680 4954 ἴδιον
3724 4895 3898 4952 ἐκθεῖ-

2245 5014 2350 5064 ναι,
2409 4991 2500 5046 τὸν
2554 4987 2608 5045 δὲ
2666 4987 2960 5065 ψάλλεσθαι
2992 4991 3079 5044 καὶ
3121 4989 3276 5045 αὐτὸν
3321 4987 3408 5043 ἐπ’
3459 4984 3747 5052 ἐκκλησίας
3793 5007 3898 5041 πα-

2241 5078 2626 5158 ραδεδώκασιν.
2695 5069 2787 5143 Ὦς
2844 5085 3009 5134 ταῦτα
3083 5079 3205 5156 γοῦν
3261 5077 3432 5132 πάντα
3488 5075 3780 5154 στέργομεν
3821 5073 3903 5129 καὶ

2242 5168 2607 5246 ὁμολογοῦμεν
2665 5169 2829 5243 ἡμεῖς
2908 5163 3159 5242 μηδόλως
3230 5165 3510 5246 ἑγγείμᾼενα
3579 5171 3656 5238 τῷ
3731 5168 3906 5236 σεπτῷ

2243 5257 2504 5334 Συμϐόλῳ
2546 5263 2646 5325 τῆς
2703 5257 2956 5332 πίστεως,
3033 5253 3170 5312 οὕτω
3223 5255 3310 5311 καὶ
3351 5237 3423 5310 τὸ⁶
3471 5253 3569 5320 τὴν
3599 5251 3816 5332 ὕπαρξιν
3847 5253 3906 5306 τὸ

2241 5353 2452 5422 Πνεῦμα
2509 5347 2568 5402 τὸ
2626 5345 2779 5424 ἅγιον
2821 5343 2972 5424 ἔχειν
3015 5344 3119 5401 κάκ
3161 5351 3252 5400 τοὺ
3305 5343 3425 5400 Υἱοῦ
3454 5340 3654 5399 δίκαιον
3691 5354 3904 5421 φρονεῖν

2238 5435 2462 5512 πάντας,
2523 5437 2566 5492 εἰ
2624 5437 2711 5490 καὶ
2755 5432 3019 5511 μηδαμῶς
3050 5433 3104 5489 ἐν
3165 5434 3336 5508 τούτῳ
3406 5429 3898 5510 παραλαμϐαίνεται,

2241 5528 2417 5582 καθότι
2473 5519 2874 5602 δεδογμοίτισται
2959 5525 3197 5600 καθαρῶς
3289 5522 3429 5602 παρὰ
3498 5519 3716 5576 πάντων
3767 5521 3907 5595 ὁμοῦ

2235 5619 2342 5672 τῶν
2398 5620 2490 5671 τοῦ
2554 5613 2858 5690 Πνεύματος
2895 5628 2910 5644 ⁸
2981 5609 3057 5667 ἔτι
3127 5611 3214 5668 καὶ
3282 5615 3562 5689 πανταχοῦ
3617 5609 3896 5688 κηρύττειν
