4184 6300
282 388 308 450 1
321 389 440 457 269

1187 399 1286 464 DE
1328 398 1832 465 PROCESSIONE
1875 393 2339 458 S.-SPIRITUS
2379 395 2604 460 ORAT.
2651 393 2738 456 II.

3508 390 3530 452 1
3542 381 3663 452 270

280 530 432 588 αὐτὸ
473 533 743 610 προσῆκον
837 534 973 616 ἐστι,
1069 537 1168 593 κάν
1250 550 1367 604 τοῖς
1436 538 1567 618 πρὸς
1639 535 1922 607 ἀλλήλους,

2011 526 2069 588 in
2130 530 2346 591 mutuis
2392 527 2728 610 colloquiis,
2777 525 2992 588 tumin
3021 519 3649 618 commentariis,'non

282 621 440 697 φημὶ,
503 619 710 703 λόγοις,
793 625 890 682 κάν
985 638 1098 690 τοῖς
1169 628 1590 707 συγγράμμασιν,
1679 629 1738 683 οὖ
1819 625 1925 700 μὴν

280 713 629 786 προστεθῆναι
684 714 820 770 κατᾶ
899 714 997 782 τὴν
1055 716 1304 773 ὒπόνοιαν
1358 711 1454 784 τὴν
1504 739 1659 773 τινων
1727 715 1782 771 ἐν
1849 720 1926 787 τῷ

281 795 541 863 πολλάκις
596 800 802 878 ῥηθέντι
847 825 937 878 μοι
1021 801 1280 879 Συμεόλῳ
1335 806 1436 872 τῆς
1492 805 1742 872 πίστεως,
1815 801 1926 859 ἐπεὶ

282 886 371 942 καὶ
413 893 519 942 τῶν
577 891 741 968 ἁγίων
815 895 860 950 οἱ
933 892 1170 957 πλείονες
1210 894 1316 951 τῶν
1367 892 1802 972 θεολογησάντων
1864 893 1925 948 τὸ

283 976 476 1032 σεπτὸν
518 976 688 1057 δόγμα
729 984 894 1062 τουτὶ,
926 985 1013 1040 καὶ
1065 981 1359 1058 Σύμϐολον,
1397 982 1559 1049 οὕτως
1589 985 1662 1048 ὡς
1692 980 1810 1039 κατ’
1838 983 1932 1052 ἀρ-

286 1065 393 1144 χὰς
451 1069 718 1151 συνετέθη,
795 1075 883 1129 καὶ
953 1083 1040 1134 νῦν
1071 1104 1075 1109 -
1109 1077 1252 1138 αὖθις
1320 1072 1485 1149 ἐστιν,
1556 1071 1926 1151 ἀνεγίνωσκον,

2011 623 2205 680 tamen
2233 620 2293 680 in
2323 619 2538 699 saepius
2557 637 2591 678 a
2621 635 2717 679 me
2745 622 3208 678 commemorato
3240 611 3380 674 ﬁdei
3403 610 3650 692 Symbo-

2008 705 2063 766 lo
2095 709 2535 788 apponendum,
2570 724 2703 767 cum
2764 721 2896 785 pars
2940 710 3278 765 sanctorum
3317 701 3530 782 potior,
3557 699 3658 780 qui

2006 796 2408 858 venerandum
2443 798 2556 858 hoc
2616 795 2829 872 dogma
2878 789 3357 872 pronuntiarunt,
3407 787 3654 870 Symbo-

2009 881 2131 944 lum
2161 892 2224 945 ut
2252 884 2325 946 ab
2347 884 2514 946 initio
2547 884 2966 945 concinnatum
2998 888 3109 953 est,
3167 887 3226 941 et
3254 898 3414 940 nunc
3447 895 3659 940 rursus

2011 982 2100 1035 est
2127 975 2472 1048 recitarunt;
2505 972 2653 1036 nihil
2683 971 2770 1033 illi
2803 970 2952 1032 ultra
2988 969 3501 1049 addentes,neque
3532 967 3662 1029 vice

2013 1080 2178 1123 versa
2200 1063 2520 1144 quidquam
2572 1061 2902 1122 dementes.
2948 1057 3072 1120 Hoc
3121 1057 3299 1119 etiam
3351 1073 3460 1116 nos
3494 1053 3658 1144 nulla

288 1154 426 1226 μήτε
467 1179 517 1212 τι
559 1143 868 1237 προσθέντες
922 1161 1164 1219 ὶπέκεινα
1205 1143 1489 1238 μηδαμῶς,
1537 1143 1675 1237 μηδέ
1717 1162 1778 1217 τὸ
1819 1143 1927 1238 παέ

2013 1151 2221 1213 vocula
2249 1143 2628 1213 immutatum
2661 1164 3104 1238 cons_ervamus_,
3133 1153 3212 1220 et,
3239 1153 3303 1206 ut
3332 1144 3420 1206 illi
3442 1143 3653 1206 edide-

286 1241 457 1319 Ράπαν
514 1233 681 1322 μηδὲν
732 1249 1067 1331 ὑφελόμενοι.
1129 1233 1294 1311 Τοῧτο
1354 1233 1484 1308 ’καί
1517 1233 1676 1326 ἧμετς
1718 1233 1927 1326 ἀπαραέ

2015 1249 2174 1314 runt,
2199 1249 2482 1321 perpetuo
2511 1233 3234 1300 conservabimus.Divina
3267 1240 3464 1294 mente
3497 1248 3656 1312 prae-

287 1333 506 1400 ποίητον
548 1322 835 1419 τηροῦμεν,
897 1322 985 1397 καὶ
1039 1342 1345 1419 τηρήσομεν
1401 1337 1518 1397 κατ’
1553 1322 1802 1404 *ἐκείνους
1833 1322 1927 1400 ’διὰ

2015 1329 2171 1390 ditus
2193 1338 2252 1390 et
2280 1346 2313 1392 a
2337 1329 2458 1391 Deo
2490 1327 2734 1419 edoctus
2765 1324 2862 1386 bic
2892 1331 3093 1419 noster
3122 1322 3446 1419 imperator
3477 1338 3660 1419 spon-

292 1424 508 1488 παντός.
557 1415 615 1484 Ὀ
644 1426 876 1508 θεόφρων
945 1427 1120 1486 οὗτοσὶ
1173 1431 1263 1486 καὶ
1308 1430 1558 1509 θεόσοφος
1617 1431 1772 1504 ἡμῶν
1828 1428 1927 1484 αὒ-

2013 1436 2113 1480 sor
2141 1419 2405 1498 locuples
2434 1417 2631 1478 fuerit.
2664 1413 2858 1486 Quare
2901 1412 3012 1472 etsi
3072 1409 3346 1471 nonnulli
3392 1429 3464 1470 ex
3490 1407 3659 1469 vobis

285 1512 552 1593 τοκράτωρ
606 1496 872 1596 ἐγγυητὴς
925 1515 1235 1599 ἀξιόχρεως.
1301 1496 1497 1590 υΩστεΙ,
1533 1519 1622 1574 καὶ
1659 1496 1731 1573 ἐἴ
1787 1539 1926 1581 τινες

2011 1506 2233 1587 aliquid
2263 1496 2378 1569 tale
2409 1525 2525 1567 non
2556 1504 2819 1582 ingenue
2866 1498 3276 1580 suspicamini,
3316 1497 3411 1558 bis
3440 1496 3658 1558 auditis

282 1601 388 1657 τῶν
430 1605 641 1663 πάτνων
698 1606 816 1665 ἐστὲ
884 1611 1120 1666 τοιοῦτον
1187 1629 1239 1665 τι
1280 1614 1459 1674 κακῶς
1517 1609 1921 1674 ὑποπτεύοντες,

2011 1584 2168 1656 recte
2199 1614 2354 1657 nunc
2386 1595 2686 1655 veritatem
2719 1588 3029 1652 addiscite.
3065 1587 3216 1648 Hinc
3247 1587 3424 1648 etiam
3474 1584 3656 1674 dissi-

281 1691 480 1748 τούτων
522 1694 906 1774 ἀκροάσαμενοι
968 1700 1029 1754 τὸ
1111 1699 1279 1778 παρὸν
1340 1699 1667 1772 μεταμάθετε
1748 1673 1926 1761 καλῶς

2011 1685 2108 1747 dio
2155 1704 2223 1745 ac
2267 1684 2639 1747 dissensione
2699 1677 3006 1741 exstinctis
3062 1686 3122 1738 et
3178 1673 3660 1736 contentionibus

277 1779 380 1874 την
425 1762 693 1854 ἀλήθειαν.
779 1786 1050 1847 ’Δντεῦθεν
1099 1762 1200 1845 καὶι
1249 1788 1346 1854 τὴν
1397 1762 1664 1848 διάστασιν
1720 1784 1925 1843 ἀποϐα-

2011 1774 2286 1854 sepositis
2309 1773 2628 1854 perfectam
2660 1767 2968 1830 nobiscum
2997 1783 3200 1845 pacem
3231 1762 3660 1842 componite,et

279 1865 488 1951 λόντες,
559 1875 646 1931 καὶ
731 1876 1045 1952 ἀποθέμενοι
1126 1879 1188 1934 τὸ
1268 1875 1560 1956 διχονοεῖν,
1626 1876 1926 1932 ἀσπάσασθε

2011 1852 2391 1924 concordiam
2421 1861 2611 1922 amico
2642 1865 2880 1939 pectore
2910 1852 3445 1934 suscipite.0mnes
3475 1870 3661 1930 gene-

278 1940 497 2026 τελείως
555 1963 651 2030 τὴν
694 1964 812 2040 μεθ’
851 1940 1005 2041 ἡμῶν
1056 1966 1269 2040 είρήνην
1317 1940 1405 2021 {cui
1460 1940 1560 2032 τὴᾷ
1590 1964 1927 2042 καταλλαγὴν

2013 1952 2218 2042 raliter
2245 1950 2552 2013 schismati
2573 1947 2878 2042 turbisque
2907 1944 2978 2042 ad
3011 1944 3124 2042 hoc
3155 1950 3389 2022 tempus
3434 1940 3659 2040 addicti

279 2046 692 2127 ὲνστερνίσασθε.
738 2029 937 2119 Πάντες
979 2029 1162 2117 ἁπλῶς
1223 2055 1270 2109 οἱ
1330 2053 1600 2117 τελοῦντες
1669 2063 1760 2112 τοῦ
1802 2029 1927 2132 cii-

2011 2041 2272 2102 animum
2295 2038 2712 2120 tranquillitate
2738 2031 2960 2132 oppleti
2990 2035 3049 2091 in
3079 2031 3340 2132 futurum
3374 2029 3653 2128 unimini.

279 2158 484 2212 σματος
544 2143 629 2196 καὶ
671 2144 769 2208 τῆς
826 2148 1071 2222 ταραχῆς
1117 2141 1279 2222 μέχρι
1324 2151 1418 2202 τοῦ
1446 2150 1532 2198 νῦν
1563 2117 1927 2222 γαλήνης

2011 2129 2093 2192 Ne
2121 2130 2182 2190 in
2218 2117 2818 2189 melius-immutatio
2873 2138 2974 2181 vos
3035 2121 3274 2200 pudeat,
3340 2137 3534 2198 neque
3593 2117 3656 2178 in

280 2229 464 2308 ψυχὰς
507 2228 869 2308 πληρωθέντες
951 2233 1088 2308 ἡμῖν
1145 2233 1206 2288 τὸ
1262 2233 1367 2288 ἀπὸ
1409 2230 1558 2288 τοῦδε
1611 2233 1926 2311 συνάφθητε.

279 2316 371 2383 Μὴ
429 2317 526 2385 τὴν
585 2321 659 2382 εἷς
715 2334 956 2398 κρεῖττον
1012 2325 1192 2384 ποσῶς
1236 2321 1553 2398 αἰσχυνθῆτε
1599 2318 1925 2399 μεταϐολὴν,

279 2403 419 2480 μηδὲ
460 2406 559 2472 τὴν
603 2410 673 2474 εἰς
730 2410 791 2465 τὸ
847 2407 1054 2486 βέλτιον
1135 2408 1428 2487 ἔντραπῆτε
1504 2410 1800 2484 μετάθεσιν.
1857 2411 1928 2468 Τὸ

277 2493 329 2550 ’ἐν
392 2496 648 2571 γενήθητε
693 2499 777 2555 καὶ
835 2499 964 2576 πρὸς
1023 2495 1286 2568 ἀλλήλους
1333 2499 1422 2554 καὶ
1453 2501 1583 2577 πρὸς
1612 2501 1782 2574 ἡμᾶς,
1813 2500 1930 2556 ὶπεὶ

276 2581 528 2663 διαφορὰν
585 2608 703 2642 τινα
759 2587 846 2642 καὶ
897 2585 1021 2666 παρ’
1078 2587 1206 2662 ὑμῖν
1267 2584 1524 2664 ἔγνωμεν.
1598 2597 1762 2647 Τοῦτο
1816 2591 1926 2663 νῦν,

2012 2219 2196 2298 magis
2256 2218 2482 2296 integra
2540 2212 2822 2276 transitus
2876 2215 3244 2298 perter‘reat:
3279 2207 3436 2268 inter
3465 2223 3570 2268 vos
3599 2214 3657 2268 et

2007 2295 2166 2369 inter
2196 2325 2302 2367 nos
2351 2295 2532 2366 unum
2589 2300 2718 2363 ﬁeri
2779 2315 2894 2361 non
2951 2295 3381 2376 dedignemini,
3427 2315 3561 2357 cum
3599 2305 3666 2357 et

2009 2397 2166 2458 inter
2186 2415 2287 2456 vos
2315 2392 2562 2456 dissidia
2590 2408 2696 2451 nos
2727 2406 2846 2448 non
2897 2385 3147 2465 fugiant.
3198 2387 3374 2446 Hunc
3404 2383 3467 2444 in
3498 2403 3655 2463 prae-

2011 2486 2165 2548 senti
2220 2485 2496 2558 fructum,
2551 2496 2756 2560 pacem
2827 2474 3077 2549 scilicet,
3160 2472 3322 2560 pacis
3396 2472 3656 2552 principi

2012 2575 2244 2637 Christo
2276 2559 2677 2650 date,quiisua
2708 2562 2972 2626 bonitate
2996 2560 3144 2650 jam_
3175 2559 3314 2650 olim
3366 2560 3662 2650 disjuncta

277 2646 391 2739 τὴν⁸
436 2646 672 2751 Ιεἰρήνην
752 2676 911 2755 φημὶ,
977 2646 1438 2755 Ικαρ’ίτοφορῆιστττδε
1507 2683 1584 2751 τῷ
1638 2646 1927 2756 εἴρηνάρχύ

2013 2666 2076 2726 in
2125 2681 2306 2725 unum
2362 2646 2669 2738 conjunxit
2715 2651 2998 2734 perfecte.
3053 2646 3216 2710 Nihil
3277 2648 3466 2748 magis
3508 2649 3664 2709 inter

280 2768 511 2839 Χριστῷ,
549 2769 624 2835 τῷ
667 2760 734 2819 δι’
777 2764 1078 2842 ἀγαθότητα
1133 2763 1298 2821 πάλαι
1355 2766 1642 2841 συνάψαντι
1685 2744 1760 2821 ’τά

2014 2751 2216 2815 omnia
2245 2750 2332 2813 illi
2365 2744 2782 2826 complacitum
2815 2748 2922 2815 est,
2957 2756 3134 2835 quam
3161 2744 3342 2834 mutio
3375 2755 3483 2797 nos
3514 2755 3664 2798 con-

277 2851 453 2906 στῶτα
523 2853 652 2930 πρὸς
738 2850 946 2914 ἕνωσιν,
1009 2855 1116 2910 Οὔκ
1175 2851 1343 2916 οὕτως
1406 2856 1564 2912 αὐτὸν
1646 2855 1927 2934 θεραπεῦόν

2014 2841 2234 2904 cordia:
2304 2836 2544 2934 vinculo.
2596 2837 2879 2931 perpetuo
2939 2825 3247 2934 colligari,
3305 2825 3491 2898 illam,
3521 2825 3664 2934 dum

276 2940 391 2994 ἔστι
435 2939 570 2995 τῶνν
615 2940 822 2996 πάντων
880 2939 1050 3020 οὒδὲν,
1095 2943 1167 3004 ὡς
1234 2943 1296 2998 τὸ
1354 2942 1470 3018 μετ’
1511 2914 1758 3013 ἀλλήλων
1788 2945 1927 3018 ἡμᾶς

2016 2949 2263 3011 corpore
2293 2928 2352 2988 in
2405 2923 2580 2986 terris
2609 2921 2785 2981 vitam
2816 2924 3039 3020 ageret,
3072 2914 3252 2974 veluti
3306 2932 3518 3020 munus
3547 2914 3663 2976 ali-

1035 3002 1050 3020 1
1155 3002 1162 3004 -
1354 3002 1364 3018 .
1639 3002 1649 3013 .
1811 3002 1837 3018 ..
1916 3002 1926 3007 -

279 3027 566 3104 εἰρηνεύειν
636 3027 909 3092 ἑκάστοτε,
968 3029 1176 3096 Ταύτην
1257 3032 1347 3087 καὶ
1411 3038 1730 3107 σωματικῶς
1801 3054 1927 3087 συν-

2016 3002 2171 3102 ῳιόίί
2203 3014 2486 3096 apostolis
2515 3020 2573 3074 et
2603 3005 3186 3107 discipulistemper
3211 3002 3572 3107 exhibebat,
3606 3012 3667 3064 et

277 3089 476 3194 διάγων
503 3118 590 3174 ὶπὶ
620 3123 721 3194 γῆς
752 3119 824 3182 ὡς
867 3089 1032 3197 δῶρον
1059 3141 1109 3175 τι
1134 3089 1406 3200 παρεῖχεν
1437 3089 1518 3178 dei
1545 3125 1662 3184 τοῖς
1697 3089 1927 3178 ἀπσστό-

2011 3089 2078 3177 ex
2112 3089 2364 3170 terrenis
2393 3117 2603 3164 rursus
2627 3091 3110 3200 avolans,iis'dem
3143 3090 3225 3200 uLti
3255 3089 3661 3153 haereditatem

379 3177 391 3194 I
635 3177 644 3194 I
680 3177 717 3184 "
810 3177 822 3182 '
942 3177 953 3197 ι
1220 3177 1230 3195 I
1309 3177 1349 3200 Λ.
1510 3177 1513 3178 ⁷
1564 3177 1567 3178 ⁷
1590 3177 1595 3178 ⁷
1622 3177 1625 3178 ⁷
1648 3177 1661 3184 ’
1786 3177 1789 3178 ⁷

279 3203 393 3269 λοις
438 3208 525 3262 καὶ
569 3211 838 3282 μαθηταῖς
868 3223 881 3237 ·
939 3208 1027 3264 καὶ
1067 3213 1174 3263 τῶν
1214 3207 1360 3264 κάτω
1388 3207 1664 3288 διατριϐῶν
1693 3209 1927 3288 ἀφιπτά-

2012 3195 2325 3283 quamdam
2359 3187 2761 3288 elargiebatur
2809 3191 2867 3244 et
2893 3177 3271 3288 relinquebat
3301 3195 3495 3277 :aqua
3540 3197 3659 3279 vos,

279 3315 459 3374 μενος,
509 3295 669 3352 πάλιν
740 3298 814 3360 ὡς
884 3294 944 3353 ἂν
999 3318 1117 3353 τιν-α
1165 3294 1364 3374 κλῆρον
1411 3269 1594 3363 αὑτοῖς
1653 3273 1814 3356 ἐδίδου
1844 3290 1927 3354 καὶ

2013 3269 2530 3360 fratres,exoro,in
2552 3277 2732 3338 ﬁnem
2751 3289 2935 3352 usque
2957 3287 3032 3330 ne
3053 3269 3506 3364 disjungamini,
3541 3269 3661 3330 imo

278 3381 690 3458 κατελίμπανεν.
747 3375 949 3464 Ἐσπερ
1026 3386 1189 3460 ἡμεῖς
1260 3383 1343 3445 διὰ
1413 3385 1621 3468 τέλους,
1693 3384 1929 3468 ἀδελφοὶ,

276 3473 624 3549 καθικετεύω,
705 3475 782 3548 μὴ
865 3474 1189 3540 ἀποσταίητε
1225 3493 1236 3504 ·
1308 3474 1512 3550 μᾶλλον
1574 3475 1931 3556 προσδράμετε

277 3562 414 3618 κατὰ
470 3561 640 3640 τάχος
696 3565 853 3643 αὖτῇ,
903 3566 992 3620 καὶ
1019 3564 1126 3619 τὼν
1176 3563 1237 3620 έκ
1258 3566 1454 3633 ταύτης
1481 3564 1657 3622 καλῶν
1689 3565 1931 3623 ἀπολαύ-

276 3673 421 3710 σετε.
473 3652 642 3709 Πόσον
697 3651 872 3710 οἴεσθε
927 3651 1128 3720 πλῆθος
1185 3652 1382 3733 ἀνδρῶν
1452 3655 1562 3730 ἅμα
1604 3656 1693 3712 καὶ
1746 3677 1929 3733 γυναι-

273 3746 386 3796 κῶν
441 3747 518 3814 τῷ
543 3743 802 3820 σχίσματι
859 3741 1031 3812 τούτῳ
1059 3742 1155 3809 τὴν
1201 3747 1389 3819 ψυχὴν
1439 3743 1726 3820 ἀπολέσαι,
1763 3741 1834 3799 δι’
1865 3743 1931 3812 ἢν

274 3826 526 3885 σπεύδετε
581 3827 736 3896 δῆθεν
765 3831 853 3885 καὶ
897 3829 1026 3908 ὑπὲρ
1071 3831 1159 3904 ἧς,
1204 3830 1300 3888 κᾶν
1356 3833 1435 3907 μὴ
1491 3830 1741 3912 δεόντως,
1802 3825 1931 3909 μηδ’

276 3917 332 3973 ὲν
391 3917 480 3980 οἷς
537 3915 677 3981 ἀξιον
713 3936 730 3991 ς
776 3918 939 3975 πόσον
983 3926 1260 4000 μοναχῶν,
1307 3921 1474 3978 πόσον
1503 3928 1843 3999 μοναζουσῶν
1903 3925 1932 3979 ὁ

277 4003 568 4084 δολιόφρων
620 4005 810 4085 ἐχθρὸς
845 4006 1120 4083 ἐσυλησεν,
1185 4011 1294 4073 οὒς-
1320 4010 1517 4074 πάντας
1546 4017 1644 4078 τῆς
1675 4013 1767 4068 τοῦ
1799 4019 1928 4090 Χρι-

275 4094 404 4151 στοῦ
462 4095 740 4160 κοινωνίας
796 4096 1101 4173 ἀποτεμὼν,
1173 4100 1372 4156 οἰκεῖον
1424 4098 1748 4174 κατάὄρωμα
1791 4123 1932 4158 παν-

279 4183 450 4248 τελῶς
512 4183 875 4261 ἀπετέλεσεν,
910 4184 1020 4244 ἔστι
1091 4185 1135 4242 δ’
1170 4189 1256 4251 οὓς
1313 4188 1654 4269 ἀποχωρίσας
1712 4191 1799 4247 καὶ
1835 4195 1931 4258 τῆς

276 4277 462 4338 κοινῆς
535 4272 732 4350 ἀγέλης
803 4275 957 4344 ἡμῶν
1008 4277 1081 4341 είς
1151 4277 1292 4344 πάθη
1345 4285 1524 4343 κακῶς
1579 4277 1776 4356 ὕϐρεως
1847 4273 1934 4336 καὶ

275 4363 487 4438 ἀτιμίας
523 4359 790 4438 ὶνέϐαλε;
842 4364 1052 4431 Ταύτην
1104 4367 1324 4434 στήσετε
1379 4366 1558 4433 καλῶς
1613 4368 1710 4436 τὴν
1760 4366 1932 4444 λύμην

2014 3379 2179 3441 ocius
2209 3354 2281 3435 ad
2314 3354 2499 3452 ipsam
2532 3361 2854 3437 accurrite,
2909 3368 2968 3422 et
2998 3354 3408 3452 promanantia
3437 3374 3508 3417 ex
3537 3357 3665 3452 ipsa

2013 3468 2168 3530 bona
2195 3445 2644 3545 parti-cipabitis.
2672 3453 2981 3545 Quantam
2998 3445 3307 3545 hominum
3346 3462 3416 3545 ac
3440 3445 3661 3545 mque-

2012 3575 2142 3619 rum
2196 3532 2666 3619 multitudinem,
2725 3536 3052 3620 opinamini
3087 3534 3161 3596 ob
3194 3534 3307 3595 hoc
3348 3532 3662 3596 dissidium

2014 3644 2345 3708 animarum
2396 3638 2692 3718 jacturam
2745 3628 2982 3718 fecisse,
3029 3644 3135 3706 pro
3168 3641 3420 3704 quorum
3448 3623 3660 3699 salute,

2016 3733 2127 3796 etsi
2157 3749 2278 3793 non
2307 3713 2525 3808 utivpar
2556 3731 2870 3800 est,neque
2916 3716 3168 3798 justum,
3199 3721 3452 3808 _tantum
3494 3713 3661 3776 insu-

2015 3823 2168 3884 datis
2198 3827 2256 3882 et
2284 3803 2648 3895 afﬂigimini‘?
2672 3816 2951 3891 quautam
2983 3803 3660 3895 monachorum,_quan-

2017 3921 2133 3973 tam
2171 3890 2514 3970 monialiom
2548 3890 2788 3963 dolosus
2847 3895 3036 3960 hostis
3084 3890 3282 3955 ranuit
3334 3898 3393 3951 et
3435 3891 3661 3957 furatus

2018 4009 2128 4080 est,
2163 4015 2312 4078 quos
2342 4011 2550 4056 omnes
2598 4009 2634 4052 a
2675 3985 3100 4080 communione
3145 3979 3392 4080 Christi"
3419 3979 3662 4080 abscin-

2017 4068 2196 4164 dens,
2223 4084 2306 4148 uti
2332 4081 2630 4164 propriam
2662 4096 2863 4140 escam
2892 4073 3221 4152 exsorbuit,
3247 4068 3466 4164 etalios
3482 4070 3660 4164 etiam

2015 4198 2050 4240 a
2079 4158 2380 4240 communi
2403 4158 2604 4232 nostro
2635 4185 2812 4247 grege
2860 4172 3165 4246 separatos
3211 4161 3273 4221 in
3322 4158 3571 4236 injurias
3603 4172 3662 4224 et

2017 4267 2313 4331 dedecora
2365 4261 2670 4343 conjecit?
2722 4262 2888 4322 Hanc
2947 4275 3159 4318 noxam
3211 4254 3439 4317 irritam
3472 4253 3659 4330 probe

2017 4354 2420 4434 continebitis,
2453 4355 2501 4413 si
2551 4347 2957 4412 tantummodo
2987 4346 3060 4406 ad
3111 4363 3221 4406 nos
3251 4343 3656 4409 reversionem

271 4435 456 4530 ὑμεῖς,
522 4451 612 4507 ἐὰν
695 4435 858 4526 μόνον
913 4455 1044 4530 πρὸς
1101 4456 1245 4529 ἡμᾶς
1289 4455 1633 4536 ἐπανέλθητε,
1686 4458 1771 4513 καὶ

2013 4445 2298 4523 feceritis,
2323 4451 2382 4504 et
2409 4460 2477 4502 ex
2501 4438 2680 4520 lapsis
2704 4437 3019 4498 nonnullos
3047 4452 3253 4496 rursus
3279 4435 3657 4497 revocaveri-

273 4541 634 4598 πεπτωκότων
703 4539 1166 4609 έπανακαλέσησθε
1245 4542 1404 4601 πάλιν
1473 4523 1638 4613 τινὰς,
1702 4543 1926 4610 ὁπόσους

2013 4537 2266 4616 tis,quos
2297 4547 2612 4592 commune
2642 4528 2826 4589 fatum
2866 4545 2986 4587 non
3022 4523 3278 4588 sustulit.
3331 4523 3412 4585 Fe
3442 4525 3656 4586 fratres

275 4630 354 4707 μὴ
393 4630 455 4685 τὸ
510 4631 686 4686 κοινὸν
746 4629 903 4709 χρέος
947 4629 1150 4700 δηλαδὴ
1179 4634 1593 4714 προαφήρπασε.
1637 4634 1726 4702 Μὴ
1759 4635 1929 4692 τοίνυν

273 4715 530 4795 παρίδητε
575 4718 712 4791 μήτε
760 4717 883 4783 τοὺς
955 4721 1142 4776 οὖτωσὶ
1201 4720 1475 4796 κειμένους
1517 4728 1624 4779 τῶν
1665 4719 1924 4802 ἀδελφῶν,

274 4808 440 4882 μήτε,
497 4807 558 4862 τὸ
618 4806 890 4883 μέγιστον,
924 4807 1136 4873 ἑαυτοὺς
1184 4809 1578 4886 ἀπολλυμένους
1621 4812 1708 4867 καὶ
1749 4809 1928 4867 κινδυ-

271 4897 542 4956 νεύοντας,
585 4893 765 4978 ςνῶτέ
819 4918 950 4955 ποτε
1031 4900 1119 4955 καὶ
1176 4898 1330 4974 μόλις
1399 4901 1460 4956 τὸ
1518 4899 1610 4956 τοῦ
1667 4897 1928 4978 δόγματος

272 4981 532 5063 ἀσφαλές.
583 4971 789 5063 ιἈφετε
833 4986 932 5053 τὴν
985 4971 1210 5062 ματαία-ν
1266 4987 1372 5068 ἔριν
1429 4990 1517 5045 καὶ
1570 4990 1632 5046 τὸ
1689 4971 1928 5068 φιλόνει-

270 5096 389 5143 κον,
445 5071 897 5148 μεταμεληθέντες
966 5073 1048 5154 ὲφ’
1103 5081 1189 5140 οἷς
1245 5077 1472 5157 ἀκαίρως
1529 5076 1775 5145 ἐνέστητε
1840 5081 1927 5135 καὶ

269 5162 391 5221 λίαν
455 5160 781 5242 ἐπισφαλῶς.
843 5165 1156 5243 Προσέλθετε
1217 5173 1284 5242 τῇ
1352 5165 1589 5239 ἀληθέίᾳ,
1649 5169 1738 5224 καὶ
1792 5168 1928 5243 ἡμῖν

268 5252 411 5310 κατὰ
467 5251 664 5318 ταύτην
749 5254 1101 5327 ὃμονοήσατε,
1163 5257 1374 5319 Τούτοις
1431 5257 1475 5312 εἷ
1525 5256 1622 5330 μὲν
1681 5256 1926 5331 πείθομεν

266 5341 390 5403 τοῖς
448 5338 653 5419 λόγοις,
683 5339 974 5418 ἀγαπητοὶ,
1007 5340 1151 5400 δεῦτε
1179 5345 1271 5400 καὶ
1323 5345 1418 5408 τὰς
1463 5343 1630 5410 δεξιὰς
1663 5343 1924 5414 ἀλλήλοις

270 5428 614 5506 ἐμϐάλωμεν.
679 5427 808 5487 Ἰδοὺ
867 5438 1074 5510 πρῶτος
1132 5432 1239 5512 ἐγὼ
1293 5432 1477 5510 δίδωμι
1541 5435 1738 5501 ταύτην
1796 5436 1924 5510 ὑμῖν

270 5522 344 5582 εἰς
418 5516 762 5596 ἀδιάῤῥηκτον
818 5524 1174 5596 πνευματικὸν
1228 5521 1511 5598 σύνδεσμον
1547 5540 1564 5554 ⁸
1622 5527 1711 5580 καὶ
1765 5525 1921 5598 ὑμεῖς

267 5608 522 5670 ὡσαύτως
588 5609 725 5683 ἡμῖν
807 5610 902 5674 τὰς
971 5605 1222 5691 σφετέρας
1284 5614 1563 5692 χαρίσασε,
1623 5613 1710 5668 καὶ
1762 5617 1922 5680 στῆτε

264 5693 383 5774 μεθ’
443 5697 601 5771 ἡμῶν
685 5699 735 5753 οἱ
789 5702 981 5763 πάντες
1056 5699 1190 5757 κατά
1258 5702 1469 5765 ταυτὸν,
1534 5699 1922 5782 Μεγαλύνωμεν

2009 4625 2094 4685 sic
2109 4624 2402 4704 jacentes,
2452 4627 2511 4682 et
2541 4617 2698 4700 quod
2731 4617 3102 4698 potissimum
3135 4622 3246 4704 est,
3279 4632 3357 4676 ne
3387 4623 3651 4676 vosmet-

2011 4703 2170 4793 ipsos
2192 4715 2250 4771 in
2268 4709 2662 4791 perditionem
2710 4715 2950 4768 ruentes
2981 4703 3501 4793 periclitantesque
3540 4721 3652 4766 ne-

2010 4791 2266 4882 gligatis.
2299 4797 2653 4879 Cognoscite
2703 4795 2943 4860 tandem
2995 4793 3312 4874 aliquando
3364 4791 3654 4882 dogmatis

2011 4881 2417 4966 seCuritatem,
2443 4889 2652 4949 inanes
2680 4884 3092 4947 dissensiones
3124 4881 3654 4963 contentionesque

2014 4980 2222 5041 missas
2251 4977 2447 5054 facite,
2484 4984 2542 5037 et
2571 4976 2646 5036 de
2685 4973 2802 5036 illis
2850 4991 2981 5055 qua:
3016 4972 3417 5051 inopportuno
3442 4979 3501 5033 et
3531 4990 3652 5034 non

2010 5068 2236 5150 absque
2294 5085 2499 5130 errore
2548 5064 2951 5146 oppugnastis,
3015 5059 3423 5150 paenitentiam
3470 5064 3646 5138 agite.

2013 5149 2352 5237 Remigrate
2380 5157 2451 5218 ad
2479 5156 2808 5232 veritatem,
2842 5162 2900 5214 et
2927 5171 3045 5215 una
3071 5149 3384 5212 nobiscum
3412 5150 3485 5212 ad
3518 5168 3650 5212 eam

2009 5247 2383 5312 retinendam
2406 5245 2762 5326 conspirate.
2789 5242 2894 5304 His
2921 5239 3297 5305 sermonibus
3326 5239 3378 5301 si
3401 5258 3678 5321 persnas

2010 5340 2244 5418 demus,
2277 5355 2310 5398 o
2331 5335 2532 5410 amici,
2559 5334 2654 5396 eia
2681 5332 2837 5414 agite
2861 5381 2866 5385 .
2873 5333 2997 5412 jam
3031 5330 3307 5393 dexteras
3349 5328 3649 5394 alterutris

2009 5415 2399 5508 porrigamus.
2433 5425 2522 5488 En
2556 5422 2809 5504 egoipse
2837 5423 3062 5503 primus
3093 5418 3356 5483 omnium
3388 5419 3552 5482 vobis
3583 5415 3663 5483 in'

2004 5513 2432 5580 indissolubilis
2461 5512 2783 5596 spiritualis
2804 5513 3025 5575 vtnculi
3046 5511 3282 5593 signum
3315 5527 3446 5573 eam
3469 5511 3644 5573 exhi-

2006 5606 2150 5669 beo:
2187 5616 2242 5668 et
2271 5623 2373 5666 vos
2400 5604 2674 5666 similiter
2702 5611 2926 5667 vestras
2957 5601 3291 5680 concedite,
3324 5610 3383 5664 et
3411 5621 3446 5664 a
3475 5603 3644 5665 nobis

2005 5715 2213 5760 omnes
2233 5703 2470 5774 state,et
2489 5693 2805 5759 unanimes
2824 5693 3141 5759 Dominum
3166 5692 3638 5775 magniﬁcemus.
