4184 6300
282 398 439 464 1277

1560 390 1876 458 GEORGII
1917 385 2386 458 METOCHITIE

3513 384 3665 452 1278

281 532 466 616 ἐφεξῆς
509 531 748 612 ἐπάγειν,
809 531 871 588 τὸ
927 536 1138 611 πρῶτον
1209 529 1295 588 ἐπὶ
1362 527 1555 596 λέξεως
1585 525 1753 592 οὕτως
1783 527 1929 616 εκτε-

2014 531 2353 603 sequentes,
2383 515 2442 586 et
2469 514 2769 616 quidquid
2791 523 3045 586 examini
3093 516 3670 616 subjiciendumest

283 610 519 699 θειμένον
575 610 1005 696 διασκεψὼεμθα.
1056 643 1084 674 ι
1122 617 1472 699 Ἐρωτητέον,
1526 618 1748 695 πότερον
1789 615 1824 682 ἡ
1881 610 1942 667 ἐκ

282 711 487 789 Πατρὸς
541 711 628 767 καὶ
687 711 812 767 Υἱοῦ
878 715 971 767 τοῦ
1033 708 1184 787 ἁγίου
1243 707 1547 783 Πνεύματος
1632 703 1939 782 ἐκπόρευσις

281 799 421 869 ἄλλη
462 801 550 856 καὶ
584 798 748 874 άλλη,
782 798 818 866 ἢ
853 799 946 874 μία
973 799 1062 855 καὶ
1089 799 1124 866 ἡ
1155 796 1313 864 αὐτὴ.
1349 798 1405 853 Εἰ
1436 796 1534 870 μὲν
1565 793 1653 852 οὖν
1682 791 1821 858 ἄλλη
1852 789 1941 846 καὶ

280 887 421 957 άλλη
477 889 609 961 ἱστὶ,
673 885 833 954 διπλῆ
906 883 1006 966 ἄρα
1070 888 1106 954 ἡ
1163 884 1470 965 ἐκπόρευσις
1531 885 1703 956 ἔσται,
1751 881 1837 938 καὶ
1877 879 1940 935 τὸ

281 984 495 1054 Πνεῦμα
536 975 772 1049 διπλοῦν,
820 974 948 1054 ὅπερ
1005 974 1224 1032 ἂτοπον·
1289 976 1332 1031 εί
1379 972 1434 1030 δὲ
1479 975 1572 1044 μία
1615 973 1703 1029 καὶ
1744 973 1780 1039 ἡ
1840 972 1942 1028 αὗ-

277 1069 371 1135 τη,
433 1071 548 1131 πῶς
577 1065 638 1122 ἐκ
680 1070 781 1132 τῆς
829 1063 990 1123 ἆύλου
1045 1062 1228 1128 δυάδος
1272 1062 1483 1121 δύναται
1527 1064 1586 1120 τὸ
1643 1061 1699 1118 ἓν
1755 1072 1938 1137 srvat;

281 1155 455 1220 Μονὰς
485 1155 581 1230 μὲν
617 1154 717 1232 γὰρ
758 1154 905 1234 ἀρχὴ
936 1155 1024 1210 καὶ
1055 1155 1194 1210 αἰτία
1244 1158 1302 1213 οὗ
1344 1152 1505 1228 μόνον
1535 1148 1744 1224 δυάδος,
1804 1146 1941 1204 ἀλλὰ

2022 621 2410 692 apponentes,
2441 621 2578 675 ante
2607 612 2830 686 omnia,
2864 621 2928 674 ut
2957 612 3256 694 exposuit,
3287 610 3470 674 verba
3506 608 3666 672 illius

2022 708 2352 782 numerata,
2401 720 2520 764 non
2579 701 2802 784 absque
2861 701 3234 764 discussione
3287 697 3666 782 postmodum

2021 788 2442 868 dijudicemus.
2481 816 2506 848 α
2538 791 3024 871 Interrogandum
3059 798 3168 867 est,
3198 809 3272 852 an
3304 808 3374 852 ex
3394 790 3572 852 Patre
3607 794 3666 848 et

2025 877 2174 941 Filio
2204 883 2454 962 Spiritus
2483 883 2668 943 sancti
2700 880 3001 961 processio
3023 889 3114 942 est
3141 881 3358 956 alia,an
3390 895 3527 939 vero
3550 895 3666 938 una

2026 974 2084 1030 et
2107 969 2337 1032 eadem.
2370 973 2522 1035 Nam
2548 970 2595 1032 si
2628 969 2744 1032 alia
2771 977 2829 1031 et
2855 969 2970 1032 alia
2999 976 3113 1044 est,
3138 987 3278 1048 ergo
3303 965 3518 1047 duplex
3551 964 3664 1025 erit

2027 1057 2414 1138 processio,et
2435 1057 2690 1139 Spiritus
2706 1057 3107 1140 duplex,qu0d
3140 1057 3313 1137 plane
3333 1052 3660 1140 absurdum

2023 1151 2136 1226 est;
2166 1144 2218 1207 si
2247 1164 2386 1208 vero
2428 1164 2547 1208 una
2575 1155 2632 1208 et
2659 1146 2891 1221 eadem,
2919 1165 3034 1228 qua
3066 1145 3298 1208 ratione
3327 1162 3396 1206 ex
3428 1139 3663 1220 duplari

280 1243 504 1302 καὶτῶν
535 1231 710 1300 ἄλλων
740 1231 987 1300 ἁπάντων
1037 1243 1293 1322 ἁριθμῶνο
1341 1240 1462 1308 δυὰς
1519 1239 1574 1297 δὲ
1630 1239 1777 1319 ἀρχὴ
1845 1237 1929 1294 καὶ

2019 1251 2269 1296 numero
2298 1235 2378 1297 im
2389 1236 2692 1298 materiato
2708 1255 2890 1298 unum
2911 1235 3120 1298 fuerit?
3139 1235 3343 1299 Unitas
3362 1231 3520 1322 enim
3540 1247 3659 1290 non

281 1332 418 1390 αἰτία
471 1329 723 1408 μονάδος,
785 1329 888 1388 εἴτ’
945 1331 1032 1388 οὗν
1063 1321 1207 1406 ἐνὸς,
1240 1331 1336 1388 οὐκ
1366 1329 1429 1388 ἄν
1458 1329 1686 1408 γένοιτο.
1719 1329 1792 1386 06
1833 1325 1929 1404 γὰρ

2015 1322 2281 1403 duplaris
2312 1328 2548 1387 numeri
2580 1324 3019 1406 tantummodo,
3051 1325 3155 1387 sed
3188 1331 3247 1386 et
3291 1321 3660 1400 reliquorum

277 1420 396 1478 καθ’
493 1420 831 1500 ὑποστροφὴν
887 1421 940 1476 αἱ
1008 1419 1239 1499 γενέσεις
1296 1421 1402 1477 τῶν
1471 1418 1726 1496 ἀριθμῶν,
1798 1412 1929 1470 ἆλλᾶ

2016 1410 2281 1500 omnium
2311 1430 2699 1474 numerorum
2731 1411 3088 1494 principium
3130 1419 3188 1473 et
3216 1427 3392 1472 causa
3427 1414 3554 1486 est;
3603 1411 3663 1466 at

277 1510 414 1566 κατὰ
445 1497 696 1590 πρόοδον.
742 1497 931 1573 *Μονὰς
974 1497 1074 1586 γὰρ
1140 1509 1213 1572 εἰς
1286 1506 1443 1566 δυάδα
1469 1519 1721 1585 κινεῖται,
1751 1504 1929 1561 κᾶκετ·

2020 1498 2285 1580 duplaris
2316 1520 2604 1590 numerus
2634 1501 2898 1582 unitatis,
2917 1502 3040 1563 sive
3065 1501 3242 1563 etiam
3277 1497 3483 1590 unius,
3515 1511 3664 1556 nun-

274 1604 360 1658 θεν
405 1584 498 1662 εἰς’
537 1597 722 1678 τριάδα
778 1599 866 1654 καὶ
923 1584 1133 1677 ἐφεξῆς.
1195 1600 1267 1656 Τὸ
1325 1598 1426 1676 γὰρ
1495 1595 1671 1675 λέγειν
1707 1584 1785 1652 ἐκ
1836 1597 1929 1659 τῆς

2019 1605 2195 1668 quam
2247 1589 2603 1671 principium
2635 1598 2693 1652 et
2721 1609 2896 1652 causa
2917 1590 3116 1671 fuerit;
3150 1604 3343 1668 neque
3372 1584 3529 1647 enim
3556 1599 3661 1644 re-

276 1687 483 1768 τριάδος
542 1686 908 1768 ἀφαιρεθείσης
976 1685 1202 1763 μονάδος
1273 1684 1430 1743 δυάδα
1494 1686 1745 1764 γίνεσθαι,
1831 1682 1929 1737 κάκ

2019 1678 2448 1768 trogradientes
2475 1679 2730 1768 numeri,
2765 1679 2870 1740 sed
2897 1687 3031 1740 ante
3055 1677 3444 1759 procedentes
3469 1689 3662 1768 gene-

274 1761 378 1846 τῆς
435 1761 616 1840 δυάδος
676 1761 890 1850 ’ὁμοίως
966 1761 1187 1850 μονάδα.
1266 1774 1416 1833 Ἀλλ’
1486 1761 1624 1830 αἰτία
1676 1772 1929 1828 κάνταῦθα

2022 1766 2419 1831 rantur.Unus
2434 1767 2728 1848 siquidem
2747 1768 2808 1828 in
2823 1765 3423 1848 duplarem,indeque
3442 1761 3661 1855 tripla-f

277 1867 478 1925 τούτων
547 1866 582 1931 ἡ
641 1863 1000 1943 ἀφαιρουμένη
1058 1865 1246 1940 μονὰς,
1318 1862 1441 1920 ἀλλ’
1499 1865 1592 1920 οῦκ
1648 1859 1809 1925 ἄλλος
1851 1873 1929 1915 τις

2017 1873 2170 1931 rem,
2197 1866 2254 1919 et
2274 1857 2362 1920 sic
2382 1858 2622 1939 deiceps
2641 1859 2698 1920 in
2712 1858 2971 1939 reliquos
3021 1857 3280 1920 decedit.
3315 1857 3584 1943 Namque
3605 1850 3659 1911 si

276 1955 518 2036 ἂριθμός.
566 1942 816 2010 Δείπεται
876 1952 975 2032 ἄρα
1034 1955 1112 2030 μὴ
1182 1955 1248 2010 τὰ
1290 1951 1379 2010 δύο
1436 1952 1584 2010 αἴτια
1646 1954 1784 2008 εἶναι
1841 1958 1929 2009 τοῦ

2017 1943 2178 2007 dicas
2205 1966 2276 2008 ex
2307 1948 2805 2036 triplari,dempta
2834 1948 3058 2009 unitate
3087 1946 3402 2036 duplarem
3428 1942 3655 2014 ﬁeri,et

277 2044 420 2122 ἑνὸς,
479 2040 619 2098 ἀλλὰ
673 2043 733 2098 τὸ
760 2040 815 2098 ἐν
847 2047 950 2099 τῶν
981 2039 1092 2104 δύο.
1128 2042 1226 2101 Καὶ
1269 2041 1406 2100 οὕτω
1448 2040 1545 2114 μὲν
1575 2040 1630 2097 ἐν
1657 2052 1776 2104 τοῖς
1831 2039 1929 2095 ἀΰ-

2015 2051 2086 2114 ex
2109 2035 2341 2116 duplari
2371 2036 2644 2098 similiter
2665 2036 2972 2098 unitatem:
2998 2045 3056 2098 at
3086 2035 3183 2096 hic
3213 2049 3451 2115 quoque
3477 2047 3656 2122 causa

274 2132 417 2207 λοις,
477 2130 507 2186 δ
563 2131 662 2186 κᾶν
745 2137 812 2206 τῇ
855 2130 1066 2198 θεότητι
1095 2136 1162 2207 τῇ
1190 2131 1368 2198 πάσης
1397 2129 1527 2198 ὕλης
1577 2127 1928 2208 ὑπερκειμένη

271 2219 521 2298 ἁρμόζειν
575 2220 739 2282 είκὸς.
804 2215 895 2277 Ἐν
951 2218 1006 2275 δὲ
1067 2219 1188 2283 τοῖς
1263 2219 1466 2284 ἐνὺλοις
1496 2219 1690 2296 γίνεται
1734 2218 1831 2293 μὲν
1868 2217 1930 2272 ἐκ

271 2308 363 2365 δύο
408 2307 487 2387 ἓν,
549 2305 584 2375 ἧ
639 2307 777 2364 κατᾶ
827 2306 1061 2382 σύνοδον,
1107 2309 1180 2372 ὡς
1225 2306 1276 2373 ἐξ
1304 2307 1486 2386 ἀνδρὸς
1539 2308 1628 2363 καὶ
1681 2307 1926 2384 γυναικὸς

267 2397 479 2470 τέκνον,
540 2397 628 2453 καὶ
667 2395 729 2452 ἐκ
797 2395 1011 2475 σιδὴρου
1041 2398 1128 2454 καὶ
1170 2396 1312 2454 λίθου
1355 2403 1476 2476 πῦρ,
1510 2397 1547 2465 ἢ
1575 2396 1711 2453 κατὰ
1740 2395 1924 2452 σύνθε-

271 2507 381 2558 σιν,
439 2487 512 2549 ὡς
557 2484 619 2541 ἐκ
672 2490 775 2564 γῆς
833 2487 920 2544 καὶ
949 2483 1135 2550 ὕδατος
1173 2485 1370 2553 πηλός.
1404 2483 1552 2542 Ἀλλ’
1585 2483 1724 2541 ’ἐστιν
1755 2485 1924 2540 εἰπεῖν

271 2569 537 2634 κάνταῦθα
605 2580 788 2652 πρῶτα
843 2574 940 2650 μὲν
999 2577 1072 2638 ὡς
1110 2569 1172 2632 ’ἐν
1202 2588 1326 2640 ταῖς
1367 2575 1529 2640 θείαις
1578 2573 1925 2630 ὑποστάσεσιν

271 2662 394 2721 οὔτε
451 2660 658 2728 σὺνοδος
714 2664 932 2730 τοιαύτη
961 2685 1040 2730 τις
1084 2663 1393 2738 ἐπινοεῖται,
1441 2661 1557 2720 οὔτε
1588 2663 1693 2738 μὴν
1740 2662 1922 2718 σύνθε-

269 2771 382 2817 σις⁶
453 2749 686 2827 δεύτερον
745 2749 826 2830 δὲ,
870 2753 950 2809 ὃτι
1009 2752 1228 2809 ἐνταῦθα
1290 2753 1386 2828 μὲν
1461 2764 1779 2831 προηγεῖται
1848 2756 1926 2824 τῷ

269 2840 458 2922 χρόνῳ
513 2840 580 2896 τὰ
636 2837 725 2897 δὺο
772 2847 865 2898 τοῦ
893 2842 1032 2921 ἑνὸς,
1081 2840 1324 2898 συναίδια
1379 2840 1434 2897 δὲ
1462 2842 1527 2898 τὰ
1556 2846 1658 2908 τῆς
1707 2838 1922 2919 Τριάδος

261 2929 566 3008 πρόσωπα,⁹
608 2929 804 3007 τρόπον
846 2929 923 2986 ὅτι
959 2930 1012 2986 ἐν
1039 2938 1136 3004 μὲν
1179 2944 1296 2994 τοῖς
1327 2930 1530 2988 πλείοσι
1560 2930 1762 2987 τούτων
1802 2927 1922 2985 ἕτε-

266 3041 364 3100 ρον
420 3024 497 3093 τῷ
526 3015 658 3074 εἴδει
724 3020 866 3098 παρὰ
933 3020 997 3075 τὰ
1026 3018 1114 3076 δύο
1156 3021 1216 3076 τὸ
1260 3018 1336 3092 ἓν,
1371 3018 1509 3076 ἀλλὰ
1540 3019 1762 3076 κάκεῖνα
1791 3019 1920 3098 πρὸς

2014 2122 2254 2205 dempta
2281 2125 2498 2206 unitas,
2534 2143 2644 2187 nec
2673 2124 2829 2186 ullus
2849 2125 2998 2188 alius
3028 2141 3314 2186 numerus
3344 2127 3453 2183 est.
3487 2118 3653 2182 Reli-

2011 2232 2192 2294 quum
2222 2233 2361 2293 ergo
2393 2214 2627 2276 estduo
2681 2233 2798 2276 non
2853 2232 2985 2276 esse
3032 2231 3270 2276 causam
3321 2209 3515 2279 unius,
3553 2206 3659 2269 sed

2010 2301 2260 2364 duorum
2292 2307 2580 2367 unum.Et
2609 2302 2696 2364 sic
2717 2303 2776 2365 in
2803 2301 3216 2365 immateriatis
3249 2296 3665 2380 philosophan-

2009 2389 2150 2452 dum
2174 2398 2286 2462 est,
2319 2391 2474 2472 quod
2507 2390 2682 2452 etiam
2730 2391 2964 2467 Deitati,
3015 2409 3146 2471 quas
3192 2406 3370 2468 supra
3427 2402 3668 2446 omnem

2011 2481 2317 2543 materiam
2365 2489 2475 2556 est,
2553 2481 2870 2542 couvenire
2925 2498 3030 2560 par
3084 2487 3194 2541 est.
3248 2477 3314 2539 In
3364 2473 3669 2537 materieta

2011 2587 2154 2630 vero
2181 2570 2247 2630 fit
2287 2589 2357 2631 ex
2399 2569 2634 2634 duobus
2665 2589 2849 2631 unum
2877 2570 3002 2630 sive
3021 2566 3473 2648 conjunctione,-
3501 2576 3564 2624 ut
3593 2581 3663 2624 ex

2009 2657 2259 2720 muliere
2312 2667 2370 2721 et
2410 2658 2653 2720 homine
2697 2659 2894 2740 (cetus,
2943 2667 3001 2720 et
3038 2677 3108 2721 ex
3140 2657 3300 2719 ferro
3352 2662 3411 2717 et
3461 2651 3662 2733 lapide

2009 2739 2198 2824 ίεηὶες
2233 2747 2354 2810 sive
2404 2748 2858 2829 compositione,
2882 2739 2957 2810 ut
3003 2768 3073 2811 ex
3101 2766 3254 2826 aqua
3285 2753 3347 2808 et
3371 2754 3530 2806 terra
3562 2742 3662 2802 lu-

2007 2833 2155 2900 tum.
2192 2835 2620 2899 Verumtamen
2650 2838 2746 2899 hic
2775 2856 3009 2919 quoque
3039 2837 3294 2917 primum
3343 2832 3662 2896 dicendum

2007 2929 2118 3000 est,
2141 2925 2203 2986 in
2226 2925 2440 2988 divinis
2472 2927 2908 3008 hypostasibus,
2947 2944 3142 3006 neque
3169 2922 3657 3004 conjunctionem

2005 3012 2491 3095 similem,neque
2513 3015 3006 3096 compositionem
3027 3013 3653 3092 intelligiSecundum

262 3092 486 3175 ἔλληλα
554 3106 706 3188 ἕτερα
733 3092 814 3183 τῷ
853 3105 1004 3164 εἶ’δευ
1037 3111 1088 3165 αἱ
1119 3106 1173 3164 δὲ
1200 3114 1300 3176 τῆς
1342 3107 1558 3186 Τριάδος
1604 3092 1917 3172 ὑποστάσεις

2014 3097 2064 3164 in
2095 3102 2189 3164 his
2235 3092 2412 3165 etiam
2471 3092 2740 3184 tempore
2795 3122 2980 3165 unum
3027 3101 3258 3164 duobus
3317 3097 3660 3188 praecedere

257 3204 373 3267 τῆς
432 3196 594 3265 αὐτῆς
651 3197 854 3278 φὺσεώς
927 3199 1076 3254 εἰσιν·
1163 3197 1300 3255 ὥστε
1347 3197 1406 3254 οὒ
1448 3198 1584 3254 κατὰ
1633 3196 1787 3253 ἕνυλα
1831 3201 1920 3254 καὶ

2014 3209 2136 3278 cum
2162 3210 2426 3270 personae
2449 3191 2510 3254 iu
2542 3191 2842 3253 Trinitate
2882 3189 3362 3278 coaeternazsint.
3390 3183 3656 3278 Tertiam

258 3289 328 3345 τὰ
393 3284 548 3346 ἒίϋλα.
610 3269 716 3345 Ούκ
771 3285 870 3362 ἂρα
912 3287 972 3344 ἐκ
1029 3289 1233 3366 Πατρὸς
1263 3289 1349 3343 καὶ
1381 3289 1501 3346 Υίοῦ
1521 3288 1580 3343 τὸ
1610 3292 1847 3362 Πνεῦμα.
1882 3305 1912 3346 ι

2014 3274 2066 3340 in
2091 3269 2317 3360 potiore
2355 3278 2642 3340 similium
2688 3287 2852 3359 parte
2911 3297 3095 3340 unum
3159 3277 3400 3338 diﬂ‘erre
3434 3269 3653 3366 specie

264 3379 423 3436 Οὒτω
465 3375 562 3452 μὲν
585 3376 646 3432 τὸ
676 3361 984 3454 κεφάλαιον,
1033 3361 1465 3454 Προδιαληπτέον
1495 3372 1552 3430 δέ
1593 3397 1654 3453 γε
1683 3361 1800 3452 περὶ
1830 3382 1922 3432 τοῦ

2014 3367 2392 3449 duobus,quae
2419 3367 2647 3430 etiamsi
2677 3368 2832 3430 inter
2876 3386 2942 3428 se
2989 3367 3376 3454 conferantur
3415 3361 3652 3422 diversa

264 3464 633 3543 ἐκπορεύεται,
691 3453 766 3520 'lv5
813 3464 1044 3522 ἐντεῦθεν
1084 3453 1276 3546 σαφὴς
1319 3464 1538 3544 γένηται
1568 3465 1602 3530 ἡ
1664 3462 1921 3544 ἐξέτασις,

2014 3459 2206 3537 specie
2236 3456 2744 3546 sunt,ubiTriadIs
2775 3459 3114 3538 hypostases
3136 3453 3409 3546 ejusdem
3425 3457 3653 3546 natura

265 3541 418 3620 οἷςδ
459 3559 566 3610 τῶν
608 3551 1106 3629 ἐξετασθησομὲνων
1131 3541 1362 3629 μάλιστα
1405 3553 1677 3633 γεννήτωρ
1705 3554 1823 3628 περὶ
1867 3541 1927 3609 τδ

2014 3554 2172 3633 sunt,
2204 3545 2459 3626 ideoque
2479 3545 2787 3608 materiata
2813 3546 2886 3608 ab
2909 3543 3315 3608 immateriatis
3354 3541 3659 3633 diti‘erunt.

262 3644 423 3708 τέλος
493 3649 586 3699 τοῦ
651 3664 828 3721 τριτου
885 3643 991 3699 τῶν
1050 3642 1350 3722 κεφαλαίων
1408 3629 1596 3724 ιράσκει
1642 3629 1719 3717 μὴ
1751 3641 1812 3699 ἐκ
1839 3652 1929 3700 τοῦ

2014 3632 2140 3724 Non
2164 3643 2253 3696 est
2295 3654 2434 3714 ergo
2457 3653 2528 3697 ex
2554 3634 2725 3696 Patre
2749 3645 2805 3698 et
2826 3635 2974 3698 Filio
3010 3633 3290 3724 Spiritus.
3317 3656 3337 3686 ο
3375 3629 3446 3692 Ει
3477 3629 3565 3724 sic
3597 3643 3662 3688 se

267 3737 391 3792 Υἱοῦ
463 3717 832 3811 ὶκπορεύεσθαι
885 3733 948 3789 τὸ
1019 3717 1230 3807 Πνεῦμα
1260 3717 1580 3810 εὑρίσκεσθαι
1635 3737 1702 3809 τῇ
1730 3737 1928 3810 γραφῇ.

2014 3723 2192 3787 habet
2222 3734 2417 3806 caput.
2451 3725 2602 3786 Ante
2633 3743 2769 3787 vero
2794 3726 2908 3788 alia
2932 3725 3006 3788 de
3056 3723 3316 3786 dictione
3342 3717 3664 3811 procedere

265 3821 532 3896 Ταράσιος
589 3819 687 3895 μέν
745 3819 834 3877 οὖν
867 3823 894 3876 ὃ
924 3817 1146 3900 ἔξαρχος
1178 3826 1278 3887 τῆς
1319 3821 1657 3899 παγκοσμίου
1689 3819 1929 3878 συνελεύ-

2017 3804 2469 3878 edisserendum
2505 3822 2617 3887 est,
2651 3823 2715 3875 ut
2743 3813 2886 3877 inde
2915 3833 3152 3896 quoque
3179 3829 3426 3875 examen
3456 3804 3668 3900 diluci-

264 3931 406 3972 σεως
450 3913 548 3975 τῆς
577 3909 667 3964 τὸν
702 3897 1310 3988 ἑϐδοματικὸνηᾶριθμὸν
1343 3897 1819 3987 περαιωσαμένης,
1854 3908 1929 3966 διὰ

2019 3903 2152 3965 dius
2185 3904 2490 3985 procedat,
2516 3922 2651 3965 cum
2684 3905 3211 3967 examinandorum
3245 3897 3664 3988 dijudicando-

264 4000 460 4075 τόμου,
533 3996 586 4053 ἐν
629 4000 674 4072 ᾧ
700 3999 786 4053 καὶ
833 3999 892 4053 τὸ
922 3998 982 4055 ἐκ
1012 3985 1216 4078 Πατρὸς
1247 3996 1322 4054 διῖ
1365 3985 1490 4054 Υίοῦ
1521 3985 1929 4078 ἐκπορευόμενον

2018 4010 2268 4074 rumque
2299 4011 2514 4074 parens
2546 3992 2606 4055 in
2635 3993 2752 4054 ﬁne
2785 3994 2940 4056 tertii
2961 3992 3170 4072 capitis
3198 4001 3448 4066 asserat,
3483 3985 3667 4066 Spiri-

265 4087 426 4166 ἅγιον
486 4093 696 4162 Πνεῦμα
733 4087 869 4162 μετὰ
899 4093 1002 4143 τῶν
1032 4086 1209 4143 ἄλλων
1258 4085 1642 4165 διατρανοῦται,
1691 4086 1916 4165 βεϐαιω-

2014 4096 2132 4150 Lum
2161 4090 2429 4143 sanctum
2490 4099 2559 4143 ex
2609 4081 2759 4144 Filio
2815 4083 3167 4164 procedere,
3212 4097 3499 4160 nusquam
3531 4089 3666 4139 esse

265 4175 451 4238 θέντος
492 4175 824 4254 ὕπογραφαϊς
855 4176 1230 4256 οἶκειοχείροις
1258 4182 1362 4232 τῶν
1397 4178 1536 4252 αῦτῇ
1563 4175 1923 4254 συνδεδραμην

2014 4169 2240 4250 scripto
2275 4168 2864 4233 traditum.Tarasius
2884 4171 3085 4252 itaque
3112 4167 3463 4256 universalis
3490 4186 3662 4248 syno-

262 4265 445 4323 κότων
473 4263 622 4320 θείων
652 4262 790 4320 ὅλων
847 4255 1119 4343 Πατὲρων,
1170 4269 1258 4322 καὶ
1299 4272 1454 4323 τοῦτο
1509 4269 1923 4346 συνεπεκύρωσε,

2014 4258 2236 4339 di,quae
2265 4258 2517 4340 septima
2549 4277 2796 4321 numero
2833 4268 2939 4336 est,
2975 4274 3292 4340 praises,“
3327 4255 3662 4346 Patre-pcr-

263 4355 355 4411 καὶ
413 4351 590 4410 λοιποὶ
648 4355 750 4431 πρὸ
809 4354 965 4410 αὺτοῦ
995 4355 1243 4433 θεηγόροι
1287 4358 1425 4412 θεῖοι
1469 4343 1929 4412 διδάσκαλοι-κατᾶ

2020 4348 2232 4411 Filium
2264 4347 2546 4428 Spiritum
2581 4349 2849 4410 sancium
2898 4347 3222 4429 procedere
3271 4363 3406 4406 cum
3439 4343 3571 4405 aliis
3600 4344 3662 4405 in

258 4443 416 4522 ῥῆμα
475 4419 897 4520 παραδεδώκασι,
946 4419 1172 4521 πρὸςνθὸἱ
1207 4442 1522 4521 θεολογικῶν
1567 4444 1626 4500 ἐκ
1669 4441 1929 4524 διασαφή-

2019 4445 2177 4498 tomo
2207 4455 2239 4499 a
2268 4419 2334 4499 se
2366 4436 2724 4509 confecto,et
2750 4419 3292 4518 subscriptionibus
3323 4451 3528 4495 eorum
3560 4434 3662 4514 qui

262 4553 402 4588 σεων
476 4532 746 4609 πατρικῶν
804 4531 1113 4605 ματαιάζειν
1177 4530 1410 4588 δεικνύον
1456 4533 1574 4598 τοὺς
1618 4523 1929 4599 διαπληκτι-

2019 4537 2417 4588 convenerant
2452 4533 2788 4587 sanctorum
2823 4527 3086 4588 omnium
3137 4530 3370 4588 Patrum
3403 4523 3661 4604 propriis

263 4617 526 4697 ζομένους
585 4619 715 4698 πρὸς
783 4619 904 4682 τούς
974 4619 1038 4676 ἐκ
1079 4620 1284 4697 Πατρίις
1343 4623 1426 4676 καὶ
1501 4624 1620 4678 Υἱοῦ
1687 4620 1929 4700 λέγοντας

2018 4613 2294 4676 manibus
2326 4615 2568 4694 signatis
2597 4615 2970 4692 conﬁrmato,
3026 4624 3230 4696 aperte
3287 4613 3567 4686 declarat,
3603 4620 3662 4674 et

265 4708 665 4787 ἐκπορεύεσθαι,
741 4708 1111 4788 μαχεσάμενοι
1163 4723 1279 4774 τοῖς
1341 4711 1567 4789 προὸἄσι
1597 4708 1713 4768 καθ’
1781 4713 1934 4786 ἡμῶν

263 4792 570 4870 πανδήμοις
642 4795 1025 4875 δικαστηρίοις,
1073 4798 1270 4855 ἐκεῖνοι
1345 4798 1570 4878 μεγάλοι
1643 4802 1934 4878 προήγοροι

264 4887 376 4943 τῶν
448 4885 586 4958 ἡμῖν
641 4884 1120 4943 ἀντικαθιστάντων
1191 4889 1265 4951 εἷς
1319 4886 1532 4944 ἐννοιῶν
1590 4888 1932 4955 συδθολώσεις

264 4979 362 5030 τοῦ
419 4969 787 5052 ἐκπορεύεσθαι
867 4978 955 5032 καὶ
1039 4978 1356 5052 ὁμωνυμιιῦν
1444 4976 1759 5056 ἑτερότητας
1817 4977 1926 5034 άπ-

263 5059 604 5138 ηνέχθησαν,
664 5062 742 5137 μὴ
815 5065 876 5119 τὸ
927 5065 1062 5139 μετὰ
1122 5067 1320 5121 σκοπὸν
1369 5065 1638 5146 ἀποφῆναι
1667 5067 1932 5146 ἰσχῦσαν-

2015 4705 2114 4769 alii
2142 4713 2279 4768 ante
2309 4706 2500 4787 ipsum
2530 4705 2877 4787 diviniloqui
2907 4706 3097 4767 sancti
3141 4705 3413 4766 doctores
3443 4703 3656 4765 iisdem

2015 4795 2332 4876 ipsissimis
2361 4793 2555 4858 verbis
2586 4793 3150 4867 tradiderunt.Quod
3182 4794 3320 4855 licet
3350 4800 3470 4854 tum
3495 4793 3660 4854 theo-

2016 4884 2222 4963 logicis
2250 4884 2591 4954 enuntiatis,
2627 4896 2750 4944 tum
2775 4884 3006 4946 Patrum
3035 4880 3528 4963 explicationibus
3559 4899 3658 4942 os-

2015 4973 2216 5037 tendat
2239 4992 2340 5036 eos
2358 4973 2458 5055 qui
2482 4992 2548 5036 ex
2572 4976 2741 5037 Patre
2768 4983 2824 5035 et
2847 4973 2991 5035 Filio
3014 4972 3300 5053 Spiritum
3333 4971 3660 5052 procedere

2015 5062 2420 5124 asserentibus
2447 5071 2806 5143 repugnant,
2835 5062 3009 5123 stulte
3043 5061 3222 5123 nimis
3251 5079 3446 5140 agere,
3470 5059 3660 5141 publi-

261 5171 384 5211 τες.
441 5150 536 5206 Καὶ
565 5151 734 5222 ὃπως,
780 5149 993 5232 ἐφεξῆς,
1029 5155 1172 5210 Μετὰ
1202 5155 1296 5218 τὰς
1341 5154 1763 5232 ἐπενηνεγμένας
1791 5158 1929 5228 ἡμῖν

2020 5153 2106 5214 cis
2135 5151 2422 5214 adversus
2451 5170 2557 5213 nos
2583 5151 2894 5233 praeteritis
2921 5151 3093 5213 annis
3111 5149 3355 5231 judiciis
3378 5149 3659 5210 constitu-

264 5233 580 5302 πολυειδεῖς
634 5237 920 5304 καταδικας
967 5245 1013 5298 οἱ
1069 5241 1254 5318 μέλανι
1312 5244 1612 5318 συνθέμενοι
1659 5244 1745 5299 καὶ
1788 5239 1927 5324 χειρῖ

257 5335 394 5388 ταῖς
447 5327 554 5383 τῶν
611 5327 934 5405 ἑτεροτήτων
992 5333 1367 5410 καινοιρωνίαις
1424 5333 1524 5400 τὴν
1589 5333 1660 5396 εἷς
1722 5330 1926 5412 δυσφη-

264 5413 397 5492 μίαν
469 5414 890 5494 ἆνωμολόγησαν
921 5417 1207 5483 ἔκπτωσιν,
1241 5422 1396 5488 Γνοίη
1428 5419 1474 5477 δ’
1544 5421 1604 5477 ἄν
1637 5423 1664 5477 ὃ
1709 5421 1926 5500 ἐρευνῆ-

264 5525 357 5562 σαι
432 5506 808 5583 προθυμηθεὶς,
844 5508 888 5563 εί
943 5509 1031 5564 καὶ
1103 5508 1245 5572 αὖθις
1288 5511 1322 5577 ἡ
1382 5507 1671 5584 δυναστεία,
1727 5511 1812 5566 καὶ
1860 5517 1928 5588 τῇ

261 5599 360 5650 τοῦ
432 5596 665 5664 πλήθους
727 5600 1085 5675 νενευρωμὲνῃ
1140 5599 1301 5676 ῥοπῇ,
1363 5600 1428 5654 τα
1488 5600 1617 5656 αὸτα
1670 5599 1922 5676 θρασύνε-

257 5704 350 5741 ται
414 5681 533 5740 καθ’
587 5687 743 5760 ἡμῶν
787 5685 873 5741 καὶ
930 5684 1226 5766 διορθὼσεις
1281 5685 1633 5766 προϐάλλεται
1685 5694 1761 5762 τῷ
1790 5709 1922 5768 συγ-

2024 5243 2116 5318 tis,
2135 5241 2411 5303 refellere
2439 5240 2631 5304 conati
2665 5239 2857 5319 magni
2880 5239 2966 5301 illi
2995 5239 3126 5318 viri,
3162 5246 3496 5300 nostrorum
3545 5239 3656 5300 ad-
3729 5306 3733 5310 ,

2008 5329 2404 5391 versariorum
2457 5329 2830 5410 defensores,
2891 5327 2962 5389 ad
2996 5328 3271 5388 contusas
3332 5343 3660 5408 pravasque

2011 5418 2360 5492 sententias,
2396 5426 2454 5480 et
2476 5417 2640 5480 verbi
2666 5416 2990 5498 procedere
3019 5417 3166 5480 alios
3196 5425 3374 5497 atque
3401 5415 3550 5478 alios
3569 5415 3656 5478 si-

2010 5507 2414 5589 gniﬁcatus,et
2441 5507 2631 5568 varias
2655 5505 3067 5588 homonymias
3089 5506 3503 5584 confugerunt,
3523 5525 3656 5567 cum

2011 5618 2126 5659 non
2156 5596 2633 5679 potuerint,quod
2657 5595 3149 5676 illispropositum
3186 5596 3375 5656 fuerat
3402 5597 3656 5679 demon-

2007 5675 2284 5759 strare,et
2307 5675 2604 5769 quomodo
2639 5685 2694 5746 id
2733 5675 3034 5766 peractum
3060 5689 3159 5766 sit,
3194 5684 3249 5748 in
3270 5675 3659 5766 sequezﬂibus
