4206 6292
382 250 538 317 1285

1661 234 1971 319 GEORGH
2011 245 2475 316 neruorum

3599 245 3759 317 m6

376 389 462 452 δος
506 387 592 445 διὰ
633 386 813 454 δυάδος
856 388 1057 457 ἁπλῆς.
1102 388 1251 448 Ἐπεὶ
1280 397 1366 447 οὖν
1395 391 1456 445 τὸ
1488 398 1645 445 Θεῖον
1676 389 1729 467 ἐν
1762 391 1847 445 καὶ
1871 387 2018 467 τριάς

2114 387 2306 449 Patres
2335 394 2695 466 asseverant,
2723 385 2930 447 eadem
2959 382 3015 446 vi
3046 384 3328 466 polleant.
3360 385 3599 449 Etenim
3614 404 3749 446 cum

375 468 508 548 ξστι,
564 479 651 534 καὶ
693 480 766 541 ὡς
801 479 898 555 μὲν
941 477 995 534 ἕν
1048 476 1411 557 ἂπαράδεκτον
1466 478 1577 534 ἐστι
1635 466 1720 535 καὶ
1772 466 2015 557 ἀριθμοῦ,

375 567 463 622 καὶ
492 566 812 643 μεσότητος,
844 570 932 625 καὶ
986 566 1205 642 τάξεως,
1252 570 1339 624 καὶ
1395 572 1501 624 τῶν
1558 568 1810 624 τοιούτων
1844 585 1858 598 ⁸
1918 572 2020 621 ποῦ

373 656 476 735 γὰρ
506 661 583 729 τῷ
608 654 681 713 lvi
709 664 786 732 τῷ
828 658 962 736 ἁπὲρ
992 663 1096 714 πᾶν
1141 656 1194 713 ἔν
1241 658 1351 714 ὅντι
1385 658 1557 714 ποσὸν
1587 658 1673 714 καὶ
1730 656 1893 732 μέσον
1934 656 2022 711 καὶ

375 742 520 810 τάξις
565 744 619 800 ἐν
662 744 896 803 πλείοσιν
947 746 983 814 ἢ
1026 748 1158 826 τρισὶ
1217 746 1566 827 τούλάχιστον
1622 748 1768 803 ταυτὶ
1795 744 2022 825 θεωρού-

378 854 512 909 μενα
542 852 558 914 ;
609 836 683 899 ὡς
714 834 767 891 δὲ
797 837 911 914 τρία
940 836 1139 893 τούτων
1170 837 1278 893 ἐστὶ
1307 835 1565 909 δεκτικὸν,
1599 833 1740 905 πλήν
1769 837 1857 891 καὶ
1885 833 2022 890 οὕτω

377 923 707 1001 θεοπρεπῶς,
767 926 856 981 καὶ
909 936 1031 988 ταῖς
1088 927 1206 1004 περὶ
1236 926 1367 981 θεοῦ
1398 922 1746 994 καταλλήλως
1777 922 2022 993 ἐννοίαις,

377 1009 466 1064 καὶ
531 1012 592 1067 τὸ
661 1021 754 1071 τοῦ
813 1012 1033 1091 ἀριθμου
1098 1012 1431 1092 παράδειγμα
1504 1019 1596 1069 τοῦ
1677 1010 2026 1086 διωρισμένου

378 1106 545 1157 ποσοῦ
586 1101 853 1180 τυγχάνον
907 1102 977 1166 εἰς
1050 1102 1279 1158 εἰκασίαν
1346 1100 1841 1182 παραληφθήσεται,
1899 1100 2027 1153 καθὸ

378 1188 466 1242 καὶ
522 1189 558 1255 ἡ
616 1191 772 1267 Τριὰς
831 1188 1132 1272 διορίζεται,
1165 1204 1288 1254 ταῖς
1319 1192 1457 1249 κατᾶ
1502 1191 1598 1258 τὴν
1642 1187 1867 1269 πρόοδον
1895 1189 2028 1243 ὑπο⁸

380 1292 671 1342 στατικαῖς
716 1278 965 1346 ἰδιότησι.
1034 1288 1333 1359 Διαιρεῖται
1384 1280 1483 1358 γὰρ
1551 1276 1883 1358 ἀδιαιρέτως,
1939 1276 2026 1332 καὶ

379 1364 692 1423 συνάπτεται
745 1365 1077 1448 διῃρημένως
1120 1376 1198 1445 τῷ
1254 1366 1530 1449 παραδόξῳ
1584 1373 1683 1434 τῆς
1725 1368 1865 1431 θείας
1922 1384 2022 1440 με-

318 1520 321 1527 η
389 1451 762 1531 γαλειότητος.
850 1466 954 1516 Τοῦ
1029 1458 1221 1516 λοιπσῦ
1283 1459 1516 1537 πρόσχες
1586 1458 1716 1537 πρὸς
1796 1461 1925 1512 Θεοῦ
1994 1454 2023 1509 6

384 1541 676 1615 ἀκροατής,
723 1545 1049 1625 Προθὲμενος
1099 1549 1128 1603 6
1185 1547 1416 1627 ἐρωτῶν,
1472 1549 1544 1609 ὡς
1588 1542 2023 1624 διαπορούμενος,

378 1637 495 1696 πῶς
526 1631 587 1688 ἔκ
610 1639 709 1701 τῆς
743 1634 900 1692 ἆΰλου
937 1634 1120 1701 δυάδος
1149 1638 1211 1693 16
1255 1634 1309 1692 ἕν
1333 1640 1471 1692 εἶναι
1501 1635 1734 1707 δύναται,
1768 1635 1855 1690 καὶ
1880 1653 2021 1709 παρ-

381 1694 526 1787 tua:
735 1726 901 1781 αἰτίαν
939 1694 1221 1804 ἐπαγαγὼν
1277 1727 1369 1782 τοῦ
1410 1726 1489 1801 μὴ
1519 1694 1758 1803 δυνατὸν,
1801 1727 1879 1796 τῷ
1925 1694 2024 1787 16v
2047 1694 2084 1742 Β

380 1807 582 1884 μονάδα
612 1812 781 1869 αἰτίαν
812 1814 952 1871 εἶναι
982 1816 1070 1871 καὶ
1113 1817 1172 1872 οὗ
1208 1812 1388 1889 δυάδα,
1420 1816 1494 1877 ὡς
1525 1813 1714 1869 έθέλων
1742 1811 1827 1868 διὰ
1855 1808 2023 1885 μέσης

354 1899 686 1977 ’προτάσεως
736 1906 859 1977 τῆς,
891 1902 971 1959 ὅτι
1015 1903 1068 1960 ἒν
1099 1905 1159 1959 16
1185 1903 1368 1959 αἴτιον
1398 1905 1483 1960 οιαὶ
1513 1904 1572 1959 οὐ
1605 1900 1718 1982 δύο,
1747 1895 2023 1977 συμπερά-

382 2008 463 2042 ναι
494 1989 555 2043 τὸ
614 1990 691 2065 μὴ
747 1988 808 2047 έκ
839 1998 946 2047 τῶν
976 1990 1064 2048 δύο
1105 1994 1166 2049 τὸ
1209 1990 1263 2048 ἔν
1295 1993 1437 2049 εἶναι
1472 2007 1486 2021 ⁸
1520 1998 1673 2048 τοῦτο
1701 1991 1800 2069 γὰρ
1830 1987 2023 2063 ἆπῂτει

380 2075 443 2130 16
489 2079 741 2155 προταθὲν
793 2076 848 2145 ἐξ
889 2080 1128 2158 ἀνάγκης
1161 2095 1176 2111 ⁸
1211 2083 1239 2137 6
1272 2079 1326 2136 δὲ
1368 2079 1454 2137 διὰ
1494 2086 1601 2135 τῶν
1630 2076 1822 2154 μεταξὺ
1851 2074 2025 2152 λόγων

381 2164 508 2222 αὐτὸ
550 2165 752 2239 μᾶλλον
794 2170 1217 2241 κατασκευάσας,
1262 2171 1318 2226 ἐν
1370 2169 1457 2234 οἷς
1502 2190 1633 2247 φησι
1669 2187 1681 2201 ⁸
1736 2165 1902 2242 μονὰς
1928 2163 2027 2241 γὰρ

382 2253 455 2317 εἰς
508 2250 664 2310 δυάδα
720 2268 971 2338 κινεῖται,
1029 2259 1273 2315 κάκεῖθεν
1318 2259 1391 2321 εἰς
1452 2255 1665 2334 Τριάδα,
1699 2261 1850 2311 τοῦτο
1881 2250 1935 2307 δὲ
1976 2253 2027 2309 τί

382 2338 535 2419 ἄλλο,
582 2342 619 2412 ἢ
674 2342 754 2400 ὅτι
810 2345 869 2403 ἐκ
925 2344 1147 2423 μονάδος
1198 2346 1347 2421 δυὰς,
1396 2348 1483 2404 καὶ
1525 2344 1586 2403 ἐκ
1625 2342 1809 2407 δυάδος
1856 2340 2023 2421 τριὰς,

382 2427 510 2509 ὅπερ
565 2433 627 2488 τὸ
685 2431 739 2489 ἔν
798 2435 932 2491 κατὰ
987 2437 1049 2492 τὸ
1096 2433 1436 2514 διωρισμένον
1495 2441 1587 2513 τοῦ
1656 2433 1892 2513 ἀριθμοῦ,
1952 2430 2026 2491 ὡς

383 2517 681 2596 έλέγομεν;
758 2522 786 2578 ὃ
829 2524 916 2579 καὶ
958 2524 986 2579 6
1028 2525 1343 2600 περίπυστος
1385 2526 1443 2581 ἓν
1484 2521 1725 2602 θεολογίᾳ
1767 2520 2030 2585 συντίθησι

382 2608 598 2688 φάσκων
631 2625 646 2640 ⁸
726 2630 756 2670 (
801 2613 975 2678 Μονὰς
1030 2614 1130 2693 γὰρ
1211 2616 1283 2679 εἷς
1342 2612 1498 2671 δυάδα
1542 2616 1816 2679 κινηθεῖσα
1872 2608 2033 2687 μέχρι

384 2697 599 2776 Τριάδος
640 2698 768 2768 ἔστη
794 2719 811 2737 ⁸
861 2725 889 2757 ι
938 2702 1248 2782 συνεπέρανε
1290 2705 1351 2759 16
1381 2704 1459 2780 μὴ
1487 2702 1554 2759 τὰ
1595 2700 1682 2759 δύο
1712 2699 1860 2757 αἴτια
1890 2701 2030 2759 εἶναι

364 2789 478 2845 ’τοῦ
526 2789 666 2869 ἑνὸς,
727 2790 863 2848 ἀλλὰ
918 2794 979 2849 16
1030 2793 1084 2849 ἕν
1139 2800 1245 2850 τῶν
1300 2792 1414 2856 δύο,
1467 2783 1712 2850 "Ea-1166
1743 2788 2031 2847 αἴτιοντοῦ

386 2876 750 2942 ἀνακολούθως
782 2879 941 2954 οὕτω,
1008 2885 1094 2938 καὶ
1150 2884 1227 2959 μὴ
1269 2884 1404 2939 κατὰ
1445 2884 1508 2939 16
1566 2876 2030 2959 προῦληματισθὲν

366 2967 448 3022 ’τδ
518 2966 868 3047 συμπέρασμα
926 2970 1122 3051 θέσθαι,
1203 2993 1262 3027 τε
1318 2970 1519 3029 οἴεσθαι
1570 2968 1659 3027 δύο
1714 2967 1864 3024 αἴτια
1914 2966 2026 3020 εἰσ-

2101 473 2497 553 interrogans,
2532 491 2728 554 neque
2758 472 2894 534 aliis
2920 491 3113 554 neque
3143 474 3454 555 exemplis,
3482 474 3583 554 qui
3615 491 3749 535 eum

2104 572 2565 645 praecesserunt,
2596 563 2934 625 divinorum
2963 563 3202 644 pietatis
3234 565 3616 646 principium,
3642 564 3749 626 sed

2105 653 2361 733 propriis
2393 653 2649 734 insistat,
2673 671 2878 714 eorum
2900 672 3135 734 queque
3165 652 3322 716 dicta
3352 674 3471 716 non
3499 654 3573 716 ab
3592 654 3746 735 ipso,

2105 740 2208 801 sed
2242 761 2274 802 a
2306 742 2549 804 veritate
2580 741 3029 815 emanantia,uti
3064 741 3155 803 illi
3202 741 3745 805 lucidissimeirra-

2105 828 2293 905 diare,
2327 830 3154 893 demonstrabitur.Numerus
3174 829 3334 890 enim
3360 830 3531 892 divisi
3557 839 3747 906 est,ex

2106 936 2223 998 quo
2254 919 2701 996 enascitur,non
2732 918 3022 999 continui,
3051 931 3109 979 et
3137 919 3466 981 secundum
3500 920 3748 981 divisio-

2109 1023 2246 1066 nem
2276 1007 2655 1086 singulariter
2687 1007 2975 1089 provenit,
2997 1026 3114 1068 non
3144 1008 3472 1070 secundum
3497 1027 3744 1090 compo-

2109 1092 2409 1170 sitionem,
2442 1113 2511 1156 ex
2538 1095 2763 1157 unitate
2784 1096 3055 1176 dualitas,
3092 1104 3148 1157 et
3174 1116 3243 1159 ex
3267 1097 3548 1159 dualitate
3579 1100 3742 1173 trias,

2110 1200 2229 1243 non
2278 1202 2409 1263 qua;
2455 1194 2865 1265 compoantur,
2900 1185 3004 1245 sed
3038 1204 3105 1245 ex
3135 1185 3409 1248 dualitate
3469 1186 3642 1248 veluti
3672 1189 3745 1248 ad

2108 1270 2420 1352 unitatem,
2456 1291 2587 1353 qna
2616 1282 2754 1336 ante
2782 1273 2970 1354 ipsam
3004 1282 3112 1349 est,
3157 1283 3256 1335 aut
3285 1293 3356 1337 ex
3386 1276 3612 1338 unitate
3642 1293 3749 1357 per

2108 1359 2448 1422 dualitatem
2481 1361 3090 1443 simplicem.Quando
3121 1362 3297 1440 igitur
3312 1363 3468 1426 Deus
3488 1383 3672 1426 unum
3688 1376 3748 1428 et

2103 1448 2311 1509 trintas
2359 1458 2469 1524 est,
2504 1460 2561 1511 et
2591 1459 2652 1512 ut
2683 1469 2890 1525 unum,
2927 1469 3122 1532 neque
3166 1470 3506 1534 numerum,
3555 1472 3749 1534 neque

2104 1536 2392 1623 medium,
2426 1556 2620 1619 neque
2650 1540 2945 1621 ordinem,
2995 1558 3187 1621 neque
3228 1540 3447 1603 similia
3474 1542 3743 1623 suscipit.

2103 1621 2411 1687 Undenam
2455 1628 2611 1688 enim
2664 1628 2725 1689 in
2775 1647 2915 1704 uno,
2951 1630 3108 1709 quod
3155 1647 3336 1709 supra
3365 1648 3541 1692 omne
3564 1621 3744 1692 unum

2107 1720 2213 1783 est,
2252 1721 2310 1773 et
2337 1716 2629 1795 quantitas
2675 1726 2735 1780 et
2786 1718 3043 1779 medium
3094 1726 3151 1779 et
3181 1718 3325 1780 ordo
3355 1718 3417 1779 in
3450 1720 3740 1799 pluribus,

2105 1810 2203 1862 aut
2234 1802 2421 1864 tribus
2454 1806 2761 1867 minimum
2794 1805 3306 1869 consideraveris?
3340 1807 3432 1871 Uti
3464 1828 3602 1871 vero
3637 1812 3741 1871 tria

2105 1889 2253 1966 hinc,
2286 1895 2387 1954 sed
2440 1893 2638 1955 divino
2686 1896 2940 1977 quodam
2976 1897 3175 1973 modo,
3210 1898 3746 1974 etcogitationibus

2106 1979 2228 2041 Deo
2258 1982 2386 2062 ipso
2414 1984 2837 2046 addecentibus
2867 1984 3140 2061 admittit,
3176 1994 3233 2047 et
3265 1988 3600 2067 exemplum
3637 2009 3746 2051 nu-

2108 2070 2280 2150 meri,
2313 2071 2412 2151 qui
2443 2073 2850 2135 determinataa
2880 2074 3224 2154 quantitatis
3253 2083 3343 2136 est
3370 2074 3432 2136 in
3463 2077 3744 2140 similitu-

2108 2156 2309 2218 dinem
2333 2173 2692 2243 assumetur,
2725 2180 2857 2223 cum
2911 2170 2968 2224 et
2992 2162 3247 2224 Trinitas
3290 2165 3749 2244 proprietatibus

2107 2249 2432 2335 secundum
2469 2268 2841 2330 progressum
2868 2251 3751 2335 determinetur;namqueindi-

2105 2332 2234 2396 vise
2262 2334 2561 2411 dividitur,
2589 2348 2649 2401 et
2677 2340 2864 2401 divise
2892 2341 3226 2403 admirabili
3256 2341 3468 2405 divinae
3486 2332 3753 2424 magnifi-

2113 2425 2319 2488 centia
2374 2428 2548 2489 modo
2591 2429 2992 2511 conjungitur.
3028 2429 3270 2493 Interim
3301 2440 3522 2494 attento
3551 2434 3750 2498 animo

2112 2513 2195 2575 sis
2224 2535 2332 2597 per
2359 2517 2609 2594 Deum,o
2641 2520 3049 2582 auditor.Cum
3078 2520 3449 2601 interrogans
3476 2522 3592 2585 sibi
3614 2543 3752 2606 pro-

2112 2608 2426 2683 posuisset,
2460 2608 2627 2687 quasi
2655 2609 3151 2692 addubitans,qua
3181 2611 3410 2673 ratione
3438 2631 3505 2674 ex
3536 2614 3753 2675 imma-

2112 2694 2321 2759 teriato
2350 2694 2581 2784 duplari
2625 2716 2871 2759 numero
2919 2718 3101 2760 unum
3133 2717 3265 2761 esse
3320 2700 3525 2779 possit,
3557 2710 3617 2764 et
3647 2722 3755 2784 per

2114 2800 2288 2862 quam
2313 2783 2507 2846 subito
2539 2804 2773 2847 causam
2806 2788 3128 2849 adnectens
3159 2787 3289 2849 ﬁeri
3314 2807 3431 2850 non
3460 2808 3656 2868 posse,
3694 2800 3758 2853 ut

2114 2871 2308 2933 unitas
2336 2891 2512 2935 causa
2540 2874 2638 2950 sit,
2674 2883 2729 2936 et
2755 2894 2873 2936 non
2905 2877 3095 2938 dualis
3126 2878 3607 2958 numerus,quasi
3628 2881 3752 2941 vel-

2110 2967 2195 3030 let
2225 2979 2332 3040 per
2354 2964 2612 3024 mediam
2645 2964 3135 3045 propositionem,
3170 2983 3353 3027 unum
3378 2983 3595 3047 nempe
3626 2986 3757 3031 esse

387 3055 559 3135 άγειν,
592 3056 635 3110 εἰ
676 3055 817 3136 λέγει
872 3082 952 3124 τις
1009 3059 1069 3115 lx
1123 3060 1230 3117 τῶν
1268 3058 1357 3117 δύο
1384 3062 1446 3117 16
1474 3058 1553 3124 ἒν,
1585 3060 1748 3117 Τοῦτο
1776 3055 1831 3111 δὲ
1875 3052 2031 3113 οὖδα-

2116 3067 2349 3111 causam
2382 3059 2441 3112 et
2468 3070 2586 3112 non
2642 3053 2782 3127 duo,
2834 3055 3191 3117 concludere
3222 3073 3403 3116 unum
3427 3072 3497 3115 ex
3528 3056 3758 3122 duobus

370 3134 547 3220 νμῶςξ
595 3134 759 3202 ’Ἐστι
816 3146 913 3222 μὲν
967 3148 1067 3227 γὰρ
1110 3150 1173 3205 εκ
1212 3145 1393 3213 δυάδος
1421 3149 1482 3206 16
1512 3147 1589 3221 ἕν,
1621 3150 1682 3204 εκ
1710 3145 1798 3202 δύο
1828 3141 2032 3211 δηλαδὴ

390 3233 627 3310 μονάδων
681 3236 831 3316 τρίτη
891 3238 1079 3313 μονάς.
1140 3239 1199 3295 El
1254 3237 1351 3301 μὲν
1402 3239 1490 3294 οὗν
1519 3237 1579 3295 ἐκ
1606 3236 1694 3293 δύο
1722 3234 2031 3314 ἂντιδιῃρη-

388 3322 561 3399 μένων
604 3322 690 3400 ᾖν,
751 3325 788 3393 ἢ
852 3324 1185 3403 διῃρημένων
1245 3325 1435 3401 οὕτως,
1495 3328 1568 3390 ὡς
1610 3328 1672 3383 16
1722 3324 1897 3403 ἕτερον
1954 3322 2033 3398 μὴ

390 3413 518 3488 πρὸς
574 3413 635 3468 τὸ
678 3411 851 3493 ἕτερον
894 3414 1257 3495 ἀναφέρεσθαι,
1318 3414 1434 3491 μετ’
1486 3414 1538 3480 ἔξ
1582 3414 1778 3472 ἰκείνου
1804 3415 1865 3470 16
1894 3417 2034 3469 εἶναι

388 3498 562 3581 ἔχειν,
623 3503 760 3578 μήτε
817 3505 1086 3579 μεσότητα
1123 3505 1221 3573 τὴν
1250 3506 1386 3561 κατὰ
1428 3505 1526 3572 τὴν
1567 3502 1789 3584 πρόοδον
1822 3518 1836 3533 ⁸
1873 3502 2036 3581 ἧηγὰρ

391 3590 453 3647 ἂν
509 3594 576 3668 ᾖν
630 3590 789 3672 οὕτω,
851 3595 939 3650 καὶ
993 3597 1055 3651 16
1098 3596 1270 3676 τρίτον
1310 3596 1369 3651 οὗ
1396 3595 1592 3674 τρίτον,
1637 3592 1772 3651 ἀλλᾶ
1802 3590 2037 3671 δεύτερον

391 3680 653 3760 ἑκατέρων
709 3680 850 3740 ἔνθεν
907 3685 995 3741 καὶ
1051 3683 1192 3742 ἔνθεν
1243 3683 1638 3763 θεωρουμένων,
1686 3683 1773 3739 καὶ
1802 3682 1863 3739 οὒ
1902 3682 2039 3738 κατὰ

390 3771 488 3839 τὴν
536 3768 654 3838 ἰξῆς
723 3772 1035 3851 τοπαράπαν
1092 3771 1399 3853 προέλευσιν
1431 3788 1448 3805 ⁸
1495 3773 1712 3837 εἰκότως
1766 3771 1829 3829 ἂν
1882 3774 1910 3828 6
1941 3771 2037 3838 τῆς

391 3857 669 3939 δυαρχίας,
726 3861 814 3917 καὶ
867 3861 963 3928 τ’ἦς
1019 3860 1211 3930 διπλῆς
1284 3862 1447 3927 αἰτίας
1528 3860 1687 3940 λόγος
1745 3862 1986 3940 εἰσήγετο
2019 3885 2035 3901 ο

393 3947 506 4005 έπεὶ
560 3947 615 4004 δὲ
669 3954 833 4005 ταῦτα
891 3950 1027 4006 κατὰ
1074 3952 1138 4007 16
1189 3948 1441 4026 ἔμπαλιν,
1500 3950 1589 4006 καὶ
1634 3950 1668 4017 ἡ
1697 3949 1847 4028 τρίτη
1876 3948 2040 4025 μονὰς

392 4034 477 4093 διὰ
523 4035 621 4105 τῆς
676 4037 844 4113 μέσης
905 4038 1127 4114 μονάδος
1178 4038 1238 4095 ἐκ
1276 4036 1374 4106 τῆς
1429 4038 1647 4117 πρώτης
1691 4038 1779 4094 καὶ
1808 4035 2038 4117 ἂρχικῆς

390 4128 454 4183 16
511 4126 653 4183 εῖναι
696 4126 941 4209 πλουτεῖ,
987 4128 1102 4187 ὃθεν
1154 4130 1241 4186 καὶ
1282 4129 1318 4197 ἡ
1375 4126 1513 4203 μέση
1564 4127 1727 4203 μονάς
1764 4142 1778 4157 ⁸
1840 4126 2041 4197 έκεῖθεν

394 4215 491 4297 ἄρα
532 4218 620 4273 καὶ
661 4217 762 4285 τὴν
817 4218 984 4276 αἰτίαν
1037 4217 1201 4293 ἕλκει,
1260 4216 1508 4297 κάκείνην
1562 4216 1737 4296 ἀρχὴν
1788 4213 1903 4272 οἶδε
1945 4225 2040 4277 καὶ

2116 3156 2235 3199 non
2264 3157 2434 3201 esse:
2461 3141 2573 3202 hoc
2601 3140 2893 3222 siquidem
2921 3145 3076 3224 quod
3096 3143 3757 3225 proposuitnecessario

2115 3227 2611 3310 requirebat,ipse
2639 3230 3027 3294 nihilominus
3049 3251 3157 3312 per
3176 3232 3553 3313 interpositae
3567 3236 3753 3298 ratio-

2117 3335 2224 3379 nes
2253 3317 2313 3378 id
2340 3317 2534 3398 ipsum
2560 3320 2746 3398 magis
2769 3321 3241 3403 conﬁrmat,cum
3264 3320 3575 3383 aitzUnitas
3595 3325 3755 3387 enim

2116 3406 2180 3467 in
2209 3406 2551 3469 dualitatem
2584 3417 2872 3486 movetur,
2910 3410 3170 3494 indeque
3220 3412 3281 3473 in
3318 3412 3662 3495 trinitatem,
3696 3415 3753 3478 id

2116 3513 2255 3557 vero
2286 3497 2425 3577 quid
2458 3505 2546 3558 est
2565 3498 2724 3560 aliud
2746 3518 2921 3579 quam
2954 3518 3022 3562 ex
3052 3501 3278 3565 unitate
3308 3502 3585 3575 dualitas,
3610 3512 3668 3565 et
3686 3525 3758 3569 ex

2119 3585 2404 3647 dualitate
2436 3586 2853 3668 trinitas,quod
2883 3599 2973 3651 est
3007 3609 3183 3653 unum
3203 3595 3531 3659 secundum
3555 3598 3759 3660 deter-

2122 3675 2404 3767 minatam
2438 3693 2777 3767 numerum,
2812 3687 2876 3739 ut
2905 3678 3279 3745 dicebamus?
3294 3692 3353 3745 et
3381 3684 3440 3746 in
3469 3687 3760 3767 theologia

2121 3762 2498 3842 praecelebris
2517 3765 2859 3843 concordat,
2894 3787 3027 3830 cum
3049 3770 3262 3852 inquit,
3304 3798 3330 3829 α
3363 3773 3566 3839 Unitas
3597 3762 3757 3840 enim

2120 3852 2182 3946 in
2204 3852 2548 3946 dualitatem
2583 3857 2831 3928 mota,in
2861 3857 3147 3921 Trinitate
3175 3862 3758 3946 subsistit,-conclu-

2123 3942 2344 4016 sit,duo
2378 3943 2551 4004 unius
2572 3962 2805 4006 causam
2835 3965 2952 4007 non
2986 3951 3250 4025 esse,sed
3273 3942 3460 4015 unum
3486 3955 3757 4018 duorum.

2125 4034 2312 4095 Causa
2340 4048 2477 4094 vero
2507 4034 2774 4113 est,adeo
2797 4035 3521 4117 inconsequenter,etnon
3552 4063 3765 4107 secun-

2124 4122 2273 4211 dum,
2287 4120 2650 4200 propositum
2676 4124 2979 4203 problema
3000 4127 3440 4192 conclusionem
3457 4133 3758 4211 colligere,

2124 4210 2281 4291 quod
2310 4211 2760 4302 opinetu_r,duas
2783 4232 2989 4276 causas
3008 4215 3409 4295 introducere,
3443 4210 3637 4302 siquis
3666 4210 3763 4284 di?

393 4294 558 4385 ῥίζαν,
589 4307 664 4370 ὼς
710 4306 832 4383 μίαν
862 4307 1004 4364 εἶναι
1035 4305 1322 4388 διαφαδῶς.
1383 4294 1640 4380 Ἵδωμενν
1660 4294 1879 4366 ήοῦκοῦνη
1908 4304 2032 4361 οἷά-

2126 4299 2300 4375 xerit,
2326 4317 2394 4360 ex
2425 4299 2656 4362 duobus
2712 4321 2894 4363 unum
2926 4322 3081 4365 esse.
3135 4306 3257 4368 Sed
3299 4307 3363 4370 in
3395 4294 3557 4371 nullo
3584 4310 3761 4372 modo

392 4416 492 4474 περ
546 4396 594 4451 oi
650 4400 754 4452 τῶν
804 4396 956 4452 θείων
1016 4396 1326 4475 έκφάντορες
1369 4394 1433 4449 16
1490 4399 1720 4473 πρῶτον,
1757 4394 1819 4449 16
1850 4392 2033 4469 μέσον,

390 4486 453 4541 16
508 4483 705 4564 τρίτον,
754 4486 815 4541 16
860 4483 915 4550 ἒξ
960 4485 1160 4564 ἀμφοῖν
1204 4482 1288 4540 ἐπὶ
1328 4484 1434 4538 τῶν
1475 4484 1772 4561 θεαρχικῶν
1823 4480 2035 4558 λαμϐά-

395 4594 570 4638 νοντες
649 4573 989 4631 ὕποστάσεων
1087 4570 1406 4650 θεολογικῶς
1477 4569 1852 4631 έκδιδάσκουσι.
1939 4573 2038 4630 Καὶ

396 4668 604 4741 πρῶτος
658 4663 815 4726 αὐτὸς
876 4664 904 4719 6
959 4661 1056 4730 τὴν
1114 4658 1315 4738 μονάδα
1389 4662 1694 4726 κινηθεῖσαν
1752 4662 1823 4725 είς
1879 4658 2036 4723 δυάδα

394 4751 556 4831 μέχρι
615 4750 829 4831 Τριάδος
906 4751 1094 4820 στῆναι
1176 4746 1551 4829 φθεγξάμενος,
1592 4749 1642 4804 ·δ
1698 4750 1786 4806 καὶ
1854 4750 1883 4806 ὁ
1950 4751 2051 4819 τὴν

395 4840 653 4920 ἐρώτησιν
726 4840 1001 4922 προφέρων
1082 4840 1319 4921 φαίνεται
1392 4834 1744 4915 διαγγέλλων,
1842 4839 1897 4896 έν
1962 4841 2050 4905 οἷς

396 4930 605 5010 ἑρωΐζει
660 4930 756 4994 τὰς
813 4932 942 5011 πρὸς
985 4928 1284 5010 παρθένους.
1325 4927 1617 4999 ὑποθήκας,
1651 4924 1786 4984 οὕτω
1840 4931 1998 5010 φησίν
2028 4952 2045 4969 ο

400 5042 430 5076 α
477 5021 564 5100 Εἷς
623 5022 752 5087 Θεὸς
810 5020 871 5078 ix
920 5019 1138 5100 γενέταο
1179 5016 1247 5075 δι’
1305 5018 1424 5080 Υὶος
1453 5014 1582 5083 έστη
1617 5034 1630 5049 ⁸
1685 5035 1710 5071 ι
1745 5021 1878 5095 μετά
1906 5042 2045 5095 τινα,

386 5131 426 5167 ,ε
478 5099 786 5186 ’ἱσταμένης
868 5099 1120 5177 θεότητος
1190 5106 1264 5164 ἐνὶ
1334 5103 1565 5162 τελέοἰσι
1632 5105 1861 5175 τελείης.
1896 5134 1925 5167 ι
1991 5102 2049 5171 Ὀ

2121 4397 2498 4477 est,namque
2528 4397 2707 4452 estex
2738 4391 3019 4454 dualitate
3049 4411 3258 4477 unum,
3279 4414 3348 4457 ex
3378 4397 3610 4462 duabus
3640 4400 3763 4462 sci-

2119 4476 2261 4539 licet
2290 4477 2618 4540 unitatibus
2649 4479 2822 4542 tertia
2850 4480 3270 4562 unitas.Igitur
3296 4485 3348 4546 si
3377 4504 3447 4549 ex
3473 4488 3706 4550 duobus
3733 4506 3769 4551 a

2119 4584 2186 4629 se
2213 4566 2527 4645 disjunctis
2548 4577 2706 4631 esset
2732 4580 2832 4631 aut
2858 4570 2940 4632 ita
2961 4571 3188 4649 divisis,
3222 4582 3286 4635 ut
3313 4594 3494 4638 unum
3523 4577 3596 4639 ad
3626 4578 3767 4640 alte-

2133 4674 2265 4718 rum
2293 4675 2411 4719 non
2432 4656 2777 4748 referretur,
2803 4677 2997 4740 neque
3018 4658 3216 4726 abillo
3241 4664 3768 4748 exsisteret,neque

2136 4746 2400 4808 medium
2429 4762 2583 4807 esset
2602 4746 2664 4809 in
2689 4766 3023 4828 progressu,
3056 4749 3130 4827 si,
3162 4750 3426 4832 inquam,
3459 4755 3571 4817 hoc
3591 4746 3769 4818 modo

2133 4852 2198 4897 se
2228 4834 2496 4911 haberet,
2530 4844 2589 4897 et
2619 4836 2854 4898 tertium
2884 4856 3002 4899 non
3025 4838 3287 4917 tertium,
3313 4842 3418 4904 sed
3440 4844 3768 4907 secundum

2132 4924 2274 4987 hinc
2294 4932 2353 4985 et
2374 4925 2512 4986 hinc
2538 4925 2697 4987 inter
2723 4925 2896 4987 ambo
2921 4928 3422 5013 consideraretur,
3445 4940 3502 4995 et
3529 4952 3648 4996 non
3680 4952 3770 4995 se-

2132 5013 2391 5075 cundum
2423 5014 2601 5077 seriei
2632 5015 3053 5077 asservientem
3075 5018 3504 5098 egressionem,
3532 5041 3650 5085 non
3672 5022 3770 5083 in-

2132 5121 2395 5181 congrue
2422 5106 2671 5167 duorum
2729 5103 3183 5185 principiorum,
3218 5117 3277 5170 et
3306 5110 3559 5192 duplicis
3582 5129 3775 5174 causa

382 5199 642 5279 -σόμφρων
712 5200 894 5257 τούτου
958 5201 1047 5257 καὶ
1097 5197 1378 5275 ὁμώνυμος
1446 5194 1724 5254 Νυσσαέων
1794 5196 2032 5279 λαμπτῆε

2129 5192 2277 5255 ratio
2301 5192 2800 5256 introduceretur.
2837 5194 3256 5260 Verumtamen
3285 5219 3417 5263 cum
3451 5202 3543 5262 hae
3570 5219 3639 5263 ex
3660 5200 3773 5262 ad-

394 5287 450 5344 ἄν
504 5294 581 5363 τῷ
636 5290 753 5367 περὶ
798 5298 891 5349 τοῦ
949 5289 1100 5367 ἁγίου
1153 5286 1460 5361 Πνεύματος
1523 5285 1658 5343 κατὰ
1715 5286 2032 5347 Μακεδονιᾶ-

2126 5300 2298 5344 verso
2323 5300 2387 5343 se
2419 5282 2760 5359 habeant,et
2790 5281 2962 5344 tertia
2984 5285 3179 5346 unitas
3201 5306 3309 5367 per
3342 5289 3601 5352 mediam
3633 5289 3773 5351 uni-

396 5382 499 5434 νῶν
538 5442 539 5445 η
569 5376 716 5457 λόγῳ
744 5381 900 5457 φησίν
935 5397 950 5413 ⁸
1004 5396 1030 5433 ε
1067 5375 1185 5457 Ἐφ’
1214 5377 1288 5430 ὧν
1318 5374 1417 5453 γὰρ
1465 5374 1500 5441 ἡ
1552 5375 1687 5433 κατὰ
1734 5378 1796 5433 τὸ
1849 5378 2032 5457 ἀγαθὸν

2127 5380 2307 5437 tatem
2327 5391 2397 5435 ex
2427 5376 2617 5454 prima
2648 5380 2708 5435 et
2728 5369 3040 5460 principali
3065 5378 3503 5460 monade,quod
3534 5380 3607 5441 sit
3627 5397 3775 5460 pos-

392 5464 943 5546 ένὲργιια-οὒδεμίαν,
1018 5464 1330 5548 έλάττωσιν,
1479 5464 1841 5550 παραλλαγὴνζ
1895 5467 2032 5550 ἔχει,

2126 5464 2339 5540 sideat,
2373 5462 2516 5525 inde
2546 5480 2687 5542 ergo
2718 5468 2778 5525 et
2807 5459 3006 5524 media
3043 5463 3237 5527 unitas
3283 5459 3521 5530 causam
3574 5467 3773 5538 trahit.

394 5542 694 5621 πῶςίέστιν
736 5542 952 5636 εὔλογον
984 5550 1102 5625 ’τὴν
1145 5542 1278 5611 κατᾶ
1329 5547 1420 5609 16v
1471 5542 1687 5631 ἀριθμὸν
1716 5542 1858 5622 τάξι)
1890 5542 2032 5617 ἐλξὶτξ

2122 5555 2410 5636 illamque
2422 5552 2781 5635 principium
2798 5556 2975 5632 atque
2998 5551 3286 5632 originem
3306 5555 3400 5620 sui
3418 5556 3780 5638 agnoscit,ut
