4206 6292
566 313 716 379 1291
1840 314 2154 379 GEORGII
2196 313 2661 377 METOCHIT/E
3792 325 3949 390 1292

565 448 817 510 removit
844 446 1241 510 Nihilominus
1261 466 1395 510 cum
1422 453 1480 509 et
1508 447 1849 508 aliaemultaa
1876 446 2045 507 nobis
2066 464 2173 524 sup

2259 467 2379 502 ,σαν
2436 446 2711 525 ἆμέρειαν.
2785 434 2985 530 ’Ὠσπερ
3041 449 3097 507 δὲ
3149 454 3208 509 οὖ
3237 455 3477 532 μερίστὸς
3534 458 3563 511 ὁ
3594 458 3775 526 Πατὴρ
3818 458 3941 518 οὐδὲ

567 546 771 617 petant
795 547 850 601 et
867 538 1211 610 rationes,et
1232 540 1498 598 notiones
1526 555 1831 598 sacrorum
1868 554 2174 617 praeconun

2288 534 2553 626 σύνθετος,
2606 536 2684 593 ὅτι
2742 540 2832 626 τὸν
2861 540 2977 596 Υἱὸν
3007 547 3185 619 γεννᾷ,
3217 544 3305 598 καὶ
3349 545 3408 599 τὸ
3438 550 3649 620 Πνεῦμα
3698 546 3938 626 προϐάλ-

570 645 768 688 rerum
820 628 1258 688 reconditarum
1314 624 1790 687 enarrationibus
1821 626 2083 686 subnixa:
2133 623 2204 684 ad

566 716 971 797 duplicitatem
1004 717 1155 777 hanc
1178 715 1587 796 refellendam,
1615 735 1733 775 uno
1767 723 1986 775 tantum
2020 713 2203 775 exiis-

562 805 697 865 dem
731 806 1000 885 exemplo
1034 806 1209 884 petito
1253 804 1516 867 contenti
1549 805 1794 875 erimus,
1822 804 1964 864 solis
1990 821 2203 881 nempe

560 893 711 954 radii
740 905 798 955 et
828 893 1173 956 luminis.Hi
1228 893 1523 975 siquidem
1583 893 1643 954 in
1697 892 1911 954 exilem
1961 891 2202 953 Deitatis

562 982 899 1063 principum
953 983 1345 1063 hypostaseon
1376 982 1826 1045 similitudinem
1860 983 1966 1043 ista
2013 982 2198 1043 desu-

562 1080 819 1149 mentes,
846 1072 930 1132 uti
963 1090 1033 1132 ex
1066 1073 1193 1132 sole
1222 1081 1278 1133 et
1308 1072 1493 1146 radio,
1531 1091 1598 1132 ex
1627 1069 1955 1130 illuminato
1987 1087 2201 1147 nempe

561 1160 708 1222 orbe
735 1179 842 1241 per
871 1161 1128 1234 radium,
1166 1161 1365 1222 lumen
1398 1160 1520 1221 sive
1548 1159 1919 1220 ell'ulsionem
1963 1158 2196 1238 simpli-

557 1268 687 1311 cem
721 1258 1227 1325 commonstrant;
1273 1269 1398 1330 quae
1421 1250 1580 1310 enim
1611 1250 1788 1328 hujus
1836 1247 2199 1328 duplicitas‘?

558 1338 642 1400 sic
667 1358 735 1401 ei
751 1339 1140 1413 ambobus,ex
1166 1340 1626 1401 Patreduntaxat
1653 1356 1756 1417 per
1772 1336 1985 1398 Filium
2004 1335 2197 1414 Spiri-

554 1434 674 1488 tum
703 1427 1284 1504 decernentegomni
1304 1425 2025 1507 duplicitatesuperiorem
2048 1445 2197 1486 con-

551 1516 998 1579 stituuntJiicet
1024 1516 1608 1596 supersubstantialis
1638 1515 1870 1576 Triadis
1900 1514 2191 1594 simplici-

552 1612 641 1664 tas
661 1623 839 1685 super
859 1623 1097 1665 omnem
1120 1605 1557 1685 simplicitatem
1573 1602 2187 1683 est,quemadmodum

2287 621 2458 698 λεται,
2533 626 2719 704 καίπερ
2775 625 2937 687 ἄλλου
3026 632 3112 686 καὶ
3189 628 3353 688 ἄλλου
3406 621 3778 712 θεωρουμένων
3842 646 3937 694 τοῦ

2287 717 2471 803 γεννᾼᾷν
2524 718 2612 770 καὶ
2662 712 3069 798 προϐάλλεσθαι,
3126 720 3161 786 ἡ
3222 717 3275 775 δὲ
3330 719 3381 786 ἐξ
3450 721 3654 803 ἀμφοῖν
3710 723 3934 802 πρόοδος

2287 804 2322 870 ἡ
2352 800 2498 889 ἀὕτη
2546 804 2633 859 καὶ
2677 804 2791 884 μία,
2841 804 2921 861 ὅτι
2976 808 3053 881 μὴ
3084 809 3247 863 ταῦτα
3279 808 3414 888 μέρη
3472 800 3594 867 ἀλλ’
3645 800 3929 889 ἰδιότητες,

2286 886 2401 944 οὒδὲ
2450 891 2585 946 κατὰ
2637 914 2754 949 τινα
2795 894 2966 969 τομὴν
3020 897 3054 963 ἡ
3109 886 3359 974 ἐκατέρου
3413 901 3717 979 γνωρίζεται
3761 886 3932 981 πρόοέ

2284 974 2392 1066 δος·
2427 978 2592 1042 οὕτως
2624 980 2738 1037 οὔτε
2782 984 2842 1038 τὸ
2900 989 3113 1060 Πνεῦμα
3168 974 3437 1064 μερίστὸν,
3496 974 3608 1045 οῧτε
3662 974 3929 1066 σύνθετον,

2284 1064 2363 1159 δτι
2433 1070 2496 1124 ὲκ
2523 1072 2726 1159 Πατρὸς
2780 1077 2868 1128 καὶ
2930 1074 3064 1153 ἰὶοῦ,
3097 1071 3212 1132 οὔδε
3267 1076 3329 1131 τὸ
3359 1076 3454 1150 μὲν
3486 1076 3545 1133 ἐκ
3580 1086 3672 1136 τοῦ
3722 1064 3932 1159 Πατρὸς

2285 1153 2422 1236 ἔχει,
2470 1159 2530 1213 τὸ
2571 1155 2626 1214 δὲ
2655 1159 2713 1215 ἐκ
2770 1162 2865 1217 τοῦ
2896 1164 3035 1235 Υἱοῦ,
3066 1161 3200 1218 ἀλλὰ
3244 1164 3305 1218 τὸ
3334 1162 3555 1244 ἁπλοῦν,
3611 1164 3740 1247 ὅπερ
3784 1153 3933 1224 εστὶν

2382 1245 2473 1335 τοῦ
2515 1250 2719 1335 Πατρὸς
2790 1249 2899 1306 ἐστι
2970 1252 3056 1306 καὶ
3086 1257 3176 1307 τοῦ
3221 1253 3362 1326 Υἱοῦ,
3422 1251 3473 1318 ἐξ
3506 1242 3722 1335 ἁπλῶν,
3760 1255 3930 1335 ἤγουν

2282 1331 2333 1398 ἒξ
2376 1333 2547 1392 ἁπλοῦ
2588 1334 2655 1391 δι’
2686 1337 2875 1411 ἁπλοῦ,
2936 1341 3023 1396 καὶ
3078 1337 3132 1404 ἐξ
3175 1340 3384 1417 ἀμερῶν
3427 1340 3633 1420 ἕμερὲς,
3668 1331 3755 1400 καὶ
3797 1331 3927 1416 δμο-

2281 1421 2423 1511 ιρυές,
2463 1421 2514 1487 ἐξ
2544 1427 2811 1504 ὁποφυῶν.
2860 1430 2919 1485 Οἱ
2949 1428 3042 1497 μὲν
3092 1429 3178 1485 οὖν
3212 1429 3261 1495 ἐξ
3306 1430 3421 1495 ἑνὸς
3478 1430 3659 1511 ἄμφω,
3720 1435 3803 1489 καὶ
3864 1436 3928 1490 τὸ

2278 1508 2333 1564 ἕν
2375 1509 2426 1576 ἐξ
2457 1512 2657 1592 ἀμφοῖν
2714 1514 3027 1594 φάσκοντες,
3059 1519 3133 1582 ὡς
3177 1519 3239 1574 τὸ
3267 1517 3405 1574 οὕτω
3433 1508 3629 1600 φωνεῖν
3661 1521 3926 1601 φθέγμασι

2274 1615 2554 1678 πατρικοῖς
2599 1601 2799 1683 ἔχομεν
2856 1606 3257 1687 στηριζόμενον,
3302 1606 3439 1680 οἷτῳ
3493 1611 3581 1665 καὶ
3633 1608 3925 1689 παραδείγ-

550 1702 608 1753 et
633 1692 1019 1755 individuitas
1040 1711 1221 1773 super
1252 1712 1487 1755 omnem
1521 1691 2174 1754 individuitatem.Sicut

2271 1709 2400 1760 μασι
2457 1704 2574 1755 τοῖς
2627 1695 2796 1750 αὐτῶν
2849 1693 3234 1774 ἑδραιούμενον,
3296 1698 3356 1753 οὗ
3410 1697 3572 1771 μόνον
3615 1703 3692 1773 τῷ
3747 1722 3925 1779 προσ-

547 1781 706 1843 enim
736 1784 909 1843 Pater
930 1800 1121 1861 neque
1146 1782 1420 1843 dividuus
1451 1790 1763 1861 est,neque
1797 1782 2174 1859 compositus,

2272 1784 2417 1866 εχῶς
2498 1782 2804 1863 τεθειμένῳ,
2867 1786 2939 1847 ὡς
2996 1787 3127 1862 πρὸς
3181 1791 3258 1859 τῷ
3300 1785 3374 1841 ἑνὶ
3429 1784 3591 1843 πλέον
3642 1786 3766 1866 ἐρῶ,
3800 1793 3926 1847 οἷον

547 1871 701 1951 quod
733 1880 984 1950 generet
1014 1870 1245 1944 Filium,
1284 1880 1342 1932 et
1365 1870 1650 1952 Spiritum
1686 1870 1990 1950 producat,
2049 1869 2174 1930 licet

2270 1864 2578 1943 ἑλκόμενος,
2639 1869 2774 1928 ἀλλά
2818 1874 2905 1928 καὶ
2944 1880 3021 1946 τῷ
3076 1878 3176 1940 τῆς
3232 1875 3400 1952 ῥίζης,
3432 1877 3520 1931 καὶ
3550 1882 3644 1933 τοῦ
3671 1864 3920 1954 ήκλάδου,

543 1959 703 2021 aliud
735 1978 1019 2037 generare
1045 1970 1101 2021 et
1132 1959 1464 2040 producere
1491 1959 1926 2032 consideratur,
1962 1977 2034 2019 ex
2067 1978 2174 2019 am-

2268 1957 2355 2015 καὶ
2383 1965 2475 2013 τοῦ
2528 1970 2755 2038 καρποῦ.
2817 1959 2911 2018 Ἐκ
2966 1967 3065 2029 τῆς
3120 1963 3265 2041 ῥίζης
3323 1967 3421 2043 γὰρ
3490 1967 3518 2020 ὁ
3576 1969 3776 2034 καρπὸς
3834 1966 3925 2023 διὰ

542 2046 733 2109 bobus
758 2047 901 2110 item
932 2067 1206 2128 egressus
1235 2049 1392 2111 idem
1445 2058 1534 2111 est
1582 2058 1639 2110 et
1690 2068 1840 2109 unus
1870 2048 2025 2128 quod
2060 2048 2186 2109 istae

541 2147 740 2218 partes
772 2156 889 2199 non
915 2137 1185 2219 sunt,sed
1205 2139 1823 2220 proprietates,neque
1851 2140 2179 2198 secundum

543 2226 804 2307 aliquam
832 2227 1216 2301 recisionem,
1241 2230 1550 2309 utriusque
1581 2245 1926 2307 progressus
1957 2245 2181 2303 cogno-

541 2316 728 2376 scitur
759 2337 772 2378 :
806 2316 934 2396 pari
974 2315 1202 2377 ratione
1249 2336 1442 2397 neque
1473 2317 1730 2397 Spiritus
1760 2315 2032 2376 dividuus
2067 2323 2177 2394 est,

538 2422 734 2484 neque
794 2406 1178 2485 compositus,
1236 2407 1393 2487 quod
1442 2425 1511 2467 ex
1565 2409 1739 2469 Patre
1791 2413 1850 2464 et
1896 2403 2067 2473 Filio,
2109 2423 2177 2465 ex

536 2493 909 2573 simplicibus
936 2504 1046 2570 est,
1082 2514 1297 2575 nempe
1324 2514 1396 2557 ex
1426 2494 1696 2573 simplice
1717 2511 1820 2573 per
1841 2492 2175 2572 simplicem

537 2581 810 2662 simplex,
846 2592 902 2643 et
931 2602 1000 2643 ex
1033 2584 1354 2645 individuis
1402 2584 1765 2654 individuus,
1798 2591 1853 2642 et
1910 2581 2175 2659 ejusdem

533 2680 759 2732 natura:
791 2690 921 2732 cum
948 2672 1021 2732 iis
1045 2673 1145 2753 qui
1176 2673 1443 2752 ejusdem
1466 2682 1687 2733 natura;
1710 2689 1843 2731 cum
1870 2669 1996 2749 ipso
2015 2678 2173 2730 sunt.

535 2757 644 2833 Qui
677 2762 871 2840 itaque
903 2779 972 2821 ex
1001 2780 1116 2822 uno
1149 2761 1415 2834 ambo,et
1444 2780 1513 2822 ex
1542 2759 1830 2821 ambobus
1860 2776 2042 2819 unum
2075 2776 2174 2817 as-

532 2857 759 2928 serunt,
813 2851 1316 2930 quemadmodum
1350 2855 1427 2911 ita
1459 2858 1661 2911 tenere
1705 2848 1877 2909 dictis
1932 2845 2173 2907 Patrum

534 2939 1072 3019 conﬁrmamur,sic
1093 2959 1296 3002 eorum
1322 2958 1557 3020 quoque
1578 2936 1865 3017 exemplis
1893 2936 2170 2997 corrobo’

529 3044 753 3103 ramur,
791 3046 907 3088 non
952 3036 1175 3090 tantum
1212 3028 1479 3110 przixime
1509 3026 1799 3108 apposito,
1834 3044 1951 3085 uno
1983 3025 2171 3105 siqui-

528 3116 802 3190 dem,sed
833 3135 965 3179 cum
993 3118 1048 3179 id
1072 3119 1365 3179 sermonis
1389 3117 1577 3178 series
1594 3124 1764 3193 cogat
1791 3115 1906 3175 alia
1935 3133 2173 3195 quoque

2266 2047 2359 2100 τοῦ
2410 2044 2621 2123 κλάδον,
2683 2048 2820 2106 ἄλλα
2868 2052 2957 2106 καὶ
3014 2050 3074 2108 ἐκ
3126 2059 3218 2107 τοῦ
3259 2051 3451 2110 κλαδου
3508 2053 3680 2131 λέγειν
3731 2057 3921 2113 τοῦτον

2265 2132 2557 2196 ἀκώλυτον.
2625 2140 2752 2194 Οθεν
2783 2140 2869 2194 καὶ
2910 2138 2962 2220 ἐξ
3008 2139 3230 2220 ἄμφοῖν,
3285 2141 3346 2197 ἐκ
3375 2147 3473 2209 τῆς
3514 2142 3659 2219 ῥίζης
3716 2141 3913 2211 δηλον-

2265 2224 2344 2277 ότι
2402 2221 2484 2282 διὰ
2527 2232 2618 2281 τοῦ
2666 2224 2882 2290 κλάδου,
2948 2218 3217 2294 Ὠσαύτως
3248 2231 3423 2287 καὶτὸ
3467 2241 3558 2289 τοῦ
3612 2232 3909 2312 ὀφθαλμοῦ,

2263 2312 2359 2378 τῆς
2390 2315 2574 2391 πηγῆς
2617 2317 2704 2371 καὶ
2760 2323 2852 2373 τοῦ
2901 2325 3160 2392 ποταμοῦ.
3221 2320 3280 2376 Οἱ
3335 2316 3390 2374 δὲ
3432 2322 3562 2398 πρὸς
3614 2324 3675 2376 τὸ
3711 2319 3763 2386 ἐξ
3792 2322 3910 2397 ἆμ-

2261 2413 2383 2479 φοῖν
2467 2402 2978 2486 ἀντικαθιστάμενοι,
3080 2409 3150 2473 ὡς
3233 2407 3430 2484 ῥὴμασι
3516 2411 3603 2465 καὶ
3674 2412 3908 2484 νοήμασι

2260 2501 2375 2551 τοῖς
2431 2489 2537 2546 ἀπὸ
2591 2492 2793 2556 κοιλίας
2848 2496 2980 2571 πρὸς
3039 2498 3099 2551 τὸ
3150 2497 3284 2552 κατᾶ
3334 2496 3585 2572 βούλησιν
3636 2498 3905 2577 φέρονται,

2262 2579 2321 2634 οῦ
2383 2591 2506 2640 ’ταῖς
2565 2579 2627 2635 ἐκ
2709 2587 2927 2662 Γραφῶν
2982 2585 3284 2663 μαρτυρίαις
3356 2583 3705 2665 οὖδοπωσοῦν,
3767 2586 3909 2644 οῖτω

2261 2669 2363 2719 τῶν
2396 2666 2469 2728 εἷς
2526 2669 2701 2725 εἷκὸνα
2756 2676 2854 2737 τῆς
2885 2672 3118 2751 ἀρχικῆς
3178 2671 3394 2752 Τριάδος
3436 2676 3773 2754 παραθέσεων
3802 2699 3910 2733 πα-

2258 2754 2451 2828 τρικῶν
2562 2757 2639 2830 μὴ
2717 2757 3171 2840 ἐπιστρεφομενοι,
3258 2762 3596 2839 ἀποτέλεσμα
3655 2768 3905 2843 γυναικὸς

2258 2842 2344 2896 καὶ
2396 2841 2577 2920 ἀνδρὸς
2606 2845 2658 2911 ἐξ
2688 2846 2949 2921 ἐμπαθοῦς
3008 2849 3378 2924 συνελεύσεως,
3452 2853 3541 2908 καὶ
3596 2841 3757 2931 πυρὸς
3803 2854 3905 2931 γέ-

2257 2951 2397 3019 νεσιν
2450 2931 2510 2988 ἐκ
2567 2934 2739 3010 βιαίας
2784 2938 3145 3016 προστρίψεως
3203 2938 3492 3018 ἐτεροφυῶν
3547 2943 3680 3019 πρὸς
3722 2939 3905 3009 ἄλλη-

2255 3016 2323 3074 λα
2352 3021 2439 3076 καὶ
2495 3023 2855 3100 ἑτεροουσίων,
2914 3030 3000 3083 καὶ
3048 3026 3224 3093 πηλοῦ
3266 3016 3497 3085 σύνθεσιν
3554 3016 3607 3095 ἐξ
3663 3030 3903 3109 ἑτεροει-

2255 3106 2355 3163 διῦν
2416 3112 2665 3177 ὡσαύτως
2723 3112 2930 3172 οἴκοθεν
2988 3117 3413 3197 παρεισάγουσιν,
3487 3120 3561 3180 ὡς
3616 3106 3899 3198 ἒμφῆναν-

528 3206 764 3281 addam,
799 3207 955 3286 quod
1006 3208 1118 3268 erit
1148 3206 1389 3287 radicis,
1422 3205 1660 3280 rami,et
1689 3204 1935 3279 fruc:us;
1970 3223 2038 3264 ex
2070 3222 2167 3263 ra-

2259 3219 2339 3262 τες
2404 3207 2568 3258 ταῦτα
2624 3203 2742 3266 τοὺς
2790 3203 3099 3271 ἆπεναντίας
3146 3204 3434 3279 λαμϐάνειν
3482 3209 3556 3273 εἰς
3613 3208 3902 3289 ἐμφέρειαν

526 3296 658 3358 dice
679 3295 837 3356 enim
868 3295 1095 3356 fructus
1122 3316 1227 3377 per
1249 3315 1506 3371 ramum;
1532 3313 1733 3355 verum
1758 3312 1826 3354 ex
1856 3310 2020 3353 ramo
2034 3311 2166 3353 eum

524 3384 703 3445 etiam
738 3385 941 3446 dicere
976 3386 1121 3446 nihil
1155 3383 1489 3446 vetat.Hinc
1523 3403 1588 3444 ex
1619 3380 1931 3448 ambobus.
1967 3399 2035 3443 ex
2067 3400 2167 3442 ra-

522 3472 656 3535 dice
714 3473 941 3534 scilicet
974 3492 1080 3553 per
1111 3472 1658 3535 ramum.Similiter
1691 3480 1747 3531 et
1779 3469 1925 3530 illud
1985 3470 2162 3547 oculi,

520 3560 724 3635 fontis,
760 3571 819 3622 et
844 3561 1146 3633 ﬂuvii.Qui
1175 3581 1349 3642 porro
1373 3561 1516 3622 illud
1548 3580 1615 3621 ex
1647 3558 1938 3619 ambobus
1968 3577 2164 3638 oppu-

524 3659 727 3730 gnant,
754 3651 839 3711 uti
871 3650 1067 3711 verbis
1096 3670 1162 3711 ac
1194 3648 1537 3710 notionibus
1564 3667 1597 3710 e
1626 3662 1833 3708 ventre
1861 3649 2058 3707 enatis
2091 3647 2163 3709 ad

517 3738 633 3799 sibi
655 3742 1005 3822 complacita
1032 3742 1403 3820 deferuntur,
1433 3761 1546 3801 non
1574 3738 1927 3802 testimoniis
1948 3738 2165 3818 scripto

522 3829 772 3901 traditis,
807 3830 892 3890 sic
937 3829 1009 3890 ad
1061 3849 1130 3891 ea
1185 3849 1316 3909 qua)
1362 3831 1431 3891 ad
1482 3828 1796 3907 imaginem
1848 3826 2166 3889 divinitatis

521 3918 808 3998 principis
839 3919 1072 3980 Triadis
1121 3919 1357 3980 Patrum
1394 3918 1567 3992 dictis
1612 3924 2011 3997 apponuntur,
2046 3936 2165 3978 non

520 4006 896 4069 advertentes
925 4009 1330 4084 animum,viri
1361 4006 1815 4087 atquemulieris
1848 4006 2070 4085 prolem
2096 4025 2167 4067 ex

521 4113 841 4175 congressu
875 4098 1131 4159 motibus
1155 4097 1337 4159 animi
1358 4096 1697 4176 obnoxio,et
1720 4095 2162 4175 generationem

518 4184 672 4263 ignis
703 4206 772 4248 ex
802 4187 1056 4248 violenta
1087 4205 1155 4249 ac
1175 4185 1512 4248 vehementi
1541 4185 1851 4246 fricatione
1892 4203 1959 4245 ex
1986 4184 2166 4244 rebus

520 4275 766 4337 alterius
816 4285 1040 4338 naturae
1077 4286 1256 4357 atque
1288 4276 1564 4337 essentia;
1608 4274 1767 4334 inter
1797 4291 1927 4334 sese
1963 4280 2163 4333 mutuo

517 4365 873 4443 conjunctis,
911 4375 967 4426 et
998 4365 1101 4427 luti
1137 4365 1627 4445 compositionem
1663 4382 1728 4424 ex
1756 4362 1934 4422 rebus
1957 4369 2162 4422 natura

516 4451 767 4515 diversis
797 4455 975 4515 simili
1010 4456 1184 4515 modo
1218 4474 1286 4515 ex
1320 4452 1574 4534 propriis
1606 4452 1958 4532 producunt,
1994 4451 2165 4530 quasi

519 4544 999 4607 demonstrarent
1027 4545 1396 4607 adversarios
1410 4545 1467 4604 in
1484 4542 1935 4604 similitudinem
1957 4561 2023 4602 ex
2042 4560 2164 4603 am-

2251 3292 2346 3376 τῆς
2398 3288 2449 3356 ἐξ
2492 3292 2693 3371 ἀμφοῖν
2755 3291 2977 3371 προόδου
3026 3302 3117 3351 τοῦ
3191 3296 3491 3371 Πνεύμτιτος
3545 3301 3621 3371 τῷ
3675 3298 3899 3376 ἀπαραι-

2250 3373 2416 3451 δέκτῳ
2487 3382 2682 3436 τούτων
2763 3384 2823 3437 τὸ
2906 3384 3042 3439 κατὰ
3125 3386 3323 3441 σκοπὸν
3404 3388 3894 3452 κατασκευάσαντες

2250 3464 2625 3545 ἁπαρτίσωσιν,
2658 3470 2809 3527 ἅτινα
2878 3472 2958 3538 τίη
3016 3473 3097 3529 τοί
3124 3494 3184 3551 γε
3242 3471 3379 3539 ὅλως
3435 3474 3598 3551 ἐρεῖν,
3624 3477 3685 3547 ,ἢ
3714 3482 3896 3555 γραφῇ

2248 3555 2449 3630 δοῦναι,
2508 3556 2645 3614 ἀλλά
2698 3561 2785 3615 καὶ
2841 3561 3017 3635 μόνως
3073 3562 3316 3630 ἐννοῆσαι
3396 3562 3584 3638 ψιλαῖς
3642 3563 3898 3629 ἐπινοίαις

2250 3646 2346 3701 κᾶν
2402 3644 2638 3735 δαίμονες
2696 3646 2924 3728 ἕφριξαν.
2985 3643 3042 3708 Ὀ
3091 3654 3357 3731 γρήγορος
3406 3655 3584 3727 μέντοι
3632 3674 3694 3730 γε
3748 3660 3893 3735 νοῦς,

2248 3735 2282 3801 ἡ
2333 3739 2432 3801 τῆς
2489 3734 2759 3813 θεολογίας
2807 3737 3059 3819 ἀκρότης,
3107 3740 3159 3805 ἐξ
3205 3740 3510 3816 ὁμοιώσεών
3579 3762 3737 3797 τινων
3791 3734 3896 3810 τὴν

2248 3822 2594 3902 ὑπεραπειρον
2639 3824 2829 3904 Τρίάδα
2857 3825 3080 3908 δεικνὺς,
3135 3851 3156 3884 ι
3207 3827 3430 3908 ἀμυδρὸν
3488 3832 3549 3886 τὸ
3603 3835 3701 3898 τῆς
3745 3832 3899 3887 είκα-

2249 3912 2369 3976 σίας
2414 3911 2720 3993 δηλοῦσθαι,
2766 3934 2796 3974 ι
2830 3917 2918 3972 καὶ
2968 3917 3049 3993 τὸ,
3089 3938 3113 3974 ι
3147 3920 3209 3975 τὸ
3238 3918 3398 3976 πλέον
3455 3919 3663 3999 φεὺγειν
3711 3942 3738 3974 n
3788 3941 3894 3995 με-

2250 4000 2568 4081 γαληγόρως
2634 4006 2976 4086 μαρτύρεται,
3055 4030 3083 4062 α
3148 4010 3236 4066 καὶ
3289 4009 3436 4068 κάτω
3520 4009 3695 4083 μένειν
3749 4011 3893 4083 ἡμᾶς

2248 4091 2337 4163 ἐᾷν
2432 4094 2564 4167 μετὰ
2659 4101 2749 4149 τοῦ
2821 4094 3203 4175 ὑποδείγματος
3278 4119 3301 4155 ι
3364 4098 3733 4178 ἀποφαίνεται,
3805 4101 3895 4155 καὶ

2247 4186 2410 4236 ταῦτα
2454 4182 2744 4257 ὁμοουσίων
2801 4186 3174 4266 καὶ-δμοφυῶν
3242 4188 3337 4252 τὰς
3395 4188 3707 4265 παραθέσεις
3759 4190 3892 4266 πρὸς

2247 4267 2484 4339 ἀλλήλας
2556 4270 2845 4345 τιθέμενος.
2905 4262 3075 4353 ’Ἔχει
3130 4277 3217 4331 καὶ
3285 4276 3384 4354 γὰρ
3454 4262 3622 4340 οὕτως
3673 4275 3732 4331 ἐκ
3800 4262 3892 4336 τοῦ

2245 4355 2418 4423 ἡλίου·
2491 4363 2588 4424 τῆς
2643 4359 2881 4441 ἀκτῖνος,
2948 4364 3033 4418 καὶ
3101 4370 3194 4419 τοῦ
3237 4366 3408 4442 φωτὸς
3465 4365 3526 4418 τὸ
3592 4362 3890 4442 ἀχώριστον

2246 4444 2493 4516 ἀλλήλων
2545 4448 2624 4504 ἀεὶ
2667 4452 2980 4525 σημαίνεται
3037 4458 3143 4508 τῶν
3199 4456 3496 4532 θεαρχικῶν
3565 4454 3885 4531 προσώπων,

2246 4536 2333 4591 καὶ
2374 4537 2435 4590 τὸ
2478 4536 2675 4599 ἀπαθὲς
2730 4543 2826 4607 τῆς
2893 4539 3140 4620 προόδου,
3201 4543 3291 4598 καὶ
3345 4541 3441 4609 τῆς
3484 4541 3810 4622 ἐκφανσεως,
3842 4543 3886 4597 εἰ

520 4632 709 4694 bobus
741 4634 994 4714 Spiritus
1028 4653 1374 4714 progressus
1406 4633 1624 4693 similia
1670 4650 1997 4705 assumere,
2032 4650 2163 4712 qum

2259 4625 2331 4679 ιαὶ
2359 4635 2437 4696 μὴ
2480 4626 2541 4680 τὸ
2587 4631 2693 4682 τῶν
2739 4633 2895 4706 τριῶν
2937 4628 3351 4689 ἰδιοῦπόστατον.
3403 4629 3493 4688 Ἐν
3526 4633 3627 4709 γὰρ
3797 4631 3888 4685 τοῦ

520 4722 760 4803 quidem
794 4742 927 4784 cum
958 4724 1323 4784 admittenda
1357 4721 1602 4782 minime
1638 4729 1795 4794 sunt,
1824 4720 2161 4780 illistamen

519 4828 764 4891 scopum
797 4832 968 4873 suum
1002 4812 1479 4891 comprobantes,
1516 4810 1670 4889 quod
1705 4808 2163 4889 intendunt.,sibi

518 4899 793 4962 videntur
810 4901 1285 4982 absolvere,quw
1308 4920 1422 4961 non
1442 4908 1667 4961 tantum
1699 4916 1840 4958 voce
1873 4898 2159 4978 proferre,

525 4991 647 5052 sive
676 4991 895 5072 scripto
917 4990 1281 5070 tradere,sed
1311 4991 1396 5051 vel
1419 4988 1791 5050 solummodo
1816 4998 2014 5050 mente
2035 4989 2162 5066 agi-

528 5089 654 5142 tare
679 5083 978 5142 daemones
996 5080 1107 5160 ipsi
1133 5082 1512 5141 horruerunt.
1538 5077 1700 5139 Mens
1723 5076 1961 5157 quidem
1987 5077 2162 5153 evigi-

524 5170 674 5241 lans,
711 5171 1023 5249 theologize
1052 5189 1222 5250 apex,
1273 5167 1624 5250 quibusdam
1677 5165 2165 5227 similitudinibus

524 5278 703 5339 supra
760 5278 996 5320 omnem
1056 5259 1410 5320 intinitatem
1453 5255 1830 5318 constitutam
1883 5254 2160 5316 Triadem

522 5347 868 5422 ostendens,
923 5348 1438 5410 «Similitudinem
1488 5347 1828 5407 tenuitatem
1889 5344 2163 5425 indicari,

526 5446 583 5495 et
614 5437 768 5515 quod
802 5438 934 5516 plus
981 5446 1071 5499 est
1104 5437 1328 5514 lugere,
1361 5464 1383 5495 ι»
1434 5436 1656 5513 ingenti
1704 5454 1843 5495 voce
1892 5443 2158 5515 t.:statur,

532 5545 554 5578 ι
594 5535 650 5583 et
674 5524 822 5585 iut'ra
855 5545 961 5586 nos
992 5544 1107 5588 una
1136 5544 1267 5589 cum
1291 5527 1562 5606 exemplo
1584 5524 2158 5602 manereulecernit,

528 5611 663 5672 licet
694 5630 787 5671 res
810 5614 1072 5691 ejusdem
1095 5615 1247 5677 inter
1275 5636 1338 5675 se
1363 5624 1583 5675 natura:
1604 5622 1777 5691 atque
1802 5615 2072 5673 essentiae
2089 5612 2159 5673 ad

2245 4714 2642 4791 πεφωτισμένου
2685 4713 2861 4773 δισκου
2917 4719 3201 4776 ὑποστάσει
3258 4720 3293 4787 ἡ
3322 4719 3468 4783 ἀκτίς
3523 4726 3612 4776 καὶ
3665 4721 3726 4775 τὸ
3774 4726 3885 4798 φῶς

2245 4801 2472 4880 πέφυκεν
2526 4805 2872 4880 ὑφιστάμενα,
2930 4808 3019 4864 καὶ
3086 4809 3163 4883 μὴ
3243 4810 3358 4864 καθ’
3435 4809 3568 4867 αὑτά
3647 4806 3885 4864 ἰδιοϋπό-

2247 4910 2432 4946 στατα·
2469 4890 2527 4948 ἐκ
2556 4892 2646 4948 τοῦ
2688 4894 2979 4975 ὀφθαλμοῦ,
3030 4901 3129 4963 τῆς
3172 4898 3378 4975 πηγῆς,
3424 4899 3513 4954 καὶ
3564 4904 3656 4954 τοῦ
3712 4919 3887 4955 ποτα-

2248 4987 2350 5055 μοῦ
2402 4981 2463 5036 τὸ
2527 4984 2861 5058 συνημμένον
2937 4985 3241 5066 ἐμφαὶνεται
3298 4988 3386 5044 καὶ
3455 4987 3778 5068 ἀχώριστον,
3842 4987 3889 5043 εἰ

2249 5071 2337 5125 καὶ
2398 5070 2594 5127 τούτων
2650 5071 2870 5130 ἕκαστον
2926 5079 3002 5147 τῷ
3083 5076 3231 5149 τόπῳ
3288 5074 3607 5156 διακέκριται
3666 5078 3753 5133 καὶ
3819 5082 3891 5153 τῇ

2248 5159 2409 5234 θέσει,
2469 5160 2630 5217 τόπον
2686 5160 2820 5219 ἴδιον
2875 5163 3004 5244 ἕχον
3055 5168 3143 5222 καὶ
3205 5164 3335 5223 ἰδίαν
3392 5168 3741 5247 περιγραφὴν,
3789 5164 3891 5223 κᾶν

2280 5250 2341 5282 ~_
2453 5251 2466 5267 ς
2681 5250 2701 5283 λ
2805 5252 2816 5271 ν
2837 5251 2859 5270 κ
2898 5254 2909 5273 ι
3158 5254 3176 5281 ,
3329 5257 3354 5268 υ
3457 5257 3468 5276 ρ
3701 5258 3722 5274 γ
3844 5255 3856 5273 ι

2251 5270 2389 5304 ουτω
2418 5271 2479 5305 το
2512 5272 2733 5330 συνεχες
2797 5274 3125 5311 αοιαπτωτον
3177 5265 3253 5313 Εκ
3293 5278 3391 5323 της
3421 5256 3590 5335 (Mne,
3633 5276 3725 5311 το)
3751 5254 3891 5311 κλα-

2250 5335 2337 5393 δου
2391 5339 2478 5393 καὶ
2515 5346 2607 5396 τοῦ
2664 5352 2864 5421 καρποῦ
2904 5346 2976 5410 ,τὸ
3031 5343 3421 5424 διακεκριμένον
3487 5351 3594 5401 τῶν
3653 5346 3891 5403 ὑποστά-

2252 5447 2409 5501 σεων,
2459 5430 2502 5484 εἰ
2558 5431 2645 5487 καὶ
2700 5440 2890 5511 χρόνος
2954 5435 3007 5490 ἒν
3061 5435 3264 5498 τούτοις
3321 5431 3719 5510 μεσολαϐεῖται,
3799 5437 3891 5492 καὶ

2242 5515 2437 5571 πλείων
2492 5520 2526 5587 ἡ
2572 5522 2625 5576 ὲν
2680 5528 2747 5599 τῇ
2800 5523 2914 5600 ῥίζῃ
2970 5521 3185 5599 δύναμις
3242 5526 3328 5581 καὶ
3373 5525 3617 5604 ἒνάργεια
3663 5524 3801 5603 ἢπερ
3831 5525 3891 5581 ἦν

2244 5611 2319 5679 τῷ
2375 5605 2553 5683 κλάδῳ
2582 5612 2668 5667 καὶ
2714 5617 2785 5685 τῷ
2834 5619 3043 5690 καρπῷ,
3080 5613 3167 5669 Ἐν
3224 5611 3277 5668 δέ
3307 5635 3365 5690 γε
3396 5619 3462 5688 τῇ
3493 5617 3661 5688 σιπτῇ
3705 5613 3887 5690 Τριᾶδι
