4206 6292
296 375 317 435 1
330 372 448 437 293

1340 378 1644 441 CONTRA
1688 341 2060 441 MAXIMUM
2104 376 2548 440 PLANUDEM.

3518 379 3672 444 1294

290 508 383 581 μία
424 508 511 563 καὶ
541 509 574 575 ἠ
606 510 736 579 αὐτή
795 506 1011 583 δύναμις
1068 512 1152 567 καὶ
1206 510 1462 589 ἒνέργεια,
1511 511 1572 567 ἐκ
1598 517 1696 579 τῆς
1753 510 1922 587 μονά-

2010 502 2513 583 comparationem
2548 503 2899 569 adduceret.
2934 506 3058 569 Nec
3090 506 3248 567 enim
3289 506 3462 569 aliter
3487 525 3585 569 res
3606 525 3670 570 se

290 593 400 668 δος,
462 596 556 664 τῆς
609 594 790 663 δυάδος
833 600 920 654 καὶ
977 603 1073 666 τῆς
1125 598 1332 679 τριάδος
1388 602 1449 656 τὸ
1494 602 1599 658 τῶν
1631 602 1927 680 προσώπων

293 682 652 763 διωρισμένον,
698 686 797 743 κᾶν
827 688 904 763 μὴ
933 688 1046 745 καθ’
1104 690 1233 744 αὑτὰ
1287 697 1450 747 ταῦτα
1505 687 1638 765 μηδὲ
1693 689 1928 746 ἰδιοῦπό-

294 794 480 852 στκτα,
556 773 674 831 ἀλλ’
730 778 1107 854 ἒννοηματικά,
1168 780 1254 834 καὶ
1319 781 1377 835 ἒν
1432 777 1610 843 ἄλλοις
1667 780 1925 856 θεωρητά·

283 862 324 917 '8
403 870 492 919 106
554 864 890 940 ἠρωτηκότος
948 864 1281 945 παράδειγμα
1349 865 1554 941 δεκτὸν,
1610 870 1657 924 εἰ
1709 871 1796 925 καὶ
1854 869 1930 939 μὴ

293 953 428 1006 κατὰ
456 953 516 1007 τὸ
574 953 714 1026 αὒτῷ
757 953 963 1030 δοκοῦν,
997 957 1041 1012 εὶ
1096 956 1189 1011 καὶ
1222 954 1293 1010 δι’
1328 955 1487 1012 ἄλλου
1517 959 1605 1013 καὶ
1635 956 1799 1014 ἄλλου
1826 958 1931 1014 τῶν

294 1041 691 1121 εἰκονισμάτων,
754 1042 889 1101 ἄλλο
937 1046 1025 1101 καὶ
1081 1042 1212 1100 ἄλλο
1272 1052 1378 1101 τῶν
1420 1048 1475 1100 ὲν
1546 1052 1613 1123 τῇ
1672 1047 1932 1122 ὃμοουσίιρ

294 1128 467 1207 Τριάδι
537 1133 906 1210 θεωρουμένων
962 1131 1235 1207 δηλοῧται,
1294 1133 1328 1201 ἢ
1397 1136 1484 1191 καὶ
1538 1138 1599 1191 τὸ
1670 1138 1793 1193 αὐτὸ
1850 1133 1933 1191 διὰ

292 1216 573 1281 πλειόνων.
635 1218 762 1279 Οὐδέ
847 1225 945 1301 γὰρ
1016 1222 1131 1279 οἶόν
1199 1244 1257 1279 τε
1325 1230 1416 1280 τοῦ
1485 1224 1818 1300 εἰκαζομένου
1871 1227 1933 1279 τὸ

292 1308 513 1378 εἰκάζειν
568 1307 874 1374 ἐξικνεΐσθαι
918 1310 986 1368 δι’
1014 1311 1160 1385 ὅλου,
1206 1314 1278 1376 ὡς
1323 1313 1478 1378 αὗτὸς
1519 1316 1547 1370 ὁ
1589 1318 1687 1381 τῆς
1742 1312 1930 1370 θεολο-

290 1396 406 1472 γίας
439 1396 712 1472 ἐπώνυμος
771 1398 823 1455 ἐν
878 1406 955 1474 τῷ
1011 1400 1153 1473 αὒτῷ
1198 1398 1343 1478 λόγῳ
1386 1399 1697 1481 διαγορεύει.
1731 1392 1929 1477 ’Ὅμως

291 1480 373 1538 διὰ
428 1486 638 1541 πάντων
680 1487 784 1543 τῶν
827 1489 1177 1565 προτεθέντων
1236 1491 1322 1546 καὶ
1363 1488 1563 1546 λοιπῶν
1606 1491 1847 1572 ἐμφερῶν
1894 1493 1929 1558 ἡ

292 1570 431 1637 τάξις
490 1583 784 1653 τρανοῠται,
844 1579 932 1634 καὶ
988 1578 1199 1657 σχέσις,
1256 1581 1343 1634 καὶ
1412 1580 1472 1635 τὸ
1529 1587 1759 1658 πρῶτον,
1845 1582 1930 1636 καὶ

294 1660 478 1741 μέσον,
535 1666 621 1720 καὶ
650 1667 819 1743 τρίτον
848 1669 935 1722 γαὶ
976 1669 1035 1723 τὸ
1093 1669 1169 1742 μή
1202 1666 1289 1724 δύο
1317 1670 1456 1724 αἱτια
1500 1671 1653 1749 εἰναι,
1685 1669 1797 1726 ἐπεὶ
1826 1693 1929 1726 κα-

293 1753 461 1830 θαρῶς
546 1752 686 1809 ἐστιν
762 1755 1176 1835 ἆνηγορευμένδν
1263 1759 1383 1834 ὁρᾷν
1465 1756 1517 1823 ἒξ
1601 1757 1750 1827 ἡλίου
1833 1760 1932 1827 την

2011 591 2208 653 habet.
2243 592 2325 653 Ex
2350 593 2475 653 sole
2507 601 2564 654 et
2596 594 2763 654 radio
2788 604 2845 655 et
2881 595 3127 669 lumine,
3154 595 3482 658 divinitatis
3506 596 3667 677 prin-

2012 681 2210 761 cipum
2265 700 2652 761 personarum
2703 682 2861 745 inter
2903 702 3036 745 sese
3078 683 3397 746 indivisum
3428 703 3670 765 semper

2012 777 2390 847 connotatur,
2427 781 2483 831 et
2515 770 2739 851 absque
2770 771 2888 833 ulla
2920 772 3193 853 passione
3226 792 3545 853 progessus
3569 781 3665 835 at-

2013 877 2130 939 que
2155 858 2409 934 elulsio,
2467 860 2579 922 etsi
2618 880 2736 931 non
2787 861 2964 921 trium
2994 861 3232 942 propria
3286 863 3615 942 hypostasis
3652 882 3665 923 :

2014 965 2268 1027 namque
2297 947 2622 1009 illuminati
2642 948 2806 1009 orbis
2826 951 3120 1030 bypostasi
3141 950 3345 1010 radius
3372 957 3430 1009 et
3459 950 3665 1012 lumen

2014 1053 2146 1096 cum
2182 1054 2287 1096 sua
2317 1036 2443 1110 ipsa
2476 1038 2793 1117 hypostasi,
2830 1049 2888 1100 et
2917 1057 3034 1100 non
3068 1038 3426 1118 separatain
3451 1038 3666 1120 seipsis

2015 1124 2315 1203 hyposlasi
2344 1126 2762 1187 adhaerentEx
2795 1128 2987 1199 oculo,
3016 1126 3201 1207 fonte,
3238 1136 3297 1188 et
3324 1127 3502 1188 ﬂuvio
3530 1144 3669 1190 con-

2006 1211 2281 1291 junctum
2316 1213 2839 1295 inseparabileque
2870 1224 3137 1296 apparet,
3177 1217 3317 1277 licet
3346 1216 3457 1278 hoc
3481 1233 3666 1277 unum

2015 1300 2293 1381 quodque
2324 1302 2453 1363 loco
2482 1304 2718 1383 situque
2749 1304 3319 1384 sejungatur,locum
3354 1307 3664 1386 proprium

2013 1388 2239 1449 habens
2272 1393 2694 1472 propriamque
2721 1394 3253 1473 praescriptionem,
3300 1395 3411 1454 etsi
3458 1411 3662 1453 eorum

2012 1477 2372 1539 continuitas
2391 1498 2690 1559 nunquam
2715 1481 3199 1561 intercipitur.Ex
3214 1481 3665 1557 radice,fructu,

2013 1574 2069 1626 et
2100 1585 2267 1627 ramo
2300 1567 2690 1648 hypostaseon
2721 1570 3037 1649 sejunctio,
3069 1572 3212 1631 licet
3241 1580 3476 1651 tempus
3510 1570 3666 1630 inter

2014 1654 2140 1714 haec
2172 1655 2432 1715 medium
2464 1657 2627 1732 sit,et
2649 1660 2840 1737 major
2870 1658 2930 1719 in
2960 1659 3161 1720 radice
3193 1658 3354 1737 vigor
3393 1666 3452 1719 et
3482 1659 3661 1738 actio,

2015 1760 2189 1822 quam
2222 1743 2281 1803 in
2318 1763 2481 1805 ramo
2505 1756 2561 1805 et
2591 1746 2783 1806 fructu
2814 1747 3236 1827 conspiciatur.
3273 1748 3552 1808 Attamen
3604 1747 3665 1807 in

294 1839 484 1896 ἀκτῖνα
541 1843 629 1898 καὶ
685 1850 818 1915 φῶς,
874 1844 925 1910 ἐξ
974 1846 1089 1909 ἐνὸς
1160 1841 1340 1925 ἄμφω,
1383 1848 1471 1903 καὶ
1528 1846 1685 1904 πάλιν
1743 1846 1793 1913 ἐξ
1823 1848 1924 1924 ἀμ-

2015 1833 2349 1893 veneranda
2377 1834 2505 1913 ipsa
2534 1833 2750 1896 Triade
2801 1854 2916 1895 una
2965 1844 3023 1896 et
3076 1836 3283 1897 eadem
3328 1836 3575 1897 facultas
3607 1842 3666 1896 et

294 1929 419 2007 φοῖν
475 1928 624 1996 ἡλίου
682 1954 740 1988 τε
797 1935 883 1990 καὶ
938 1935 1152 1998 ἀκτῖνος
1195 1938 1256 1990 τὸ
1286 1942 1420 2014 φῶς,
1465 1937 1723 2015 ἑκατέρων
1755 1938 1930 2015 ῥητῶν

290 2020 352 2072 1‘0
393 2020 520 2074 αὖτὸ
580 2018 1023 2102 διαγγελλόντων,
1073 2023 1133 2080 ἐκ
1179 2034 1271 2082 τοῦ
1327 2025 1534 2104 πρώτου
1564 2023 1647 2081 διὰ
1677 2026 1838 2101 μέσου
1867 2029 1928 2083 τὸ

291 2106 481 2183 τρίτον·
531 2107 800 2167 κάντεῦθεν
852 2112 912 2166 τὸ
969 2111 1025 2166 ἓν
1080 2114 1166 2167 καὶ
1210 2112 1433 2192 ἀρχικὸν
1485 2111 1657 2170 αἴτιον
1699 2117 1760 2171 τὸ
1788 2122 1930 2187 πρῶ-

289 2216 379 2250 τον
447 2195 594 2275 ἔχειν
650 2196 1060 2279 διασαφούντων,
1116 2202 1187 2264 ὡς
1261 2203 1348 2257 καὶ
1402 2200 1486 2258 ἐπὶ
1539 2208 1637 2269 τῆς
1693 2203 1838 2281 ῥίζης
1869 2206 1928 2261 1‘0

289 2282 345 2338 ἕν
372 2289 469 2351 τῆς
512 2286 678 2350 αἰτίας
736 2288 898 2355 αὒτῆς
933 2289 1190 2369 ἐχούσης,
1226 2291 1309 2345 καὶ
1348 2297 1452 2346 τῶι
1511 2290 1571 2347 ἐκ
1611 2291 1771 2359 τῆσδε
1814 2292 1924 2373 δύο,

289 2380 382 2429 106
425 2378 608 2448 μέσον,
669 2378 756 2432 καὶ
809 2375 875 2432 δι’
948 2380 1102 2434 αὐτοῦ
1156 2386 1247 2435 106
1299 2378 1471 2457 τρίτου
1533 2382 1603 2444 εἰς
1650 2381 1812 2448 αὒτὴν
1854 2384 1927 2446 ὡς

292 2461 363 2524 εἰς
423 2463 591 2518 αὒτῶν
648 2463 789 2541 ῥίζαν
845 2465 1207 2543 ἀναγομένων,
1268 2469 1354 2523 καὶ
1423 2468 1506 2525 ἐπὶ
1570 2477 1661 2526 106
1710 2469 1928 2549 ἀριθμου

288 2551 351 2605 ἒκ
392 2549 616 2624 μονάδος
671 2553 736 2607 τὰ
773 2551 880 2629 δύο,
941 2556 1029 2610 καὶ
1080 2554 1140 2611 ἐκ
1167 2553 1312 2612 δυοῖν
1364 2558 1425 2613 τὸ
1453 2559 1620 2636 τρίτον
1652 2560 1783 2616 κατὰ
1814 2557 1929 2614 διο-

290 2640 498 2718 ρισμὸν,
565 2638 813 2715 οὕμενουν
870 2643 1004 2698 κατά
1061 2645 1316 2714 σύνθεσιν,
1359 2645 1522 2722 ἤγουν
1563 2646 1659 2714 τῆς
1714 2648 1931 2724 πρώτης

290 2725 511 2801 μονάδος
568 2729 665 2795 τὴν
722 2727 984 2808 δευτέραν,
1070 2733 1158 2786 καὶ
1208 2730 1272 2787 δι’
1320 2735 1483 2799 αὗτῆς
1551 2735 1649 2801 τὴν
1724 2737 1925 2813 τρίτην,

286 2815 598 2895 ἀμφοτέρων
656 2822 755 2884 τῆς
817 2818 1011 2898 μέσης,
1056 2822 1143 2876 καὶ
1171 2819 1237 2876 δι’
1270 2822 1432 2889 αὗτῇς
1484 2823 1581 2890 τῆς
1628 2823 1804 2901 τρίτης
1857 2826 1928 2887 εἰς

283 2902 480 2978 μονάδα
546 2906 642 2972 τὴν
695 2907 937 2991 πρώτην,
987 2911 1060 2972 ὼς
1127 2911 1199 2972 εἰς
1256 2909 1488 2989 ἀρχικήν
1528 2911 1927 2991 ἀναφερομένων

279 2996 448 3050 αἰτιαν
516 2995 599 3049 καὶ
665 2994 829 3070 ῥίζαν,
880 2985 1044 3053 εὈθεν
1117 3000 1144 3053 ὁ
1198 2997 1646 3076 θεολογικώτατος
1716 3002 1926 3068 Nicon;

2012 1922 2188 2001 actio,
2223 1931 2567 1996 exunltate,
2595 1932 2652 1983 et
2682 1923 3054 1998 dualitate,et
3078 1924 3336 1985 trinitate
3380 1943 3665 2004 persona-

2010 2028 2141 2071 rum
2176 2012 2503 2091 distinctio,
2540 2013 2679 2074 licet
2712 2032 2905 2093 neque
2935 2012 3066 2094 ipsa
3097 2032 3203 2094 per
3226 2032 3315 2088 se,
3369 2032 3566 2092 neque
3600 2014 3660 2074 in

2012 2101 2253 2179 propria
2283 2100 2600 2180 hypostasi,
2626 2101 2730 2163 sed
2756 2103 3062 2164 intellectu
3097 2110 3322 2163 tantum
3353 2111 3412 2164 et
3443 2103 3504 2163 in
3527 2103 3661 2164 aliis

2011 2189 2467 2250 considerantur
2499 2207 2512 2252 :
2552 2191 2705 2270 quod
2738 2191 3156 2270 interrogantis
3210 2191 3656 2270 exemplum,“-

2012 2285 2106 2337 cet
2139 2296 2253 2336 non
2290 2278 2372 2337 uti
2421 2278 2507 2338 illi
2537 2279 2889 2359 cumplacet,
2938 2280 3364 2341 assumendum
3397 2289 3507 2354 est,
3542 2281 3660 2342 nisi

2013 2383 2120 2445 per
2147 2367 2319 2425 aliam
2353 2375 2528 2444 atque
2547 2369 2722 2428 aliam
2742 2369 3197 2430 similitudinem
3226 2369 3387 2430 aliud
3418 2379 3477 2431 et
3500 2370 3658 2431 aliud

2012 2471 2080 2514 ex
2103 2454 2174 2514 iis
2195 2473 2324 2535 qua:
2344 2456 2404 2516 in
2429 2458 2914 2518 consubstantiali
2933 2456 3222 2520 Trinitate
3253 2459 3656 2538 speculamur,

2010 2543 2297 2621 aut_idem
2332 2563 2438 2623 per
2468 2544 2638 2625 plura
2667 2546 3050 2624 signiﬁcatur.
3090 2545 3291 2626 Neque
3338 2546 3498 2609 enim
3531 2546 3663 2607 ﬁeri

2013 2641 2295 2712 potest,ut
2318 2634 2703 2695 assimilatum
2737 2635 2929 2695 modis
2959 2635 3234 2696 omnibus
3256 2635 3314 2695 id
3338 2636 3495 2716 quod
3520 2636 3662 2696 assi-

2011 2720 2177 2780 milat
2220 2730 2514 2801 exaequet,
2566 2734 2629 2783 ut
2678 2724 2863 2804 idem,
2904 2725 3060 2785 cuia
3091 2724 3391 2802 theologia
3438 2743 3658 2786 nomen

2011 2818 2121 2883 est,
2158 2811 2217 2868 in
2242 2812 2448 2870 eadem
2484 2810 2751 2871 oratione
2776 2810 3386 2873 tradit.NIhilomiuus
3407 2812 3499 2872 his
3522 2832 3656 2873 om-

2010 2896 2185 2957 nibus
2215 2898 2466 2977 aliisque
2495 2899 2790 2960 sunilibus
2821 2901 3120 2961 indicatur
3149 2909 3207 2961 et
3235 2901 3653 2974 ordo,etrela-

2009 2984 2113 3059 tio,
2150 2993 2200 3045 et
2232 2988 2515 3067 primum,
2568 2996 2624 3047 et
2674 2989 2961 3068 medium,
3012 2998 3070 3049 et
3120 2989 3385 3062 tertium,
3422 2997 3477 3049 et
3508 2990 3657 3050 duas

282 3083 367 3139 ἐπὶ
415 3088 503 3149 τῆς
587 3082 832 3140 ἀκτίστου
891 3083 1108 3163 Τριάδος
1165 3090 1327 3142 ταῦτα
1384 3086 1703 3167 διευκρινῶν,
1776 3092 1924 3168 εἰρη-

2010 3091 2217 3133 causas
2247 3092 2364 3133 non
2397 3092 2551 3146 esse,
2587 3094 2720 3135 cum
2749 3075 2922 3155 plane
2945 3076 3253 3137 definitum
3278 3077 3656 3157 sit,conspici

281 3174 390 3239 κώς
445 3196 525 3249 τε,
594 3177 666 3239 ὡς
725 3175 969 3250 ἀνωτέρω
1036 3178 1383 3257 προῦθέμεθα,
1429 3183 1514 3238 καὶ
1547 3189 1638 3239 106
1680 3182 1731 3247 ἐξ
1762 3184 1925 3249 αἰτίας

282 3265 371 3320 καὶ
427 3264 696 3344 ἀμφότερα
754 3267 997 3341 σημάνας
1068 3269 1294 3343 αἰτιατὰ,
1355 3266 1421 3325 δι’
1480 3271 1655 3348 ἑτέρου
1700 3274 1761 3328 τὸ
1805 3270 1924 3330 ἕτε-

287 3375 375 3433 ρον
418 3351 723 3433 διεσάφησε,
782 3356 977 3435 φήσας·
1031 3379 1057 3411 σ
1117 3359 1188 3414 T‘o
1232 3359 1329 3432 μὲν
1383 3360 1482 3437 γὰρ
1543 3364 1823 3442 προσεχῶς
1868 3362 1926 3419 ἐκ

287 3465 379 3499 του
422 3444 650 3521 πρώτου,
702 3463 732 3502 )
768 3446 858 3499 τὸν
917 3447 1034 3501 Υἱὸν
1090 3443 1317 3521 δηλαδὴ,
1364 3449 1627 3506 τουτέστιν
1684 3451 1920 3527 ἀμέσως·

212 3554 221 3562 -
281 3530 439 3610 μᾶφω
495 3532 593 3609 γὰρ
644 3533 729 3588 ἔπ’
801 3532 958 3591 int-3106
1032 3541 1198 3591 ταῦτα
1272 3535 1721 3614 πεπλατυσμένως
1804 3556 1926 3608 ταῖς

282 3624 451 3706 ἱεραῖς
520 3638 875 3706 συγγραφαῖς
951 3627 1054 3679 τῶν
1130 3625 1381 3706 ’Πατέρων
1466 3626 1923 3706 ἐμπεριείληπταισ

286 3697 347 3756 τὸ
404 3698 459 3755 δέ
515 3697 599 3755 δια
627 3697 732 3756 τοῦ
762 3697 1067 3781 -προσεχῶς
1126 3703 1186 3760 ἐκ
1226 3697 1318 3760 τόδ
1361 3697 1568 3785 πρώτου
1604 3697 1831 3785 ’Πνεῦμα
1868 3714 1927 3769 τὸ

278 3793 443 3863 Θεῖον,
513 3790 787 3846 κάντεῦθεν
844 3790 1066 3870 ἀμφοῖν,
1154 3795 1244 3848 106
1306 3795 1405 3870 μὲν
1447 3796 1683 3878 ἀμέσως,
1733 3806 1826 3856 τοῦ
1868 3798 1922 3857 δὲ

274 3876 356 3934 διὰ
400 3885 491 3935 τοῦ
547 3878 730 3959 μέσου,
799 3878 1123 3959 θεολογήσας
1183 3883 1306 3957 μίαν
1363 3887 1531 3942 αἰτίαν
1605 3876 1702 3955 τὴν
1755 3889 1919 3970 ἀρχι-

272 3967 397 4045 κὴν,
430 3966 497 4035 ἢν
528 3971 575 4023 οἱ
617 3966 787 4025 λοιποὶ
831 3971 1075 4048 θεηγόροι
1126 3972 1224 4046 μὲν
1280 3972 1593 4051 ἡνωμένως,
1654 3966 1918 4041 οὗτοςηδὲ

274 4054 660 4131 διαλελυμένως
730 4057 946 4136 πρώτην
1016 4060 1184 4117 αἰτίαν
1234 4062 1539 4138 ὠνόμασαν.
1616 4056 1723 4128 υΟς
1787 4065 1920 4134 δῆτα

273 4146 360 4200 καὶ
402 4147 499 4211 της
556 4145 637 4201 διὰ
680 4148 768 4202 καί
811 4152 909 4214 τῆς
965 4149 1027 4203 ὲκ
1068 4150 1129 4205 τὸ
1173 4148 1453 4231 σύνδρομον
1507 4151 1768 4232 ἐχουσῶν,
1836 4156 1921 4212 ἐπὶ

272 4244 364 4290 του
418 4234 581 4309 μέσου
650 4237 738 4292 καὶ
789 4234 1196 4318 ταυτοδύναμον,
1257 4241 1430 4301 καθὼς
1493 4243 1565 4306 εἰς
1610 4241 1809 4307 πλάτος
1871 4254 1921 4306 αἱ

273 4326 631 4403 ἱερογραφικαὶ
685 4327 791 4382 τῶν
873 4327 1211 4406 θεοφορήτων
1268 4330 1540 4409 μαρτυρίαι
1596 4331 1919 4407 παραδιδόα-

1945 3154 1986 3204 C
2011 3179 2081 3222 ex
2128 3162 2254 3222 sole
2284 3164 2512 3223 radium
2564 3171 2623 3222 et
2667 3154 2890 3234 lumen,
2953 3184 3087 3226 cum
3118 3183 3367 3245 utraque
3398 3154 3555 3226 dicta
3588 3168 3648 3227 id

2006 3250 2283 3327 inferant,
2326 3269 2395 3312 ex
2431 3250 2618 3329 primo
2652 3271 2756 3332 per
2781 3253 3043 3314 medium
3076 3254 3312 3316 tertium
3341 3276 3358 3332 ;
3393 3255 3654 3336 indeque

2008 3359 2181 3399 unam
2213 3350 2270 3401 et
2293 3342 2633 3420 primariam
2651 3360 2885 3403 causam
2912 3344 3132 3424 primas
3149 3343 3424 3406 obtinere
3449 3346 3652 3406 decla-

2006 3437 2164 3509 rent,
2220 3433 2300 3489 utl
2363 3448 2602 3510 quoque
2660 3449 2731 3491 ex
2783 3432 2989 3493 radice
3019 3451 3193 3494 unam
3224 3452 3463 3494 causam
3495 3434 3557 3494 in
3588 3451 3653 3495 se

2012 3520 2373 3594 continente,
2426 3529 2484 3580 et
2539 3539 2607 3580 ex
2647 3519 2775 3600 ipsa
2816 3521 2931 3582 duo
2965 3523 3226 3583 medium
3260 3532 3317 3583 et
3369 3540 3475 3602 per
3507 3523 3654 3584 illud

2011 3609 2245 3667 tertium
2269 3608 2327 3667 in
2360 3608 2852 3689 ipsam,tanquam
2887 3629 3020 3690 qua:
3059 3610 3121 3672 in
3152 3629 3318 3672 suam
3350 3614 3651 3692 propriam

2008 3697 2268 3758 radicem
2292 3699 2646 3774 referantur,
2688 3707 2746 3758 et
2773 3699 2833 3759 in
2868 3718 3118 3761 numero
3149 3716 3223 3762 ex
3253 3702 3481 3760 unitate
3507 3700 3648 3780 duo,

2010 3794 2070 3847 et
2098 3805 2167 3846 ex
2201 3786 2429 3847 duobus
2461 3788 2697 3847 tertium
2722 3790 3156 3867 segregatione,
3194 3808 3311 3849 non
3344 3788 3650 3868 composi-

2005 3874 2186 3948 tione,
2224 3894 2438 3955 nempe
2464 3894 2533 3937 ex
2557 3876 2748 3957 prima
2774 3879 2994 3939 unitate
3025 3879 3312 3954 secunda,
3341 3886 3397 3938 et
3419 3896 3524 3958 per
3552 3878 3651 3957 ip-

2004 3981 2130 4024 sam
2165 3965 2357 4039 tertia,
2392 3983 2526 4025 cum
2563 3966 2869 4025 ambarum
2900 3966 3098 4027 media
3126 3968 3202 4027 sit
3232 3977 3291 4027 et
3321 3984 3430 4044 per
3456 3966 3648 4046 ipsam

2005 4053 2174 4112 tertia
2197 4052 2257 4112 in
2283 4055 2533 4133 primam
2566 4055 2967 4128 unitatem,uti
3002 4056 3344 4135 primariam
3381 4073 3642 4131 causam,

2006 4150 2063 4200 et
2089 4142 2372 4219 originem
2406 4140 2940 4204 referanturﬂude
2972 4145 3032 4202 in
3063 4143 3246 4203 rebus
3293 4143 3644 4221 theologicis

2005 4231 2588 4308 praacellentissimLs
2610 4229 2653 4290 Ν
2660 4250 2909 4310 yssenus
2925 4233 3051 4292 haec
3068 4235 3141 4292 de
3163 4230 3646 4299 increataTriade

2005 4319 2348 4398 explanans,
2386 4320 2739 4398 dicensque,
2784 4330 2845 4381 ut
2893 4339 3075 4390 suu'a
3120 4320 3552 4389 adnotavimus,
3587 4326 3648 4380 et

275 4434 379 4486 σιν,
427 4414 471 4469 εἰ
517 4415 604 4469 καὶ
661 4411 900 4493 ἀμυδρῶς
969 4412 1069 4470 ῶδε
1125 4406 1446 4495 διήγγελταιν
1492 4420 1591 4487 τὴν
1647 4406 1732 4475 διὰ
1788 4419 1916 4500 δογ-

2006 4406 2162 4467 illius
2183 4408 2336 4487 quod
2368 4426 2435 4467 ex
2465 4427 2638 4468 causa
2662 4417 2839 4483 est,et
2868 4419 3114 4489 utraque
3144 4418 3379 4470 causata
3408 4409 3644 4487 signiti-

275 4502 498 4577 ματίσας
555 4502 795 4582 ἐνταῦθα,
843 4504 938 4570 τὴν
996 4503 1056 4560 ἐκ
1119 4503 1172 4559 ἐν
1228 4504 1429 4579 ἄλλοις,
1481 4511 1534 4563 ἓν
1592 4512 1676 4571 οἷς
1735 4532 1916 4588 φησιν,

279 4611 303 4646 α
344 4583 401 4648 ‘0
446 4592 543 4665 μὲν
612 4592 730 4654 Υἱὸς
789 4592 848 4648 ἐκ
898 4598 991 4648 τοῦ
1050 4595 1250 4670 Πατρὸς
1298 4597 1441 4674 παρὰ
1480 4598 1577 4663 τῆς
1606 4583 1917 4676 θείας-Γρα-

271 4683 376 4759 φῆς
406 4679 741 4754 ὀνομάζεται·
802 4682 864 4736 τὸ
908 4678 962 4735 δὲ
992 4686 1205 4757 Πνεῦμα
1234 4683 1294 4739 ἐκ
1340 4694 1432 4742 τοῦ
1500 4687 1703 4763 Πατρὸς
1758 4684 1916 4765 λέγει·

270 4789 380 4840 ται,
449 4769 541 4824 καὶ
594 4768 654 4825 ἐκ
703 4775 796 4824 106
841 4771 961 4824 Υἱοῦ
1003 4770 1145 4825 εἶναι
1201 4788 1701 4853 προσμαρτυρεῖται,
1743 4797 1765 4833 υ
1823 4797 1913 4831 τε-

270 4855 583 4934 θεολόγηκε.
645 4858 743 4915 Καὶ
817 4859 877 4913 τὸ
936 4857 1035 4933 μὲν
1118 4866 1326 4937 πρῶτον
1406 4862 1693 4939 κεφάλαιον
1749 4864 1914 4930 οὕτως

272 4943 405 5024 ἕχον
433 4947 693 5001 τεθέαται·
726 4951 819 5002 106
848 4944 1036 5003 λοιποῦ
1064 4945 1118 5003 δὲ
1149 4951 1210 5004 τὸ
1236 4947 1474 5030 δεύτερον
1514 4951 1746 5024 θεατέον,
1782 4953 1919 5011 οὕτω

272 5034 410 5091 κατὰ
462 5034 606 5110 ῥῆμα
658 5031 1037 5109 διαλαμϐάνον·
1077 5059 1104 5090 ι
1143 5026 1275 5094 ’Ἐτι
1332 5026 1394 5107 ἡὴ
1423 5040 1519 5116 μὲν
1578 5044 1742 5117 μονὰς
1785 5065 1917 5098 ταυ-

273 5123 498 5188 τότητός
555 5122 696 5178 ἐστιν
766 5124 925 5195 αἰτία,
986 5125 1021 5192 ἡ
1063 5122 1117 5180 δὲ
1173 5123 1294 5192 δυᾶς
1360 5128 1690 5207 ἑτερότητος.
1755 5122 1919 5190 υΟθεν

275 5212 363 5266 καὶ
422 5213 450 5267 ὁ
495 5212 612 5276 Υἱὸς
669 5212 757 5267 καὶ
803 5214 860 5267 1‘0
893 5218 1104 5289 Πνεῦμα
1146 5217 1208 5271 τὸ
1249 5216 1424 5295 ἅγιον,
1469 5221 1542 5282 ὡς
1573 5220 1671 5295 μὲν
1718 5219 1772 5286 ἒξ
1804 5221 1918 5286 ἑνὸς

273 5301 366 5355 106
428 5302 630 5379 Πατρὸς
689 5297 839 5374 ὄντα,
884 5303 944 5357 τὸ
992 5306 1181 5362 ταυτὸν
1250 5310 1348 5373 τῆς
1404 5309 1605 5387 φύσεως
1666 5308 1919 5380 ἀλλήλοις

271 5390 360 5478 παὶ
403 5395 479 5464 τῷ
503 5391 690 5478 ,Πατρὶ
732 5388 971 5471 ἔχουσιν,
1030 5393 1104 5457 ὡς
1162 5391 1217 5450 δὲ
1273 5392 1359 5452 δύο
1393 5396 1550 5477 πάλιν
1592 5396 1737 5473 ὄντα,
1771 5399 1921 5478 ἕτερά

273 5476 414 5534 ἐστιν
466 5477 723 5547 ἀλληλοις
779 5481 865 5536 καὶ
921 5484 998 5555 τῴ
1051 5484 1212 5562 Πατρὶ
1255 5485 1388 5541 κατὰ
1426 5476 1520 5551 τὰς
1575 5476 1916 5571 ὑποστάσει-ς,

270 5564 388 5623 ἀλλ’
453 5571 513 5627 06
582 5569 680 5636 τὴν
736 5569 911 5649 φύσιν.
984 5572 1057 5628 O6
1102 5573 1202 5652 γὰρ
1245 5572 1368 5641 ἐνῆν
1422 5576 1587 5631 ταυτα
1631 5579 1727 5645 τὴν
1771 5564 1919 5656 φύσιν

274 5652 401 5714 ὄντα
431 5658 519 5714 καὶ
575 5655 727 5738 ἕτερα
768 5656 930 5718 πάλιν
983 5659 1121 5718 κατὰ
1178 5662 1327 5739 φύσιν
1371 5675 1536 5725 εῖναι.
1570 5666 1648 5737 ,Εἰ
1697 5652 1796 5744 μὲν
1837 5669 1923 5724 οὖν

2003 4498 2227 4569 cans,si
2258 4514 2389 4575 quae
2436 4516 2506 4556 ex
2562 4516 2737 4558 causa
2767 4507 2926 4570 sunt,
2961 4507 3198 4558 causata
3245 4500 3643 4577 nuncupanda

2000 4589 2268 4661 veniunt,
2303 4605 2408 4666 per
2427 4588 2586 4648 aliud
2613 4589 2773 4649 aliud
2797 4589 3172 4668 signiﬁcavit,
3198 4590 3496 4650 scribens.
3518 4588 3648 4650 Hoc

2000 4678 2245 4755 quidem
2274 4678 2556 4738 continue
2572 4685 2658 4740 est
2680 4695 2758 4739 ea;
2776 4677 3193 4755 primo,Filius
3227 4687 3532 4758 nempe,et
3549 4678 3653 4738 ab-

1999 4783 2145 4844 sque
2179 4766 2398 4842 medio;
2433 4780 2681 4846 utraque
2712 4769 2871 4828 enim
2928 4769 3074 4828 satis
3127 4768 3339 4828 (liﬂ'use
3372 4769 3432 4827 in
3466 4768 3652 4828 sacris

1997 4855 2445 4916 commentariis
2468 4859 2707 4917 Patrum
2738 4860 2812 4918 de
2830 4857 3039 4918 eodem
3063 4869 3303 4938 accepta
3329 4858 3649 4918 continen-

2004 4953 2117 5004 tur.
2159 4970 2182 5000 «
2217 4945 2339 5007 Hoc
2361 4963 2496 5005 vero
2529 4965 2634 5026 per
2662 4947 2804 5007 illud
2831 4950 2988 5027 quod
3013 4948 3294 5009 continue
3324 4957 3505 5008 estex
3531 4945 3651 5028 pri-

2003 5054 2122 5108 mo,
2164 5059 2186 5093 ι
2209 5033 2460 5114 Spiritus
2490 5038 3019 5117 sanctus,indeque
3043 5040 3239 5115 ambo,
3273 5039 3385 5098 hoc
3407 5038 3650 5116 quidem

2002 5123 2523 5187 immediate.illud
2547 5145 2651 5205 per
2672 5128 2935 5187 medium
2956 5128 3495 5206 decernens,uuam
3516 5144 3651 5185 cau-

2003 5232 2128 5275 sam
2161 5213 2710 5294 primariam,quam
2745 5214 2841 5276 alii
2876 5216 3230 5297 diviniloqui
3262 5217 3461 5277 Patres
3494 5232 3644 5275 con-

1996 5302 2273 5383 junctim,
2313 5304 2408 5364 hic
2435 5321 2575 5364 vero
2607 5306 2923 5384 separatim
2971 5309 3222 5385 primam
3268 5322 3504 5365 causam
3537 5322 3648 5383 ap-

2002 5393 2257 5472 pellavit.
2271 5391 2375 5463 QUI
2394 5402 2679 5472 praeterea
2690 5395 3173 5476 praepositionum
3186 5412 3264 5457 ea:
3284 5403 3343 5455 et
3349 5411 3459 5474 per
3475 5410 3653 5453 unam

2003 5484 2396 5562 eamdemque
2427 5501 2533 5562 per
2560 5486 2755 5545 medio
2779 5484 3155 5564 applicantur
3182 5483 3658 5556 concordiam,et

2003 5578 2260 5654 aequales
2293 5589 2471 5649 Vires,
2504 5572 2589 5632 uti
2618 5576 2746 5635 t'use
2760 5592 2928 5634 sacra
2947 5574 3169 5654 scripto
3201 5573 3478 5633 mandata
3500 5571 3656 5632 divi-

2002 5681 2216 5726 norum
2234 5660 2475 5723 Patrum
2502 5663 2838 5725 testimonia
2869 5663 3241 5726 tradiderunt
3262 5663 3400 5723 licet
3420 5659 3655 5723 subob-
