4206 6292
540 360 698 425 1295

1807 361 2123 425 GEORGII
2169 359 2633 421 METOCHITzE

3781 357 3949 420 1296

541 511 717 556 scure
759 493 858 556 hic
882 513 995 576 per
1023 513 1332 577 apponens
1363 494 1709 574 enuntiavit,
1742 493 1802 555 in
1834 492 1966 554 aliis
1997 499 2194 552 tamen

2281 487 2376 565 ἅρκ
2441 489 2490 555 ἐξ
2549 491 2687 563 ἐνὸς,
2761 487 2996 543 τουτέστι
3067 489 3229 565 μόνου
3295 498 3386 545 τοῦ
3443 493 3671 568 Πιτρὸς,
3732 493 3822 546 καὶ
3879 492 3947 545 τὸ

544 600 620 645 ea:
639 585 962 664 usurpavit,
999 604 1132 646 cum
1166 586 1306 646 dicit
1341 603 1354 647 :
1399 608 1420 639 α
1459 582 1646 644 Filius
1703 583 1941 663 quidem
1978 602 2046 644 ex
2080 581 2190 642 Pa-

543 681 627 732 tra
661 691 694 733 a
725 673 920 734 divina
952 671 1258 753 Scriptura
1280 672 1787 752 dicitur.Spiritus
1820 689 1958 732 vero
1985 689 2050 731 ex
2081 672 2190 731 Pa-

543 769 633 822 tre
662 761 970 831 dicitur,et
997 780 1065 823 ex
1089 761 1246 824 Filio
1275 780 1406 823 esse
1428 763 1733 823 astruitur.
1775 785 1796 818 ι
1836 759 1905 820 Ει
1932 760 2191 838 primum

543 849 782 928 quidem
817 860 992 930 caput
1016 850 1092 910 ita
1112 869 1177 911 se
1202 850 1424 912 habere
1441 849 1890 930 conspeximus;
1917 867 2072 908 nunc
2095 865 2194 908 se-

541 937 800 998 cundum
835 939 1340 1001 considerandum
1368 948 1477 1015 est,
1516 939 1606 1000 his
1636 937 1950 1017 ipsissimis
1996 934 2194 996 verbis

543 1027 1244 1105 expositumchraterea
1273 1029 1471 1088 unitas
1500 1026 1825 1087 identitalis
1874 1043 2050 1085 causa
2081 1030 2192 1103 est,

545 1115 798 1177 dualitas
819 1116 1175 1179 diversitatis
1209 1119 1354 1178 Hinc
1379 1116 1562 1180 Filius
1582 1125 1636 1176 et
1659 1113 1913 1195 Spiritus
1931 1122 2189 1185 sanctus,

551 1203 634 1265 uti
666 1223 734 1266 ex
760 1225 877 1266 uno
910 1205 1083 1268 Patre
1113 1208 1487 1280 exsistentes,
1526 1206 1680 1266 inter
1711 1223 1841 1265 sese
1875 1203 2028 1264 idem
2084 1220 2191 1262 na-

548 1301 694 1354 tura
725 1313 860 1355 cum
909 1298 1083 1357 Patre
1133 1295 1482 1375 possident:
1526 1295 1608 1354 uti
1641 1311 1777 1354 vero
1823 1309 2028 1352 rursus
2077 1290 2193 1350 duo

545 1391 683 1442 sunt
709 1382 868 1444 inter
887 1401 1020 1444 sese
1048 1383 1164 1444 alia
1191 1391 1418 1457 sunt,et
1445 1401 1480 1444 a
1510 1386 1680 1445 Patre
1709 1379 2083 1462 quoque,sed
2104 1395 2196 1440 se-

546 1471 804 1532 cundum
827 1473 1314 1552 hypostases,non
1341 1472 1668 1533 secundum
1686 1479 1976 1544 naturam;
2001 1487 2193 1547 neque

547 1558 706 1620 enim
734 1561 863 1622 ﬁeri
907 1568 1154 1641 poterat,
1191 1574 1255 1621 ut
1285 1579 1414 1640 qua
1445 1562 1651 1622 eadem
1692 1568 1900 1620 natura
1929 1557 2192 1637 sunt,di-

549 1666 718 1709 versa
747 1667 952 1710 rursus
984 1659 1191 1710 natura
1222 1659 1451 1712 essent.
1489 1647 1550 1711 Si
1583 1649 1780 1729 itaque
1809 1666 1878 1709 ex
1902 1666 2042 1721 uno,
2069 1646 2194 1706 solo

551 1736 786 1798 scilicet
815 1740 1012 1810 Patre,
1049 1737 1308 1818 Spiritus
1353 1738 1752 1819 progreditur,
1805 1755 1961 1796 unus
1997 1735 2111 1793 erit
2139 1743 2197 1796 et

2278 583 2486 653 Πνεῦμι
2530 578 2876 656 προέρχεται,
2911 573 2966 630 ἕν
3023 575 3166 633 ἔσται
3212 580 3300 634 καὶ
3341 581 3530 635 τιυτδν
3585 579 3709 635 αὐτὸ
3738 580 3941 651 ἑαυτῷ·

2303 664 2573 722 ’δι’-δ’
2754 665 2838 700 ·’
2986 671 3029 720 Π
3133 669 3146 684 “
3291 669 3470 689 “⁴’
3613 688 3632 700 ο
3784 665 3873 702 ὀ

2277 689 2320 722 ει
2382 689 2492 724 ιειι
2550 687 2630 740 υο,
2691 687 2927 722 τοδτεστι
3037 688 3188 745 ιτρος
3219 689 3306 724 xxi
3356 669 3500 746 ιὶου³
3549 665 3728 745 ἕτερον
3785 687 3938 723 εσ.αι

2278 758 2402 814 αὐτὸ
2435 757 2643 828 ἑαυτοῦ,
2695 757 2767 818 ὡς
2827 756 2890 809 ἂν
2947 753 3077 811 ἄλλο
3133 756 3230 830 μὲν
3260 754 3316 812 ὄν
3374 758 3436 812 τὸ
3479 755 3540 810 ἐκ
3568 764 3661 813 τοῦ
3704 759 3940 836 Πατρὸς,

2278 843 2408 905 ἄλλο
2462 843 2515 899 δὲ
2558 847 2620 900 τὸ
2653 845 2710 900 ὲκ
2739 851 2835 900 τοῦ
2868 843 2988 900 Υἱοῦ
3040 841 3189 902 Ἐπεὶ
3246 846 3345 924 γὰρ
3401 843 3562 909 ἃλλος
3617 849 3714 920 μὲν
3744 849 3770 901 ὁ
3815 852 3943 901 [Ια-

2279 933 2401 1012 τὴρ³
2451 931 2612 996 ἄλλος
2656 930 2710 988 δὲ
2771 935 2799 988 ὁ
2859 935 3001 1000 Υἱὸς,
3035 933 3244 1010 ἀνάγκη
3289 937 3376 990 καὶ
3433 936 3492 990 τὸ
3521 934 3580 990 ἐκ
3609 935 3810 1012 Πκτρὸς
3840 938 3950 991 καὶ

2280 1025 2398 1080 ι’ἱοῦ
2442 1027 2653 1096 Πνεῦμα
2722 1017 2853 1078 ἄλλο
2892 1024 2980 1078 καὶ
3011 1019 3142 1077 ἄλλο
3188 1022 3356 1083 εἶναι.
3417 1025 3577 1080 Τοῦτο
3620 1021 3674 1078 δὲ
3707 1021 3938 1084 ἄτοπον,

2279 1112 2337 1166 Εἰ
2365 1108 2417 1164 δὲ
2447 1108 2590 1188 λέγει
2633 1131 2736 1182 τις,
2775 1111 2871 1166 Καὶ
2900 1113 3014 1175 π’ὖς
3047 1111 3106 1165 τὸ
3131 1109 3182 1174 ἐξ
3207 1109 3367 1166 ἂλλου
3397 1112 3483 1166 καὶ
3513 1109 3676 1166 ἄλλου
3705 1119 3793 1166 τοῦ
3819 1134 3938 1167 πα-

2276 1200 2395 1277 τρὸς
2441 1200 2526 1254 καὶ
2569 1197 2665 1265 τῆς
2697 1200 2896 1274 μητρὸς
2929 1199 3134 1272 τέκνον,
3183 1203 3277 1258 οὐκ
3306 1197 3439 1255 ἄλλο
3468 1201 3555 1256 καὶ
3608 1198 3736 1256 ἄλλο
3765 1200 3938 1274 ἐστὶν,

2277 1285 2412 1343 ἀλλά
2440 1285 2520 1360 ἕν;
2552 1285 2791 1365 ἐροῦμεν1
2819 1285 2899 1341 ὅτι
2921 1286 3024 1365 οὔχ
3047 1286 3228 1350 ἁπλῶς
3251 1287 3392 1343 ἐστιν
3417 1287 3495 1360 ἕν,
3530 1286 3664 1344 ἀλλὰ
3692 1290 3943 1346 σύνθετον

2281 1374 2340 1431 ἔκ
2369 1397 2424 1430 τε
2481 1384 2573 1433 τοῦ
2628 1373 2930 1453 σπέρματος
2970 1377 3064 1431 τοῦ
3119 1377 3318 1454 πατρὸς
3364 1378 3450 1432 καὶ
3531 1382 3638 1433 τῶν
3697 1379 3944 1452 αἱμάτων

2275 1468 2375 1530 τῆς
2435 1465 2653 1540 μητρὸς.
2696 1485 2723 1517 ι
2764 1463 3032 1520 Κάνταῦθκ
3096 1470 3189 1520 τοῦ
3247 1462 3491 1539 ψεύδους,
3549 1470 3608 1524 οὗ
3648 1471 3744 1532 τῆς
3800 1467 3945 1534 ἀλη-

2278 1552 2414 1615 θείας
2459 1553 2524 1607 τὰ
2592 1557 2690 1618 τῆς
2735 1553 3062 1630 προτάσεως,
3121 1553 3445 1630 Προσεκτέον
3511 1557 3597 1610 καὶ
3653 1557 3772 1634 γὰρ.
3837 1559 3941 1613 1Ξὶ-

2279 1642 2392 1697 πὼν
2421 1643 2450 1696 ὁ
2479 1640 2786 1716 συνθέμενος
2819 1638 2887 1696 δι’
2944 1641 3133 1714 αὐτῆς,
3180 1643 3253 1702 ὼς
3295 1643 3330 1710 ἡ
3378 1642 3474 1716 μὲν
3517 1646 3686 1718 μονὰς
3736 1647 3940 1702 ταυτό-

2278 1729 2439 1796 τητός
2496 1729 2637 1784 ἐστιν
2667 1730 2826 1808 αἰτία,
2856 1731 2892 1797 ἡ
2948 1728 3002 1785 δὲ
3059 1728 3181 1794 δυὰς
3241 1732 3574 1810 ἑτερότητος,
3619 1740 3706 1789 καὶ
3757 1756 3939 1792 κατα-

547 1824 704 1886 idem
739 1845 872 1886 cum
896 1826 1120 1907 seipso;
1148 1827 1196 1887 si
1218 1818 1412 1888 autem
1433 1846 1500 1888 ex
1515 1826 1955 1899 duobus,l’alre
1979 1841 2196 1902 nempe

2281 1819 2560 1891 σκευάσας,
2621 1819 2694 1882 ὡς
2764 1819 2860 1892 μὲν
2917 1818 2968 1884 ἐξ
3035 1819 3150 1883 ἐνὸς
3226 1819 3353 1876 ὄντα
3405 1827 3497 1878 τοῦ
3567 1825 3770 1900 Πκτρὸς
3840 1827 3940 1880 τὸν

551 1923 610 1974 et
640 1913 976 1990 Filio,alius
1009 1916 1123 1976 erit
1151 1915 1277 1995 ipse
1306 1935 1339 1976 a
1369 1915 1590 1996 seipso.
1620 1924 1894 1994 tanquam
1928 1913 2029 1994 qui
2048 1913 2198 1973 alius

549 2010 642 2063 est
671 2021 704 2063 a
735 2005 929 2082 Patre,
983 2004 1135 2065 alius
1175 2023 1243 2065 ex
1294 2003 1465 2066 Filio.
1517 2003 2008 2083 Quandoquidem
2041 2000 2200 2062 enim

554 2091 717 2154 aliud
753 2101 841 2152 est
867 2095 1058 2158 Pater,
1093 2093 1254 2154 aliud
1296 2112 1433 2154 vero
1480 2093 1688 2166 Filius,
1743 2109 1988 2154 necesse
2028 2100 2115 2151 est
2145 2099 2204 2152 et

550 2181 833 2262 Spiritum
867 2183 965 2263 qui
985 2201 1052 2244 ex
1079 2186 1247 2244 Patre
1278 2193 1334 2244 et
1363 2183 1510 2244 Filio
1543 2182 1820 2255 est,aliud
1849 2190 2027 2261 atque
2042 2179 2200 2240 aliud

550 2271 839 2334 esse.Hoc
862 2288 1001 2332 vero
1025 2271 1348 2333 absurdum
1373 2279 1484 2333 est.
1519 2269 1738 2342 Quodsi
1779 2269 1912 2349 quis
1962 2268 2196 2347 dixerit,

548 2355 621 2418 Et
641 2359 939 2438 quomodo
961 2377 1028 2420 ex
1045 2359 1160 2420 alio
1183 2367 1357 2437 atque
1379 2359 1493 2420 alio
1526 2361 1698 2420 Patre
1728 2367 2033 2436 matreque
2053 2375 2200 2416 ena-

551 2454 648 2508 tus
679 2449 1001 2525 fatus,non
1029 2455 1117 2507 est
1143 2447 1303 2507 aliud
1335 2457 1512 2525 atque
1534 2445 1826 2525 aliud,sed
1862 2449 2072 2504 unum?
2097 2463 2196 2505 re-

553 2535 918 2614 sliondemus
950 2553 1068 2595 non
1100 2553 1230 2596 esse
1262 2535 1617 2615 simpliciter
1647 2533 1964 2614 unum,sed
1999 2553 2066 2594 ex
2099 2552 2200 2594 se-

562 2623 722 2683 mine
755 2623 934 2702 patris
965 2631 1024 2685 et
1053 2623 1442 2704 sanguinibus
1475 2625 1680 2686 matris
1709 2624 2134 2701 compositum.
2171 2646 2192 2679 ο

556 2709 696 2782 Qua
718 2712 814 2774 hic
835 2730 1071 2793 quoque
1095 2723 1465 2793 proponutur
1486 2711 1780 2775 mendacii
1812 2712 2197 2792 prehendun-

558 2809 652 2860 tur
684 2801 995 2862 manifesto
1028 2803 1228 2876 modo,
1265 2810 1489 2862 tantum
1537 2802 1706 2863 abest
1754 2811 1820 2861 ut
1868 2819 2003 2861 vera
2055 2801 2194 2861 sint.

553 2890 1084 2952 Attendatur.Cum
1122 2891 1278 2950 enim
1306 2910 1410 2971 per
1432 2909 1500 2951 ea
1530 2899 1732 2952 auctor
1764 2891 2201 2969 pronuntiasset

557 2978 842 3040 unitatem
904 2979 1249 3053 identitatis,
1284 2979 1628 3041 dualitatem
1677 2979 2033 3040 diversitatis
2062 2997 2194 3040 esse

2285 1909 2402 1962 Υἱὸν
2469 1907 2553 1964 καὶ
2584 1909 2646 1962 τὸ
2689 1913 2900 1982 Πνεῦμα
2950 1910 3009 1963 τὸ
3071 1908 3244 1986 ἅγιον,
3292 1911 3354 1964 τὸ
3399 1912 3589 1966 ταυτὸν
3644 1910 3790 1990 ἔχειν
3833 1919 3940 1980 τῆς

2283 1997 2483 2074 φύσεως
2554 1994 2809 2065 ἀλλήλοις
2878 1999 2964 2053 καὶ
3032 2004 3109 2071 τῷ
3173 1999 3356 2075 Πατρὶ,
3402 1999 3476 2062 ὡς
3531 1996 3586 2054 δὲ
3631 1997 3717 2056 δύο
3767 2001 3935 2057 πάλιν

2284 2082 2538 2153 ἀλλήλοις
2583 2083 2733 2162 ἕτεραι
2778 2084 2918 2140 εἶναι
2973 2089 3060 2141 καὶ
3114 2092 3189 2160 τῷ
3247 2089 3407 2166 Πιτρὶ
3447 2089 3583 2143 κατὰ
3637 2090 3731 2154 τὰς
3790 2092 3935 2146 ὑπο-

2287 2173 2518 2252 στάσεις,
2580 2173 2704 2228 εἷται
2752 2175 2839 2229 καὶ
2901 2181 2992 2230 τοῦ
3051 2175 3450 2239 ἀντιπίπτοντος
3512 2176 3658 2234 λύσιν
3719 2178 3936 2258 ἐπεγκ-

2284 2261 2417 2337 γὼν,
2471 2283 2492 2316 ιι
2531 2259 2681 2316 Ἀλλ’
2711 2260 2770 2316 οὒ
2826 2263 2924 2328 τὴν
2967 2263 3143 2341 φύσιν·
3191 2264 3251 2318 οὗ
3303 2267 3402 2344 γὰρ
3448 2265 3572 2332 ἐνῆν
3627 2268 3789 2323 mra
3831 2269 3933 2336 τὴν

2285 2349 2440 2428 φύσιν
2497 2347 2621 2404 ὄντα
2703 2351 2789 2404 καὶ
2842 2349 2993 2427 ἕτερα
3051 2351 3208 2408 πάλιν
3269 2355 3404 2410 κατὰ
3460 2355 3610 2434 φύσιν
3691 2357 3854 2412 εἶναι’
3896 2378 3924 2414 ι

2285 2435 2506 2493 δείκνυσι
2537 2439 2776 2517 καθαρῶς
2821 2437 2882 2495 ἐκ
2945 2441 3036 2496 τοῦ
3104 2440 3304 2498 τοιοῦδε
3347 2452 3603 2522 μερισμοῦ
3686 2447 3931 2526 φάσκειν,

2284 2527 2362 2600 μὴ
2419 2527 2638 2593 καὶτῆς
2695 2527 3004 2603 ἑτερότητος
3064 2529 3236 2586 αἴτιον
3290 2533 3432 2588 εἶνιι
3461 2535 3520 2588 τὸ
3552 2533 3632 2614 ἓν,
3663 2541 3816 2592 τοῦτο
3876 2534 3932 2591 δὲ

2281 2614 2522 2690 Θεμελίου
2580 2623 2672 2673 τοῦ
2727 2617 2824 2684 τῆς
2895 2619 3122 2682 πίστεως
3153 2619 3284 2686 ὅλης
3318 2619 3611 2695 ἇνπτροπή,
3663 2623 3798 2689 Δόξα
3830 2627 3933 2702 γὰρ

2283 2707 2317 2771 ἡ
2346 2703 2568 2780 κειμένη
2599 2710 2698 2770 τῆς
2747 2702 3088 2782 Ἐκκλησίας,
3137 2710 3222 2764 καὶ
3280 2706 3610 2788 διδαγμάτων
3652 2719 3758 2768 τῶν
3829 2715 3931 2791 ἆρ-

2283 2800 2477 2873 χτ,γὼν
2535 2794 2630 2862 τῆς
2686 2792 2948 2859 εὖσεϐείάς
3006 2798 3041 2864 ἡ
3094 2797 3265 2872 βάσις,
3299 2799 3414 2877 τρία
3473 2800 3614 2856 εἶναι
3667 2802 3731 2857 τὰ
3757 2823 3933 2874 προσ-

2282 2884 2597 2958 κυνούμενα,
2660 2885 2746 2938 καὶ
2797 2886 2858 2939 τὸ
2914 2885 3010 2958 μὲν
3064 2888 3118 2941 ἓν
3169 2890 3260 2943 τὸν
3331 2888 3536 2966 Πκτέρκ
3588 2888 3649 2944 ἐκ
3705 2889 3935 2966 μηδενὸς

2280 2972 2419 3046 μὴτε
2477 2971 2793 3045 οὖσιοῦσθκι,
2874 2976 3011 3049 μήτε
3065 2978 3393 3055 ὑφίστασθαι,
3480 2977 3600 3033 ἀλλ’
3658 2980 3933 3045 άνκιτίωςο

549 3085 810 3147 causam,
847 3067 1330 3147 probavissetque
1364 3068 1576 3130 Filium
1610 3077 1667 3128 et
1703 3067 1987 3146 Spiritum
2013 3085 2189 3128 sanc-

2281 3060 2334 3117 l:x
2387 3065 2486 3128 τῆς
2533 3061 2686 3119 αὐτοῦ
2715 3061 2770 3118 δὲ
2825 3064 3003 3128 οὸσίκς
3050 3066 3117 3120 τὰ
3145 3062 3233 3120 δύο
3292 3067 3426 3122 κατὰ
3454 3067 3647 3143 τρόπον
3707 3069 3939 3147 ὑφεστά-

549 3166 700 3231 tum,
735 3143 891 3237 quod
937 3175 1006 3218 ex
1056 3177 1174 3217 uno
1204 3143 1379 3219 Patre
1427 3143 1925 3231 exsistuntpidem
1970 3165 2193 3218 natura

2281 3173 2360 3206 vat
2420 3151 2638 3230 προόδου
2689 3151 2953 3234 διάφορον.
3011 3155 3149 3212 Καθό
3206 3155 3302 3230 μὲν
3346 3156 3434 3211 οὖν
3488 3157 3550 3211 ἐκ
3589 3162 3690 3223 τῆς
3745 3163 3934 3226 οὖσίας

554 3245 714 3309 inter
743 3265 878 3307 sese
905 3256 962 3306 et
992 3265 1127 3308 cum
1176 3246 1344 3308 Patre
1377 3247 1708 3326 possidere,
1758 3246 1842 3306 uti
1896 3264 2033 3306 vero
2079 3246 2195 3305 duo

2281 3242 2437 3299 αὑτοῦ
2468 3243 2528 3296 τὸ
2570 3243 2756 3299 ταυτὸν
2790 3243 2951 3311 αὒτῆς
2981 3241 3198 3322 ἔχουσιν
3228 3242 3482 3314 ἀλλήλοις
3511 3247 3600 3301 καὶ
3629 3247 3707 3322 τῷ
3737 3251 3928 3328 Πιτρὶ,

549 3351 756 3395 rursus
779 3337 934 3394 inter
963 3353 1114 3395 sese.
1143 3343 1200 3394 et
1223 3353 1354 3395 cum
1392 3337 1564 3396 Patre
1595 3333 1922 3394 secundum
1975 3333 2193 3412 hypos-

2281 3331 2415 3386 κατὰ
2468 3327 2522 3385 δὲ
2579 3337 2640 3386 τὸ
2693 3328 2938 3411 διάφορον
3005 3337 3106 3398 τῆς
3161 3330 3386 3410 προόδου
3456 3336 3548 3398 τὰς
3607 3327 3930 3412 ἑτερότητας

551 3429 708 3484 tases
734 3423 850 3484 alia
875 3433 1161 3483 esse:tum
1189 3423 1468 3503 deinceps
1494 3431 1553 3484 et
1583 3423 1764 3503 illius,
1799 3423 1954 3502 quod
1991 3430 2196 3483 contra

2281 3418 2584 3487 κέκτηνται.
2617 3416 2710 3476 Ἐκ
2735 3421 2921 3477 τούτου
2951 3422 3053 3500 γὰρ
3107 3421 3168 3477 τό
3219 3421 3510 3500 ἀγέννητον
3580 3425 3931 3504 ὁμολογεῖται

549 3516 765 3591 opponi
822 3519 1074 3592 poterat,
1123 3512 1478 3572 solutionem
1513 3511 1885 3589 adjunxisset
1920 3511 2042 3573 :Et
2073 3528 2196 3572 non

2281 3508 2366 3563 κιὶ
2411 3509 2640 3564 ἀνιίτιον
2695 3516 2788 3565 τοῦ
2820 3513 3046 3589 Πατρὸς³
3105 3512 3193 3566 καὶ
3242 3515 3304 3568 τὸ
3352 3511 3403 3577 ἐξ
3461 3517 3618 3573 αὐτοῦ
3673 3518 3935 3594 γεννητὸν

549 3601 895 3662 secumdum
918 3610 1239 3663 naturam:
1267 3618 1456 3680 neque
1481 3604 1640 3662 enim
1693 3600 1831 3678 ﬁeri
1857 3606 2196 3681 polerat,ut

2281 3605 2370 3655 τοῦ
2416 3600 2555 3670 Υἱοῦ,
2601 3599 2688 3654 καὶ
2731 3600 2792 3653 τὸ
2848 3601 2940 3654 τοῦ
3009 3600 3309 3675 Πνεύματος
3364 3600 3688 3681 προϐλητὸν,
3748 3604 3866 3661 καθ’
3900 3608 3937 3662 ἆ⁷

550 3705 684 3768 qua:
707 3689 917 3751 eadem
936 3696 1170 3751 natura
1187 3690 1593 3762 sunt,diversa
1612 3707 1825 3750 rursus
1852 3698 2079 3750 natura
2099 3707 2196 3751 es-

2281 3687 2339 3742 τὸ
2379 3683 2571 3756 ἰδιάζον
2628 3692 2734 3742 τῶν
2799 3688 3165 3768 ὺποστάσεων,
3218 3692 3306 3745 καὶ
3362 3693 3425 3747 τὸ
3466 3692 3565 3760 τῆς
3621 3693 3930 3772 ἑτερότητος

552 3786 916 3857 sent,aperte
943 3779 1452 3858 demonstrat,hac
1469 3777 1757 3839 divisione
1787 3796 1919 3839 sese
1950 3779 2196 3840 afﬁrma-

2282 3779 2388 3830 τῶν
2419 3781 2600 3852 τριῶν.
2647 3775 2706 3832 Εἰ
2777 3783 2901 3854 γοῦν
2941 3778 3003 3832 ὲκ
3057 3784 3149 3834 τοῦ
3218 3778 3332 3843 ἑνὸς
3395 3781 3482 3836 καὶ
3524 3782 3585 3836 τὸ
3642 3784 3772 3861 πρὸς
3804 3785 3933 3840 ἀύτὸ

551 3883 829 3940 re,unum
863 3867 1019 3927 nullo
1053 3866 1228 3927 modo
1263 3866 1624 3928 diversitatis
1677 3885 1908 3928 causam
1945 3884 2098 3929 esse.
2133 3865 2196 3929 1d

2281 3865 2366 3919 καὶ
2422 3865 2551 3942 πρὸς
2608 3861 2818 3932 ἃλληλει
2872 3867 2938 3920 τὰ
2967 3864 3055 3922 δὺο
3082 3868 3395 3940 τκυτίζετκι,
3433 3871 3521 3926 καὶ
3548 3871 3608 3926 τὸ
3654 3869 3784 3928 ἄλλο
3842 3876 3933 3929 καὶ

551 3973 690 4016 vero
716 3955 852 4014 tizlei
888 3957 1176 4016 universa
1209 3956 1577 4017 fundamenti
1611 3958 1836 4016 eversio
1871 3964 1980 4017 est.
2015 3955 2194 4016 Nam-

2281 3948 2410 4007 ἂλλο
2466 3953 2553 4010 καὶ
2603 3955 2734 4038 πρὸς
2790 3955 2917 4010 αὐτὸ
2959 3957 3049 4010 κκὶ
3105 3959 3239 4036 πρὸς
3271 3955 3481 4024 ἅλληλι
3512 3959 3680 4034 εἶναι,
3713 3963 3742 4017 ὁ
3773 3983 3931 4038 μερι-

551 4061 666 4124 que
707 4044 993 4106 Ecclesia
1023 4051 1080 4104 et
1103 4043 1390 4105 doctrinae
1421 4044 1936 4124 principium,qua
1968 4045 2196 4124 pietatis

2281 4041 2413 4116 σμὸς
2442 4042 2526 4116 τὸ,
2567 4064 2595 4096 «
2633 4033 2695 4098 Ἠ
2728 4043 2826 4117 μὲν
2883 4045 3046 4118 μονὰς
3101 4045 3425 4112 ταυτότητός
3463 4046 3603 4103 ἐστιν
3665 4050 3827 4123 αἰτία,
3897 4055 3931 4119 ἡ

551 4132 1001 4194 fundamentum
1023 4133 1344 4214 est,opinio
1371 4133 1470 4195 illa
1495 4144 1655 4194 certa
1676 4142 1850 4212 atque
1869 4133 2196 4196 indubitata

2283 4127 2336 4184 δὲ
2369 4128 2490 4194 δυὰς
2541 4129 2872 4210 ἑτερότητοςο
2911 4155 2936 4190 ι
2971 4139 3072 4189 ποῦ
3100 4143 3194 4193 τοῦ
3233 4140 3331 4202 τῆς
3361 4133 3689 4214 δογματικῑκ
3740 4137 3935 4204 θέσεως

550 4222 784 4295 est,tria
815 4239 944 4282 esse
967 4239 1097 4302 qua
1126 4224 1470 4298 adorantur,
1500 4241 1747 4302 quorum
1776 4222 2050 4296 alterum,
2089 4226 2196 4285 Pa-

2281 4218 2542 4294 Θεμελίου,
2603 4229 2706 4278 ποῦ
2756 4222 3005 4290 στήσεται
3041 4241 3058 4302 ;
3091 4220 3240 4279 Ἀλλ’
3313 4227 3342 4280 ὁ
3405 4223 3634 4304 ἆρῤεπὴς
3691 4225 3776 4283 ὄδε
3835 4233 3934 4295 τῆς

551 4319 700 4371 trem
729 4310 985 4391 scilicet,
1041 4330 1109 4372 ex
1169 4311 1334 4372 nullo
1365 4330 1531 4372 suam
1565 4311 1967 4373 exsistentiam
2007 4331 2196 4394 neque

2282 4307 2530 4374 ἆληθεῖας
2589 4306 2866 4377 διαιτητὴς
2922 4312 2984 4366 τὸ
3040 4309 3227 4386 ψεῦδος
3279 4310 3425 4379 ὅπως
3481 4317 3567 4372 καὶ
3628 4324 3931 4396 προσῃορᾶς

549 4380 996 4461 subsistentiam
1031 4400 1338 4480 consequi,
1373 4401 1477 4462 sed
1503 4399 1725 4480 absque
1748 4419 1926 4461 causa
1940 4380 2196 4475 essefex

2283 4395 2334 4462 ἐξ
2387 4397 2547 4464 αὒτῆς
2603 4407 2694 4456 τοῦ
2747 4397 2908 4477 λόγου
2960 4399 3086 4456 αὐτὸ
3137 4401 3291 4458 ἑαυτὸ
3344 4380 3682 4470 στηλιτεύιιιιν⁸
3729 4380 3930 4463 ἀνακαι-

552 4487 817 4567 ejusdem
851 4507 984 4549 vero
1017 4491 1274 4550 essentia
1306 4490 1572 4563 duo,sed
1605 4490 1842 4550 diverso
1877 4509 2196 4571 progressu

2283 4485 2498 4547 λύππει.
2556 4487 2751 4544 Τούτου
2793 4509 2853 4566 γε
2908 4487 3122 4567 εἴρηκεν
3153 4492 3182 4547 ὁ
3213 4492 3416 4571 Πιτὴρ,
3476 4495 3550 4559 ὡς
3612 4513 3644 4554 (
3675 4497 3709 4564 ἡ
3767 4497 3930 4571 μονάς

549 4576 1211 4649 subsisterezalterum,
1243 4595 1374 4657 qua
1398 4595 1466 4637 ex
1519 4579 1780 4638 essentia
1824 4576 2016 4640 Patris
2038 4588 2196 4655 sunt,

2283 4572 2604 4642 ταυτότητός
2650 4574 2789 4634 ἐστιν
2845 4578 3006 4654 αἰτία,
3065 4580 3100 4647 ἡ
3145 4576 3200 4635 δὲ
3230 4578 3348 4646 δυὰς
3402 4582 3738 4660 ἑτερότητος,
3790 4608 3817 4639 ι
3872 4585 3932 4641 ἐκ

552 4663 711 4725 idem
747 4666 1022 4727 essentia
1054 4669 1206 4726 inter
1239 4685 1302 4727 se
1334 4675 1392 4726 et
1419 4685 1552 4726 cum
1589 4668 1760 4728 Patre
1793 4668 2196 4746 possiderese-

2283 4668 2382 4731 τῆς
2441 4664 2733 4744 ἐπαγωγῆς
2792 4666 2979 4734 εὐθέως
3022 4669 3084 4724 τὸ
3132 4671 3320 4726 ταυτὸν
3375 4675 3474 4738 τῆς
3517 4673 3722 4752 φύσεως
3775 4695 3928 4732 κατε.

549 4754 810 4814 cundum
837 4773 979 4816 vero
996 4771 1344 4833 progressus
1359 4754 1763 4816 diversitatem
1777 4755 2196 4829 ,diversitatem

2286 4754 2506 4810 σκεύασε
2574 4757 2705 4834 πρὸς
2751 4754 2960 4824 ἂλληλα
3013 4773 3133 4821 τοῖς
3162 4755 3293 4830 δυσὶ,
3325 4761 3388 4816 τὸ
3431 4759 3492 4816 ἐκ
3519 4769 3614 4819 τοῦ
3641 4764 3756 4828 ἑνὸς
3787 4764 3927 4820 εἶναι

549 4843 953 4923 consequi.Ex
987 4845 1099 4904 hoc
1131 4845 1289 4904 enim
1336 4843 1665 4923 ingenitum
1685 4843 1873 4906 Patris
1895 4845 2200 4926 astruitur,

550 4940 608 4993 et
636 4932 863 5012 absque
886 4941 1154 5009 eausa,et
1179 4950 1247 4996 ex
1279 4936 1452 4995 Patre
1481 4933 1784 5010 generatio
1812 4933 2038 5006 Filii,et
2059 4953 2202 5014 pro-

549 5021 746 5082 ductio
769 5021 1024 5100 Spiritus
1039 5021 1472 5102 sancti,quibus
1504 5022 1899 5102 hypostaseon
1926 5025 2199 5104 proprie-

549 5118 788 5184 tates,et
822 5110 998 5170 trium
1023 5110 1340 5172 diversitas
1362 5119 1784 5190 agnoscuntur.
1809 5111 1869 5173 Si
1901 5111 2100 5192 itaque
2129 5134 2200 5176 ex

547 5208 756 5274 uno,et
781 5218 914 5260 cum
948 5199 1142 5272 illo,et
1173 5199 1328 5261 inter
1349 5218 1482 5263 sese
1528 5200 1644 5261 duo
1681 5199 1887 5262 eadem
1936 5211 2096 5277 sunt,
2145 5212 2203 5264 et

547 5289 703 5348 aliud
727 5297 783 5349 et
801 5289 963 5349 aliud
987 5299 1044 5350 et
1068 5308 1200 5350 cum
1225 5291 1323 5349 illo
1348 5299 1404 5350 et
1427 5289 1582 5350 inter
1597 5307 1729 5350 sese
1753 5293 2201 5369 separantur,il-

549 5376 674 5449 lud,
707 5375 948 5438 «Unitas
972 5378 1212 5458 quidem
1254 5379 1580 5440 identitatis
1611 5397 1786 5440 causa
1809 5388 1918 5460 est,
1949 5381 2198 5442 dualitas

548 5465 966 5536 diversitatis,»
1002 5467 1061 5526 in
1081 5485 1334 5546 quanam
1359 5468 1696 5546 dogmatum
1727 5480 1888 5528 certa
1925 5469 2198 5534 tirmitate

548 5563 605 5612 et
629 5554 1014 5615 fundamento
1041 5557 1433 5620 sistetur?Seil
1452 5568 1648 5619 rectus
1664 5559 1924 5619 veritatis
1940 5561 2205 5636 cognitor

549 5643 722 5719 plane
739 5644 1042 5720 cognoscit
1066 5647 1587 5727 mendacium,quo
1601 5648 1687 5707 vel
1707 5667 1769 5707 ex
1789 5648 1911 5706 sola
1927 5647 2204 5727 prolatio-

2285 4845 2372 4899 καὶ
2428 4843 2570 4918 αὒτῷ
2596 4851 2672 4919 τῷ
2713 4845 2811 4907 ἑνί,
2845 4847 2918 4910 ὡς
2973 4843 3028 4902 δὲ
3070 4845 3158 4902 δύο
3227 4845 3390 4905 ὄντων
3449 4851 3572 4910 Υἱοῦ
3613 4853 3704 4909 καὶ
3759 4855 3930 4910 Ilva}-

2286 4953 2475 5008 ματος,
2545 4933 2640 5000 τὴν
2697 4935 2982 5014 ἑτερότητι
3045 4934 3230 5003 ἔδειξεν
3289 4936 3540 5009 ἀλλήλων
3598 4943 3737 4998 κατὰ
3839 4944 3931 5008 τὰς

2283 5021 2625 5102 ὑποστάσεις,
2683 5025 2771 5079 καὶ
2826 5030 2919 5080 τοῦ
2960 5024 3013 5090 ἐξ
3069 5025 3128 5082 οὗ
3165 5036 3326 5086 ταῦτα
3395 5028 3510 5092 ἑνὸς
3567 5037 3661 5087 τοῦ
3704 5033 3927 5110 Πατρός·

2284 5108 2420 5165 ἀλλὰ
2446 5111 2534 5167 καὶ
2587 5113 2649 5167 τὸ
2699 5114 2888 5170 ταυτὸν
2937 5117 3035 5182 τῆς
3087 5117 3291 5195 φύσεως
3335 5130 3450 5183 τοῖς
3506 5121 3673 5196 τρισὶν
3701 5108 3935 5178 ἐντεῦθεν

2283 5197 2724 5274 συνελαυνόμενος
2809 5201 3182 5281 ὡμολόγησεν,
3238 5196 3323 5262 ’Ἠ
3367 5206 3538 5266 τοίνυν
3591 5213 3691 5276 τῆς
3754 5207 3936 5276 δυάδος

2281 5292 2369 5347 καὶ
2421 5295 2482 5348 τὸ
2535 5294 2694 5352 eam
2747 5295 2834 5350 καὶ
2881 5295 2942 5351 τὸ
3001 5295 3196 5376 ἕτερον,
3256 5299 3328 5363 ὡς
3371 5301 3405 5368 ἡ
3465 5298 3621 5379 ἐγγὺς
3677 5299 3936 5381 ὁμολογία

2283 5378 2572 5458 διατρανεῖ,
2631 5383 2665 5450 ἡ
2736 5384 2898 5458 μονὰς
2951 5385 3010 5440 τὸ
3086 5389 3274 5444 ταυτὸν
3332 5378 3590 5464 λαλοῦσσ,
3649 5393 3736 5447 καὶ
3766 5378 3932 5472 μέχρι

2282 5469 2428 5526 τοῦδε
2500 5470 2888 5552 ἐκφωντιθετσα,
2939 5475 3023 5530 καὶ
3101 5477 3237 5532 κατὰ
3307 5479 3400 5541 τὰς
3457 5479 3773 5544 ὑποστάσεις
3835 5469 3935 5547 ἔξει

2286 5561 2439 5615 τοῦτο
2506 5562 2594 5616 καὶ
2652 5561 2709 5616 οὒ
2766 5559 2936 5632 δήπου
2985 5566 3045 5621 τὸ
3100 5562 3300 5645 ἕτερον,
3359 5569 3432 5631 ὡς
3475 5565 3666 5643 ἰδίωμα
3725 5575 3934 5647 τηρηθῇ

2286 5651 2345 5704 τὸ
2409 5651 2502 5716 τῆς

2562 5647 2883 5727 διαιρέσεως,
2959 5656 3047 5710 καὶ
3143 5657 3205 5712 τὸ
3285 5655 3554 5735 δύσφημον
3636 5656 3760 5716 ὅσον
3845 5664 3936 5722 οὒκ
