4184 6300
271 351 410 418 1301

1322 357 1628 423 CONTRA
1671 351 2040 419 MAXIMUM
2085 355 2532 417 PLANUDEM.

3478 345 3499 410 1
3512 343 3628 410 302

261 487 400 548 θείας
459 483 588 566 ἕχον
645 486 743 554 τὴν
802 487 1062 544 ἔκπτωσιν
1116 487 1305 546 εἰδόσιν
1361 487 1666 560 οἱοισδήτισι
1713 491 1907 567 θριαμ-

2003 503 2124 548 esse
2144 505 2178 548 a
2199 486 2394 567 seipso
2413 485 2709 547 afﬁrmare
2738 482 2884 545 illud
2905 501 2974 545 ex
2995 481 3203 544 eadem
3239 472 3499 544 essentia
3521 501 3626 545 re-

261 571 486 635 ϐεύὲται.
535 575 680 643 Πλὴν
725 579 811 632 καὶ
866 579 1132 657 θεοφόρῶν
1191 581 1226 647 ἡ
1281 577 1399 644 δυάς
1473 579 1790 654 ὁμωνύμων,
1835 579 1907 632 ὧν

261 665 289 719 6
331 663 427 738 μὲν
478 670 583 720 τῶν
615 674 1034 744 Νεοκαισαρεων,
1096 669 1124 724 ὁ
1182 665 1236 723 δὲ
1294 669 1400 724 τῶν
1455 665 1736 725 Νυσσαὲων
1791 687 1908 744 φω-

261 753 392 831 στῆρ
437 752 689 832 ἀνεφάνη,
754 761 845 810 τοῦ
905 759 1020 812 Υἱου
1062 759 1124 813 τὸ
1167 759 1228 813 ἐκ
1275 757 1437 832 μόνου
1500 770 1638 812 εῖναι
1673 753 1910 832 βεϐαιω-

262 839 397 914 μὲνη
445 839 713 921 διασαφεῖ.
779 835 836 902 Ὀ
907 844 1005 920 μὲν
1073 847 1172 925 γὰρ
1229 847 1256 902 ὁ
1298 845 1616 926 φερωνύμως
1689 851 1908 918 Θαυμα-

260 931 480 1005 τουργὸς
554 927 638 986 διὰ
689 932 950 1008 θειοτέρας
1014 935 1270 998 ὁπτασίας
1348 933 1445 1000 τὴν
1506 934 1681 1000 ἀληθῆ
1736 933 1910 989 πίστιν

264 1015 468 1090 ἐμυήθη
513 1019 654 1097 παρὰ
696 1028 786 1076 τοῦ
845 1021 1144 1088 ἐπιστηθίου
1187 1021 1275 1079 καὶ
1327 1021 1716 1100 Εὗαγγελιστοῡ
1773 1030 1908 1078 Θεο-

262 1103 443 1184 λόγου,
505 1110 883 1183 μεσιτευούσης
939 1115 1038 1177 τῆς
1099 1113 1433 1186 Θεομήτορος
1470 1127 1482 1140 ⁸
1517 1114 1545 1168 6
1593 1109 1648 1166 δὲ
1698 1113 1724 1166 6
1785 1112 1906 1167 θεό-

262 1192 467 1262 ληπτος
525 1197 734 1264 Νύσσης
805 1201 895 1254 τὸν
962 1199 1056 1256 τοῦ
1130 1201 1414 1274 ὁμωνύμου
1484 1203 1915 1280 συγγραφόμενυς

263 1285 396 1360 βίον,
445 1287 516 1351 εἰς
576 1286 870 1366 ἀνάγνωσιν
917 1285 1002 1344 ἐπ’
1061 1288 1385 1356 Ἐκκλησίας
1434 1289 1553 1346 κατ’
1613 1288 1728 1352 ἔτος
1791 1310 1916 1368 προ-

261 1376 583 1449 τεθειμένον,
631 1377 696 1432 τά
751 1398 809 1432 τε
868 1376 964 1444 τῆς
1039 1379 1293 1439 ὁπτασὶας
1365 1376 1651 1456 διηγεῖται,
1722 1379 1914 1434 καὶτὰ

262 1468 362 1529 τῆς
405 1463 858 1545 ἀποκαλυφθείσης
915 1465 1169 1522 ἐκτίθεται
1225 1469 1448 1542 μίστεως
1503 1465 1555 1522 ἐν
1599 1466 1798 1542 ᾗμετὰ
1852 1469 1912 1523 τὸ

263 1551 560 1626 ἐκτεθῆναι,
617 1581 638 1610 ι
673 1554 770 1620 Εἷς
831 1557 962 1620 Θεὸς
1007 1555 1190 1634 Πατὴρ
1241 1555 1414 1634 Λόγου
1471 1561 1688 1625 ζῶντος,
1743 1576 1764 1606 ι
1825 1556 1914 1611 καὶ

263 1640 362 1696 ὅσα
405 1639 526 1706 ἑξῆς
558 1643 675 1718 περὶ
702 1643 795 1699 τοῦ
827 1645 1053 1721 Πατρὸς,
1115 1641 1567 1720 παριλαμϐάνεται
1619 1646 1701 1723 τὸ,
1755 1673 1777 1703 ι
1817 1647 1912 1707 Εἷς

269 1729 456 1805 Κύριος
486 1731 642 1801 μόνος
676 1731 736 1788 ἐκ
766 1731 952 1808 μόνου,
986 1734 1114 1798 Θεὸς
1146 1732 1204 1788 ἐκ
1236 1741 1388 1813 Θεοῦ,
1419 1733 1588 1810 Λόγος
1613 1731 1906 1813 ἄναρχος.»

270 1819 364 1900 ξὶαὶ
397 1819 532 1892 μετά
590 1842 729 1900 τινα,
781 1849 802 1880 ε
843 1823 984 1893 Υἱὸς,
1047 1821 1268 1892 ἀλήθεια
1297 1821 1545 1889 ἀληθινοῦ
1602 1825 1827 1900 Πατρὸς.
1879 1847 1905 1877 n

271 1897 327 1964 Ὀ
386 1908 542 1972 αὒτὸς
602 1897 812 1976 Νύσσης
857 1911 910 1966 ἐν
1098 1913 1172 1976 εἰς
1217 1914 1276 1968 τὸ
1321 1913 1492 1990 Πάτερ
1533 1913 1688 1986 ἡμῶν
1719 1897 1916 1986 ὁμιλίᾳ

268 1998 424 2076 qna-Iv
457 2014 470 2029 ·
544 2023 564 2051 ι
614 1990 671 2055 Ὀ
731 2001 830 2078 γὰρ
886 2001 1178 2078 μονογενὴς
1236 2003 1404 2080 Λόγος
1465 2005 1526 2058 hic
1566 2003 1657 2058 τοῦ
1713 2003 1914 2080 Πατρὸς

271 2087 412 2165 παρά
469 2091 567 2156 τῆς
608 2091 748 2153 θεῖας
806 2095 1018 2170 Γραφῆς
1069 2091 1382 2165 ὀνομαζξται
1418 2110 1433 2124 ⁸
1467 2093 1554 2148 καὶ
1599 2090 1758 2170 μέχρι
1790 2091 1919 2147 τού-

272 2201 364 2234 του
423 2181 450 2234 6
508 2178 664 2258 λόγος
711 2179 924 2248 ἵστησιν
970 2181 1112 2250 αὒτῴ
1171 2184 1232 2238 τὸ
1285 2181 1498 2256 ἰδίωμα.
1557 2184 1628 2240 Τὸ
1671 2181 1724 2238 δὲ
1765 2182 1914 2262 ἅγιον

277 2267 488 2343 Πνεῦμα
546 2271 633 2326 καὶ
690 2269 750 2327 ἐκ
806 2281 897 2330 τοῦ
957 2273 1163 2349 Πατρὸς
1194 2270 1430 2351 λέγεται,
1461 2273 1547 2328 καὶ
1576 2271 1634 2327 ἐκ
1677 2279 1766 2328 τοῦ
1797 2275 1918 2331 Υἱοῦ

274 2357 416 2413 εἶναι
471 2373 972 2438 προσμαρτυρεϊται.
1065 2362 1122 2417 Εἰ
1175 2361 1276 2439 γὰρ
1353 2383 1434 2423 τις
1504 2367 1722 2435 Πνεῦμαι
1785 2368 1914 2438 Χρι-

277 2447 402 2502 στοῦ
469 2447 565 2504 οὐκ
639 2447 778 2528 ἔχει,
867 2451 1046 2528 φησὶν,
1124 2450 1274 2514 οὗτος
1348 2449 1442 2506 οὔκ
1525 2448 1663 2505 ἔστιν
1734 2449 1912 2508 αὖτοῦ.

274 2534 440 2592 Οὗκο“
537 2537 550 2556 ‘
653 2537 666 2552 ⁸
847 2549 893 2569 ·’τ
1063 2538 1084 2572 -‘
1289 2541 1312 2578 Γ
1477 2545 1500 2555 ⁹
1622 2540 1635 2558 ‘
1893 2539 1920 2560 ν

415 2559 473 2594 υν
501 2557 564 2592 το
609 2559 706 2612 μεν
765 2544 974 2612 Πνεῦμα
1026 2561 1088 2594 τι)
1132 2538 1190 2594 ἐκ
1226 2560 1318 2596 το)
1374 2546 1505 2595 Θεου
1554 2561 1639 2596 και
1697 2547 1922 2618 Χριστου

278 2629 486 2699 [Ινευμα
540 2628 682 2682 ἔστιν
712 2646 726 2661 ·
789 2629 817 2683 ὁ
859 2627 912 2682 δὲ
972 2629 1091 2692 Υἱὸς
1123 2627 1182 2683 ἐκ
1209 2634 1323 2684 τοῦσ
1345 2635 1476 2686 Θεοῦ
1501 2629 1596 2701 ὢν,
1631 2629 1804 2687 οὒκέτι
1835 2630 1922 2684 καὶ

269 2720 361 2770 τοῦ
419 2716 722 2790 Πνεύματος
793 2715 910 2772 oriza
960 2716 1101 2772 ἔστιν
1159 2714 1274 2772 οὔτε
1333 2715 1566 2798 λέγεται,
1615 2717 1728 2776 οὖδὲ
1773 2719 1920 2774 ἄντι-

271 2822 478 2880 στρεφει
517 2805 551 2871 ἡ
609 2804 837 2883 σχετικὴ
885 2803 1160 2862 ἀκολουθία
1213 2805 1368 2872 αὕτη.
1409 2828 1432 2862 ι)
1473 2798 1530 2864 Ὀ
1579 2814 1702 2884 γοῦν
1745 2807 1919 2864 ἐκεῖσε

271 2891 331 2945 τὸ
398 2913 420 2946 ιι
457 2892 618 2968 μόνος
661 2891 721 2947 ἐκ
777 2894 958 2967 μόνου,
1008 2917 1035 2948 ι)
1098 2901 1252 2950 τοῦτο
1308 2894 1525 2951 ἐνταῦθα
1580 2897 1639 2950 τὸ
1675 2919 1702 2950 ιι
1749 2895 1916 2976 μέχρι

273 2980 460 3036 τούτου
519 2983 545 3036 ὁ
589 2979 746 3059 λόγος
783 2981 995 3048 ἵστησιν
1027 2984 1168 3053 αύτῴ
1216 2985 1278 3038 τὸ
1333 2982 1542 3056 ἰδίωμα,
1593 3002 1620 3040 ι
1657 2985 1718 3039 τὸ
1761 2983 1918 3041 αὗτοῦ

1990 575 2183 654 veriti,
2209 574 2464 655 ideoque
2481 573 2880 636 concedentes
2898 591 3076 632 unum
3103 569 3324 632 ibidem
3343 570 3623 650 existere,

1994 671 2189 725 etnon
2215 683 2349 726 e-se
2369 661 2716 743 aliud,quod
2736 680 2804 723 ex
2829 659 3118 721 ambobus
3139 659 3412 740 est,quod
3425 659 3494 721 ad
3521 661 3632 724 hoc

1996 753 2375 815 evertendum
2397 753 2720 814 attulerunt
2739 769 2806 811 ex
2827 749 3134 829 utriusque
3148 768 3360 829 nempe
3376 749 3632 828 passioni

1997 840 2248 903 obnoxio
2262 861 2580 920 congressu
2599 841 2990 920 compositum
3015 838 3644 920 eligent,quandoqui-

1993 929 2130 992 dem
2152 930 2210 992 id
2229 931 2564 993 necessario
2582 928 2956 992 concluditur
2973 927 3126 988 exiis
3145 945 3274 1007 quae
3292 927 3402 1004 ipsi
3421 945 3634 1007 propo-

1993 1027 2266 1098 nunt,aut
2284 1017 2702 1099 comprobant?
2717 1017 2830 1080 Sed
2855 1016 3246 1098 quodcunque
3270 1033 3337 1076 ex
3364 1015 3454 1076 his
3475 1015 3631 1076 duo-

1994 1106 2104 1168 bus
2125 1109 2412 1187 compulsi
2439 1107 2980 1188 elegerint,clarnm
2999 1103 3400 1182 remanet,sed
3425 1103 3507 1164 sis
3523 1121 3636 1164 no-

2000 1195 2091 1257 bis
2116 1197 2404 1277 propitius
2424 1196 2696 1267 Domine,
2727 1214 2918 1276 neque
2939 1194 3098 1255 enim
3136 1211 3244 1253 nos
3263 1191 3504 1273 similia,
3529 1191 3634 1254 sed

1998 1286 2098 1366 qui
2129 1285 2358 1346 veritati
2393 1293 2505 1347 tuae
2526 1283 3060 1346 insidianturﬂinc
3078 1283 3232 1342 inter
3252 1281 3371 1343 alia
3388 1281 3633 1362 sejunc-

2000 1374 2699 1454 tumareliquis,exPatre
2712 1369 3638 1454 solo,litterisincisum,tantum-

1995 1466 2130 1526 dem
2157 1463 2310 1544 apud
2329 1464 2489 1543 ipsos
2511 1464 2868 1537 traductum,
2888 1461 3043 1543 quod
3069 1478 3368 1540 nunquam
3391 1477 3499 1521 nec
3517 1460 3638 1523 ullo

1993 1553 2054 1614 in
2078 1553 2208 1614 loco
2230 1553 2386 1614 inter
2409 1570 2576 1614 sacra
2599 1552 2870 1631 dogmata
2893 1549 3112 1630 scripto
3136 1549 3446 1624 tradita,et
3467 1549 3645 1611 tradi-

1997 1641 2186 1703 tiones
2211 1637 3500 1722 ubicunque'gentiumsint,reperitur.Quiid
3521 1657 3652 1718 pro-

1997 1732 2137 1794 bare
2160 1732 2582 1813 incubuerunt,
2612 1733 2674 1792 in
2706 1731 2897 1810 primo
2919 1731 3030 1791 hoc
3053 1728 3444 1792 eCcIesiastici
3460 1746 3642 1808 argu-

1935 1797 1974 1847 Β
2000 1822 2180 1883 menti
2201 1821 2469 1892 motu,de
2487 1797 2635 1882 novo
2657 1797 3037 1882 adinventum
3061 1817 3369 1898 scriptioni
3395 1797 3645 1878 deman-

1997 1911 2236 1985 darunt,
2267 1919 2324 1972 et
2355 1912 2415 1972 in
2447 1911 2637 1972 varias
2670 1917 2862 1989 partes
2896 1907 3294 1986 insinuarunt,
3329 1913 3389 1967 et
3416 1905 3636 1987 depre-

1999 2000 2174 2062 hensi
2209 2001 2581 2080 postmodum
2612 1999 2844 2060 detecta
2873 1997 3100 2069 fraude,
3133 1997 3219 2056 rei
3270 1994 3638 2057 molitionem

2001 2089 2141 2150 fassi
2171 2091 2414 2152 sunt.At
2438 2089 2564 2150 haec
2605 2087 2868 2148 veritatis
2897 2085 3280 2148 abolitionem
3303 2084 3364 2145 in
3395 2101 3460 2146 se
3489 2103 3644 2146 con~

2003 2178 2193 2239 tinere
2222 2178 2377 2258 apud
2408 2177 2638 2258 eosj'qui
2666 2177 2757 2238 vel
2789 2175 3099 2237 minimum
3122 2172 3385 2255 sapiunt,
3421 2173 3649 2254 procla-

2003 2279 2227 2327 matum
2259 2265 2788 2345 est.Praetereaque
2819 2264 3399 2326 divinorumPatrum
3425 2279 3640 2342 cogno-

2006 2356 2196 2416 mines
2212 2355 2615 2436 bini,qnorum
2633 2355 2782 2417 alter
2798 2351 3612 2435 quidemNeocsesariensium
3624 2400 3641 2430 ,

2001 2443 2150 2506 alter
2169 2448 2572 2525 Nyssenorum
2592 2445 2794 2507 lumen
2813 2443 3022 2512 illuxit.
3049 2441 3263 2504 Filium
3277 2459 3346 2503 ex
3367 2441 3492 2503 solo
3516 2459 3650 2504 esse

2003 2534 2446 2606 conﬁrmantes,
2479 2541 2683 2614 aperte
2699 2552 2842 2595 sane
2865 2532 3222 2612 explanant;
3259 2547 3516 2610 namque
3544 2530 3645 2611 qui

2005 2621 2357 2699 cognomine
2387 2622 2859 2701 Thaumaturgus
2881 2620 3064 2694 audit,
3097 2619 3296 2682 divino
3312 2619 3436 2679 visu
3464 2618 3643 2680 ﬁdem

2003 2729 2202 2772 rerum
2225 2712 2296 2772 ael
2321 2711 2688 2791 Evangelista
2706 2711 2980 2791 theologo
3013 2718 3071 2772 et
3100 2710 3201 2790 qui
3225 2711 3282 2772 in
3314 2717 3520 2788 pectus
3538 2707 3650 2769 Do-

2006 2800 2149 2860 mini
2179 2799 2786 2872 recubuit,Dei-Matre
2815 2799 3240 2862 interventrice
3271 2798 3515 2860 edoctus
3532 2804 3642 2859 est.

2001 2888 2072 2950 Et
2097 2889 2321 2950 lumine
2349 2889 2578 2951 afﬂatus
2629 2891 2928 2970 Nyssenus
2984 2889 3099 2950 sibi
3157 2886 3526 2966 cognominis
3552 2885 3643 2946 vi-

2001 2985 2117 3038 tam
2151 2989 2210 3038 et
2239 2997 2335 3039 res
2364 2986 2558 3058 gestas
2605 2978 2898 3052 scribens,
2935 2977 3123 3040 visum
3179 2975 3432 3054 singulis
3473 2975 3645 3036 annis

272 3066 474 3136 δηλαδὴ
529 3070 788 3151 ὑπάρχειν
842 3071 902 3126 ἐκ
958 3071 1120 3146 μόνοῦ
1181 3074 1382 3152 Πατρὸς
1416 3089 1428 3102 ·
1477 3073 1565 3129 καὶ
1631 3070 1792 3140 δῆλον
1849 3071 1919 3130 ἔτι

2008 3067 2068 3128 in
2101 3067 2353 3130 ecclesia
2371 3068 2486 3146 legi
2511 3067 2750 3131 solitum
2783 3075 3106 3148 enarrat,et
3132 3066 3308 3129 ﬁdem
3329 3065 3644 3126 revelatam

276 3156 480 3231 μᾶλλον
535 3157 595 3215 ἐκ
648 3165 747 3226 της
821 3159 1133 3238 ἐπαγωγης,
1212 3165 1278 3229 ἧς
1336 3162 1517 3238 ἐπάγει
1588 3164 1616 3218 6
1673 3163 1919 3240 εἰρηκὼς,

281 3265 308 3304 ς
341 3248 413 3304 Τὸ
468 3245 522 3303 δὲ
577 3255 788 3324 Πνεῦμα
843 3251 903 3304 τὸ
961 3249 1112 3327 ἅγιον
1154 3253 1240 3306 καὶ
1284 3250 1344 3306 ἐκ
1397 3258 1490 3308 τοῦ
1546 3253 1746 3329 Ιῐατρὸς
1779 3250 1926 3330 λέγε-

273 3357 382 3406 ται,
441 3338 528 3393 καὶ
587 3335 646 3392 ἐκ
700 3345 790 3394 τοῦ
832 3339 954 3394 Υῑοῦ
985 3343 1122 3395 εἶναι
1173 3353 1674 3418 προεμαρτυρεῖται,
1713 3363 1740 3395 κ
1799 3362 1926 3400 του-

273 3423 446 3480 τέστιν
497 3424 548 3491 ἐξ
607 3427 830 3504 ἀμφοῖν.
878 3427 1028 3484 υῧτω
1070 3425 1135 3496 δὴ
1197 3431 1285 3484 καὶ
1345 3429 1632 3509 κεφαλαίου
1673 3432 1764 3484 τοῦ
1805 3427 1925 3485 δευ-

273 3514 420 3590 τέρου
478 3515 875 3595 ἐπισκεφθέντος
935 3518 996 3572 τὸ
1068 3518 1238 3582 τρίτον
1321 3517 1424 3586 ἤδη
1492 3509 1920 3594 ἒπισκεψώμεθκ,

274 3603 394 3660 κατ’
426 3603 553 3668 ἔπος
585 3603 719 3660 οἹτω
750 3602 958 3670 διεξιόν·
999 3629 1024 3658 α
1047 3596 1174 3664 "li-.1
1207 3608 1249 3662 εἷ
1279 3606 1521 3684 λέγουσιν
1547 3606 1922 3686 ἒλεγχόμενιι,

275 3693 354 3748 ὅτι
413 3695 491 3768 μὴ
543 3692 656 3749 δεῖν
713 3695 854 3771 παρὰ
882 3695 946 3750 τὰ
989 3693 1043 3751 ἐν
1094 3701 1160 3772 τῇ
1187 3697 1300 3770 θείᾳ
1332 3703 1510 3777 Γραφῇ
1537 3698 1752 3770 κεῖμενα
1784 3699 1923 3771 ὁμο-

274 3783 478 3860 λογεϊν,
529 3783 916 3861 ἀποκρίνονται,
953 3783 1034 3840 ὅτι
1066 3787 1152 3841 καὶ
1200 3791 1299 3852 τὴν
1342 3789 1434 3844 τοῦ
1475 3787 1751 3861 ὁμοουσίου
1806 3808 1923 3866 φω-

273 3873 370 3938 νὴν
427 3873 506 3948 μὴ
555 3873 932 3952 εὖριτκομένην
985 3873 1038 3930 ἐν
1093 3881 1162 3952 τῇ
1203 3876 1314 3932 θεία
1360 3881 1538 3955 Γραφῇ
1581 3877 1638 3931 ’ev
1668 3882 1744 3950 τῷ
1773 3882 1924 3946 Συμ-

273 3959 416 4033 ϐύλν
468 3964 515 4018 οἱ
568 3962 794 4042 Πατέρες
837 3966 1150 4044 τεθείκασιν,
1197 3965 1393 4043 φαμεν,
1455 3967 1528 4028 ὡς
1584 3966 1702 4020 ἒκεϊ
1747 3965 1846 4039 μὲν
1881 3965 1925 4020 εἰ

274 4051 350 4124 μὴ
409 4059 562 4108 τοῦτο
617 4050 850 4130 ἐλέγετο,
896 4054 1127 4118 κίνδυνος
1170 4053 1232 4121 ἧν
1277 4061 1369 4110 τοῦ
1423 4055 1625 4132 ﬂat-.96;
1675 4052 1927 4110 ἐλάττονα

270 4142 360 4196 τὸν
405 4143 526 4197 Υίὸν
586 4146 919 4216 νομισθῆναι.
989 4144 1166 4202 Καίτοι
1223 4145 1312 4199 καὶ
1369 4145 1412 4199 εἰ
1464 4144 1540 4218 μὴ
1597 4147 1728 4218 αὐτῇ
1774 4149 1925 4222 φωνῇ

269 4233 324 4285 ἓν
374 4236 441 4306 τῇ
499 4237 678 4310 Γραφῇ,
721 4245 920 4290 κεῖται,
956 4231 1076 4290 ἀλλ’
1122 4236 1211 4290 οὗν
1255 4234 1339 4309 τὸ,
1385 4229 1529 4310 Ἐγὼ
1571 4234 1658 4287 καὶ
1689 4233 1716 4287 ὀ
1746 4233 1926 4305 Πατὴρ

271 4317 323 4373 ἵν
383 4319 563 4394 ἐσμεν,
633 4319 1021 4397 ταυτοδύναμόν
1093 4322 1233 4378 ἐστιν
1269 4339 1283 4354 ⁸
1361 4319 1578 4376 ἐνταῦθα
1656 4317 1711 4374 δὲ
1757 4320 1835 4382 τίς
1890 4322 1925 4387 ἡ

2009 3157 2406 3238 prosequitur,
2433 3157 2493 3218 in
2515 3175 2628 3237 qua
2651 3166 2783 3238 post
2812 3157 2960 3218 illud
2995 3175 3009 3219 :
3053 3179 3076 3214 ι
3107 3155 3271 3218 Unus
3299 3154 3457 3215 Deus
3473 3152 3647 3215 Pater

2008 3245 2188 3306 Verbi
2239 3246 2544 3318 viventis,»
2582 3255 2799 3326 etquae
2855 3247 2930 3308 de
2975 3248 3144 3307 Patre
3173 3243 3641 3326 subsequuntur,

2009 3333 2302 3396 liabentnr
2333 3351 2346 3397 :
2389 3359 2416 3390 α
2449 3333 2612 3398 Unus
2645 3323 2932 3398 Dominus
2987 3335 3146 3395 solus
3188 3323 3257 3394 es
3302 3332 3452 3404 solo,
3487 3329 3646 3392 Deus

2008 3441 2076 3482 ex
2112 3421 2521 3496 Deo,Verbum
2547 3423 2773 3502 absque
2804 3421 3118 3504 principio.
3150 3445 3171 3478 ι
3206 3420 3276 3483 Ει
3306 3418 3506 3500 paucis
3533 3417 3645 3480 ad-

2009 3510 2148 3572 ditus
2176 3529 2189 3574 :
2217 3537 2239 3566 ι
2265 3510 2692 3593 Filius,veritas
2717 3514 2838 3574 veri
2862 3512 3106 3574 Patris.)
3134 3511 3300 3574 Idem
3321 3511 3644 3590 Nyssenus,

2010 3599 2254 3662 homilia
2276 3601 2338 3662 in
2367 3603 2690 3666 orationem
2717 3601 3084 3666 Dominicam
3119 3596 3644 3680 inquituVerbum

2007 3689 2166 3752 enim
2200 3690 2566 3768 unigenitum
2599 3709 2671 3753 ex
2703 3693 2873 3754 Patre
2896 3689 3160 3752 aDivina'
3179 3688 3483 3769 Scriptura
3500 3706 3652 3748 nun-

2007 3789 2275 3860 cupatur:
2296 3801 2402 3844 nec
2420 3784 2571 3845 ultra
2592 3783 2779 3845 oratio
2797 3782 3218 3864 proprietatem
3244 3781 3400 3842 illius
3426 3787 3643 3840 exten-

2005 3869 2377 3950 dit,Spiritus
2407 3892 2547 3935 vero
2575 3881 2840 3946 sanctus,
2872 3882 2930 3934 et
2960 3891 3030 3933 ex
3063 3873 3234 3932 Patre
3251 3869 3468 3931 dicitur
3493 3875 3551 3930 et
3581 3885 3652 3928 ex

2005 3957 2154 4019 Filio
2185 3978 2318 4022 esse
2347 3962 2652 4025 astruitur.
2691 3961 2973 4043 Quisquis
2994 3961 3178 4035 enim,
3210 3960 3311 4034 ait,
3337 3957 3646 4040 Spiritum

2015 4047 2239 4109 Christi
2256 4068 2374 4112 non
2395 4051 2594 4126 habet,
2626 4053 2724 4114 hic
2744 4053 2914 4113 illius
2933 4069 3051 4113 non
3082 4058 3188 4113 est.
3221 4049 3422 4129 Itaque
3449 4045 3646 4126 Spiri-

2013 4146 2106 4199 tus
2139 4137 2233 4218 1ui
2266 4159 2332 4200 ex
2362 4140 2485 4203 Deo
2535 4150 2644 4213 est,
2679 4149 2737 4202 et
2767 4141 2981 4201 Christi
3012 4137 3267 4219 Spiritus
3298 4147 3408 4218 est,
3460 4135 3645 4198 Filius

2009 4243 2147 4286 vero
2177 4246 2246 4288 ex
2278 4227 2400 4290 Deo
2433 4230 2746 4302 exsistens,
2782 4229 3034 4308 Spiritus
3085 4245 3278 4306 neque
3312 4234 3422 4292 est,
3455 4244 3651 4306 neque

2011 4316 2452 4398 dicitur,neque
2472 4329 2670 4379 contra
2688 4320 2933 4379 vertitur
2952 4315 3264 4378 habitualis
3292 4315 3404 4376 ista
3427 4333 3646 4396 seque-

271 4407 478 4485 ἀνέιγκη
525 4409 584 4464 ὲκ
625 4417 718 4464 τοῦ
747 4412 867 4466 Tim)
921 4409 1094 4488 λέγειν
1148 4412 1207 4468 τὸ
1275 4417 1484 4480 Πνεῦμα
1535 4409 1919 4486 ἐκπορεύεσθαι,

2013 4405 2088 4466 la.
2120 4428 2144 4464 ο
2183 4405 2348 4478 Quod
2398 4409 2567 4486 igitur
2597 4407 2678 4468 ibi
2730 4415 2841 4479 est,
2883 4406 3080 4466 «solus
3109 4424 3176 4466 ex
3209 4403 3398 4472 solo,»
3447 4404 3559 4464 hoc
3589 4403 3650 4466 in

271 4497 349 4570 μὴ
409 4497 780 4572 εὗρισκόμενον
833 4498 887 4552 ἐν
947 4506 1014 4575 τῇ
1067 4499 1177 4555 θεία
1232 4504 1450 4578 Fragor};
1536 4501 1586 4553 τί
1637 4495 1926 4554 κινδυνεύει

271 4586 413 4662 παρὰ
466 4589 622 4642 τοῦτο
651 4588 684 4653 ἡ
715 4586 1075 4666 παραδοθεῒσα
1105 4587 1346 4666 θεολογία
1385 4607 1400 4662 ;
1439 4586 1655 4650 Πάντως
1687 4583 1922 4659 οὒδεμία.

275 4673 483 4730 Μᾶλλον
515 4675 612 4749 μὲν
639 4674 727 4730 οὖν
768 4679 832 4732 ὲκ
859 4683 957 4743 τῆς
988 4679 1293 4757 προσθήκης
1341 4677 1562 4742 ταυτησὶ
1613 4677 1698 4731 καὶ
1751 4673 1926 4732 πολλᾶ

272 4762 553 4818 ἀνακόπτει
584 4765 649 4819 τα
693 4761 888 4840 ἄτοπα,
951 4768 1072 4824 οἷον
1109 4767 1145 4834 ἠ
1192 4764 1430 4845 διαρχία,
1477 4765 1564 4820 καὶ
1593 4765 1654 4820 τὸ
1686 4764 1925 4820 σύνθετον

271 4850 448 4907 δοκεῖν
502 4853 562 4909 τὸ
620 4859 855 4929 Πνεῦμα,
895 4858 982 4913 καὶ
1037 4855 1188 4936 ἔτερα
1217 4855 1426 4932 μυρία.»
1464 4856 1676 4932 Πρῶτον
1713 4852 1809 4928 μὲν
1852 4855 1925 4914 εἷς

271 4941 330 4994 τὸ
353 4938 468 4997 καθ’
498 4942 572 4998 ὧν
617 4965 748 5022 φησι
779 4945 857 5020 μὴ
889 4943 1001 5002 δεῗν
1030 4948 1171 5027 παρὰ
1199 4947 1266 5002 τὰ
1296 4945 1349 5000 ὲν
1379 4949 1446 5018 τῇ
1473 4943 1584 4998 θεία
1614 4947 1794 5020 Γραφῇ
1820 4946 1926 4998 κεί-

277 5049 408 5102 μενα
453 5029 762 5108 ὁμολογεῖν,
823 5035 867 5090 εὶ
920 5034 1161 5114 λέγουσιν
1227 5030 1656 5112 ἀποκρινόμενοι,
1717 5028 1796 5086 ὅτι
1839 5033 1926 5088 καί

273 5117 371 5184 τὴν
431 5121 707 5192 ὁμοουσίου
761 5125 944 5200 φωνὴν
1011 5127 1089 5201 μὴ
1154 5120 1528 5202 εὖρισκομένην
1597 5119 1651 5174 ἐν
1693 5124 1760 5196 τῇ
1815 5120 1925 5193 θείᾳ

277 5211 478 5286 Γραφῇ,
539 5212 753 5276 τεθῆναι
796 5227 916 5278 το⁴ς
963 5215 1224 5293 Πατράσιν
1277 5212 1330 5268 ἐν
1373 5215 1450 5284 τῷ
1492 5205 1772 5284 Συμϐόλῳ,
1829 5209 1924 5266 οὕ-

273 5315 391 5352 τινα
433 5303 538 5352 τῶν
589 5301 692 5376 πρὸ
749 5303 903 5373 ἡμῶν
985 5307 1089 5359 τ·ῦν
1171 5302 1443 5379 ἡμετέρων
1487 5296 1606 5356 οἴδα
1659 5298 1924 5366 κινήσεσιν

275 5383 622 5461 αὗθορμήτος
697 5386 959 5470 ἔγγραφον
1041 5393 1171 5470 ὑπὲρ
1243 5395 1340 5456 τῆς
1414 5390 1520 5444 τῶν
1591 5383 1926 5452 Ἐκκλησιῶν

275 5473 486 5544 εἶρήνης
560 5474 743 5553 ἆγῶνα
799 5481 1198 5556 ποιησαμένων,
1291 5476 1545 5556 Εὕρηνται
1627 5474 1727 5552 γὰρ
1800 5473 1928 5534 ἔνιοι

274 5561 472 5617 τούτων
531 5561 666 5619 οὕτω
708 5563 1028 5633 διατεθέντες
1085 5572 1172 5626 καὶ
1223 5567 1454 5644 μάλιστα
1496 5565 1600 5620 τῶν
1631 5559 1928 5644 πολυθρυλ-

281 5647 462 5720 λτξτων
517 5659 670 5710 τοῦτο
725 5656 789 5727 δὴ
860 5661 921 5716 τὸ
991 5663 1265 5736 ὁμοούσιον
1337 5658 1408 5718 εἰς
1466 5655 1554 5710 τὸν
1611 5649 1930 5732 λελεγμένον

2010 4496 2122 4556 hoc
2156 4495 2306 4568 loco,
2345 4516 2488 4558 «nec
2521 4497 2674 4558 ultra
2704 4496 2892 4558 oratio
2924 4493 3342 4576 proprietatem
3377 4491 3534 4554 illius
3553 4511 3651 4555 ex-

2012 4584 2257 4658 tendit,»
2293 4587 2452 4646 hunc
2490 4604 2704 4665 nempe
2735 4605 2802 4646 ex
2836 4584 2962 4645 solo
2994 4581 3163 4644 Patre
3185 4582 3474 4643 exsistere
3489 4582 3646 4662 quod

2009 4691 2080 4734 ex
2110 4673 2236 4755 ipsa
2264 4673 2812 4756 inductione,quam
2861 4676 2985 4754 ipse
3033 4670 3334 4751 subjungit
3365 4670 3653 4733 manifes-

2011 4764 2126 4824 tius
2171 4765 2642 4844 deprehenditur
2670 4787 2682 4821 :
2727 4789 2748 4822 ιι
2785 4761 3037 4842 Spiritus
3065 4779 3202 4821 vero
3235 4769 3471 4822 sauctus
3493 4768 3554 4822 ct
3581 4779 3651 4823 ex

2015 4855 2183 4914 Patre
2213 4855 2517 4926 dicitur,et
2549 4873 2618 4915 ex
2646 4853 2794 4916 Filio
2827 4870 2961 4914 esse
2987 4849 3293 4924 astruitur,
3335 4878 3360 4913 ι
3411 4870 3482 4912 ex
3514 4868 3647 4911 am-

2009 4941 2200 5002 bobus
2229 4944 2480 5007 scilicet.
2513 4943 2638 5005 Hoc
2665 4941 2840 5004 modo
2871 4939 3063 5020 capite
3122 4939 3386 5001 secundo
3416 4940 3646 5002 exami-

2010 5033 2414 5102 nato,tertium
2431 5037 2551 5112 jam
2587 5032 2912 5094 invisamus
2929 5030 3092 5092 hisce
3112 5027 3308 5090 verbis
3324 5029 3644 5108 digestum:
3687 5039 3693 5044 '

2013 5120 2362 5184 «Ahucdum
2384 5123 2837 5200 redarguuntur.
2875 5139 2994 5181 non
3025 5138 3161 5182 esse
3187 5117 3510 5181 asserenda
3541 5119 3654 5180 alia

2010 5217 2223 5290 prwter
2255 5229 2320 5272 ea
2349 5231 2478 5292 quae
2499 5213 2560 5274 in
2591 5211 2806 5272 divinis
2825 5209 3061 5272 Litteris
3089 5215 3495 5290 continentur,
3515 5227 3648 5270 res-

2011 5300 2292 5380 pondent,
2327 5320 2529 5364 vocem
2589 5299 3109 5364 consubstantialis
3159 5298 3382 5360 nullam
3429 5317 3562 5360 esse
3590 5298 3688 5360 in'

2011 5388 2210 5450 divina
2238 5389 2632 5472 Scripturaet
2663 5400 2856 5451 tamen
2891 5392 3092 5452 Patres
3123 5405 3254 5449 eam
3288 5391 3346 5450 in
3375 5388 3654 5470 Symbolo

2011 5480 2380 5558 apposuisse.
2415 5479 2700 5558 Dicimus,
2735 5477 2891 5559 quod
2924 5478 2973 5538 si
3007 5476 3090 5540 ibi
3120 5495 3192 5539 ea
3237 5495 3355 5538 non
3381 5478 3655 5558 apposita

2013 5567 2583 5650 fuissei,periculum
2607 5569 2811 5643 fuisse,
2837 5587 2913 5631 ne
2939 5568 3126 5632 Filius
3147 5566 3344 5630 minor
3373 5569 3545 5630 Patre
3561 5586 3659 5630 re-

2016 5667 2336 5738 putaretur.
2389 5659 2459 5722 Et
2504 5659 2642 5723 licet
2690 5677 2809 5721 non
2855 5658 3063 5721 eadem
3093 5675 3234 5721 voce
3261 5655 3324 5720 in
3351 5657 3660 5742 Scriptura
