4184 6300
310 378 459 445 1305
1405 381 1707 450 CONTRA
1748 380 2108 446 MAXIMUM
2154 380 2602 445 PLANUDEM.
3529 376 3684 442 1306

303 514 667 597 πατραδελφον
727 517 959 574 ἐντεῦθεν
1016 515 1377 596 ἀποῤῥαπίζει,
1439 520 1527 575 καὶ
1602 520 1664 575 τὸ
1723 538 1953 594 μονογε-

2046 511 2238 573 animo
2267 511 2343 572 sit
2372 509 2664 573 brevibus
2694 530 2788 573 me
2819 509 3121 590 expedire,
3152 512 3290 574 licet
3316 511 3426 573 hac
3455 508 3686 572 ratione

306 609 390 672 νὲς
422 613 658 680 συνιστᾷ,
693 608 781 664 καὶ
836 609 895 663 τὸ
953 605 1005 672 ἐξ
1048 609 1250 687 ἀμφοῖν
1302 606 1579 686 διαῤῥήδην
1650 607 1951 686 ἀνακηρύτ-

2046 618 2066 661 a
2102 600 2405 680 proposito
2438 600 2580 662 mihi
2611 619 2792 680 scopo
2817 599 3113 673 decidam,
3148 600 3286 661 dum
3320 599 3391 661 ad
3416 597 3687 681 quaestio-

306 719 384 754 τει
421 713 436 728 ⁸
501 694 586 753 διὸ
630 696 883 771 καὶμετά
924 717 1039 751 τινα
1079 696 1314 776 ἒπιφὲρει
1358 695 1529 775 λέγων
1568 712 1582 726 ⁹
1645 694 1797 753 Ἀλλ’
1843 694 1953 772 ἐρεῖ

2046 688 2129 749 nis
2158 689 2410 768 singula,
2462 708 2594 771 quze
2618 689 2744 751 fere
2775 688 3091 751 innumera
3123 695 3279 763 sunt,
3331 687 3685 776 necessitate

305 809 408 859 τις,
466 788 664 844 Οὖκοῦν
722 807 894 864 φαμεν
939 783 1025 840 δύο
1056 786 1195 840 εἶναι
1245 786 1416 858 Υἱοὺς,
1477 787 1565 842 καὶ
1624 792 1740 850 πῶς
1782 783 1954 841 Μονό-

2046 778 2287 856 quadam
2342 768 2521 858 cogo]~
2582 778 2861 840 nonnulla
2923 778 3330 839 tantummodo
3359 768 3681 857 apponere,

306 876 514 954 γενὴςς
563 881 823 953 Μενοῦνγε
890 876 951 930 σὺ
1021 874 1098 939 τίς
1143 879 1195 930 εἷ
1254 877 1281 931 6
1371 873 1829 952 ἀντιλογιζόμενος
1878 880 1954 946 τῷ

310 970 476 1038 eaq);
537 966 594 1021 Ei
645 964 744 1043 γάρ
800 965 890 1020 τὸν
948 965 1065 1018 ιίδν
1134 963 1293 1020 καλεῖ
1346 966 1436 1021 τὸν
1480 964 1530 1030 ἐξ
1572 964 1750 1043 abte-3,
1809 965 1870 1019 τὸ
1900 961 1955 1018 δὲ

307 1051 458 1131 ἅγιον
516 1060 728 1127 Πνεῦμα
785 1055 845 1109 τὸ
900 1051 1027 1131 παρ’
1081 1052 1413 1130 ἀμφοτέρων.
1451 1076 1478 1107 ι
1520 1054 1616 1110 Καὶ
1660 1055 1688 1109 6
1745 1052 1954 1117 Νύσσης

310 1142 479 1208 ἔνθεος
528 1142 785 1221 ἶερᾶρχης
843 1142 907 1196 τά
966 1142 1095 1196 αυτά
1185 1139 1413 1198 διδάσκει
1470 1141 1524 1198 ἐν
1590 1142 1677 1203 οἷς
1737 1139 1797 1195 ἐκ
1864 1146 1956 1196 τοῦ

310 1231 519 1307 πρώο)
572 1233 659 1287 καὶ
712 1232 808 1296 τῆς
852 1229 1019 1290 αἰτίας
1063 1233 1150 1285 τὸν
1207 1231 1304 1304 μὲν
1368 1232 1488 1286 Υἱὸν
1531 1234 1837 1309 προσεχοῦς,
1895 1229 1956 1284 τὸ

308 1319 362 1376 δὲ
414 1326 624 1395 Πνεῦμα
682 1317 764 1374 διὰ
843 1326 936 1375 τοῦ
992 1322 1274 1399 προσεχῶς
1347 1317 1671 1396 δογματίζει,
1738 1316 1822 1374 διὰ
1865 1324 1958 1373 τοῦ

311 1412 432 1465 Υἱοῦ
460 1407 727 1486 δηλονότι,
757 1408 969 1486 ἐπάγων
1017 1409 1160 1487 ἐξης,
1217 1435 1238 1462 ι
1304 1406 1466 1473 ’Ώςτε
1510 1409 1595 1464 καὶ
1667 1409 1726 1463 τὸ
1785 1429 1956 1482 μονο-

311 1500 458 1576 γενὲς
502 1496 855 1576 ἀναμφίὸολον
920 1499 1005 1554 ἐπὶ
1072 1504 1163 1553 τοῦ
1226 1500 1342 1553 rio-3
1409 1496 1607 1572 μένειν,
1663 1497 1853 1553 καὶτὸ
1898 1495 1957 1552 ἐκ

311 1595 402 1645 τοῦ
460 1589 662 1666 Πατρὸς
718 1585 859 1643 εῖναι
893 1590 953 1642 τὸ
1026 1586 1235 1662 Πνεῦμα
1293 1586 1368 1660 μὴ
1425 1584 1794 1667 ἀμφιϐάλλειν,
1856 1592 1954 1652 τῆς

310 1686 403 1735 τοῦ
448 1680 567 1734 Υἱοῦ
610 1677 874 1751 μεσιτεέας
936 1678 1022 1732 καὶ
1087 1677 1255 1750 ἑαυτῷ
1298 1677 1358 1732 τὸ
1417 1678 1700 1754 μονογενὲς
1757 1675 1955 1757 φυλατ-

2036 867 2296 949 indeque
2325 868 2863 948 quomodocunque
2916 867 3239 944 prolixiore
3271 866 3354 928 uti
3384 883 3683 927 sermone.

2035 954 2433 1019 Nihilominus
2493 975 2562 1018 ex
2613 957 2735 1034 jam
2797 975 2980 1037 prope
3019 956 3093 1018 de
3151 954 3393 1016 nomine
3448 953 3684 1014 laudato

2038 1045 2236 1107 divino
2294 1050 2486 1119 Patre,
2520 1053 2618 1106 aut
2668 1045 3020 1125 quibusdam
3069 1043 3139 1104 ad
3188 1052 3444 1104 mentem
3500 1043 3687 1123 ipsius

2039 1136 2298 1198 breviter
2322 1133 2631 1195 laudandis
2654 1135 2874 1195 dictum
2898 1132 3392 1195 manifestabitur.
3418 1131 3686 1212 Namque

2041 1225 2127 1287 sic
2175 1243 2291 1285 non
2327 1224 2507 1284 multo
2558 1232 2694 1284 ante
2724 1223 3034 1285 recitatum
3094 1222 3312 1283 dictum
3359 1224 3439 1284 ita
3462 1225 3687 1300 profert

2040 1316 2373 1393 integrum:
2428 1337 2453 1367 εί
2489 1312 2741 1393 Spiritus
2789 1324 3030 1374 sanctus
3062 1331 3178 1372 non
3237 1312 3413 1372 frater
3461 1310 3681 1390 fratris,

2039 1424 2158 1465 non
2194 1403 2384 1466 Patris
2448 1402 2648 1477 frater,
2683 1402 2784 1463 sed
2835 1421 2904 1464 ex
2941 1405 3063 1482 ipsa
3103 1402 3359 1463 essentia
3389 1400 3576 1462 Patris
3628 1408 3688 1460 et

2038 1493 2197 1572 Filii,
2230 1519 2250 1551 υ
2287 1499 2342 1551 et
2371 1509 2503 1572 qua;
2534 1499 2890 1571 sequuntur,
2923 1490 3007 1551 uti
3037 1508 3213 1570 supra
3268 1489 3492 1568 digesta
3520 1497 3680 1549 sunt.

2040 1582 2184 1645 Cum
2217 1580 2375 1642 enim
2408 1580 2664 1659 Spiritus
2694 1582 2897 1642 hostes
2925 1579 3378 1647 contenderent,
3399 1577 3683 1658 Spiritum

2041 1679 2309 1733 sanctum
2365 1678 2696 1730 creaturam
2747 1670 3179 1739 demonstrare,
3232 1668 3618 1747 dicerentque
3665 1683 3679 1728 :

312 1768 527 1839 τούσης,
561 1767 646 1822 καὶ
695 1767 755 1821 τὸ
802 1772 1014 1839 Πνεῦμα
1042 1766 1137 1830 τῆς
1184 1766 1314 1843 πρὸς
1344 1767 1435 1821 τὸν
1486 1765 1690 1841 Πατέρα
1721 1765 1958 1845 σχέσεως

2046 1759 2106 1823 Si
2138 1779 2207 1821 ex
2255 1762 2425 1821 Patre
2464 1766 2758 1848 uterque,
2796 1758 2911 1819 duo
2945 1759 3154 1819 fratres
3188 1765 3271 1848 et
3301 1757 3416 1848 duo
3452 1756 3578 1848 filii.
3627 1765 3686 1817 ut

315 1859 392 1935 μὴ
436 1857 811 1933 ἀπειργούσης.
855 1878 879 1912 ι
919 1857 975 1912 Εἰ
1004 1855 1166 1911 ταῦτα
1208 1857 1267 1911 τὸ
1311 1852 1522 1931 βέϐαιον
1570 1854 1798 1934 ἔσχηκε,
1858 1854 1960 1911 ποῦ

313 1949 374 2005 τὸ
417 1945 789 2018 συνιστάμενον
843 1943 942 2009 ἔξει
998 1944 1133 1999 κατά
1194 1944 1312 2009 τοὺς
1373 1946 1469 2010 τῆς
1529 1942 1789 2007 εὐσεϐείας
1836 1964 1960 2022 προ-

315 2035 527 2112 ϐόλους,
584 2036 672 2091 καὶ
729 2034 804 2109 μὴ
847 2034 908 2089 τὸ
967 2033 1137 2112 σφίσιν
1182 2032 1488 2110 ἀντίῤῥοπον
1516 2034 1576 2089 τὸ
1620 2034 1716 2108 μὲν
1774 2033 1962 2107 ὁμοού·

316 2148 427 2182 σιον
482 2126 708 2181 τεθεῖναι
765 2120 962 2195 λέγειν,
1021 2120 1251 2178 κίνδυνον
1318 2121 1584 2201 ἀφανίζον,
1656 2124 1750 2178 τοῦ
1803 2120 1958 2199 λέγε-

315 2217 431 2270 σθαι
475 2214 564 2268 τὸν
624 2213 740 2267 Υἱὸν
797 2209 1051 2266 ἑλέττονα
1106 2213 1199 2266 τοῦ
1258 2217 1485 2289 Πατρος,
1522 2211 1742 2267 ἐνταῦθα
1771 2209 1825 2266 δὲ
1857 2233 1961 2286 μη-

315 2301 435 2359 δένα
484 2299 712 2357 κίνδυνον
766 2300 1078 2372 ἀντεπάγειν
1147 2299 1407 2379 ὑπάρχειν
1461 2301 1560 2368 τῆς
1603 2299 1656 2364 ἐξ
1703 2302 1820 2356 Γὶοὖ
1875 2319 1963 2371 καὶ

315 2390 381 2449 δι’
442 2393 567 2448 Υἱιῦ
612 2387 883 2466 θεολογίας
941 2388 1178 2454 ἀπούσης
1212 2408 1226 2467 ς
1290 2387 1380 2468 ἀφ’
1422 2389 1486 2456 ἧς
1518 2389 1843 2461 ἀνίστασθαι,
1877 2399 1965 2452 καὶ

319 2479 519 2559 μᾶλλον
576 2479 891 2535 ἀνακύπτειν
936 2478 1091 2555 μυρία
1120 2479 1183 2533 τά
1225 2474 1418 2555 ἄτοπα,
1453 2476 1606 2555 εἴπερ
1660 2478 1731 2540 ὠς
1790 2477 1964 2533 ἐκεῖσε

315 2573 377 2628 τὸ
420 2569 697 2644 ὁμοούσιον
769 2568 842 2630 εἰς
912 2563 1240 2631 ἆποσόὸγβιν
1297 2565 1476 2644 ἐῤῥὲθη
1554 2567 1675 2630 τοῖς
1732 2567 1965 2646 Πατράσι

315 2660 420 2716 τῶν
476 2656 928 2735 βλασφημούντων
985 2657 1057 2715 εἱς
1117 2656 1206 2709 ἰον
1258 2656 1392 2729 ΐιὸν,
1467 2654 1632 2718 οὕτως
1683 2655 1857 2712 ἐνθάδε
1906 2657 1968 2711 τὸ

2043 1848 2338 1928 quomodo
2379 1846 2763 1925 unigenitus?
2795 1856 3015 1907 tantum
3049 1866 3165 1907 non
3215 1845 3447 1906 divinus
3481 1845 3687 1906 ductor

2043 1937 2274 2016 inquit:
2329 1938 2413 1999 Ea
2441 1935 2670 1997 ratione
2727 1944 2973 2015 uterque
3024 1954 3091 1997 ex
3149 1934 3318 1995 Patre
3348 1948 3456 1999 εει,
3496 1941 3559 1995 ιιι
3609 1950 3684 1994 ex

2043 2026 2157 2086 alio
2232 2025 2382 2086 alius
2443 2025 2559 2104 sit,
2623 2033 2679 2085 et
2734 2025 2804 2085 ad
2867 2026 2978 2086 hoc
3052 2022 3559 2103 comprobandum
3615 2041 3680 2083 ex

2045 2115 2242 2175 divina
2274 2114 2506 2178 Domini
2567 2132 2706 2175 voce
2735 2113 2949 2193 duplex
3009 2112 3229 2175 dictum
3260 2110 3683 2190 Evangelicum

2044 2203 2315 2277 assumit,
2349 2204 2503 2284 quod
2531 2222 2599 2263 ex
2634 2207 2803 2264 Patre
2831 2202 3156 2282 procedere
3186 2201 3419 2275 asserit,
3447 2208 3507 2261 et
3533 2199 3689 2280 quod

2052 2318 2080 2349 ι
2102 2294 2185 2355 Ex
2219 2311 2350 2354 meo
2382 2292 2653 2373 accipiet,
2686 2317 2708 2347 ο
2744 2290 3013 2370 ejusdem
3041 2308 3174 2351 esse
3204 2289 3692 2350 sententiaaulra-

2048 2402 2161 2463 que
2184 2381 2835 2462 conlirmans,indeque
2860 2380 3133 2442 etfratris
3159 2378 3491 2458 fratrem,et
3512 2378 3690 2457 patris

2050 2473 2289 2531 fratrem
2314 2474 2481 2548 longe
2503 2470 2755 2549 pellit,et
2772 2469 3153 2548 Unigenitum
3173 2466 3606 2539 corroborat,et
3622 2484 3689 2526 ex

2050 2569 2303 2640 utroque
2330 2560 2519 2640 palam
2543 2557 2922 2640 deprazdicat,
2944 2556 3197 2629 ideoque
3220 2575 3336 2617 non
3361 2564 3491 2633 post
3515 2554 3695 2615 multa

2052 2649 2349 2729 sulajungit
2379 2648 2589 2709 dicens
2618 2670 2631 2706 :
2663 2673 2688 2703 α
2717 2646 2830 2710 Sed
2857 2645 3070 2709 dixerit
3090 2646 3406 2726 quispiam,
3429 2644 3694 2707 Dicimus

323 2771 350 2802 α
384 2746 436 2814 ἐξ
480 2748 601 2802 Υἱοῦ
656 2766 714 2800 τε
755 2745 844 2799 καὶ
901 2741 967 2798 δι’
1040 2746 1160 2799 Υεού
1225 2766 1246 2798 η
1311 2745 1383 2808 εἷς
1444 2745 1813 2823 καταστροφὴν
1869 2744 1961 2812 τῆς

2053 2757 2191 2816 ergo
2221 2740 2370 2798 duos
2400 2738 2552 2799 ﬁlios
2595 2756 2749 2812 esse,
2785 2745 2842 2797 et
2872 2736 3171 2818 quomodo
3202 2734 3541 2815 unigenitus
3567 2732 3592 2795 ‘3
3623 2734 3694 2795 At

316 2834 685 2915 γλωσσαλγίας
750 2830 1071 2909 ἑθεολογήθη
1125 2847 1241 2895 τους
1293 2833 1560 2913 θεοφόροις
1610 2841 1716 2889 τῶν
1776 2831 1961 2912 δυσφη-

2054 2836 2111 2887 ιυ
2141 2826 2273 2908 quis
2306 2846 2389 2906 ιε,
2422 2826 2523 2907 qui
2555 2829 2676 2889 Deo
2707 2824 3105 2915 contradicis?
3134 2825 3367 2888 Etenim
3399 2824 3447 2884 si
3481 2823 3691 2915 Fili-un.

319 2926 555 3001 μούντων
599 2923 672 2986 εἷς
729 2923 789 2978 τὸ
859 2927 1068 2995 Πνεῦμα
1099 2923 1159 2978 τὸ
1191 2922 1366 3000 ἅγιον,
1420 2929 1527 2981 Ποῦ
1569 2921 1622 2978 δὲ
1675 2924 1760 2979 καὶ
1792 2923 1961 2987 παρά-

2054 2925 2217 2976 vocat
2234 2915 2333 2995 qui
2351 2933 2417 2977 ex
2447 2916 2574 2995 ipso
2597 2924 2706 2989 est,
2733 2913 3011 2995 Spiritum
3037 2933 3174 2975 vero
3197 2912 3596 2993 sauctum,qui
3621 2910 3695 2972 ab

318 3013 461 3076 δοσις
492 3014 525 3081 ἡ
563 3035 590 3066 α
626 3012 686 3067 ἐκ
719 3012 920 3073 Πατοὸς
965 3010 1127 3084 μόνου
1178 3033 1204 3064 »
1240 3010 1330 3066 νὲα
1380 3012 1680 3089 νομοθεσῖα,
1728 3013 1816 3067 καὶ
1847 3010 1961 3089 οὐχὶ

2052 3003 2617 3085 ιιῑιτὶείιυε.»Είιιιεῐη
2635 3012 2693 3063 et
2706 3003 2943 3063 divinus
2958 3003 3267 3064 hierarcha
3285 3005 3581 3082 Nyssenus
3595 3001 3696 3061 do-

322 3101 523 3179 μᾶλλον
566 3113 682 3163 τοῖς
713 3100 867 3165 θείοις
911 3096 1243 3160 διδασκάλοις
1293 3098 1696 3178 ἀντι-παράταξις
1736 3119 1751 3173 ;
1804 3098 1961 3157 Ἀλλὰ

2054 3096 2318 3172 cet,dnm
2334 3111 2404 3154 ex
2432 3096 2619 3172 primo
2636 3100 2693 3152 et
2714 3110 2888 3153 causa
2910 3092 3120 3154 Filium
3139 3091 3374 3171 quidem
3396 3090 3691 3168 contigue,

319 3194 405 3249 καὶ
430 3193 463 3260 ἡ
502 3193 631 3270 πρὸς
666 3189 807 3247 τοῦτ⁹
841 3191 967 3246 αὖτὸ
997 3191 1057 3245 τὸ
1089 3190 1186 3264 μὲν
1236 3189 1404 3264 μηδὲν
1455 3190 1780 3265 λυμαντικὸν
1825 3189 1969 3246 εἶναι

320 3287 418 3348 τῆς
474 3282 534 3337 ἐκ
572 3286 666 3336 τοῦ
712 3282 832 3337 Υἱοῦ
897 3276 1169 3355 θεολογίας
1227 3278 1685 3355 ἀποπεμπομένης
1731 3301 1968 3357 φωνούν-

322 3394 437 3443 τος,
470 3370 619 3426 ἐνίων
673 3366 727 3424 δὲ
784 3374 882 3433 τῆς
938 3369 1102 3434 αὐτῆς
1161 3370 1346 3446 μο·’ρας
1402 3367 1822 3448 παραϐιασθῆναι
1848 3369 1970 3431 τοὺς

321 3461 496 3537 ἁγίους
540 3457 698 3538 φάναι
768 3457 964 3523 ταύτην
1044 3454 1309 3532 λεγόντων
1367 3459 1440 3520 εἷς
1504 3457 1754 3536 αἱρέσεων
1806 3455 1969 3533 ἀποῤ-

319 3549 551 3626 ῥάπισιν,
606 3547 694 3602 καὶ
752 3543 834 3601 δεῖ
891 3545 1274 3625 παρατρέχειν⁹
1348 3548 1435 3602 καὶ
1492 3547 1569 3621 μὴ
1624 3545 1900 3625 κατέχειν,
1933 3547 1966 3612 ἡ

320 3638 450 3714 πρὸς
506 3634 647 3693 τοῦτ’
682 3634 807 3691 αὐτὸ
862 3632 1041 3691 τοῖσδε
1086 3632 1343 3712 δευτέροις
1391 3633 1649 3712 ἀπολογὶα
1679 3636 1813 3692 κατά
1842 3657 1966 3691 και-

321 3727 439 3799 ροὺς
490 3723 740 3802 ἣμετέρα,
786 3724 874 3779 καὶ
924 3730 1000 3797 τῷ
1057 3723 1219 3802 ἑτέρῳ
1274 3721 1326 3779 δὲ
1400 3731 1510 3797 νῦν,
1572 3726 1646 3788 (τις
1716 3727 1751 3792 ἡ
1807 3723 1967 3790 τῆσδε

321 3813 611 3893 παρόρασις
653 3814 741 3869 καὶ
785 3811 1028 3879 ἀθέτησις
1084 3819 1187 3868 τῶν
1244 3812 1295 3878 ἐξ
1358 3813 1521 3881 αὒτῆς
1577 3812 1967 3888 ἀπωθουμένων

323 3903 573 3981 αἱρέσεων
641 3902 929 3964 ἀνανέωσις
987 3901 1132 3957 ἔσται
1182 3902 1315 3958 κατὰ
1373 3907 1544 3958 πᾶσαν
1604 3902 1837 3979 ἀνάγκην
1879 3904 1967 3958 καὶ

2053 3182 2333 3262 Spiritum
2352 3200 2490 3243 vero
2512 3180 2963 3261 perillud,quod
2984 3181 3258 3260 contigue
3277 3179 3692 3258 est.decernit,

2056 3290 2163 3352 per
2192 3271 2408 3335 Filium
2441 3268 2699 3346 scilicet,
2732 3269 2994 3331 subdens
3024 3269 3218 3331 illico:
3250 3295 3275 3324 α
3301 3266 3375 3332 Ut
3405 3277 3462 3329 et
3494 3269 3695 3346 unige-

2058 3362 2244 3422 nitum
2274 3359 2668 3421 indubitatum
2701 3360 2761 3420 in
2789 3359 2935 3421 Filio
2968 3359 3063 3434 sit,
3090 3369 3147 3421 et
3176 3358 3462 3438 Spiritum
3494 3377 3564 3421 ex
3594 3362 3695 3419 Pa-

2054 3458 2143 3510 tre
2169 3467 2301 3510 esse
2320 3449 2564 3510 minime
2587 3447 3055 3528 dubitetur,Filii
3091 3448 3468 3523 mediatione,
3497 3456 3557 3509 et
3577 3446 3695 3508 sibi

2052 3537 2167 3618 ipsi
2183 3538 2553 3618 unigenitum
2575 3537 3344 3617 conservante,etSpiritum
3364 3536 3697 3598 arelatione

2051 3627 2121 3688 ad
2161 3631 2391 3687 Patrem
2427 3645 2544 3687 non
2576 3635 2844 3688 arcente.
2875 3651 2898 3680 ι»
2924 3626 3063 3689 Haec
3092 3627 3141 3687 si
3173 3627 3341 3688 firma
3370 3645 3438 3687 ac
3460 3625 3698 3688 stabilia

2050 3715 2744 3792 sunt,ubinamsubsistel
2760 3716 3040 3777 adversus
3055 3715 3290 3797 pietatis
3308 3725 3697 3797 prepugnato-

2049 3822 2147 3866 res
2177 3805 2330 3885 quod
2363 3806 2626 3884 affertur,
2663 3815 2721 3866 et
2750 3824 2864 3866 non
2902 3807 3135 3885 penitus
3165 3806 3697 3880 decidet,consub-

2051 3894 2325 3955 srantiale
2355 3894 2594 3975 quidem
2628 3895 2961 3975 appositum
2994 3896 3322 3975 periculum
3376 3897 3695 3969 repellere,

321 3991 669 4069 ἀναγόρευσις
709 4009 722 4023 ⁸
754 3996 866 4052 πῶς
922 3996 989 4066 τῇ
1017 3990 1114 4057 τῆς
1160 3989 1408 4057 ἀληθεῖας
1440 3989 1703 4056 ἁπλότητι
1728 3992 1798 4054 ὡς
1827 4012 1961 4046 στοι-

2054 4002 2126 4043 ne
2151 3982 2380 4044 dicatur
2404 3983 2585 4044 l’ilius
2608 3984 2802 4045 minor
2818 3987 3032 4058 Patre;
3061 3984 3156 4046 hic
3179 4004 3314 4047 vero
3341 3986 3568 4047 nullum
3591 3988 3703 4048 im-

324 4083 493 4160 χοῦσα
537 4081 657 4159 οὖχὶ
702 4081 764 4135 σὺ
819 4078 1118 4146 κατάδηλον
1179 4079 1478 4158 ἐπιφέρεται
1516 4097 1532 4153 ;
1567 4080 1702 4156 Πρὸς
1740 4076 1788 4134 3‘s
1819 4099 1880 4155 γε
1910 4080 1961 4134 τὸ

2054 4071 2268 4133 mineri
2304 4072 2633 4152 periculum
2656 4074 2829 4134 dictis
2859 4073 3210 4153 tlieologicis
3235 4093 3302 4135 ex
3333 4075 3480 4137 Filio
3513 4082 3571 4138 et
3595 4093 3700 4156 per

322 4172 563 4226 σύνθετον
618 4170 704 4225 καὶ
759 4170 820 4226 τὸ
874 4168 968 4235 τῆς
1041 4166 1307 4247 διαρχίας,
1344 4166 1375 4222 ἃ
1417 4169 1505 4223 καὶ
1540 4165 1672 4241 τῷδε
1722 4167 1961 4245 παρενεί-

2056 4161 2265 4223 Filium
2292 4179 2421 4223 esse
2447 4178 2460 4223 :
2490 4180 2558 4223 ex
2582 4162 2798 4240 quibus
2818 4172 3137 4243 assurgunt
3159 4163 3276 4224 imo
3296 4164 3488 4244 potius
3508 4183 3700 4229 emer-

324 4279 400 4321 ρει
457 4264 534 4331 τῷ
592 4254 883 4336 κεφαλαίῳ,
933 4256 1022 4311 καί
1060 4253 1280 4323 καθεξῆς
1325 4254 1357 4311 ἃ
1400 4277 1528 4335 φησι
1568 4276 1591 4311 α
1626 4261 1728 4311 τῶν
1759 4255 1961 4311 ἀτόπωι

2057 4258 2201 4328 gunt
2230 4250 2543 4310 innumera
2571 4250 2853 4327 absurda,
2888 4251 2938 4310 si
2969 4252 3051 4311 uti
3081 4253 3164 4312 ibi
3193 4254 3701 4315 causubstuntiale

324 4346 537 4403 ἕπεσθαι
610 4345 766 4423 μυρία
824 4366 844 4396 ι
910 4344 1047 4400 κατά
1133 4341 1475 4422 παράλειψιν,
1543 4344 1656 4400 ἐπεὶ
1724 4342 1840 4400 καθ’
1898 4347 1961 4398 ὠ.

2055 4358 2090 4399 a
2118 4338 2391 4400 Patribus
2445 4338 2805 4401 insinuatum
2859 4348 2947 4401 est
2976 4340 3046 4401 ad
3079 4341 3439 4401 refellendos
3469 4360 3571 4402 eos
3600 4342 3702 4422 qui

322 4432 420 4512 ἄρα
463 4434 798 4501 ἐπινενόηται
843 4434 1094 4512 πρότερον
1137 4434 1273 4488 κατὰ
1314 4439 1419 4489 τῶν
1474 4433 1721 4512 Πατὲρων
1774 4435 1961 4489 ἑναπο·

2059 4430 2113 4490 in
2164 4427 2376 4490 Filium
2430 4426 2943 4509 blasphemabant,
2995 4429 3118 4508 pari
3175 4429 3352 4490 modo
3386 4431 3481 4492 hic
3539 4438 3599 4492 et
3627 4449 3704 4493 ea:

321 4527 572 4599 τείνεται,
606 4522 662 4579 οἵ
705 4525 766 4579 τὸ
821 4524 946 4580 αὒτὸ
989 4523 1076 4577 καὶ
1124 4523 1200 4597 μὴ
1252 4520 1382 4577 ἄλλο
1430 4525 1512 4595 τὸ,
1563 4546 1584 4576 «
1624 4523 1713 4579 Ἐγ
1746 4530 1838 4578 τοῦ
1870 4529 1961 4577 [Ια-

2060 4515 2214 4577 Ιν“ἱΙίυ
2251 4524 2308 4575 et
2333 4533 2444 4593 per
2477 4515 2720 4585 Filium,
2751 4517 2824 4578 ad
2858 4536 3061 4578 eorum
3096 4519 3510 4598 loquacitatem
3546 4539 3700 4581 com-

321 4616 440 4690 ’πρὸς
499 4612 859 4688 ἐκπορεύεται,
894 4630 920 4668 ι
957 4612 1043 4666 καὶ
1075 4612 1155 4687 τὸ,
1205 4638 1222 4664 ι
1265 4611 1362 4668 Ἐκ
1388 4617 1482 4668 τοῦ
1517 4611 1646 4685 ἐμοῦ
1674 4611 1961 4686 λήψεται,η

2060 4604 2441 4685 pescendam.
2474 4605 2571 4685 qui
2595 4603 3012 4685 blasphemant
3038 4608 3096 4668 in
3121 4606 3404 4688 Spiritum
3429 4624 3698 4670 sanctum

320 4703 455 4758 κατὰ
532 4699 763 4760 διάνοιαν
849 4698 1241 4778 δογματῖζουῖι,
1323 4702 1408 4757 καὶ
1479 4699 1577 4756 ὅσα
1648 4700 1745 4767 τῆς
1807 4699 1961 4766 αὒτῆς

2056 4695 2333 4755 traditum
2367 4701 2474 4755 est.
2502 4691 2611 4756 Ubi
2644 4713 2778 4755 vero
2804 4697 3036 4756 traditio
3068 4706 3176 4771 est,
3212 4716 3343 4778 quae
3372 4724 3397 4752 α
3432 4717 3505 4758 ex
3534 4702 3702 4760 Patre

319 4788 591 4868 θεολογίας
648 4789 893 4869 ἀνωτέρω
951 4792 1188 4867 καθαρῶς
1262 4786 1633 4870 διειλήφαμεν,
1692 4791 1780 4846 καὶ
1842 4788 1961 4866 ὑπὲρ

2058 4783 2184 4845 solo
2224 4807 2245 4837 η
2284 4801 2498 4843 recens
2528 4782 2587 4842 in
2619 4783 2972 4862 theologiam
3006 4786 3339 4848 introducta
3371 4787 3702 4849 decernat?

322 4883 492 4936 αὐτῶν
546 4882 710 4953 ἡμεῖς
754 4879 805 4944 ἐξ
836 4879 1004 4938 αὖτῶν
1034 4880 1168 4934 κατὰ
1222 4879 1282 4935 τὸ
1314 4880 1440 4934 -ἐνὸν
1502 4877 1967 4956 ἀπολελογιζμεθλ,

325 4968 506 5032 αὐτοῖς
576 4968 869 5044 ἀρκούμεθα
929 4968 1131 5032 τούτοις

2055 4879 2267 4935 Annon
2323 4871 2433 4932 ista
2482 4870 2678 4952 potius
2736 4883 2826 4937 est
2868 4875 3151 4936 adversus
3208 4875 3440 4937 divinos
3469 4884 3703 4938 nostros

1141 5015 1155 5047 ,
1220 4969 1307 5023 καὶ
1363 4969 1406 5022 εἰ
1450 4968 1695 5044 μυριάκις
1745 4967 1961 5032 ἐπινοη-

2055 4962 2331 5021 doctores
2353 4979 2422 5022 ex
2444 4960 2697 5023 adverso
2728 4961 3036 5024 instructio
3058 4963 3083 5027 ?
3110 4963 3224 5028 Sed
3248 4966 3318 5027 ad
3346 4968 3458 5027 hoc
3482 4967 3699 5044 ipsum,

325 5057 464 5110 θεῖεν
497 5055 670 5133 μυρία,
708 5055 760 5121 ἐξ
791 5059 961 5115 αὒτῶν
992 5059 1018 5113 6
1050 5056 1315 5133 ἀπόλογος
1347 5056 1544 5119 ἔσεται,

2056 5050 2201 5111 nihil
2253 5068 2466 5129 nempe
2495 5074 2516 5106 υ
2547 5070 2615 5111 ex
2652 5051 2797 5114 Filio
2824 5078 2847 5111 η
2904 5055 3129 5115 dictum
3183 5055 3580 5135 theologicum
3649 5055 3699 5116 si

326 5143 679 5204 amandetur
707 5144 906 5205 damni
937 5144 1157 5205 inferre
1190 5146 1400 5207 eodem
1434 5145 1752 5216 clamante,
1800 5143 1933 5204 aliis
1982 5161 2119 5205 vero
2166 5139 2435 5218 ejusdem
2478 5140 2654 5201 sortis
2699 5142 3041 5205 hominibus
3085 5144 3420 5207 dicentibus
3467 5153 3702 5206 coactos

327 5240 562 5294 sanctos
593 5232 694 5294 illa
726 5233 1158 5314 pronuntiasse,
1192 5235 1262 5295 ad
1306 5234 1666 5295 refellendas
1690 5234 1971 5305 haereses,
2008 5232 2156 5301 inec,
2207 5229 2474 5306 inquam,
2512 5229 2886 5311 negligenda,
2925 5252 3033 5294 nec
3061 5233 3176 5294 illis
3215 5234 3476 5295 animum
3512 5235 3701 5313 ﬁgen-

327 5322 465 5383 dum
500 5340 657 5402 esse,
694 5329 894 5382 nostra
922 5313 1183 5385 secunda
1207 5324 1492 5404 Apologia
1522 5342 1629 5384 suo
1660 5322 1881 5384 dictata
1913 5330 2202 5401 tempore,
2239 5325 2297 5379 et
2339 5316 2460 5379 alio
2510 5337 2746 5399 quoque
2797 5322 2990 5401 capite
3041 5341 3198 5384 nunc
3246 5323 3407 5385 illius
3460 5313 3709 5403 negleco'

332 5420 444 5492 tus,
474 5410 907 5488 etimprobatio
939 5430 1140 5473 earum
1191 5414 1483 5475 lueresum
1529 5431 1659 5493 qum
1700 5430 1808 5492 per
1857 5413 2044 5491 ipsam
2094 5406 2529 5488 improbantur,
2579 5411 2915 5471 necessario
2969 5411 3213 5473 omnino
3262 5412 3700 5477 innovationem

327 5520 482 5580 esse,
515 5509 573 5563 et
595 5501 830 5578 plenam
864 5500 1350 5574 declarationem,
1385 5502 1683 5582 quomodo
1722 5519 1854 5561 cum
1891 5499 2155 5560 veritatis
2185 5496 2549 5576 simplicitati
2581 5500 2923 5579 concordet,
2961 5521 3077 5563 non
3122 5503 3401 5565 omnibus
3432 5503 3698 5565 innotes-

326 5589 457 5653 cit?
485 5590 573 5653 Ad
606 5591 1003 5668 compositum
1035 5610 1175 5652 vero
1208 5601 1267 5653 et
1296 5594 1415 5654 (luo
1443 5592 1781 5671 principia,
1815 5608 1942 5671 quae
1973 5589 2112 5651 huic
2142 5604 2378 5668 quoque
2423 5585 2603 5667 capiti
2652 5588 2937 5669 implicat,
2999 5600 3057 5653 et
3097 5600 3324 5654 servata
3365 5594 3521 5657 serie
3571 5613 3702 5674 quae

325 5680 404 5742 ait
445 5706 466 5737 (ί
504 5680 817 5742 innumera
847 5682 1131 5762 consequi
1159 5681 1441 5755 absurda,
1491 5708 1510 5735 ιλ
1552 5698 1662 5743 nec
1692 5680 1796 5742 illa
1821 5684 2270 5753 commemoret,
2306 5694 2437 5737 cum
2484 5678 2765 5741 adversus
2810 5680 3013 5746 Patres
3044 5682 3100 5743 in
3155 5702 3302 5765 quos
3351 5694 3523 5747 antea
3552 5704 3699 5749 con-
