4184 6300
505 322 663 387 1315
1785 318 2103 384 GEORGII
2144 314 2616 381 METOCHITE
2715 369 2718 372 .
3749 321 3914 385 1316

508 459 775 522 trahebat
803 478 1004 523 rerum
1037 459 1301 522 omnium
1329 464 1678 525 creatorem,
1716 473 1893 537 quem
1918 451 2128 534 magni-

2212 454 2326 509 ,τὸν
2372 452 2590 520 κτίστην
2648 455 2738 510 τὸν
2804 456 3071 532 ἁπάντων,
3151 458 3207 512 ὃν
3288 456 3674 535 μεγαλύνομεν,
3712 482 3735 511 ι
3807 464 3907 517 Καὶ

508 548 752 610 ticamus
787 576 812 606 ι)
849 553 999 613 Sunt
1028 551 1153 611 hare
1184 547 1512 608 secundum
1552 546 1815 607 modum.
1848 540 2128 626 quiretri-

2235 539 2343 596 ’ἐστι
2398 548 2561 598 ταῦτα
2616 543 2753 599 κατᾶ
2808 545 2899 599 τὸν
2941 542 3267 619 καλούμενον
3297 546 3493 623 τρόπον
3536 551 3635 613 τῆς
3680 542 3903 601 ἀντιδό-

506 635 765 700 butionis
795 648 1033 700 Vocatur
1060 655 1073 699 :
1110 660 1129 691 α
1168 636 1275 698 Hic
1309 638 1468 698 Deus
1493 653 1707 696 recens
1737 637 2028 696 est.l’ater
2054 633 2171 693 hic‘

507 728 724 788 saecula
752 727 972 787 creavit
998 727 1047 799 5,
1105 755 1125 781 ιι
1192 743 1323 785 cum
1355 732 1597 804 propter
1627 741 1916 785 summam
1942 722 2002 782 in
2042 722 2151 800 hy-

505 816 722 890 postisi
760 834 892 876 cum
927 834 992 876 re
1024 822 1262 894 accepta
1285 813 1743 893 unionem,qute
1773 810 2152 873 humanitatis

503 912 640 962 sunt
670 903 745 963 de
776 902 992 964 deitate
1023 911 1466 977 asseruntur,et
1503 902 1632 963 vice
1654 901 1934 964 versa.Ea
1956 908 2149 961 tamen

502 990 912 1069 intelliguntur
940 1002 1114 1071 atque
1147 989 1520 1070 accipiuntur
1553 998 1950 1069 congruenter
1980 998 2145 1068 apte-

501 1098 616 1158 que
646 1079 705 1140 in
738 1090 989 1160 utraque
1026 1080 1153 1140 Filii
1189 1089 1416 1142 natura.
1477 1078 1602 1151 Quo
1663 1081 1860 1160 itaque
1917 1078 2056 1156 agit,
2095 1081 2154 1138 et

499 1186 615 1248 quo
650 1168 901 1229 traducit
956 1187 1157 1230 vocam
1216 1170 1528 1238 Dominus,
1567 1170 1647 1229 uti
1682 1168 2146 1249 propositionem

500 1256 892 1318 universalem
929 1258 1237 1337 proferens
1289 1276 1403 1318 non
1457 1258 1573 1319 dici
1626 1257 1701 1317 de
1759 1257 2147 1327 humani'ate,

503 1351 777 1425 tanquam
833 1364 963 1426 qua:
1023 1346 1226 1407 deitati
1270 1346 1507 1427 propria
1556 1345 1673 1409 sit?
1724 1346 2001 1417 Audiant,
2051 1345 2148 1423 qui

506 1433 777 1495 eamdem
801 1444 976 1516 atque
1002 1435 1102 1495 ille
1124 1436 1477 1495 sententiam
1497 1441 1827 1515 sequuntur
1841 1443 1898 1494 et
1922 1444 2145 1506 tenent,

500 1523 783 1583 unionem
812 1532 871 1583 et
902 1525 1246 1584 missionem
1283 1524 1339 1583 in
1361 1531 1481 1600 jam
1516 1523 1768 1584 adducto
1803 1524 2147 1604 prophetco

497 1609 657 1672 dicto
690 1620 996 1674 contentas
1057 1611 1310 1685 Domini,
1362 1624 1423 1673 et
1469 1632 1501 1672 a
1550 1612 1769 1692 Spiritu
1816 1612 2143 1674 secundum

2233 650 2368 692 σεως
2403 645 2418 659 ’
2459 650 2488 689 (
2551 631 2715 696 Οὗτος
2774 634 2802 688 6
2857 635 2988 697 Θεὸς
3054 635 3352 714 φρόσφατός
3409 635 3547 694 ἐστι.
3608 637 3774 693 Τοῦτο
3837 637 3900 691 τὸ

2232 716 2438 776 παιδίον
2481 720 2601 782 τοὺς
2648 723 2841 786 αἰῶνας
2901 723 3142 792 ἐποίησε,
3184 742 3214 782 α
3259 720 3343 779 διὰ
3372 724 3468 791 τὴν
3511 721 3629 796 καθ’
3658 725 3898 779 ὑπόστα-

2233 828 2314 861 σιν
2373 807 2536 886 ἄκραν
2566 807 2750 867 ἕνωσιν
2809 817 2904 867 τοῦ
2934 809 3355 891 προσλήμματος
3404 818 3512 869 τῶν
3553 818 3650 880 τῆς
3684 812 3899 890 ἀνθρω-

2232 894 2466 963 πότητος
2525 898 2611 954 ἐπὶ
2667 904 2762 966 τῆς
2806 900 3055 967 θεότητος
3099 899 3423 978 λεγομένων,
3476 904 3564 958 καὶ
3601 903 3661 957 τὸ
3692 901 3901 960 ἀνάπα-

2231 982 2337 1064 λιν,
2396 985 2538 1055 πλὴν
2582 987 2879 1063 νοουμένων
2936 1010 2993 1045 τε
3032 991 3121 1046 καὶ
3174 987 3591 1066 λαμϐανομένων
3651 990 3705 1047 ἐν
3757 990 3899 1047 ἐκα-

2230 1072 2355 1152 τέρᾳ
2397 1073 2547 1152 φύσει
2589 1081 2657 1152 τῇ
2714 1084 2806 1133 τοῦ
2864 1081 2983 1135 Tim”)
3041 1077 3394 1149 καταλλήλως
3433 1081 3521 1136 καὶ
3582 1085 3893 1158 προσφυῶς.

2233 1164 2341 1217 Ποῦ
2404 1164 2572 1219 τοίνυν
2630 1164 2913 1243 ἀπάγεται,
2973 1168 3061 1224 καὶ
3110 1172 3189 1234 πῆ
3255 1167 3465 1245 φέρεται
3530 1169 3630 1236 τὴν
3702 1169 3896 1247 Κύριος

2232 1251 2414 1330 φωνὴν
2445 1250 2670 1310 καθόλου
2726 1255 2981 1333 πρότασιν
3029 1259 3057 1312 6
3112 1257 3533 1337 ἀποφαινόμενος
3591 1258 3670 1333 μὴ
3725 1255 3893 1334 λέεε·

2231 1342 2348 1396 σθαι
2400 1342 2537 1397 κατὰ
2587 1344 2648 1398 τὸ
2678 1344 3027 1425 ἀνθρώπινον⁷
3061 1347 3134 1409 ὡς
3163 1351 3230 1422 τῇ
3286 1348 3498 1413 θεότητι
3541 1347 3833 1425 προσήκειν
3871 1364 3887 1421 ;

2233 1426 2564 1512 ἓυνιέτωσαν
2619 1434 2667 1487 οἱ
2726 1436 3071 1490 συνθιασῶται
3128 1435 3313 1490 τούτου
3363 1440 3451 1491 καὶ
3481 1435 3886 1512 ὁμογνώμονες.

2235 1504 2367 1574 εὈτι
2402 1515 2457 1573 δὲ
2514 1520 2693 1598 χρίσις
2747 1519 2844 1576 κεῖ
2902 1520 3179 1589 ἀποστολὴ
3220 1528 3290 1599 τῇ
3322 1504 3633 1599 προτεθείση
3664 1504 3887 1601 προφη-

2229 1604 2351 1680 τικῇ
2430 1606 2582 1683 ῥήσει
2665 1610 3046 1688 περιεχόμεναι
3122 1616 3214 1667 τού
3301 1612 3488 1690 Κυρίου
3565 1612 3707 1689 παρὰ
3789 1616 3888 1667 τοῦ

495 1719 730 1762 carnem
784 1702 1215 1780 pronuntiatas,
1276 1720 1471 1782 neque
1529 1702 1585 1763 id
1637 1708 1885 1783 tantum,
1940 1702 2041 1761 sed
2075 1721 2128 1762 ei

2228 1695 2533 1771 Πνεύματος
2595 1696 2767 1753 Θέσεσι
2823 1698 3014 1763 λέξεων
3073 1700 3209 1755 κατὰ
3283 1701 3382 1766 τὴν
3438 1708 3607 1779 σάρκα
3669 1722 3887 1779 quomo-

494 1788 751 1851 Douiino
797 1809 1031 1871 quoque
1080 1791 1379 1852 (lationem
1414 1799 1471 1851 et
1506 1792 1850 1852 missionem
1888 1791 2144 1870 Spiritus

494 1879 823 1940 secundum
859 1880 1224 1940 divinitatem
1249 1880 1670 1959 intelligendas
1690 1899 1842 1954 esse,
1870 1900 2138 1959 magnam

492 1966 776 2029 Ecclesia:
809 1967 1099 2038 tubam,et
1117 1970 1313 2048 magni
1346 1969 1607 2029 nominis
1638 1969 1938 2031 doctorem
1959 1970 2135 2030 .\tha-

488 2058 725 2118 nasium
760 2059 1153 2137 comprobare
1185 2058 1375 2138 prima
1404 2058 1684 2119 adversus
1717 2058 1970 2119 Arianos
2001 2078 2137 2120 ora-

488 2147 651 2207 tione
709 2146 929 2207 similia
982 2146 1315 2208 tradentem
1356 2168 1369 2180 ο
1412 2172 1433 2199 ι
1477 2146 1626 2218 Quid
1690 2149 1906 2208 mirum
1942 2146 2134 2220 fuerit,

485 2235 611 2297 sive
643 2235 871 2297 credito
905 2235 1222 2308 dilﬁcile,si
1246 2235 1646 2316 quiSpiritum
1672 2235 1909 2296 exhibet
1938 2235 2142 2297 Domi-

487 2343 620 2396 nus,
672 2324 902 2385 dicatur
959 2344 1113 2385 uunc
1144 2325 1271 2405 ipse
1302 2324 1526 2405 Spiritu
1564 2324 1814 2403 inungi?
1844 2343 1976 2385 cum
2000 2343 2136 2385 rur-

484 2430 584 2472 sus
617 2415 968 2474 necessitate
1020 2425 1288 2488 urgente,
1339 2431 1454 2472 non
1487 2413 1713 2491 aufugit
1744 2423 1986 2493 propter
2017 2413 2133 2473 hu-

487 2500 832 2561 manitatem
864 2519 1029 2561 suam
1064 2501 1267 2562 dicere
1298 2501 1685 2580 semetipsum
1743 2509 1801 2561 et
1844 2501 2131 2561 minorem

487 2585 712 2665 Spiritu
736 2587 765 2646 ?
795 2586 939 2649 Nam
975 2608 1108 2649 cum
1138 2587 1327 2650 Judaei
1372 2589 1665 2669 dicerent,
1698 2590 1889 2668 ipsum
1925 2589 1983 2650 in
2016 2592 2130 2651 Bc-

488 2674 734 2737 elzebub
770 2674 990 2754 ejicere
1016 2678 1641 2757 daeinoii:a,respondit
1668 2678 2128 2759 dixitque,post-

490 2784 664 2845 quam
702 2784 802 2825 eos
837 2766 1314 2845 hlasphemantes
1341 2767 1740 2844 reilarguisset
1782 2785 1799 2828 :
1832 2773 1902 2827 Si
1930 2785 2036 2847 ego
2069 2770 2131 2830 in

486 2853 722 2933 Spiritu
780 2855 888 2914 Dei
925 2856 1098 2933 ejicio
1146 2856 1447 2916 dwmmiiu
1480 2857 1530 2918 4.
1577 2854 1727 2916 Ecce
1773 2857 1932 2917 enim
1975 2877 2130 2919 nunc

483 2942 659 3003 dator
689 2942 942 3023 Spiritus
974 2944 1030 3003 in
1062 2944 1286 3024 Spiritu
1339 2945 1561 3024 ejicere
1610 2945 1899 3007 daemonia
1930 2948 2127 3011 tradit.

2225 1782 2422 1865 μένων,
2469 1786 2557 1842 καὶ
2610 1786 2669 1842 ού
2724 1794 2879 1844 τοῦτο
2929 1787 3113 1868 μόνον,
3158 1786 3279 1843 ἀλλ’
3323 1787 3403 1844 ὅτι
3453 1791 3552 1863 μὲν
3582 1788 3719 1846 οὕτω
3748 1796 3885 1845 ταύ-

2224 1894 2311 1946 τα,
2373 1872 2434 1929 ἐκ
2482 1872 2534 1930 δὲ
2596 1882 2689 1931 τοῦ
2722 1878 2908 1955 Κυρίου
2948 1875 3095 1942 δόσις
3138 1879 3228 1933 καὶ
3280 1876 3551 1945 ἀποστολὴ
3599 1885 3691 1934 τοῦ
3724 1879 3886 1933 Πνεύ-

2223 1983 2391 2035 ματος
2447 1964 2585 2019 κατὰ
2653 1964 2751 2031 τήν
2839 1965 3087 2040 θεότητα⁹
3146 1964 3374 2043 σάλπιγξ
3431 1970 3466 2037 ἡ
3511 1965 3722 2045 μεγάλη
3781 1966 3852 2033 τῆ

2225 2047 2543 2118 Ἐκκλησίας
2625 2055 2654 2109 6
2730 2052 3116 2135 μεγαλώνυμος
3211 2052 3520 2120 Ἀθανάσιος
3605 2057 3883 2135 παραστή-

2224 2158 2386 2212 σειεν,
2441 2139 2497 2194 ἐν
2528 2147 2605 2215 τῷ
2632 2143 2769 2197 κατὰ
2829 2132 3108 2218 Ἀρειανῶν
3169 2143 3364 2221 πρώτῳ
3418 2143 3562 2223 λόγῳ
3618 2132 3740 2199 ταδε
3800 2141 3881 2198 δι-

2223 2224 2370 2290 εξιών
2404 2243 2418 2257 ·
2490 2251 2519 2282 α
2576 2231 2636 2286 Τί
2689 2227 2745 2285 δὲ
2816 2232 3139 2311 θαυμαστὸν,
3196 2231 3231 2298 ἢ
3290 2233 3341 2286 τί
3394 2231 3635 2304 ἄπιστον,
3686 2232 3785 2286 ei?)
3819 2232 3877 2287 τὸ

2221 2320 2434 2392 Πνεῦμα
2491 2315 2659 2382 διδούς
2708 2319 2892 2398 Κύριος
2950 2318 3161 2397 λέγεται
3221 2327 3309 2376 νῦι
3381 2321 3538 2384 αὒτὸς
3596 2327 3671 2394 τῷ
3717 2321 3882 2375 [bank

2221 2426 2347 2478 ματι
2404 2406 2643 2483 χρίεσθαι
2683 2405 2834 2482 ;ὀ’που
2865 2429 2925 2467 πε
2974 2410 3159 2488 χρείας
3220 2408 3378 2467 πάλιν
3433 2409 3758 2475 ἀπαιτούσης
3813 2411 3874 2466 οὗ

2216 2497 2562 2570 παρῃτήσατο
2628 2493 2712 2551 διὰ
2766 2498 2828 2552 τὸ
2879 2496 3201 2575 ἀνθρώπινον
3263 2501 3421 2557 αὐτοῦ
3461 2501 3632 2554 εἰπεῖν
3688 2499 3870 2553 ἑαυτὸν

2378 2585 2391 2601 κ
2453 2585 2465 2605 ,
2778 2593 2800 2603 -
3495 2591 3505 2603 .
3610 2589 3625 2609 ,
3719 2585 3741 2602 π

2215 2583 2301 2637 καὶ
2376 2584 2627 2642 ελαττονα
2710 2608 2804 2642 του
2885 2588 3210 2663 Πνεύματος.
3279 2598 3396 2646 Των
3451 2611 3551 2667 γαρ
3630 2587 3870 2645 ιουοαίων

2217 2669 2481 2750 λεγόντων
2549 2674 2604 2729 ἐν
2657 2673 2971 2746 Βεελζεὸούλ
3030 2674 3302 2734 ἐκϐάλλειν
3362 2680 3517 2735 αὐτὸν
3559 2678 3625 2732 τὰ
3688 2674 3873 2751 δαιμό-

2217 2783 2323 2841 νια,
2371 2761 2624 2840 ἀπεκρίθη
2685 2767 2772 2820 καὶ
2829 2766 2984 2821 εἶπεν
3061 2768 3267 2842 αὐτοῖς,
3344 2769 3477 2842 μετὰ
3531 2768 3592 2822 τὸ
3660 2763 3867 2842 ἐλέγξαι

2216 2851 2404 2913 αὐτοὺς
2448 2850 2899 2933 βλασφημοῦντας
2929 2868 2944 2883 ⁶
2978 2926 2985 2931 ἱ
3022 2856 3077 2911 Ei
3142 2854 3253 2932 ἐγὼ
3306 2855 3360 2910 ἐν
3417 2856 3677 2928 Πνεύματι
3737 2860 3868 2909 Θεοῦ

2214 2935 2458 2995 ἐκϐάλλω
2514 2942 2579 2995 τὰ
2635 2940 2903 3016 δαιμόνια.
2966 2940 3096 2998 Ἰδοὺ
3155 2945 3256 3021 γὰρ
3313 2947 3341 3000 6
3416 2943 3507 2998 τοῦ
3558 2943 3866 3018 Πνεύματος

479 3029 604 3093 Hoc
634 3049 774 3092 vero
798 3035 1204 3093 tantummodo
1238 3032 1313 3094 ob
1337 3052 1575 3095 carnem
1609 3033 1832 3095 dictum
1867 3038 2127 3099 est.Cum

2212 3024 2371 3106 δοτὴρ
2415 3028 2469 3084 ἐν
2513 3030 2775 3106 Πνεύματι
2819 3038 2907 3086 νῦν
2952 3029 3231 3087 ἐκϐάλλειν
3272 3034 3338 3088 τὰ
3394 3030 3637 3108 δαιμόνια
3695 3030 3863 3109 λέγει.

481 3128 638 3182 enim
656 3124 909 3182 humana
933 3131 1138 3183 natura
1160 3122 1404 3183 minime
1429 3124 1580 3204 potis
1603 3124 1676 3185 sit
1700 3143 1767 3184 ex
1802 3124 1997 3203 seipsa
2016 3125 2127 3206 eji-

2216 3123 2380 3206 Τοῦτο
2423 3116 2477 3174 δὲ
2506 3122 2601 3176 οὐκ
2650 3118 2795 3175 ’ἐστιν
2827 3116 3001 3182 ἄλλως
3053 3122 3330 3201 εἰρημένον
3359 3121 3395 3189 ἢ
3455 3120 3541 3177 διὰ
3595 3120 3691 3187 τὴν
3738 3122 3865 3197 σάρ-

481 3228 619 3272 cere
652 3212 968 3284 daemonia,
1023 3212 1135 3272 nisi
1187 3213 1396 3273 virtute
1429 3195 1816 3274 'sanctissimi
1853 3195 2127 3293 Spiritus,

2214 3227 2304 3268 κα,
2357 3195 2447 3270 Ὠς
2490 3209 2590 3288 γὰρ
2638 3206 2734 3275 τῆς
2794 3195 3110 3288 ἀνθρώπων*
3138 3195 3342 3290 φύσεως
3392 3213 3488 3268 οὒκ
3529 3208 3689 3276 οὔσης
3739 3195 3861 3264 ἱκα-

476 3309 797 3380 propterea
830 3302 908 3361 uti
943 3303 1119 3361 homo
1148 3302 1404 3363 dicebat:
1440 3302 1514 3364 Si
1531 3323 1638 3379 ego
1662 3303 1723 3365 in
1749 3302 1994 3383 Spiritu
2025 3306 2128 3366 Dei

2212 3295 2309 3360 νῆς
2360 3295 2448 3373 ἀφ’
2507 3297 2698 3364 ἑαυτῆς
2751 3295 3027 3354 ἐκϐάλλειν
3070 3300 3134 3358 τὰ
3191 3296 3434 3374 δαιμόνια
3463 3301 3506 3354 εἰ
3537 3300 3615 3375 μὴ
3644 3296 3857 3371 δυνάμει

476 3390 657 3468 ρῙῘιτὶο
682 3391 986 3452 daemonia
1019 3389 1137 3451 Nec
1160 3393 1330 3452 aliter
1349 3391 1522 3451 etiam
1560 3390 1921 3470 inSpiritum
1951 3412 2122 3454 sanc-

475 3485 597 3538 tum
627 3477 1057 3558 blasphemiam
1089 3480 1456 3540 humanitate
1492 3482 1775 3559 majorem
1804 3501 1933 3542 esse
1966 3482 2124 3542 indi-

471 3584 613 3628 cans
632 3567 1261 3647 dicebatQuictmque
1283 3570 1517 3630 dixerit
1540 3571 1781 3630 verbum
1809 3573 1872 3632 in
1890 3571 2124 3633 Filium

467 3654 736 3718 hominis
751 3659 1622 3735 consequeturreim'ssioncmiiz
1642 3660 1846 3738 qualus
1861 3670 2023 3720 erant
2040 3662 2127 3724 di-

470 3743 921 3806 centeszNonne
943 3755 1025 3806 est
1043 3746 1139 3806 hic
1154 3744 1325 3823 fabri
1343 3745 1670 3827 ῥιὶιιδδῖιιυί
1694 3767 1779 3808 vei
1799 3768 1832 3807 o
1857 3749 1912 3808 in
1940 3751 2124 3830 Spiri-

470 3840 591 3894 tum
612 3843 877 3893 sanctum
895 3832 1576 3912 blasphemant,etVerbi
1599 3855 1776 3915 opera
1792 3837 2023 3900 diabolo
2037 3859 2126 3901 as-

472 3921 1066 3992 cribuut,inevitabili
1093 3941 1265 4001 poena
1290 3924 1717 3988 multabuntur.
1767 3926 1901 3987 llaec
1923 3928 2122 4009 itaque

475 4009 507 4074 J
537 4009 697 4070 .daeis
729 4011 1017 4072 Dominus
1039 4012 1120 4070 uti
1147 4012 1323 4071 homo
1357 4012 1614 4088 dicebat,
1645 4013 1963 4095 Discipulis
1986 4037 2121 4080 vero

475 4117 640 4159 suam
671 4098 1039 4159 divinitatem
1061 4118 1128 4160 ac
1145 4101 1607 4179 magnitudinem
1628 4106 1975 4185 Ostentlens,
2004 4127 2118 4169 non

464 4187 719 4267 amplius
739 4189 1124 4267 semetipsum
1149 4191 1435 4249 minorem
1452 4189 1811 4269 Spiritu,sed
1835 4197 2116 4273 majorem

465 4278 822 4356 etmqualem
841 4277 1493 4358 signiﬁcans,Spiritum
1509 4281 2115 4350 exhibebat.dicehat-

2210 3391 2302 3439 τοῦ
2377 3386 2633 3463 παναγίου
2705 3387 3033 3467 Πνεύματος,
3106 3387 3190 3443 διὰ
3244 3391 3395 3444 τοῦτο
3450 3390 3523 3452 ὡς
3584 3388 3857 3457 ἄνθρωπος

2210 3471 2389 3551 ἔλεγεν
2421 3493 2434 3506 ·
2520 3477 2579 3532 Εἰ
2659 3473 2713 3531 δὲ
2788 3476 2897 3554 ἐγὼ
2955 3478 3009 3533 έν
3091 3483 3353 3554 Πνευματι
3432 3480 3562 3534 Θεοῦ
3611 3476 3856 3533 ἐκὸάλλω

2206 3565 2272 3617 τὰ
2340 3560 2610 3639 δαιμόνια.
2673 3561 2890 3640 Ἀμέλει
2947 3567 3035 3623 καὶ
3103 3567 3200 3634 τὴν
3262 3569 3334 3630 εἰς
3390 3569 3452 3623 τὸ
3524 3573 3732 3642 Πνε·.μα
3792 3568 3857 3621 τὸ

2206 3651 2357 3728 ἃγιον
2429 3652 2813 3735 βλασφημίαν.
2851 3655 3065 3731 μείζονα
3142 3661 3240 3722 τῆς
3298 3656 3700 3735 ἆνθρωπότητος
3756 3676 3855 3722 ση-

2206 3741 2422 3821 μνίνων,
2484 3740 2664 3819 ἔλεγεν
2698 3758 2712 3773 ⁸
2777 3733 2884 3807 υΟς
2957 3743 3019 3799 ἂν
3076 3743 3209 3820 εἴπῃ
3266 3733 3424 3823 λόγον
3468 3747 3542 3809 εἰς
3597 3755 3687 3800 τον
3732 3746 3854 3799 Υἱὸν

2205 3838 2296 3885 του
2339 3830 2610 3908 ἀνθρώπου
2674 3830 2774 3896 ἕξει
2827 3831 3034 3911 ἄφεσιν,
3098 3834 3207 3889 οἷοι
3262 3833 3397 3901 ἦσαν
3454 3836 3502 3891 οἱ
3556 3833 3797 3911 λέγοντες
3830 3848 3846 3863 ’

2207 3919 2322 3997 οὔχ
2374 3918 2524 3983 οὗτος
2579 3922 2720 3977 ἐστιν
2801 3924 2829 3978 6
2889 3923 2984 3979 τοῦ
3025 3922 3270 3987 τέκτονος
3349 3924 3508 3998 υἷὸς;
3564 3926 3610 3978 οἱ
3664 3921 3719 3977 δὲ
3774 3923 3850 3984 εἷς

2204 4008 2263 4061 τὸ
2318 4008 2529 4083 Πνεῦμα
2560 4011 2619 4064 τὸ
2661 4008 2811 4088 ἆίγιον
2869 4009 3334 4090 βλασφημοῦντες,
3379 4013 3562 4069 καὶτὰ
3589 4018 3681 4067 τοῦ
3737 4012 3851 4067 Λό-

2203 4117 2298 4173 γου
2344 4097 2468 4174 ἔργα
2527 4102 2604 4172 τῷ
2660 4096 2891 4174 διαϐόλῳ
2947 4099 3320 4180 ἐπιγράφοντες
3403 4100 3630 4181 ἄφυκτον
3683 4122 3852 4176 τιμω-

2204 4186 2317 4263 ρίαν
2386 4185 2604 4250 ἕξουσιν,
2665 4196 2891 4246 Τοιαῦτα
2947 4190 3045 4265 μὲν
3128 4192 3217 4246 οὖν
3268 4203 3384 4254 τοῖς
3435 4188 3704 4252 Ἰουδαίοις
3773 4193 3851 4252 ὼς

2203 4270 2473 4351 ἄνθρωπος
2534 4275 2714 4356 ἔλεγεν
2786 4281 2814 4333 6
2875 4280 3083 4357 Κύριος,
3130 4289 3259 4343 Τοῖς
3302 4278 3356 4335 δὲ
3426 4284 3693 4356 μαθηταῖς
3748 4281 3849 4347 τὴν

463 4385 577 4447 que
603 4388 616 4423 :
639 4368 761 4445 Ego
782 4370 1014 4428 mittam
1029 4375 1097 4429 .et
1123 4367 1224 4428 ille
1243 4357 1337 4430 ine
1357 4369 1801 4452 gloriﬁcabit,et
1820 4390 2109 4453 quaecun-

2212 4365 2420 4431 Ιεότητα
2477 4368 2563 4422 καὶ
2619 4370 2719 4435 τὴν
2777 4372 3168 4447 μεγαλειότητα
3242 4369 3441 4433 δεικνύς
3503 4372 3709 4445 ἑαυτοῦ,
3765 4373 3850 4427 οὒ-

462 4471 578 4535 que
594 4456 1146 4533 audietloquetur'i.
1184 4484 1207 4516 ι
1238 4456 1307 4517 Et
1332 4459 1455 4519 hac
1478 4460 1718 4535 quidem
1743 4479 1987 4540 magnus
2019 4463 2114 4524 hic

464 4543 953 4631 orbismagister.
995 4543 1109 4605 Sed
1136 4553 1193 4604 et
1211 4562 1407 4606 rerum
1456 4550 1790 4609 caelestium
1827 4555 2113 4631 eloquens

461 4629 1383 4699 concionator,etindivisibilium
1400 4634 1703 4717 interpres
1718 4629 1955 4701 divinus
1968 4659 2113 4701 mar-

459 4729 548 4800 tyr
567 4720 897 4800 Dionysius,
927 4722 1068 4781 dum
1089 4722 1162 4781 de
1185 4722 1335 4782 sacri
1364 4730 1645 4802 unguenti
1682 4728 1956 4805 mysterio
1977 4747 2109 4789 ser-

458 4824 699 4870 monem
739 4809 935 4884 habet,
956 4811 1125 4889 cujus
1163 4811 1262 4871 illa
1309 4812 1616 4891 inscriptio
1638 4815 1868 4876 estzDe
1914 4815 2107 4880 Verbo

459 4895 585 4960 Deo
610 4908 668 4960 et
699 4898 965 4967 homine,
1003 4900 1247 4962 ediceus
1279 4901 1389 4962 hoc
1420 4902 1595 4963 modo
1627 4905 1921 4984 explanat:
1960 4909 2105 4967 .Ha-

459 4985 561 5049 bet
584 5005 718 5049 eum
741 4989 841 5069 qui
868 4988 1281 5070 suppeditatur
1308 4988 1383 5051 ab
1408 4990 1534 5072 ipso
1560 4992 2107 5076 divinissimusSpi—

456 5077 630 5151 ritus,
656 5095 760 5156 pro
780 5077 975 5152 nobis,
1012 5078 1094 5139 uti
1127 5078 1428 5140 hominem
1466 5080 1744 5163 addecet,
1782 5083 2106 5146 divmitatis

455 5164 730 5246 principe
760 5164 984 5247 Spiritu
1018 5167 1418 5230 sanctiﬁcatus
1448 5172 1749 5232 essentiali
1781 5173 2105 5234 divinitatis

454 5271 576 5314 suae
605 5263 756 5315 statu
786 5255 1100 5330 invariato,
1136 5255 1369 5319 Domini
1400 5259 1459 5319 in
1486 5259 1799 5321 humanam
1827 5269 2098 5323 naturam

455 5342 1109 5406 descensu.nEumdem
1144 5346 1281 5425 ungi
1312 5347 1634 5409 divinitatis
1665 5350 1935 5430 principe
1965 5352 2099 5431 Spi-

452 5432 596 5502 ritu,
640 5440 698 5492 et
726 5432 1110 5507 sanctiﬁcari,
1150 5443 1208 5497 et
1263 5435 1415 5496 mitti
1463 5448 1881 5516 congruenter,
1917 5449 1974 5500 et
2007 5441 2102 5504 hic

530 5590 563 5640 δ
591 5590 842 5653 Baruch.
870 5608 956 5668 ιιι,
983 5592 1078 5655 36.
1172 5594 1201 5642 4
1229 5595 1436 5658 Matth.
1470 5613 1577 5678 xu,
1611 5600 1709 5660 28.
1797 5601 1829 5650 5
1858 5598 2011 5665 lbid.
2044 5604 2145 5668 32.

2196 4451 2310 4509 κέτι
2365 4454 2621 4511 ἐλάττονα
2683 4458 2869 4513 ἑαυτὸν
2936 4467 3029 4515 τοῦ
3072 4461 3396 4535 Πνεύματος,
3442 4459 3577 4515 ἀλλὰ
3632 4461 3848 4534 μείζονα

2195 4544 2284 4598 καὶ
2313 4542 2430 4598 ἴσον
2465 4541 2591 4601 ὅντα
2633 4548 2934 4628 σημαίνων³
3008 4547 3172 4608 ἐδίδου
3223 4551 3320 4625 μὲν
3375 4552 3437 4606 τὸ
3493 4555 3703 4623 Πνεῦμα
3759 4551 3849 4604 καὶ

2198 4629 2378 4709 ἔλεγεν
2408 4647 2422 4662 ⁸
2504 4632 2648 4712 Ἐγὼ
2718 4634 3015 4707 ἀποστελῶ,
3114 4639 3363 4702 κάκεῖνος
3433 4637 3527 4714 ἐμὲ
3615 4637 3841 4709 δοξάσει,

2194 4723 2283 4777 καὶ
2340 4719 2438 4777 ὅσα
2509 4722 2724 4781 ἀκούσει
2809 4725 3059 4796 λαλήσει.
3094 4752 3122 4784 n
3199 4736 3373 4786 Ταῦτα
3422 4729 3520 4804 μὲν
3577 4731 3606 4784 6
3673 4729 3845 4805 μέγας

2192 4811 2340 4875 οὗτος
2391 4816 2489 4874 τῆς
2541 4814 2857 4890 οἱκουμένης
2901 4815 3235 4882 διδάσκαλος.
3289 4815 3455 4874 Ἀλλὰ
3510 4819 3597 4873 καὶ
3651 4819 3681 4872 6
3737 4824 3845 4871 τῶν

2192 4901 2443 4977 οὐρανίων
2504 4901 2804 4981 ἀγορητὴς,
2869 4908 2953 4962 καὶ
2989 4914 3093 4964 τῶν
3149 4906 3384 4963 ἀθεάτων
3441 4907 3719 4986 ὕφηγητὴς
3768 4908 3846 4962 ἱε-

2191 4988 2452 5069 ρομλρτυς
2526 4992 2794 5057 Διονύσιος
2851 4993 2905 5049 ἐν
2988 4994 3132 5075 λόγῳ
3194 5000 3353 5055 αὐτοῦ
3406 4996 3623 5064 τελετῆς
3680 4996 3845 5076 μύρου

2191 5081 2504 5158 μυστήριον,
2565 5083 2624 5135 οὗ
2707 5083 2742 5149 ἡ
2816 5082 3103 5165 ἐπιγραφὴ.
3185 5088 3309 5166 Περὶ
3366 5094 3458 5144 τοῦ
3508 5086 3842 5161 θεανθρώπου

2188 5172 2379 5251 Λόγου,
2440 5171 2698 5229 διδάσκων
2755 5174 2891 5232 οὕτω
2946 5175 3194 5256 διασαφεῖ
3226 5199 3240 5215 ·
3280 5199 3303 5230 σ
3339 5168 3511 5260 ’Ἔχει
3533 5181 3595 5235 τὸ
3622 5177 3842 5235 θειότα-

2186 5284 2276 5319 τον
2334 5268 2547 5337 Πνεῦμα
2613 5265 3014 5343 χορηγούμενον
3056 5264 3145 5322 ὑπ’
3218 5269 3374 5325 αυτοῦ
3429 5271 3523 5326 τοῦ
3576 5266 3641 5324 δι’
3693 5271 3841 5344 ἡμᾶς

2187 5350 2648 5431 ἀνθρωποπρεπῶς
2738 5360 2815 5427 τῷ
2870 5357 3143 5435 θεαρχικῷ
3232 5358 3497 5433 Πνεύματι
3568 5360 3843 5436 καθαγιαο

2185 5441 2419 5521 σθέντος,
2485 5439 2827 5517 ἁναλλοιώτῳ
2884 5448 2981 5510 τῆς
3032 5443 3313 5512 οὖσιώδους
3359 5449 3611 5514 θεότητος
3640 5452 3709 5524 τῇ
3740 5446 3842 5503 ἆν-

2218 5603 2268 5699 Ιθ
2295 5601 2500 5668 Matth.
2533 5616 2660 5677 xui,
2687 5603 2788 5671 55.
2876 5604 2905 5654 7
2931 5607 3103 5670 Joan.
3136 5622 3254 5686 XVI,
3289 5607 3392 5670 14.
