4184 6300
522 205 687 272 1328
1787 205 2101 272 GEORGII
2144 205 2206 266 M.

2290 204 2603 270 lOCHlT/E
3749 207 3913 274 1324

520 339 723 422 Itaque
751 338 901 402 duos
921 339 1177 403 dicimus
1200 356 1333 403 esse
1351 338 1533 402 Filios
1565 360 1581 414 ;
1613 359 1635 391 ι
1673 346 1797 401 tum
1822 338 2115 401 subinfe‘rt
2146 346 2206 399 :1

2290 345 2400 414 »τῷ
2452 344 2569 419 περὶ
2623 346 2727 398 τῶν
2780 338 2949 399 αὖτῶν
2980 351 3116 401 οῦτω
3158 346 3316 424 φησίν
3352 365 3365 379 ’
3403 366 3426 397 ι
3462 343 3612 403 Ἀλλ’
3656 345 3760 425 ipsi
3793 367 3900 418 τις,

538 454 559 484 ι
593 430 667 492 Et
695 429 993 510 quomodo
1021 429 1462 510 unigenitus?»
1525 435 1586 490 et
1641 447 1772 509 quae
1820 436 2172 509 sequuntur.

2290 429 2452 486 ibxoﬁv
2494 428 2581 487 δύο
2636 431 2809 510 φαμὲν
2867 433 3008 488 εἶναι
3078 435 3225 497 Υἱοῦς
3258 449 3272 463 ⁹
3338 460 3359 489 ε
3430 434 3554 491 εἶτα
3608 434 3847 514 επιφὲρει
3883 449 3900 462 ⁸

527 546 545 573 ι
581 519 861 580 Attamen
886 526 949 579 tu
971 518 1106 600 quis
1135 537 1225 593 es,
1260 518 1359 599 qui
1390 535 1459 578 ex
1509 519 1759 579 adverso
1792 515 2177 578 ratiocinaris

2290 519 2423 574 εΚαὶ
2476 522 2587 598 φῶς
2643 524 2987 603 μονογενήςς
3032 552 3056 584 ι
3113 525 3200 578 καὶ
3244 522 3433 602 ὶφεξῆς
3468 540 3481 552 ⁸
3538 552 3561 581 ι
3607 529 3811 580 Μενοῦν
3839 544 3903 600 γε

522 610 646 672 Deo
668 608 696 673 ἲ
716 610 984 690 Namque
1014 610 1067 671 si
1094 609 1311 673 Filium
1341 616 1531 680 vocat,
1557 610 1657 689 qui
1689 627 1757 669 ex
1807 608 1937 689 ipso
1970 625 2083 680 est,
2118 616 2180 671 et

2290 606 2318 660 ὺ
2362 608 2438 669 τίς
2481 608 2536 663 εἲ
2567 609 2594 663 ὁ
2623 608 3080 688 ἀντιλογιζόμενος
3109 615 3185 686 τῷ
3215 620 3331 687 Θεῷ
3360 634 3375 687 ς
3425 614 3481 669 Εἰ
3524 616 3623 692 γὰρ
3651 615 3743 669 τὸν
3775 614 3904 667 Υἱὸν

522 698 815 780 Spiritum
844 707 1114 760 sanctum
1142 697 1243 779 qui
1272 697 1346 759 ab
1396 706 1667 778 utroque.
1708 723 1731 754 ρ
1778 695 1888 758 Hic
1920 707 2171 779 uterque

2290 694 2414 751 αλεῒ
2443 698 2532 752 τὸν
2553 694 2603 761 εξ
2647 697 2822 770 αῦτοῦ,
2869 702 2931 754 τὸ
2986 696 3039 754 δὲ
3098 700 3250 778 ἅγιον
3287 708 3494 775 Πνεῦμα
3524 703 3586 757 τὸ
3618 701 3743 779 παρ’
3790 702 3903 775 ἂμ-

524 805 657 848 esse
676 786 920 868 quidem
941 804 1059 867 per
1078 787 1242 868 ponit
1268 785 1341 847 de
1358 785 1527 859 Filio,
1564 804 1670 867 per
1691 787 1902 849 Filium
1936 788 2167 859 dicens,

2294 785 2507 864 οτέρων.
2547 805 2569 835 I
2634 784 2881 843 Ἐνταῦθα
2952 787 3051 863 μὲν
3090 790 3353 867 ὶκατέρων
3413 792 3440 846 ὁ
3495 791 3590 866 μὲν
3659 791 3757 856 τὴν
3819 788 3909 844 διὰ

521 875 619 937 hic
643 878 719 937 ab
745 892 1062 955 usurpans,
1096 876 1174 937 ab
1197 883 1465 954 utroque.
1520 874 1590 937 Et
1646 894 1827 937 unum
1888 876 2172 956 idemque

2290 874 2453 940 ίθησιν
2514 872 2598 929 ἐπὶ
2651 882 2741 931 τοῦ
2785 879 2928 950 Υἱοῦ,
2973 875 3057 933 διὰ
3098 887 3189 934 τοῦ
3234 880 3354 937 Υἱοῦ
3406 876 3601 956 λέγων,
3634 878 3671 933 δ’
3706 877 3757 933 δὲ
3811 879 3908 944 τὴν

518 974 841 1025 connotare
872 963 1321 1044 praepositiones
1349 964 1424 1025 ab
1466 972 1523 1024 et
1551 981 1627 1026 ex
1676 982 1851 1025 nemo
1896 965 2056 1025 ullus
2086 975 2177 1028 est

2290 963 2396 1040 ταρὰ
2447 962 2681 1040 φάσκων,
2739 991 2760 1021 ι
2791 963 2916 1043 παρ’
2974 965 3307 1046 ἀμφοτέρων.
3361 991 3386 1021 ι
3424 970 3521 1025 Καὶ
3573 970 3647 1029 ὡς
3698 967 3751 1023 iv
3814 969 3909 1022 καὶ

524 1052 623 1133 qui
645 1052 1035 1116 dubitet.A|io
1058 1052 1233 1113 etiam
1270 1052 1398 1113 loco
1422 1070 1500 1114 ex
1529 1061 1583 1114 et
1605 1070 1736 1132 per,
1767 1062 2042 1132 tanquam
2076 1054 2175 1113 in-

523 1141 871 1202 differenter
899 1159 1067 1219 asque
1099 1141 1380 1221 polleant,
1432 1150 1681 1221 uterque
1719 1139 1793 1201 de
1826 1139 1975 1202 Filio
2006 1158 2175 1201 assu-

524 1230 656 1293 mit.
680 1228 751 1290 Et
779 1229 1257 1310 sapientissimus
1288 1228 1538 1309 Cyrillus
1571 1232 1693 1308 pari
1724 1229 1898 1289 modo
1933 1230 2173 1290 easdem

2257 1053 2319 1107 τὸ
2373 1051 2499 1107 αὐτὸ
2554 1054 2588 1119 ἡ
2647 1054 2788 1131 παρὰ
2838 1054 2925 1109 καὶ
2979 1056 3014 1121 ἡ
3085 1054 3167 1127 ix,
3232 1058 3260 1111 ὁ
3304 1053 3648 1135 ἂμφιὸάλλων
3709 1053 3907 1120 οὗδείς,

2260 1138 2559 1220 Ἀλλαχόσε
2606 1139 2660 1195 δὲ
2716 1144 2818 1209 τὴν
2873 1146 2933 1199 ix
2986 1145 3073 1198 καὶ
3121 1142 3205 1199 διὰ
3262 1144 3347 1200 ἐπὶ
3402 1152 3493 1201 τοῦ
3537 1147 3652 1201 Υἶοῦ
3696 1143 3915 1220 λαμὸὶο

2259 1251 2402 1286 νουσι
2444 1231 2533 1285 καὶ
2571 1228 2750 1308 ἄμφω,
2832 1233 2905 1295 ὡς
2963 1230 3372 1308 ἰσοδυναμούσας
3435 1232 3752 1312 ἀδιαφόρως.
3810 1236 3913 1290 Καὶ

525 1336 891 1398 componens
912 1319 970 1378 iu
986 1320 1111 1379 suis
1135 1319 1212 1379 de
1234 1316 1354 1379 Deo
1378 1319 1754 1378 sermonibus
1769 1317 2173 1379 adPalladium

2290 1316 2514 1396 ὶύριλλος
2568 1320 2595 1373 ὁ
2678 1319 3009 1397 σοφώτατός,
3089 1318 3254 1385 οὕτως
3314 1326 3473 1384 αὐτας
3536 1326 3792 1384 συντιθεὶς
3860 1324 3917 1376 iv

524 1406 604 1469 ita
628 1407 888 1486 explicat
908 1406 1245 1467 decernens
1279 1422 1293 1466 :
1323 1434 1344 1461 ι
1369 1404 1674 1467 Μυιιώιιίε
1697 1407 1856 1467 nullo
1882 1406 2057 1465 modo
2089 1412 2179 1464 est

2294 1419 2378 1470 οῖς
2450 1405 2717 1485 σφετέροις
2768 1409 2885 1486 περὶ
2916 1411 3049 1464 Θεοῦ
3091 1408 3291 1488 λόγοις,
3327 1411 3381 1466 iv
3426 1426 3543 1474 τοῖς
3588 1413 3719 1487 πρὸς
3767 1410 3918 1467 Παλ-

528 1493 782 1575 Spiritus
812 1506 1091 1574 sanctus;
1118 1494 1208 1555 vel
1234 1495 1285 1555 si
1308 1493 1618 1556 mutationi
1646 1493 1935 1555 obnoxius
1956 1502 2067 1566 est,
2104 1492 2178 1553 ad

2290 1494 2437 1551 ἀδιον
2489 1493 2626 1550 οὕτω
2682 1494 2929 1575 διασαφεῖ
2984 1496 3310 1575 δογματίζων
3345 1519 3357 1531 ·
3419 1524 3447 1555 ι
3478 1503 3711 1579 Τρεπτὸο
3740 1500 3803 1556 οῦ
3834 1507 3920 1560 τοί

527 1584 715 1663 ipsam
737 1583 829 1643 dii
848 1583 1005 1644 inam
1025 1592 1298 1645 naturam
1322 1583 1669 1663 vituperatio
1694 1590 1986 1655 recurret,
2014 1580 2064 1642 si
2092 1588 2181 1642 est
2202 1613 2206 1665 γ

2290 1606 2362 1639 που
2416 1586 2478 1640 τὸ
2534 1590 2744 1659 Πνεῦμα
2796 1588 2937 1641 εστὶν
2972 1604 2988 1621 θ
3033 1587 3069 1654 ἢ
3127 1588 3281 1667 cirer
3325 1591 3383 1645 τὸ
3430 1590 3705 1654 τρέπεσθαι
3758 1603 3921 1646 νοσεῖ

527 1672 635 1735 Dei
667 1681 725 1731 et
747 1672 1199 1744 Patris,necnon
1221 1680 1279 1731 et
1308 1670 1435 1732 Filii
1461 1671 1859 1732 essentialiter
1880 1689 1950 1731 ex
1971 1669 2174 1757 ambo-

2290 1696 2321 1728 π
2364 1674 2544 1745 αὐτὴν,
2607 1676 2635 1729 ὁ
2703 1679 2891 1750 μῶμος
2963 1672 3340 1752 ἇναδραμεῖται
3380 1678 3479 1745 τὴν
3533 1679 3673 1734 θείαν
3728 1680 3912 1757 φύσιν,

528 1758 666 1839 bus,
700 1778 769 1819 ex
796 1763 963 1820 Patre
986 1778 1200 1838 nempe
1232 1776 1338 1839 per
1364 1759 1577 1820 Filium
1621 1759 1893 1837 profusus
1920 1756 2175 1837 Spiritus

2290 1761 2412 1839 ἵπερ
2466 1761 2573 1819 ἐστὶ
2632 1769 2722 1818 τοῦ
2796 1770 2927 1821 Θεοῦ
2987 1766 3073 1820 καὶ
3118 1768 3322 1843 Πατρὸς
3380 1768 3467 1822 καὶ
3525 1768 3632 1842 μὴν
3686 1756 3776 1823 καὶ
3823 1756 3925 1827 τοῦ

528 1860 790 1909 sanctus.
827 1869 848 1897 ο
886 1844 1023 1908 Hzec
1056 1848 1227 1927 plane
1252 1845 1434 1906 divini
1480 1846 1744 1907 veritatis
1772 1854 2176 1926 propugnato-

2290 1851 2383 1907 ’ίοῦ
2435 1852 2495 1906 τὸ
2554 1849 2605 1914 ἐξ
2649 1851 2849 1926 ἀμφοῖν
2907 1850 3191 1925 οὖσιωδεῦς,
3248 1852 3411 1931 ἤγουν
3466 1856 3527 1910 ὲκ
3583 1857 3791 1933 Πατρὸς
3858 1856 3912 1911 δι

528 1954 649 2009 res,
685 1935 760 1997 de
789 1937 1043 1997 naturali
1073 1948 1134 1999 et
1158 1937 1523 2015 sempiterno
1557 1936 1866 2017 utriusque
1909 1950 2181 2015 perSunae

2290 1943 2393 1996 Γὶοῦ
2446 1939 2808 2019 προχεόμενον
2867 1939 3015 2017 ἂγιον
3090 1947 3323 2017 Πιεῦμα,
3380 1967 3406 1997 ι
3452 1951 3679 2001 Τοιαῦτα
3720 1944 3823 2019 μὲν
3874 1947 3926 2000 οἱ

532 2042 868 2105 progressu,
892 2043 1217 2106 eorumque
1236 2024 1852 2086 consubstantialitate
1876 2033 1934 2085 et
1953 2040 2181 2084 conua-

532 2116 829 2178 turalitate
856 2117 1027 2195 longe
1059 2116 1257 2178 missis
1280 2114 1549 2177 erroneis
1587 2135 1795 2178 vocum
1832 2112 2186 2176 novitatibus

538 2205 815 2268 edocent.

618 2387 675 2443 ‘7.
711 2382 783 2444 Et
827 2401 1073 2463 prorsus
1108 2383 1157 2443 si
1189 2383 1413 2455 dicant,
1445 2382 1545 2463 qui
1591 2390 1795 2443 contra
1850 2400 1981 2443 sese
2009 2383 2189 2445 etiam

539 2471 887 2533 clarissimis
909 2472 1567 2551 opponunt,dictionem
1581 2471 1853 2551 procedit
1869 2471 2048 2533 alium
2083 2490 2191 2532 ex-

540 2558 827 2621 sistentiaa
852 2561 1091 2620 modum
1128 2560 1510 2622 denotantem
1556 2559 1629 2621 ab
1655 2578 1749 2638 eo,
1774 2578 1947 2641 quem
1976 2560 2196 2622 indicat

540 2649 880 2728 generatio,
915 2648 1142 2710 similes
1158 2667 1363 2709 vocum
1391 2648 1680 2708 novitates
1710 2648 2037 2727 repellere,
2066 2666 2197 2709 cer-

543 2735 857 2797 titudinem
916 2736 1077 2797 enim
1110 2737 1265 2799 dicta
1304 2736 1494 2816 magis
1536 2736 1870 2816 acquirent,
1930 2756 2046 2799 non
2078 2737 2191 2799 de-

545 2829 796 2885 struent.
833 2821 978 2884 Cum
1008 2823 1507 2896 diviniloquorum
1540 2824 1779 2885 traditio
1809 2824 1908 2896 sit,
1938 2834 2058 2885 tum
2085 2844 2193 2887 ex-

544 2910 760 2992 positio
793 2911 977 2985 illius,
1004 2910 1217 2973 Filium
1241 2912 1585 2976 immediate
1606 2932 1672 2975 ex
1698 2914 1874 2975 Patre
1907 2932 2063 2980 esse.
2091 2931 2198 2993 per

548 3000 767 3060 Filium
791 3017 928 3060 vero
951 2997 1234 3079 Spiritum
1258 3010 1555 3075 sanctum,
1583 3010 1642 3063 et
1661 3001 1735 3061 ab
1763 3010 2018 3082 utroque
2037 3020 2195 3075 esse,

2262 2020 2357 2087 τῆς
2409 2017 2652 2085 ἀληθείας
2698 2020 2983 2098 προήγοροι
3037 2024 3172 2078 θεῖοι
3234 2023 3457 2101 Πατὲρε,
3511 2024 3627 2102 περὶ
3678 2017 3776 2091 τῆς
3811 2047 3923 2103 φυς-

2268 2107 2422 2175 σικῆς
2480 2107 2791 2186 ἀμφοτέρων
2865 2110 3163 2185 προσώπων
3268 2109 3437 2169 ἀϊδίου
3505 2109 3749 2189 προόδου,
3831 2113 3927 2168 καὶ

2266 2202 2366 2263 τῆς
2446 2196 2590 2276 σφῶν
2674 2198 3080 2271 ὁμοουσιότητος
3152 2200 3240 2255 καὶ
3293 2201 3559 2279 συμφυΐας
3620 2222 3924 2276 μυσταγω-

2270 2292 2443 2367 γοῦσι,
2488 2283 2579 2345 τΞις
2611 2283 2923 2363 ἐπισφαλεῖς
2953 2288 3302 2366 καινοφωνίας
3330 2288 3773 2367 ἀποτρεπόμενοι,

2351 2363 2422 2445 ζ’.
2472 2374 2567 2430 Καὶ
2598 2374 2641 2428 εί
2672 2372 2881 2437 παντως
2926 2363 3131 2446 ἐροῦσιν*
3168 2378 3217 2431 οἱ
3266 2378 3353 2432 καὶ
3396 2363 3514 2438 toi;
3542 2374 3713 2455 ἄκρως
3744 2398 3924 2433 κατα-

2273 2462 2485 2543 φανέσιν
2544 2460 2861 2540 ἆντίῤῥοποι,
2936 2464 3007 2526 ὡς
3084 2465 3112 2530 ἓ,
3166 2465 3501 2543 ὶκπορεύεται
3559 2464 3697 2530 λέξις
3755 2465 3923 2521 ἄλλον

2272 2551 2466 2631 τρόπον
2546 2551 2811 2629 ὑπάρξεως
2868 2549 3095 2617 δηλοῦτα
3169 2555 3310 2631 παρὰ
3373 2555 3471 2620 τὴν
3540 2555 3785 2633 γέννησιν
3857 2557 3926 2611 τὰ

2275 2642 2447 2697 τοιαδε
2504 2642 2608 2695 τῶν
2664 2643 3151 2719 καινοφωνημάτων
3216 2642 3649 2717 ἀποσκευάζεται,
3714 2644 3927 2699 πιστώ-

2276 2752 2454 2787 σονται
2499 2730 2597 2806 γὰο
2641 2727 2716 2783 ἔτι
2766 2729 2831 2783 τα
2872 2726 3162 2806 λελεγμένα
3192 2729 3419 2806 μᾶλλον,
3478 2736 3572 2791 οῦκ
3600 2733 3929 2810 ἀναιρήσου-

2279 2842 2384 2877 σιν.
2449 2818 2597 2875 Ἐπεὶ
2640 2815 2951 2895 παραδόσεις
2994 2825 3098 2874 τῶν
3152 2820 3421 2899 θεηγόρων
3476 2821 3512 2888 ἢ
3553 2842 3609 2876 τε
3652 2820 3931 2900 διασαφη-

2280 2931 2359 2972 σις
2417 2909 2511 2964 τοῦ
2558 2908 2649 2962 τὸν
2694 2909 2813 2962 Υἱὸν
2869 2907 3081 2982 ἀμέσως
3124 2907 3183 2966 ix
3221 2913 3424 2985 Πατρὸς
3482 2912 3647 2985 εἶναι,
3694 2902 3772 2966 δι’
3812 2915 3935 2969 riui

2284 2997 2338 3054 δὲ
2388 2999 2449 3053 τὸ
2520 3003 2731 3071 Πνεῦμα
2781 2998 2842 3051 τὸ
2897 2997 3071 3075 ἅγιον,
3131 3000 3217 3055 καὶ
3284 3006 3376 3056 τοῦ
3434 2998 3558 3068 παρ’
3612 3000 3932 3079 ἀμφοτέρων

549 3091 725 3151 Patre
744 3106 961 3169 nempe
989 3097 1049 3149 et
1074 3089 1221 3152 Filio
1248 3089 1639 3164 I’aracletum,
1673 3098 1793 3151 tum
1817 3081 1974 3152 vocis
1990 3107 2201 3170 proce-

2290 3087 2429 3143 εἶναι
2476 3088 2679 3165 Πατρὸς
2734 3084 2793 3141 τί
2846 3086 2932 3141 καὶ
2988 3089 3109 3145 Υἱοῦ
3164 3088 3255 3143 τὸν
3311 3086 3687 3167 Παράκλητον,
3715 3090 3937 3155 καὶτῆς

551 3178 641 3242 dit
667 3178 913 3240 enuntia
942 3178 1020 3238 io.
1050 3180 1118 3241 Et
1144 3180 1252 3240 hac
1272 3180 1502 3240 ratione
1534 3181 1844 3261 expositus
1866 3181 2201 3242 divinarum

549 3267 940 3347 hvpostaseon
974 3285 1343 3347 progressus,
1401 3269 1829 3349 sempiternum
1889 3272 1949 3331 in
1982 3288 2047 3331 se
2068 3288 2205 3331 con-

550 3356 721 3435 tinet,
753 3365 811 3418 et
842 3374 1025 3437 super
1054 3374 1230 3417 omne
1258 3363 1512 3436 tempus,
1542 3376 1672 3437 qua;
1715 3376 1853 3419 vero
1884 3358 2205 3439 sempiter-

552 3463 688 3505 nam
714 3446 864 3505 hanc
884 3462 1009 3504 rem
1035 3445 1217 3505 dictio
1250 3453 1433 3511 notat.
1469 3452 1705 3523 tempus
1729 3447 2034 3527 importat,
2072 3458 2206 3508 tan-

554 3551 727 3614 quam
757 3550 889 3613 qua:
924 3533 1230 3612 positionis
1272 3532 1489 3594 vocalis
1545 3534 1871 3596 enuntiatio
1902 3536 2000 3607 sit,
2036 3553 2211 3615 prop-

556 3629 720 3683 terea
749 3621 850 3700 qui
874 3639 1004 3682 eam
1038 3629 1364 3700 posuerunt
1395 3621 1609 3683 deiferi
1669 3622 1730 3683 in
1779 3622 1977 3685 divina
2010 3625 2211 3702 gratia;

556 3710 886 3788 Scriptura,
918 3708 975 3768 in
1011 3709 1589 3787 theologicismtjam
1610 3709 1831 3772 dictum
1856 3720 1968 3782 est,
1997 3712 2213 3772 conﬁr-

558 3797 707 3859 mari
735 3796 1065 3867 studentes,
1085 3815 1502 3877 saepenumero
1523 3799 1765 3879 quidem
1790 3800 2116 3880 procedere
2136 3800 2211 3862 de

560 3890 757 3965 Patre,
790 3895 852 3945 ut
903 3883 1180 3945 traditum
1233 3896 1345 3959 est,
1379 3886 1440 3947 in
1492 3886 1691 3948 divino
1733 3888 2068 3966 evangelio,
2105 3907 2210 3968 po-

561 3984 731 4047 nunt,
764 3972 903 4034 licet
934 3971 1112 4034 etiam
1142 3972 1217 4034 de
1248 3972 1397 4035 Filio
1422 3978 1778 4056 quandoque
1802 3977 1913 4037 hoc
1936 3976 2118 4049 idem,
2150 3977 2213 4037 in

560 4062 776 4144 quibus
809 4062 1106 4142 reperitur
1137 4080 1243 4141 per
1279 4062 1519 4143 Filium,
1550 4066 1824 4126 crebrius
1852 4084 1908 4125 Vt
1929 4083 1995 4126 ro
2023 4066 2082 4125 in
2115 4065 2209 4127 di-

567 4150 889 4230 ctionibus,
930 4177 951 4207 ι
974 4169 1043 4211 ex
1075 4148 1288 4225 Filio,»
1324 4160 1406 4232 et,
1443 4170 1584 4232 «per
1606 4152 1870 4223 Filium.
1903 4172 1971 4215 ex
2003 4156 2214 4215 eadem

570 4259 741 4304 sacra
768 4243 1099 4321 Scriptura,
1123 4259 1305 4301 unum
1329 4240 1609 4321 idemque
1659 4242 2049 4321 signiﬁcatum
2082 4260 2216 4305 cum

567 4332 672 4394 illo
699 4330 1028 4408 procedere
1051 4330 1243 4410 palam
1277 4329 1551 4401 edocent,
1586 4339 1706 4392 tum
1728 4350 1796 4392 ex
1824 4331 1910 4398 iis,
1933 4329 2222 4411 cSpiritus

2284 3176 2620 3254 ὶκπορεύεται
2676 3174 2866 3241 λέξεως
2918 3177 2954 3243 ἡ
3013 3174 3333 3257 ἓκφώνησις.
3400 3180 3496 3234 Καὶ
3557 3178 3592 3245 ἡ
3651 3178 3749 3250 μὲν
3792 3174 3937 3233 οὕτω

2287 3264 2549 3343 διευκρινο-
2574 3264 2709 3339 μὲνη
2764 3263 2981 3343 πρόοδος
3038 3269 3145 3320 τῶν
3210 3269 3407 3321 θεῖκῶν
3459 3267 3800 3322 ὑποστάσεων
3872 3269 3937 3321 τὸ

2286 3354 2601 3433 προαιώνιον
2645 3351 2761 3432 ἕχει
2792 3355 2968 3410 καὶτὸ
3006 3354 3330 3433 ὑπέρχρονον
3362 3370 3376 3384 ⁸
3412 3356 3446 3422 ἡ
3476 3353 3531 3411 δέ
3573 3361 3670 3422 τῆς
3715 3353 3939 3414 ἀΐδιοι)-

2290 3444 2455 3518 μέντ,ς
2509 3440 2667 3510 τῆσδε
2712 3445 3015 3519 σημαντικὴ
3052 3442 3184 3509 λέξις
3238 3446 3299 3499 τὸ
3323 3442 3578 3523 ’ἐγχρονον
3606 3445 3937 3523 ἒπιφέρεται,

2288 3532 2483 3596 θέσεως
2540 3534 2612 3595 ὡς
2670 3533 2796 3587 οὖσα
2844 3537 3149 3611 φωνητικῆς
3180 3554 3439 3611 προφορα,
3473 3533 3554 3612 ἐφ’
3596 3536 3642 3607 ᾧ
3684 3536 3770 3588 καὶ
3815 3535 3945 3588 τιό-

2290 3643 2390 3687 την
2432 3624 2477 3677 οἱ
2531 3619 2743 3695 θέμενοι
2786 3621 3025 3699 θεοφόροι
3084 3627 3152 3697 τῇ
3196 3628 3292 3690 της
3347 3623 3568 3701 χάριτος
3597 3624 3710 3694 θείᾳ
3753 3627 3945 3701 Γραφῇ

2292 3709 2377 3765 ἰπὶ
2420 3713 2511 3787 τῇ,
2570 3710 2642 3770 ὡς
2716 3706 2917 3786 ἑῤῥέθη,
2988 3707 3231 3787 θεολογία
3280 3709 3519 3774 θέλοντες
3586 3708 3939 3787 ἐδραιοῦσθαι,

2293 3802 2504 3874 ουχνῶς
2548 3796 2646 3869 μὲν
2678 3798 2741 3852 τὸ
2772 3796 3139 3875 ἐκπορεύεσθαι
3195 3798 3431 3854 τιθέασιν
3470 3800 3556 3855 ἐπὶ
3597 3810 3689 3857 τοῦ
3735 3802 3944 3877 Πατρὸς

2292 3889 2365 3950 ὡς
2426 3892 2503 3955 τῷ
2543 3886 2663 3958 θείῴ
2720 3883 3122 3963 διηγορευμένον
3166 3886 3331 3951 οὕτως
3391 3886 3714 3967 Εὗαγγελίῳ,
3751 3889 3797 3944 εἷ
3854 3889 3944 3943 καὶ

2296 3976 2380 4032 ἐπὶ
2422 3982 2515 4031 τοῦ
2560 3977 2681 4032 Υἲοῦ
2722 3974 2881 4030 ἐνίοτε
2935 3978 2997 4029 τὸ
3026 3974 3176 4049 «ore,
3220 3976 3282 4032 ἄν
3333 3977 3423 4041 οἶς
3454 3976 3553 4056 ἄρα
3584 3980 3642 4033 τὸ
3671 3975 3739 4032 δι’
3795 3980 3943 4051 Υίοῦ,

2297 4061 2688 4134 πλεοναζόντως
2733 4060 2786 4117 δὲ
2828 4076 2946 4125 τοῖς
2984 4086 3005 4119 ι
3061 4062 3113 4128 ἕξ
3146 4067 3264 4121 ι’ἱοῦ
3300 4088 3323 4122 ι
3359 4085 3415 4121 τε
3444 4068 3531 4121 καὶ
3576 4086 3607 4126 ι
3639 4063 3707 4121 δι’
3752 4070 3877 4123 Ποῦ
3909 4088 3939 4120 ι

2298 4152 2501 4229 ῥήσεων
2552 4150 2612 4208 ix
2653 4156 2756 4207 τῶν
2812 4153 2909 4217 τῆς
2978 4152 3139 4218 αὒτης
3183 4154 3320 4231 ἱερᾶς
3380 4159 3592 4233 Γραφῆς
3633 4156 3733 4222 τὴν
3776 4157 3945 4222 αὐτὴν

2299 4243 2386 4296 καὶ
2446 4240 2567 4315 μίαν
2625 4242 2888 4315 σημασίαν
2942 4248 3018 4315 τῷ
3073 4241 3408 4320 ἐκπορεύεται
3465 4241 3792 4301 διδάσκουσιν
3840 4245 3945 4320 ip.-

2302 4334 2501 4407 φανῶς,
2564 4327 2621 4384 ἔκ
2668 4350 2723 4384 τε
2767 4334 2889 4401 τῆς,
2928 4352 2956 4383 α
2992 4335 3204 4401 Πνεῦμα
3250 4330 3515 4406 ἀληθείας,
3549 4338 3759 4409 Πνεῦμα
3800 4336 3946 4409 Υἱου,

569 4420 861 4489 veritatis,
900 4418 1157 4500 Spiritus
1179 4418 1339 4500 Filii,
1368 4418 1627 4499 Spiritus
1652 4419 1898 4501 Christi,
1933 4445 1959 4477 ι
1999 4438 2121 4481 tum
2153 4439 2206 4482 ei

2308 4418 2518 4493 Πνεῦμα
2576 4424 2819 4496 Χριστοῦ,
2851 4438 2878 4477 ι
2913 4419 2972 4475 ἐκ
3013 4440 3070 4475 τε
3126 4424 3248 4490 τῆς,
3290 4443 3314 4477 ι
3347 4420 3445 4478 ἐκ
3472 4424 3562 4478 τοῦ
3590 4422 3718 4497 ἐμοῦ
3762 4422 3943 4499 λήψε-

570 4509 687 4571 alio
714 4526 729 4571 :
769 4505 886 4568 «Ex
920 4526 1052 4568 meo
1081 4508 1391 4586 accipiet,-
1421 4516 1478 4568 et
1500 4508 1770 4589 reliquis,
1804 4527 1937 4570 cum
1963 4507 2077 4570 sint
2108 4508 2223 4590 ipsi

571 4596 873 4674 Evangelii
908 4604 1131 4675 mystas,
1159 4605 1217 4656 et
1250 4598 1591 4676 mystugogi,
1625 4606 1801 4677 atque
1826 4598 2217 4677 liieromystae,

570 4684 779 4766 Itaque
801 4703 1102 4745 sacrorum
1121 4684 1417 4765 interpres
1443 4683 1764 4764 Nyssenus,
1800 4685 1859 4746 in
1890 4687 2219 4749 orationem

575 4774 946 4836 Dominicam
982 4774 1254 4845 humilia,
1289 4774 1403 4836 ait:
1442 4772 1821 4853 -Unigenitus
1845 4775 2003 4835 enim
2036 4774 2223 4838 Filius

576 4883 645 4926 ex
680 4866 850 4926 Patre
871 4881 905 4924 a
935 4863 1131 4924 divina
1164 4863 1470 4944 Scriptura
1503 4875 1897 4945 nuncupatur,
1932 4883 2040 4925 nec.
2070 4865 2225 4928 ultra

577 4953 763 5016 oratio
794 4953 1213 5033 proprietatem
1263 4952 1425 5014 illius
1454 4954 1719 5014 extendit
1754 4973 1766 5015 :
1802 4952 2058 5034 Spiritus
2088 4972 2226 5015 vorro

578 5054 821 5104 sanctus
845 5051 902 5103 et
924 5061 992 5102 ex
1022 5040 1191 5102 Patre
1220 5040 1463 5115 dicitur,
1498 5051 1557 5104 et
1584 5061 1650 5103 ex
1685 5041 1835 5104 Filio
1866 5059 2001 5103 esse
2019 5042 2231 5102 astrui-

580 5132 935 5207 tur,-statim
954 5149 1067 5212 que
1083 5130 1138 5191 id
1160 5129 1881 5211 comprobans,subdit:Si
1900 5131 2230 5211 quisSpiri-

582 5230 708 5283 tum
737 5222 967 5282 Christi
994 5238 1115 5282 non
1146 5219 1351 5293 habet,
1373 5222 1585 5295 ait,hic
1604 5239 1727 5284 non
1752 5228 1836 5283 est
1857 5220 2231 5299 ejus8.lgitur

581 5311 841 5392 Spiritus
870 5312 971 5392 qui
1002 5331 1072 5373 ex
1106 5316 1225 5377 Deo
1272 5319 1385 5386 est,
1432 5321 1492 5375 et
1540 5314 1759 5377 Christi
1805 5314 2062 5394 Spiritus
2113 5322 2222 5378 est.

580 5401 766 5463 Filius
793 5419 929 5461 vero
954 5419 1021 5461 ex
1062 5400 1183 5462 Deo
1207 5401 1650 5478 exsistens,non
1675 5402 1894 5465 dicitur
1915 5420 2108 5481 neque
2139 5412 2226 5465 est

663 5582 695 5625 8
726 5575 871 5635 Rom
933 5595 1054 5658 vui,
1088 5582 1149 5644 9.

2302 4531 2412 4587 ται,
2447 4530 2469 4560 ι
2505 4508 2593 4564 καὶ
2622 4505 2846 4582 λοιπῶν,
2891 4508 3036 4564 αὒτοὶ
3078 4509 3169 4566 τοῦ
3213 4510 3554 4587 Εὗαγγελίου,
3601 4511 3815 4587 μῦσται,
3860 4515 3947 4569 καὶ

2304 4598 2662 4675 μυσταγωγοὶ,
2722 4599 2809 4653 καὶ
2862 4598 3161 4677 ίερομύσται
3219 4602 3595 4681 τυγχάνοντες.
3658 4610 3947 4681 Τοιγαροῦν

2304 4686 2331 4743 ὅ
2386 4688 2706 4767 ἱεροφάντωρ
2755 4687 2964 4769 Νύσσης
3032 4687 3088 4743 iv
3130 4694 3198 4765 τῇ
3253 4690 3325 4753 εἷς
3381 4692 3466 4766 τὸ,
3528 4692 3698 4769 Πᾶτερ
3765 4696 3943 4767 ἡμῶν.

2304 4774 2484 4852 ὁμιλίᾳ
2533 4776 2691 4855 φησίν
2723 4795 2737 4810 ·
2799 4798 2827 4831 ι
2876 4768 2934 4833 Ὀ
2978 4777 3076 4854 γὰρ
3116 4778 3407 4856 μονογενὴς
3462 4782 3579 4843 Υἱὸς
3608 4768 3677 4836 ἐκ
3712 4789 3807 4839 τοῦ
3835 4788 3949 4839 II:-

2304 4869 2423 4945 τρὸς
2468 4867 2611 4944 παρὰ
2644 4864 2742 4932 τῆς
2797 4865 2936 4925 θείας
3007 4871 3043 4920 Γ
3048 4872 3216 4945 ραφῆς
3273 4868 3610 4943 ὀνομάζεται,
3654 4872 3743 4926 καὶ
3788 4872 3949 4951 μέχρι

2305 4956 2489 5011 τούτου
2522 4956 2549 5010 ὁ
2582 4952 2740 5033 λόγος
2782 4953 2998 5020 ἵστησιν
3058 4957 3195 5028 αὖτῷ
3236 4957 3297 5011 τὸ
3353 4954 3541 5031 ἰδίωμα
3576 4973 3591 4987 ⁸
3624 4961 3687 5015 τὸ
3716 4957 3771 5015 δὲ
3801 4960 3954 5040 ἅγιον

2308 5048 2518 5117 Πνεῦμα
2561 5044 2648 5097 καὶ
2699 5041 2758 5097 ix
2812 5049 2902 5099 τοῦ
2944 5044 3147 5122 Πατρὸς
3189 5042 3422 5122 λέγεται,
3475 5046 3560 5101 καὶ
3604 5046 3664 5102 ἐκ
3704 5055 3802 5105 τοῦ
3840 5054 3961 5112 Υἱοῡ

2312 5133 2453 5189 εἶναι
2510 5132 2991 5211 προσμαρτυρεῖται
3027 5149 3039 5162 ·
3098 5156 3126 5188 ι
3172 5134 3262 5188 καί
3291 5135 3543 5210 παρευθύς
3574 5136 3761 5214 ὶπάγει
3792 5161 3959 5197 κατι.

2314 5222 2599 5299 σκευάζων,
2662 5222 2718 5278 Εἰ
2775 5223 2874 5300 γὰρ
2957 5244 3038 5285 τις
3115 5227 3326 5295 Πνεῦμα
3384 5230 3608 5301 Χριστοῦ
3661 5226 3758 5281 οὐκ
3812 5228 3959 5309 ἔχει,

2309 5313 2490 5392 φησὶν,
2574 5310 2722 5376 οὗτος
2807 5311 2902 5367 οὒκ
2972 5310 3114 5367 ἔστιν
3198 5313 3375 5371 αὐτοῦ.
3461 5312 3659 5371 Οὖκοῦν
3728 5317 3792 5372 τὸ
3863 5320 3963 5393 μὲν

2309 5404 2520 5476 Πνεῦμα
2578 5403 2640 5457 τὸ
2683 5402 2743 5459 ix
2799 5411 2890 5459 τοῦ
2934 5408 3066 5458 Θεοῦ
3105 5402 3192 5457 καὶ
3252 5407 3477 5478 Χριστοῦ
3524 5408 3737 5477 Πνεῦμα
3767 5404 3910 5462 ὶστιν
3946 5429 3962 5442 ·
