4206 6292
6 5465 22 5497 ν

5 5552 20 5584 r

6 5620 20 5672 ὓ

7 5728 16 5762 ι

375 356 534 436 1329
1397 353 1700 420 comm
1735 349 2009 428 annos

2092 349 2168 413 BM
2212 345 2694 424 CBETENSEM.
3573 349 3732 417 i330

369 491 647 552 κάντεῦθεν
696 490 768 552 .16
822 488 879 560 BE
923 491 1069 560 T106,
1129 487 1166 556 ἢ
1221 485 1290 544 δι’
1329 489 1448 544 Υἱοῦ
1489 485 1631 542 εἶναι
1684 485 1747 540 16
1803 483 2009 557 Πνεῦμα

2097 483 2384 555 majorem
2415 480 2767 560 accipient?
2824 481 3000 547 Certe
3051 488 3336 546 extremm
3363 480 3754 564 blasphemis

370 578 549 636 τέλεον
601 579 987 654 ἀπωθούμενοι.
1047 579 1106 635 El
1149 577 1228 650 μη
1267 577 1367 655 γὰρ
1412 575 1474 632 τὸ
1505 575 1826 631 ἀπωθετσθαι
1869 571 2024 628 6110')-

367 690 568 740 σονται,
601 667 719 724 καθ’
764 669 956 724 ὁποῖον
1000 665 1100 746 ἄρα
1132 671 1238 721 τῶν
1296 663 1701 739 σημαινομένων
1759 661 1851 719 τοῦ
1894 661 2014 735 μεί-

366 763 515 828 ζονος
570 757 697 814 1616
739 754 1025 830 λήψονται,
1087 753 1326 832 κρημνὸν
1385 753 1479 810 οὒκ
1529 750 1732 816 ἕξουσιν
1780 748 2017 816 ὶξαλύξαι

364 847 457 902 16v
510 845 606 913 τῆς
674 844 971 919 ἀκροτάτης
1029 839 1329 922 δυσφημίας
1405 837 1756 899 οῦδοπωσοῦν.
1832 838 2016 896 Καίτοι

364 937 602 1013 καθαρῶς
660 935 689 990 6
741 932 1055 1010 ἱερομύστης
1117 948 1146 987 ε
1180 931 1396 1004 μείζονα
1434 933 1527 984 τοῦ
1573 927 1876 1001 Πνεύματος
1924 927 2016 1013 τὸν

369 1012 548 1079 ιἰδνί»
583 1023 783 1103 φήσας,
827 1021 916 1076 καὶ
955 1021 1075 1076 ’ἰσον
1118 1017 1303 1097 εἴρηκε
1337 1015 1616 1103 παρευθύς.
1675 1015 1774 1074 Καὶ
1829 1012 2014 1103 ἐφεξῆς

366 1102 660 1188 ὶπήγαγεν,
707 1131 731 1167 ε
786 1105 987 1167 Ἐδίδου
1022 1110 1084 1164 τὺ
1125 1113 1361 1182 Πνεῦμα,
1407 1106 1494 1163 καὶ
1547 1102 1748 1183 ἔλεγεν,
1815 1127 1837 1159 ε
1875 1102 2017 1182 Ἐγὼ

367 1197 667 1272 ἀποστελῶ,
729 1221 757 1254 ι
826 1195 1212 1275 διαφανέστατα
1268 1193 1627 1273 παριστάνων,
1696 1191 1778 1249 ὅτι
1834 1191 2014 1269 ὥσπερ

364 1289 400 1356 ἡ
472 1285 754 1364 αὒτοσοφὲα
810 1285 901 1342 16v
971 1282 1176 1362 Πατέρα
1230 1285 1444 1358 μείζονα
1496 1281 1582 1337 καὶ
1637 1279 1758 1337 ἴσον
1829 1280 2013 1364 ἑαυτίῦ

367 1381 549 1455 σαφῶς
602 1359 1060 1451 ὶμυσταγώγησεν
1103 1359 1159 1427 iv
1203 1369 1542 1448 Εὖαγγελέοις
1607 1369 1793 1441 εἰπὼν,
1857 1388 1881 1423 ι
1951 1359 2008 1427 ⁴0

367 1465 551 1543 Πατὴρ
593 1485 694 1538 μου
749 1463 940 1538 μείζων
998 1461 1099 1536 μού
1163 1462 1300 1532 ἔστι,
1347 1479 1370 1510 ι
1421 1459 1508 1514 καὶ
1549 1456 1734 1529 πάλιν,
1792 1479 1819 1512 ι
1867 1457 2010 1536 Ἐγὼ

365 1555 452 1609 καὶ
496 1555 524 1608 6
579 1551 760 1628 Πατὴρ
802 1549 856 1606 ’ἐν
919 1548 1074 1624 ἔσμεν
1107 1564 1121 1580 ⁶
1183 1570 1207 1606 ι
1284 1549 1448 1610 οὓτως
1505 1544 1680 1603 ἐνθάδε
1723 1543 1892 1609 διδοὺς
1947 1547 2008 1602 τὸ

2102 567 2495 650 praecipitium
2527 571 2788 650 effugere
2818 570 2982 632 nullo
3018 571 3192 633 modo
3223 581 3528 653 poterunt.
3559 572 3632 635 Et
3663 579 3748 633 ta-

2103 675 2238 718 men
2268 657 2581 738 perspicue
2607 658 2964 738 hieromysta
3006 685 3033 716 ιι
3062 660 3353 740 majoaem
3380 660 3608 740 Spiritu
3639 660 3739 724 Fi-

2100 745 2820 827 liumulicensaquukm
2841 766 3121 830 perquam
3140 749 3340 810 subito
3363 747 3744 828 nuncupavit,

2101 841 2158 896 et
2181 835 2555 912 postmodum
2599 834 2929 915 subjunxit.
2970 862 2997 893 α
3029 835 3326 898 Tradebat
3371 834 3658 916 Spiritum
3690 845 3751 900 et

2098 921 2356 986 dicebat:
2379 923 2506 1002 Ego
2520 925 2778 995 mittam,
2791 925 3308 988 nmanife~tissime
3323 925 3744 998 comi-rebans,

2101 1011 2186 1073 uti
2209 1013 2338 1094 ipsa
2361 1011 2664 1092 Sapientia
2685 1012 2918 1076 Patrem
2947 1015 3234 1096 majorem
3257 1022 3316 1076 et
3343 1014 3630 1094 aequalem
3654 1015 3748 1076 sui

2097 1097 2288 1181 palam
2322 1102 2560 1164 edocuit
2586 1103 2644 1164 in
2676 1104 3015 1183 Evangeliis
3036 1105 3242 1166 dicens
3270 1123 3284 1164 :
3323 1127 3344 1155 ι
3375 1105 3548 1164 Pater
3579 1120 3747 1165 meus

2099 1191 2287 1270 major
2311 1209 2403 1252 me
2424 1200 2552 1272 est;
2579 1214 2610 1248 »
2655 1209 3018 1273 rursusque:
3052 1221 3073 1250 σ
3105 1191 3224 1270 Ego
3267 1199 3326 1253 et
3365 1190 3539 1253 Pater
3563 1208 3747 1254 unum

2092 1296 2324 1354 sumus,
2364 1302 2387 1335 ι
2419 1279 2499 1340 ita
2528 1291 2586 1342 et
2618 1280 2713 1342 hic
2751 1281 3037 1360 Spiritum
3071 1280 3384 1361 porrigens
3412 1279 3744 1342 secundum

2092 1366 2488 1442 divinitatem,
2525 1376 2580 1428 et
2615 1369 2856 1430 mittens
2902 1369 3190 1448 majorem
3243 1369 3343 1431 illo
3375 1377 3433 1430 et
3454 1367 3742 1449 aequalem

2090 1460 2484 1533 semetipsum
2540 1455 2712 1536 plane
2761 1456 3094 1519 enuntiavit
3127 1478 3142 1520 :
3177 1466 3236 1519 et
3265 1459 3346 1518 uti
3378 1457 3462 1518 ibi
3489 1457 3745 1538 aequale,

2090 1543 2168 1604 ita
2193 1549 2252 1604 et
2301 1543 2396 1605 hic
2429 1546 2758 1607 secundum
2819 1554 3048 1607 natura:
3099 1562 3204 1626 per
3260 1544 3462 1606 omnia
3517 1544 3740 1617 simile,

366 1648 578 1716 Πνεῦμα
619 1641 755 1697 κατα
795 1639 893 1708 τήν
955 1639 1184 1705 Θεότητα
1241 1637 1329 1693 καὶ
1389 1633 1754 1709 ἀποστέλλων,
1803 1635 2009 1708 μεὶζονα

2097 1632 2288 1710 majus
2309 1650 2444 1694 vt-ro
2466 1633 2793 1694 secundum
2818 1635 3265 1714 proprietatem,
3281 1633 3438 1714 quod
3467 1633 3652 1696 Filius
3673 1651 3746 1696 ex
3774 1677 3792 1685 -

363 1730 549 1788 τούτου
603 1729 690 1786 καὶ
731 1727 850 1784 ’ἴσον
881 1727 1062 1783 ἑαυτὸν
1120 1722 1381 1804 ἀριδιςλως
1442 1723 1674 1797 iniu-1v:
1706 1740 1722 1756 °
1783 1723 1871 1778 καὶ
1939 1723 2009 1784 ὡς

2098 1721 2276 1781 Patre
2307 1729 2418 1793 est,
2474 1739 2592 1782 non
2643 1729 2839 1784 autem
2895 1739 2964 1783 ex
3000 1721 3150 1785 Filio
3184 1724 3382 1785 Pater.
3411 1721 3550 1785 Haec
3581 1719 3742 1782 enim

366 1818 481 1874 εκεῖ
521 1819 582 1872 16
638 1815 778 1888 ἴσον,
842 1813 979 1871 οὕτω
1049 1813 1306 1869 κάνταῦθα
1361 1812 1496 1869 κατὰ
1537 1811 1598 1866 τὸ
1657 1809 1754 1878 τῆς
1809 1812 2009 1890 φύσεως

2099 1807 2433 1886 proprietas
2465 1817 2574 1886 est,
2600 1827 2715 1890 qua
2737 1828 2806 1870 ex
2837 1808 2986 1872 Filio
3019 1817 3078 1870 et
3110 1827 3218 1890 per
3241 1809 3454 1872 Filium
3488 1807 3745 1890 Spiritus

365 1902 797 1983 ἀπαράλλακτον,
850 1903 913 1958 16
964 1899 1019 1957 δὲ
1077 1907 1261 1976 μεῖζον
1313 1897 1432 1956 κατ’
1472 1896 1708 1966 ἰδιότητα
1751 1898 1874 1971 τὴν,
1935 1895 2009 1954 ὅτι

2096 1903 2208 1969 εει,
2247 1903 2308 1958 ει
2339 1915 2454 1958 non
2513 1898 2640 1959 vice
2687 1916 2878 1962 versa.
2910 1897 3080 1963 Unde
3111 1897 3316 1960 missio
3347 1897 3480 1961 Filii
3510 1917 3544 1960 a
3576 1901 3746 1960 Patre

367 2015 465 2070 περ
491 1995 555 2048 ix
581 1999 672 2050 106
702 1993 904 2070 Πατρδς
948 1992 977 2046 6
1032 1991 1178 2059 Υἱὸς,
1233 1987 1354 2044 ἀλλ’
1411 1989 1506 2044 οῦκ
1560 1987 1620 2044 ἐκ
1659 1987 1843 2044 τούτου
1897 1991 2009 2043 U1-

2094 2002 2214 2045 non
2245 2002 2313 2045 ex
2337 1984 2537 2065 seipsa
2571 1986 2772 2061 habet,
2800 2006 2992 2068 neque
3017 1987 3283 2050 ostendit
3312 1987 3740 2068 sempiternam

366 2081 490 2158 τὴρ,
546 2082 698 2138 τοῦτο
753 2081 853 2158 γὰρ
908 2075 1132 2148 ἰδιότης,
1188 2078 1276 2134 καὶ
1305 2076 1404 2144 τὴν
1435 2075 1516 2133 ὅτι
1546 2097 1644 2153 περ
1675 2075 1736 2132 εκ
1764 2082 1855 2132 τοῦ
1892 2076 2009 2134 Υἶοῠ

2093 2092 2166 2135 ex
2191 2077 2360 2134 Patre
2375 2074 2777 2137 exsistantiam
2829 2077 2988 2145 Filii,
3023 2095 3156 2139 cum
3182 2075 3241 2138 in
3275 2083 3545 2157 tempore
3575 2076 3652 2136 sit
3682 2082 3744 2137 et

367 2171 454 2225 καὶ
495 2167 579 2226 διὰ
630 2167 724 2225 τοῦ
792 2166 913 2224 ι’ῑοῦ
967 2167 1027 2222 16
1082 2171 1318 2244 Πνεῦμα,
1367 2165 1455 2221 καὶ
1484 2165 1607 2243 οῦχὶ
1635 2165 1697 2220 τὸ
1725 2161 2006 2219 ἀνάπαλιν.

2092 2161 2164 2222 ad
2199 2169 2523 2224 creaturas.
2558 2161 2655 2226 Uti
2679 2182 2814 2225 vero
2837 2164 3225 2245 consequitur
3245 2182 3374 2226 eam
3395 2182 3530 2245 quae
3550 2181 3736 2244 supra

368 2257 522 2317 ’Ὅθεν
579 2259 652 2320 ὡς
695 2253 971 2323 ἀποστολὴ
1025 2261 1116 2311 τοῦ
1188 2255 1308 2310 Υἷοῦ
1364 2254 1506 2332 παρὰ
1545 2259 1638 2308 τοῦ
1688 2252 1890 2330 Πατρὸς
1950 2250 2009 2307 οὗ

2093 2265 2274 2309 omne
2297 2256 2535 2328 tempus
2551 2259 2663 2324 est,
2689 2259 2747 2312 et
2765 2251 3094 2313 secundum
3115 2251 3256 2312 illud
3277 2269 3407 2314 eam
3433 2268 3566 2314 esse
3586 2249 3739 2312 indi-

369 2344 486 2403 καθ’
545 2345 708 2413 αὐτὴν
769 2343 972 2424 ἔχουσα
1031 2344 1094 2400 16
1154 2339 1346 2409 δηλοῦν
1395 2342 1494 2409 τὴν
1549 2341 1611 2397 ἐκ
1657 2342 1750 2398 τοῦ
1808 2340 2008 2418 Πατρὸς

2092 2334 2248 2397 cium
2270 2345 2382 2416 εει,
2416 2337 2711 2419 habetque
2749 2340 2907 2420 quod
2954 2338 3032 2400 sit
3053 2339 3364 2403 etdicatur
3392 2337 3526 2402 Filii
3555 2359 3591 2401 a
3621 2341 3737 2402 Pa-

366 2434 689 2513 ῦπέρχρονον
743 2431 958 2512 ὕπαρξιν
999 2437 1091 2488 τοῦ
1144 2433 1264 2490 Υἱοῦ
1290 2437 1396 2487 τῶν
1439 2429 1709 2509 ἆγχρόνων
1758 2429 1831 2492 ὡς
1882 2430 2008 2484 οὖσα

2092 2424 2312 2513 ιτε,εει1
2337 2442 2452 2513 ηοᾷη
2478 2425 2620 2488 item
2679 2428 2871 2490 Patris
2897 2444 2930 2490 a
2957 2427 3126 2491 Filio.
3156 2428 3281 2509 pari
3329 2427 3509 2490 modo
3530 2427 3736 2490 missio

367 2510 476 2579 καῖ
496 2510 626 2602 πρὸς
683 2522 782 2590 τὴν
821 2510 1010 2580 κτίσιν.
1049 2511 1136 2584 ’ος
1195 2517 1240 2575 δ’
1297 2518 1530 2594 ἔπομᾶνη
1572 2515 1696 2594 τῇδε
1751 2521 1820 2592 τῇ
1881 2515 2009 2594 ὑπὲρ

2092 2510 2346 2602 Spiritus
2358 2511 2544 2575 aFilio
2557 2516 2889 2576 secundum
2907 2515 3180 2577 eamdem
3195 2515 3738 2578 considerationem

366 2601 580 2690 χρόνον,
628 2611 716 2666 καὶ
769 2610 911 2688 παρὰ
965 2608 1116 2666 τοῦτο
1171 2608 1456 2686 τεκμήριον
1505 2607 1597 2662 161
1609 2611 1667 2671 ἧς
1717 2617 2004 2677 πεφυκυῖα,

2092 2601 2404 2690 agnita,est
2431 2603 2770 2684 diciturque
2797 2622 2832 2665 a
2861 2602 3038 2685 Filio,
3076 2613 3137 2667 at
3169 2623 3286 2666 non
3319 2604 3461 2666 item
3497 2622 3742 2685 prorsus

367 2689 484 2777 ἔχει
543 2698 639 2772 μὲν
695 2699 756 2754 16
803 2710 942 2753 εῖναι
984 2697 1072 2753 καὶ
1113 2695 1353 2773 λέγεσθαι
1396 2693 1488 2751 106
1559 2695 1680 2752 Υἰοῦ
1734 2695 1875 2772 παρὰ
1916 2699 2008 2750 τοῦ

2092 2689 2224 2752 Filii
2252 2709 2283 2749 a
2316 2691 2543 2770 Spiritu
2573 2693 2903 2755 secundum
2935 2693 3326 2754 divinitatem.
3351 2692 3426 2754 Et
3455 2692 3736 2756 eumdem

367 2787 592 2864 Πατρὸς,
635 2783 826 2852 ἥκιστα
869 2783 922 2841 δὲ
971 2786 1057 2840 καὶ
1112 2791 1201 2841 τοῦ
1233 2785 1434 2862 Πατρὸς
1479 2783 1620 2860 παρὰ
1675 2787 1766 2839 τοῦ
1831 2783 1954 2840 Υἱοῦ
1983 2798 2001 2817 ⁶

2092 2778 2483 2840 confessionis
2494 2779 2724 2858 apicem
2740 2780 3291 2859 Athanasium,haac
3313 2781 3393 2842 ita
3410 2799 3474 2843 se
3491 2782 3738 2862 habere,

367 2875 529 2939 οὕτως
570 2872 841 2940 ἀποστολὴ
886 2879 975 2928 τοῦ
1034 2873 1332 2947 Πνεύματος
1385 2871 1525 2946 παρά
1569 2875 1660 2925 τοῦ
1708 2871 1826 2927 Υἷοῦ
1873 2868 2007 2924 κατὰ

2092 2874 2149 2925 ει
2180 2868 2375 2943 maius
2407 2866 2490 2927 uti
2519 2867 2595 2927 de
2655 2871 2827 2930 Patre
2863 2876 2922 2930 et
2963 2868 3140 2936 Filio.
3193 2869 3274 2931 ita
3304 2878 3362 2931 et
3391 2870 3468 2929 de
3499 2871 3648 2933 Filio
3679 2879 3738 2933 et

366 2965 457 3020 τὸν
509 2962 662 3018 αυτὸν
729 2960 888 3040 λόγον
965 2959 1297 3039 θεωρουμὲνη
1372 2959 1484 3014 ’ἐστι
1539 2978 1596 3014 τε
1653 2959 1741 3014 καὶ
1795 2955 2004 3033 λέγεται

2092 2951 2311 3033 Spiritu
2367 2954 2695 3016 secundum
2749 2957 2874 3036 jam
2935 2957 3261 3038 expositam
3315 2956 3733 3036 proprietatem

365 3049 507 3130 παρὰ
548 3057 640 3107 τοῦ
692 3051 834 3128 Υἱοῦ,
879 3047 996 3105 ἀλλ’
1057 3047 1116 3104 οὗ
1171 3046 1340 3118 δήπου
1392 3053 1484 3103 106
1541 3044 2006 3148 l‘lo6n1011191111v

2093 3041 2458 3117 decrevisse,
2484 3052 2542 3104 et
2563 3062 2634 3104 ex
2665 3044 2777 3105 hoc
2806 3044 2964 3106 dicto
3015 3054 3074 3107 et
3109 3064 3176 3107 ex
3202 3045 3336 3107 aliis
3368 3045 3644 3125 plurimis
3674 3046 3736 3108 in

269 3137 273 3142 ’
367 3141 509 3218 παρὰ
538 3146 631 3196 τοῦ
681 3139 979 3213 Πνεῦματος
1034 3137 1170 3193 κατὰ
1215 3136 1314 3201 τὴν
1359 3135 1607 3200 θεότητα.
1662 3121 1739 3192 "0
1798 3154 1859 3210 γε
1902 3132 2009 3208 μὴν

2093 3132 2215 3191 suis
2245 3130 2463 3191 divinis
2491 3133 2944 3195 commentariis
2964 3133 3252 3215 inspersis
3281 3121 3595 3214 perspicue
3623 3153 3732 3215 ap-

369 3228 526 3292 αῦτὸς
583 3230 611 3283 6
679 3227 776 3294 τῆς
855 3225 1140 3303 ὁμολογίας
1229 3223 1472 3302 ἀκρέμων
1530 3221 1868 3301 Ἀθανᾶσιος,
1929 3219 2009 3303 ὅτι

2094 3228 2279 3297 paret,
2316 3238 2472 3282 nunc
2503 3239 2642 3282 vero
2673 3222 2867 3282 solum
2902 3241 2970 3283 ex
3002 3223 3074 3283 iis
3104 3241 3236 3303 qua:
3266 3223 3324 3284 in
3357 3222 3626 3302 epistolis
3654 3223 3726 3284 ad

367 3315 516 3373 ταῦθ’
558 3314 724 3378 οὕτως
761 3301 903 3394 ἔχει,
961 3301 1048 3370 καί
1103 3315 1164 3368 τὸ
1220 3301 1406 3388 μεῒζον
1448 3314 1520 3374 ὡς
1553 3310 1637 3367 ἐπὶ
1665 3312 1864 3388 Πατρὸς
1924 3301 2009 3367 καὶ

2093 3306 2478 3388 Serapionem
2537 3309 2849 3387 decernit;
2903 3301 3164 3391 namque
3211 3331 3346 3373 cum
3380 3301 3498 3373 illis
3530 3311 3731 3376 dicat:

369 3409 514 3479 Υἱοῦ,
560 3403 724 3468 οὕτως
769 3403 854 3460 ἐπὶ
902 3409 1022 3461 ι’ἱοῦ
1077 3404 1164 3458 καὶ
1238 3402 1538 3464 Πνεόματος
1603 3398 1719 3456 κατ’
1776 3397 2009 3466 ἰδιότητα

2100 3418 2123 3452 ι
2157 3395 2444 3458 Eumdem
2464 3397 2736 3460 ordinem
2761 3407 2818 3460 et
2839 3407 3105 3460 naturam
3137 3418 3270 3461 cum
3301 3399 3514 3462 habeat
3537 3400 3734 3481 Spiri-

365 3493 466 3559 τὴν
521 3491 905 3568 διειλημμένην
946 3489 1314 3568 ἰθεολόγησεν,
1345 3488 1404 3545 ἔκ
1451 3509 1510 3544 τε
1551 3488 1753 3566 ῥήσεως
1786 3487 2008 3560 ταύτης,

2095 3492 2190 3544 tus
2211 3503 2350 3564 erga
2371 3483 2796 3567 Filium,quam
2830 3487 3007 3549 habet
3035 3486 3218 3550 Filius
3249 3507 3386 3567 erga
3405 3490 3662 3557 Patrem,
3699 3513 3726 3543 ι

371 3583 460 3638 καὶ
521 3580 612 3661 ἀφ’
682 3584 756 3637 ὧν
813 3579 867 3636 iv
923 3578 1191 3644 πλείσταις
1247 3583 1402 3638 αῦτοῦ
1456 3576 1752 3655 θεηγορίαις
1821 3573 2009 3631 διασα-

2093 3573 2154 3634 in
2177 3573 2390 3636 iisdem
2406 3573 2618 3636 iterum
2647 3584 2901 3657 repetat:
2929 3575 3145 3648 sQuam
3169 3576 3327 3638 enim
3351 3576 3734 3655 agnoscimus

375 3682 491 3749 φεῖ,
523 3667 744 3725 δείκνυσι
773 3671 1037 3746 καθαρῶς,
1087 3675 1174 3725 νῦν
1203 3665 1258 3722 δὲ
1289 3667 1464 3740 μόναις
1523 3665 1575 3730 ἑξ
1615 3666 1690 3719 ὧν
1743 3685 1903 3744 φησιν
1957 3662 2009 3720 iv

2094 3661 2518 3749 proprietatem
2565 3663 2699 3726 Filii
2729 3681 2870 3740 erga
2900 3662 3157 3738 Patrem,
3201 3665 3470 3728 eamdem
3509 3664 3730 3727 habere

375 3746 685 3821 επιστολαϊς
741 3759 864 3821 ταῖς
921 3757 1050 3835 πρὸς
1082 3755 1388 3832 Σεραπίωνα
1429 3751 1757 3832 βεϐαιώσειε.
1789 3753 2009 3815 Ταύταις

2093 3746 2374 3828 Spiritum
2420 3769 2559 3828 erga
2604 3751 2818 3814 Filium
2850 3753 3240 3833 reperiemus.
3277 3772 3301 3806 ι
3335 3755 3684 3833 Rursusque
3718 3774 3731 3810 :

368 3847 467 3925 γὰρ
528 3846 777 3924 εἰρηκὼς,
855 3865 878 3902 α
938 3845 1196 3910 Τοιαύτην
1251 3840 1394 3909 τάξιν
1447 3844 1534 3900 καὶ
1603 3841 1752 3921 φύσιν
1795 3839 2009 3920 ἔχοντος

2099 3835 2328 3900 «Veluti
2360 3837 2420 3901 in
2457 3841 2696 3921 propria
2745 3842 3004 3920 imagine
3055 3851 3145 3902 est
3180 3840 3366 3904 Filius
3394 3842 3454 3902 in
3485 3839 3736 3917 Spiritu,

367 3941 461 3992 106
505 3935 804 4010 Πνεῦματος
849 3935 978 4012 πρὸς
1034 3935 1124 3989 τὸν
1192 3934 1334 4003 Υἱὸν,
1398 3932 1582 3988 ὁποίαν
1624 3932 1653 3986 6
1718 3932 1837 3994 Υἱὸς
1894 3927 2009 4009 ἔχει

2093 3943 2210 3986 non
2229 3927 2343 3990 alio
2361 3929 2538 3989 modo
2557 3938 2648 3992 est
2679 3931 2853 3994 Pater
2879 3930 2940 3992 in
2966 3929 3168 3992 Filio.»
3208 3932 3331 3994 Nec
3355 3938 3482 4011 post
3505 3931 3686 3992 multa
3717 3949 3731 3990 :

365 4023 495 4102 πρός
553 4025 637 4079 τὸν
699 4023 938 4102 Πατέρα,
1003 4044 1026 4078 ε
1084 4021 1138 4078 iv
1194 4021 1377 4080 αὒτατς
1463 4020 1604 4083 αὖθις
1667 4016 1955 4097 διαγορεύει
1991 4035 2004 4049 ⁵

2100 4035 2122 4071 ι
2159 4012 2355 4093 Imago
2386 4015 2520 4078 Fllli
2550 4018 2772 4080 dicitur
2829 4027 2886 4081 et
2942 4032 3035 4080 est
3064 4016 3362 4098 Spiritus;
3396 4037 3548 4098 quos
3573 4018 3735 4086 enim

375 4133 399 4165 ιι
437 4111 571 4168 Οῗαν
614 4112 715 4190 γὰρ
758 4110 991 4190 ἔγνωμεν
1060 4107 1297 4176 ἰδιότητα
1363 4118 1457 4168 106
1535 4111 1654 4165 Υἱοῦ
1717 4109 1849 4185 πρὸς
1917 4109 2009 4164 τὸν

2092 4104 2369 4190 cognovit
2399 4113 2458 4168 et
2489 4107 3037 4184 praedeterminavit
3093 4107 3433 4168 conformes
3461 4106 3736 4186 imaginis

370 4195 596 4278 Πατέρα,
632 4189 840 4265 ταύτην
883 4197 1030 4278 ἔχειν
1059 4199 1121 4254 16
1163 4199 1373 4272 Πνεῦμα
1414 4199 1543 4274 πρὸς
1587 4197 1676 4252 τὸν
1740 4195 1858 4251 Υὶὸν
1918 4199 2008 4254 εῦ-

2092 4189 2226 4251 Filii
2257 4192 2372 4253 sui.
2423 4217 2446 4247 ιι
2482 4193 2552 4254 Ει
2593 4195 2693 4274 qui
2750 4195 3033 4275 operibus
3065 4197 3304 4256 nomine
3332 4213 3451 4254 non
3483 4193 3738 4256 interior

365 4289 618 4364 ρήσομεν.
657 4310 680 4342 ι
750 4289 846 4345 Καὶ
886 4286 1046 4343 πάλιν
1080 4302 1094 4316 ⁸
1148 4305 1178 4343 ε
1227 4284 1433 4364 ’Ὥσπερ
1474 4285 1574 4363 γὰρ
1621 4283 1675 4338 iv
1722 4281 1823 4354 ἰδία
1850 4284 2009 4345 εἰκόνι

2093 4286 2183 4339 εει
2196 4278 2517 4358 Gregorius
2535 4280 3098 4361 Thaumaturgusﬁn
3117 4299 3241 4344 sua:
3259 4283 3610 4361 dogmaticaa
3629 4297 3731 4346 re-

362 4373 498 4432 i11‘tv
566 4377 594 4432 6
663 4377 784 4439 Υἱὸς
827 4375 882 4430 ὲν
939 4382 1016 4448 τῷ
1071 4374 1356 4453 Πνεύματι,
1400 4370 1536 4428 οὕτω
1565 4372 1653 4464 καὶ
1681 4373 1709 4427 6
1735 4376 1917 4464 Πατηρ
1953 4372 2009 4430 iv

2095 4367 2412 4464 velationis
2435 4369 2788 4464 initiation_e,
2817 4397 2846 4429 α
2880 4371 3309 4464 Ρερὶειωίιςο,
3337 4371 3440 4444 ait,
3456 4369 3664 4464 Filius.
3701 4396 3726 4464 ιι

362 4469 438 4536 τῷ
506 4467 630 4538 Υἱῷ.
689 4485 711 4520 ε
753 4465 848 4522 Καὶ
895 4463 1027 4538 μετᾶ
1059 4484 1175 4519 τινα
1211 4483 1226 4498 ·
1279 4483 1302 4517 ε
1353 4461 1520 4518 Εἰκὼν
1561 4458 1655 4518 τοῦ
1702 4461 1821 4515 Υἱοῦ
1848 4456 2007 4535 λέγε-

361 4541 468 4608 ται
507 4554 596 4608 καὶ
639 4551 748 4608 ἔστι
817 4553 878 4608 1‘0
933 4557 1170 4626 Πεῦμα.
1231 4550 1331 4615 Οὓς
1386 4550 1484 4628 γὰρ
1554 4547 1693 4625 ’ἔγνω
1750 4549 2009 4625 προώρισε

362 4640 701 4720 συμμόρφους
755 4645 854 4707 τῆς
913 4639 1108 4703 εἰκόνος
1165 4641 1258 4695 τοῦ
1315 4639 1436 4694 Υἰου
1511 4637 1687 4698 αὐτοῦ,
1739 4660 1764 4690 ιι
1831 4635 1928 4694 Καὶ
1980 4636 2008 4690 6

361 4735 687 4805 φερωνυμῶν
731 4727 790 4784 ἐκ
847 4732 952 4783 τῶν
1021 4727 1186 4805 ἔργων
1235 4727 1521 4804 Γρηγόριος
1577 4726 1607 4780 6
1662 4731 2008 4802 Θαυματουρ-

361 4817 455 4892 γὸς
510 4815 566 4872 iv
638 4822 706 4892 τῇ
784 4816 883 4884 τῆς
957 4819 1114 4874 αῦτοῦ
1197 4813 1523 4892 δογματικῑκ
1591 4809 2008 4887 Ἀποκαλύψεως

363 4903 579 4976 μυήσει,
630 4922 654 4959 ε
717 4912 820 4962 Τοῦ
875 4905 1072 4981 Πατρὸς
1132 4903 1308 4972 εἴκων,
1341 4923 1369 4960 ε
1423 4903 1602 4981 φησὶν,
1642 4925 1668 4956 α
1702 4901 1731 4957 ό
1795 4901 1938 4979 Υἱὸς,
1972 4919 2002 4958 ι

361 4991 446 5045 καὶ
491 4992 627 5065 μετά
667 4992 866 5071 βραχὺ,
917 5013 944 5045 α
981 4991 1148 5047 Εἰκὼν
1197 4993 1288 5048 τοῦ
1337 4993 1458 5048 Υἱοῦ
1498 4990 1560 5046 τὸ
1618 4995 1850 5063 Πνεῦμα,
1910 5008 2005 5044 τε-

363 5078 504 5137 λείου
561 5077 736 5136 τελεία
769 5095 784 5110 ’
825 5099 855 5137 ι
913 5080 1000 5135 καὶ
1054 5076 1332 5159 πολλαχοὺ
1372 5085 1525 5135 τοῦτο
1567 5082 1665 5144 τῆς
1691 5077 1831 5139 Θείας
1865 5082 1999 5155 Γρα-

359 5167 485 5242 φῆς,
525 5190 553 5221 ε
599 5174 692 5224 τοῦ
719 5169 923 5244 Πατρὸς
954 5169 982 5224 6
1021 5169 1162 5239 Υἱὸς,
1193 5169 1281 5223 καὶ
1321 5173 1414 5224 τοῦ
1452 5168 1572 5225 Υἱοῦ
1611 5167 1672 5221 16
1703 5171 1936 5239 Πνεῦμα,
1973 5187 2000 5219 ι

359 5257 445 5310 καὶ
474 5255 533 5310 06
563 5252 733 5324 δήπου
761 5263 853 5312 τοῦ
908 5257 1024 5314 ι’ῐοῦ
1080 5256 1233 5312 εἰκὼν
1290 5257 1319 5310 6
1376 5255 1581 5334 Πατὴρ,
1632 5251 1747 5310 οῦδὲ
1797 5274 1858 5331 γε
1913 5255 2008 5308 τοῦ

361 5343 666 5417 Πνεύματος
719 5345 748 5400 6
820 5344 958 5416 ι’ἱὸς,
991 5343 1079 5398 καὶ
1109 5344 1272 5398 ταῦτα
1314 5346 1420 5399 τὼν
1463 5347 1619 5421 τριῶν
1671 5342 1849 5405 οὗσίας
1910 5342 2003 5397 06-

361 5451 459 5497 σης
521 5437 647 5506 μιᾶς
685 5447 698 5462 ⁸
730 5432 899 5487 καίτοι
949 5432 993 5486 εἰ
1036 5429 1120 5487 διὰ
1161 5429 1358 5498 ταύτην
1402 5429 1614 5509 ἱλέγετο
1651 5426 1795 5504 τάδε,
1827 5430 2005 5488 καὶοῦ

359 5516 445 5574 διὰ
484 5519 585 5585 τὴν
641 5516 966 5596 λελεγμένην
1023 5515 1260 5587 ἰδιότητα
1329 5516 1550 5599 προόδου
1611 5519 1710 5584 τῆς
1753 5521 2000 5596 φυσικῆς,

365 5604 659 5687 ἀδιαφόρως
713 5604 776 5662 ἂν
830 5606 1045 5686 θατέρου
1085 5609 1298 5688 θάτερον
1325 5605 1590 5685 λᾶκαλεττο
1649 5606 1824 5680 εἰκὼν,
1885 5601 2006 5660 ἀλλ’

2077 4474 2203 4527 nec
2234 4449 2418 4518 multo
2444 4467 2613 4538 post:
2658 4488 2680 4518 ι
2713 4459 2910 4539 Imago
2967 4459 3100 4521 Filii
3159 4457 3432 4539 Spiritus,
3487 4458 3733 4539 perfecti

2093 4543 2375 4622 perfecta.
2412 4575 2434 4607 ι
2472 4545 2544 4608 Ει
2575 4547 2800 4629 passim
2849 4550 2910 4608 in
2942 4546 3162 4608 divinis
3215 4545 3455 4609 Litteris
3487 4546 3724 4626 legitur,

2097 4631 2322 4694 «Patris
2341 4633 2550 4709 Filius,
2583 4645 2642 4698 et
2667 4636 2798 4700 Filii
2821 4635 3098 4718 Spiritus,
3140 4662 3166 4696 ι
3195 4654 3307 4697 nec
3339 4635 3456 4696 ullo
3489 4635 3549 4698 in
3575 4635 3728 4712 loco,

2093 4720 2227 4783 Filii
2276 4723 2468 4800 imago
2519 4723 2690 4786 Pater
2714 4733 2822 4799 est,
2877 4743 3074 4806 neque
3109 4724 3365 4804 Spiritus
3401 4723 3555 4791 Filii.
3591 4725 3732 4787 licet

2091 4809 2301 4871 horum
2329 4819 2507 4873 trium
2534 4831 2651 4874 una
2675 4813 2938 4875 essentia
2966 4812 3066 4892 sit,
3095 4811 3364 4893 quamvis
3391 4811 3442 4872 si
3469 4813 3546 4874 ob
3578 4814 3731 4876 hanc

2091 4897 2199 4958 ista
2229 4897 2667 4962 afﬁrmarentur
2693 4910 2752 4960 et
2773 4921 2888 4963 non
2917 4901 2992 4962 ob
3004 4901 3130 4981 jam
3155 4901 3372 4962 dictam
3397 4902 3729 4982 proprieta-

2091 4992 2206 5045 tem
2231 4988 2512 5050 naturalis
2536 4990 3327 5070 progressuandilferenter
3355 4990 3606 5054 alterum
3637 4990 3730 5053 al-

2087 5073 2273 5135 terius
2295 5075 2486 5156 imago
2510 5088 2970 5160 nuncuparetur.
3005 5076 3430 5141 Verumtamen
3456 5079 3578 5140 haec
3610 5098 3730 5142 non

2087 5170 2246 5242 sunt,
2272 5181 2466 5245 neque
2491 5166 2794 5229 dicuntur.
2816 5168 3014 5246 imago
3033 5166 3194 5244 enim
3209 5167 3394 5231 Filius
3422 5176 3512 5229 est
3539 5166 3724 5242 illius,

2089 5267 2156 5310 ex
2191 5269 2305 5331 quo
2356 5263 2468 5330 est,
2531 5255 2722 5318 Patris
2768 5256 3066 5318 sententia
3107 5254 3384 5334 Gregorii
3435 5256 3497 5318 in
3544 5256 3729 5318 rebus

2087 5337 2434 5418 theologicis
2461 5344 2684 5424 magni.
2715 5343 2862 5409 Cum
2914 5344 3073 5406 enim
3103 5362 3281 5424 supra
3300 5362 3431 5407 eam
3463 5343 3726 5406 consub-

2086 5428 2359 5515 stantiale
2385 5433 2706 5515 posuisset,
2762 5433 2962 5502 statim
3016 5431 3375 5496 subintulit:
3417 5454 3439 5486 ο
3472 5431 3544 5494 Et
3567 5431 3726 5514 quod

2086 5514 2359 5579 hocinde
2381 5527 2494 5602 est,
2527 5541 2646 5584 non
2665 5522 2805 5584 item
2828 5541 2896 5584 ex
2939 5521 3056 5583 hoc
3075 5520 3312 5602 Pater,n
3347 5521 3535 5604 ipsam
3572 5521 3730 5582 inter

2089 5622 2154 5666 se
2184 5609 2630 5684 congruentiam
2655 5610 2962 5692 adaptatis,
2983 5629 3117 5676 cum
3149 5618 3208 5673 et
3229 5609 3731 5676 consubstantiale
