4184 6300
299 459 457 528 1333

1323 465 1621 534 CONTRA
1663 465 2098 533 MANUELEM
2140 465 2617 536 CRETENSEM.

3507 471 3660 541 1384

292 600 492 677 Πατρδς
547 596 614 658 δι’
685 600 802 662 Υίοῦ
856 601 1220 684 προχεόμενον
1289 601 1440 682 ἅγιον
1499 607 1733 678 Πνεῦμα.
1772 623 1797 660 0
1871 589 1929 659 Ὀ

2018 595 2078 659 [n
2111 607 2275 662 sexto
2309 599 2505 682 itaque
2555 600 2629 663 ad
2686 599 3016 684 Hermiam,
3050 601 3221 684 quasi
3245 600 3438 685 ipsum
3470 603 3663 669 inter-

291 689 446 753 αὐτὸς
531 687 838 768 θεοῤῥήμων
919 692 1012 747 σὺν
1080 689 1295 756 λοιποῖς
1383 697 1491 748 τῶν
1577 691 1934 770 θεοφορήτων,

295 800 323 834 σ
361 776 496 835 ἴδιον
552 780 754 855 Πατρὸς
795 781 857 836 τὸ
921 786 1132 854 Πνεῦμα
1163 799 1191 838 ι
1244 777 1501 854 διδάσκει,
1540 801 1561 833 ε
1597 777 1734 836 ’ίδιον
1797 781 1933 851 I‘i06,

270 864 427 922 “ῗδιον
481 866 710 946 ἀμφοῖν.
750 889 774 924 ι
836 865 926 934 Ἐν
979 877 1104 946 γοῦν
1165 866 1304 940 ἕκτῳ
1345 874 1450 926 τῶν
1504 868 1633 946 πρὸς
1692 857 1934 945 Ἐρμείαν

287 957 361 1018 ὡς
401 957 458 1012 iv
521 955 776 1034 ἐρωτήσει
833 959 965 1025 πρός
1021 957 1176 1014 αὐτὸν
1245 958 1337 1012 τὸν
1406 953 1566 1034 λόγον
1623 956 1933 1029 ποιούμενος

285 1042 522 1110 διέξεισιν
565 1045 754 1102 οὑτωσί
787 1059 802 1075 ⁸
857 1069 878 1101 ε
928 1045 1076 1110 Τίνος
1136 1041 1272 1101 ἴδιον
1301 1049 1484 1125 φῶμεν
1524 1045 1585 1106 τὸ
1616 1049 1825 1119 Πνεῦμα
1871 1044 1931 1100 τὸ

284 1131 434 1210 ἅγιον
493 1133 639 1189 εἶναι
673 1151 690 1212 ς
751 1134 948 1213 πὸτερα
977 1132 1043 1202 δὴ
1076 1135 1240 1209 μόνου
1267 1132 1361 1190 τοῦ
1389 1141 1520 1192 Θεοῦ
1559 1134 1646 1189 καὶ
1700 1133 1928 1211 Πατρὸς,

284 1221 320 1288 ἢ
375 1229 499 1299 γοῦν
553 1224 640 1280 καὶ
698 1231 790 1279 τοῦ
861 1225 1004 1296 Υἱοῦ,
1073 1221 1111 1290 ἢ
1167 1222 1254 1280 καὶ
1310 1221 1408 1277 ἀνὰ
1466 1220 1624 1297 μέρος
1679 1219 1930 1299 Ξκατέρου

286 1309 375 1366 καὶ
416 1310 642 1391 ἀμφοῖν,
687 1312 761 1376 ὡς
817 1309 872 1366 ἔν
926 1313 987 1366 hx
1043 1310 1243 1388 Πατρὸς
1275 1306 1343 1365 δι’
1376 1311 1494 1364 ι’ἱοῦ
1523 1307 1606 1364 διὰ
1648 1309 1744 1376 τὴν
1800 1328 1930 1366 ταυ-

285 1397 483 1464 τότητα
525 1399 622 1464 τῆς
654 1400 828 1462 οὐσίας
865 1417 884 1470 ;
921 1421 944 1457 ι
981 1400 1072 1456 'Bv
1127 1397 1417 1477 ἐρμενείαις
1455 1406 1549 1456 τοῦ
1589 1396 1726 1452 κατὰ.
1754 1394 1932 1453 Ἰωάνο

285 1508 383 1552 νην
415 1487 488 1549 είς
545 1488 607 1542 τὸ
656 1511 682 1541 ι
733 1493 946 1563 Πνεῦμα
992 1491 1092 1553 τῆς
1147 1484 1420 1557 ἀληθείας,
1486 1509 1512 1538 ιι
1563 1482 1699 1543 οῦτω
1739 1481 1928 1539 διασαο

283 1586 377 1652 φεῖ
410 1594 427 1612 ο
480 1598 508 1630 tt
541 1573 670 1634 ἰδοῦ
721 1577 841 1655 γὰρ,
895 1572 1004 1632 ἰδοῦ
1047 1579 1258 1650 Πνεῦμα
1309 1579 1408 1641 τῆς
1460 1572 1728 1646 ἀληθείας,
1771 1590 1930 1630 τουτ-

282 1661 419 1720 έστιν
478 1664 663 1722 ἑαυτοῦ
780 1666 869 1721 τὸν
961 1662 1308 1742 Παράκλητον
1396 1663 1583 1742 εἰπὼν,
1640 1661 1786 1718 πααὰ
1839 1655 1933 1716 τοῦ

281 1753 483 1828 Πκτρὸς
512 1751 668 1808 αὖτὸν
719 1740 1092 1823 ὶκπορεῦεσθαί
1143 1772 1326 1831 φησιν,
1390 1740 1606 1830 υΩσπερ
1673 1749 1773 1827 γὰρ
1821 1748 1930 1805 ἐστι

183 1845 186 1847 “
277 1842 491 1913 Πνεῦμα
534 1838 669 1898 ἴδιον
725 1842 816 1896 τοῦ
867 1843 1012 1914 Υἶοῦ,
1073 1846 1306 1920 φυσικῶς
1364 1839 1419 1896 ἐν
1471 1839 1614 1912 αῦτῷ
1652 1859 1709 1894 τε
1759 1836 1920 1915 ὑπάρ-

2019 696 2274 768 rogaret,
2309 690 2392 752 ita
2419 709 2759 752 sermonem
2817 691 3140 753 concinnat
3173 712 3187 752 :
3244 717 3270 748 ε
3305 691 3487 773 Cujus
3517 712 3660 774 pro-

2019 777 2213 854 prium
2252 777 2524 841 dicemus
2552 777 2842 860 Spiritum
2887 787 3155 841 sanctum
3189 797 3346 854 esse,
3395 780 3662 847 soliusne

2015 862 2124 926 Dei
2182 873 2240 927 et
2301 867 2512 943 Patris,
2559 863 2715 929 anne
2769 868 2946 929 etiam
3011 876 3070 929 et
3113 865 3272 941 Filii,
3305 868 3396 928 vel
3428 885 3664 950 separa-

2015 951 2123 1014 tim
2153 953 2482 1034 utriusque,
2541 963 2603 1017 et
2655 954 2994 1031 amborum,
3033 965 3313 1035 tanquam
3364 974 3550 1018 unum
3593 975 3666 1020 ex

2013 1042 2182 1104 Patre
2216 1060 2322 1117 per
2351 1042 2564 1104 Filium
2615 1053 2858 1123 propter
2907 1062 3092 1105 unum
3145 1042 3470 1105 essentia?
3505 1067 3536 1102 υ
3598 1047 3668 1110 In

2012 1128 2482 1205 expositionibus
2539 1132 2597 1192 in
2650 1129 3034 1210 Evangelium
3089 1129 3334 1194 Joannis
3365 1130 3426 1194 in
3459 1131 3604 1194 illud
3645 1151 3660 1197 :

2016 1238 2045 1271 α
2080 1215 2333 1304 Spiritus
2363 1217 2648 1293 veritatis,
2685 1245 2706 1273 ι
2739 1218 2820 1279 ita
2850 1219 3149 1300 explicat:
3191 1241 3216 1276 ιι
3271 1218 3425 1282 Ecce
3478 1221 3670 1304 enim,

2015 1321 2156 1364 ecce
2186 1302 2442 1384 Spiritus
2463 1304 2747 1378 veritatis,
2771 1307 2885 1368 hoc
2914 1314 3004 1368 est
3020 1306 3112 1368 sui
3133 1306 3346 1388 ipsius,
3377 1326 3513 1369 cum
3547 1302 3667 1374 P84

2013 1390 2300 1454 racletum
2324 1392 2810 1471 dixisset,aPatre
2833 1412 2966 1456 eum
2989 1396 3318 1475 procedere
3334 1395 3667 1472 ait.Quem-

2013 1485 2334 1544 admodum
2363 1484 2521 1545 enim
2554 1493 2645 1547 est
2697 1484 2954 1565 Spiritus
2986 1485 3261 1566 praprius
3292 1484 3450 1562 Filii,
3485 1495 3664 1548 natu-

2012 1569 2219 1632 raliter
2254 1570 2314 1632 in
2345 1571 2475 1652 ipso
2499 1573 2878 1635 exsistens.et
2899 1573 3219 1652 peripsum
3252 1575 3666 1655 progrediens,

2012 1658 2096 1720 ita
2116 1668 2178 1722 et
2199 1658 2428 1736 Patris;
2463 1662 2682 1742 quibus
2714 1661 2874 1725 enin
2907 1660 3166 1742 Spiritus
3196 1664 3531 1725 communis
3551 1672 3666 1746 est,

2014 1747 2086 1809 iis
2109 1748 2280 1828 plane
2305 1767 2773 1830 prorsus,neque
2793 1769 2926 1832 quas
2946 1754 3226 1813 essentia;
3246 1761 3404 1826 sunt,
3441 1752 3672 1815 fuerint

2014 1846 2306 1915 separata.
2349 1861 2368 1892 ι
2437 1836 2511 1898 Et
2565 1838 2707 1900 alibi
2764 1839 2979 1918 saepius
3011 1839 3318 1920 proprium
3349 1839 3664 1901 amborum

283 1948 409 2006 χον,
465 1929 552 1984 καὶ
605 1925 673 1984 δι’
729 1929 886 1986 αῦτοῦ
935 1930 1152 2008 προϊὸν,
1183 1927 1319 1986 οὕτω
1347 1929 1436 1983 καὶ
1463 1926 1554 1983 τοῦ
1583 1926 1785 2006 Πιτρὸς
1845 1925 1933 1989 οἷς

2019 1924 2472 2004 conjunctim,et
2491 1931 2807 2005 separatim
2835 1928 3070 1990 fatetur.
3105 1927 3364 2009 Spititus
3386 1945 3524 1989 vero
3557 1931 3668 1989 l‘a-

280 2012 427 2070 δὲτὸ
472 2021 682 2093 Πνεῦμα
733 2019 931 2092 κοινὸν,
997 2017 1202 2080 τούτοις
1248 2015 1339 2084 εἴη
1412 2013 1582 2086 δήπου
1624 2015 1835 2077 παντως
1878 2011 1933 2070 ἂν

2025 2021 2116 2074 ter
2141 2015 2413 2094 proprius
2458 2012 2770 2076 autFilius
2787 2015 2950 2076 nullo
2969 2014 3030 2076 in
3055 2015 3186 2077 loco
3218 2024 3328 2078 est.
3351 2017 3462 2079 Illa
3493 2015 3672 2096 igitur

283 2104 370 2160 καὶ
410 2105 476 2160 τὰ
520 2112 619 2174 τῆς
679 2107 856 2168 οὗσίας
928 2109 989 2165 οῦ
1058 2103 1400 2184 διωρισμένα.
1452 2126 1476 2160 ι
1545 2103 1642 2161 Καὶ
1696 2100 1933 2181 ἀλλαχοῦ

2025 2099 2274 2176 ratione,
2308 2119 2424 2182 qua
2443 2100 2660 2179 imago,
2692 2119 2808 2180 qua
2831 2101 3058 2170 missio.
3087 2121 3224 2164 cum
3247 2105 3322 2165 de
3341 2105 3676 2165 oeconomia

285 2190 591 2258 πλειστάκις
658 2192 796 2252 ’ἴδιον
869 2195 1070 2276 ἀμφοῖν
1138 2192 1430 2268 ἡνωμένως
1488 2193 1576 2248 καὶ
1622 2191 1720 2247 hi
1778 2190 1933 2269 μέρος

2025 2198 2267 2270 propter
2279 2207 2386 2251 nos
2396 2206 2592 2251 sermo
2606 2192 2948 2260 est,secund
2959 2209 3056 2251 um
3075 2209 3254 2271 quam
3269 2191 3671 2272 suppeditatio

283 2278 594 2359 διαγορεύει.
654 2283 956 2357 Πνεῦματος
1001 2281 1046 2338 δ’
1104 2285 1133 2339 ὃ
1194 2284 1378 2361 Πατὴρ
1420 2278 1588 2355 ἴδιος,
1631 2279 1668 2348 ἢ
1723 2281 1751 2336 ὁ
1818 2281 1936 2344 Υἱὸς

282 2369 682 2438 ὁπουδηποτοῦν
711 2376 806 2430 οῦκ
835 2371 964 2428 ἰστι.
1009 2371 1136 2429 Καθ’
1169 2369 1228 2425 ὃν
1257 2367 1355 2447 ἄρα
1381 2367 1571 2448 λόγον,
1604 2366 1660 2425 ὅν
1690 2369 1725 2436 ἡ
1757 2368 1934 2439 εἰκὼν,

282 2458 399 2516 καθ’
442 2460 500 2517 ὄν
541 2463 578 2529 ἡ
617 2459 914 2532 ἀποστολὴ,
946 2457 1026 2517 ὅτι
1058 2462 1136 2534 μὴ
1184 2459 1320 2515 κατὰ
1349 2457 1446 2523 τὴν
1476 2455 1545 2512 δι’
1601 2459 1744 2531 ἡμᾶς
1789 2457 1939 2514 οἷκο-

283 2548 496 2630 νομίαν,
526 2546 642 2606 καθ’
677 2552 744 2617 ἢν
799 2551 834 2616 ἡ
895 2549 1126 2628 χορηγία
1175 2546 1262 2602 καὶ
1302 2543 1445 2608 δόσις
1498 2545 1587 2600 καὶ
1629 2545 1694 2600 τὰ
1754 2541 1936 2602 τοῖσδε

285 2627 566 2718 σῦστοιχα,
616 2639 704 2695 καὶ
760 2639 835 2702 ὡς
877 2627 961 2692 ἅττ’
999 2636 1219 2696 ἑγείνοις
1265 2630 1680 2712 φωτοϐολεῖται,
1731 2633 1818 2688 καὶ
1874 2627 1938 2688 τὸ

283 2725 379 2793 τῆς
423 2725 771 2805 ἀντιστροφῆς
856 2723 1004 2804 ἔχειν
1074 2719 1404 2802 παρείσδυσιν
1466 2719 1528 2778 ἑκ
1584 2720 1687 2776 τῶν
1747 2719 1938 2777 θεοσό-

286 2836 396 2892 φων
439 2821 826 2892 μυσταγωγῶν,
857 2826 975 2876 τοῖς
1007 2813 1186 2874 αὺτοῖς
1245 2809 1409 2874 οὕτως
1459 2809 1678 2865 ἐνταῦθα
1729 2830 1935 2883 μυστα-

283 2916 540 2980 γωγεῖται
585 2903 664 2978 μὴ
715 2898 857 2958 τοῦτ’
934 2901 1059 2956 αὖτὸ
1116 2897 1400 2976 πεφυκέναι
1459 2895 1906 2974 παρρησιάζεσθαι
1941 2969 1954 2980 .

285 2985 344 3051 Ὀ
414 2993 660 3070 σύνεγγυς
746 2991 916 3048 τοίνυν
993 2987 1164 3051 ἔνθεος
1245 2984 1592 3060 μυστηπόλος
1663 2985 1724 3040 τὰ
1793 2982 1940 3042 ’ίδιον

285 3079 431 3145 ὅπως
487 3079 573 3136 ξεί
640 3084 736 3146 τῆς
781 3080 1034 3143 θεότητας
1094 3072 1516 3148 διευλυτούμενόν
1559 3073 1671 3130 ἐστι
1730 3073 1940 3152 φράζων

2025 2285 2084 2338 et
2103 2279 2190 2338 da:
2207 2276 2264 2339 io
2283 2287 2339 2338 et
2357 2277 2451 2339 his
2467 2277 2755 2348 afﬁnia,et
2777 2278 2861 2338 uti
2881 2278 2941 2338 in
2959 2277 3077 2339 illis
3097 2297 3273 2359 quam
3294 2282 3671 2360 perspicuum

2020 2365 2318 2441 clarescit,
2351 2366 2758 2427 conversionis
2790 2365 2990 2428 locum
3015 2367 3519 2441 esse,divinorunt
3540 2385 3671 2448 my—

2021 2464 2399 2536 stagogorum
2430 2460 2743 2530 sententia,
2779 2457 3132 2518 earumdem
3161 2457 3257 2518 hic
3275 2475 3511 2538 quoque
3535 2459 3676 2518 edo-

2020 2543 2369 2617 cemur,hoc
2394 2543 2588 2624 ipsum
2614 2562 2746 2605 esse
2768 2542 3145 2606 contidenter
3163 2544 3343 2606 nimis
3355 2565 3472 2606 non
3504 2563 3672 2609 asse-

2020 2649 2179 2693 rere.
2215 2631 2490 2693 Proxime
2525 2631 2725 2712 itaque
2754 2633 3029 2695 laudatus
3051 2632 3288 2695 divinus
3317 2642 3501 2716 mysta
3523 2651 3671 2715 pro-

2016 2722 2220 2801 prium
2253 2740 2368 2800 quo
2399 2720 2735 2799 signiﬁcatu
2767 2723 2828 2783 in
2859 2723 3082 2784 deitate
3121 2722 3538 2805 accipiendum
3571 2722 3672 2798 sit,

2021 2808 2620 2890 esplicaus,oratione
2637 2815 2707 2871 atl
2728 2808 3267 2892 Nestorium.cujus
3291 2811 3672 2893 principium:

2028 2923 2055 2954 α
2088 2898 2240 2961 Male
2261 2896 2498 2978 quidem
2533 2897 2860 2979 loquuntur
2879 2900 2956 2960 de
2988 2917 3118 2959 mea
3148 2901 3601 2971 existimatione,
3640 2924 3668 2956 ι

2023 2987 2252 3056 scribit,
2289 3015 2319 3048 «
2351 2985 2862 3058 Quemadmodum
2895 2988 3055 3048 enim
3083 2989 3358 3068 proprius
3389 2989 3671 3066 hominis,

2025 3093 2258 3136 net-non
2289 3082 2347 3134 et
2373 3073 2627 3135 aliorum
2658 3075 3031 3153 singulorum
3073 3076 3457 3139 animantium
3490 3077 3669 3156 fetus,

283 3168 337 3224 ἐν
398 3176 474 3243 τῷ
531 3170 660 3248 πρὸς
701 3164 982 3243 Νεστόριον
1011 3163 1177 3243 λόγῳ,
1209 3162 1268 3219 οῦ
1296 3162 1526 3242 ἡάρχὴ,
1567 3183 1593 3215 ε
1635 3159 1933 3240 Καταφλυα-

2023 3164 2123 3246 qui
2141 3182 2209 3224 ex
2228 3181 2297 3223 eo
2322 3171 2410 3224 est
2429 3163 2757 3224 secundum
2783 3173 3077 3237 naturam,
3111 3163 3198 3226 sic
3235 3164 3538 3245 proprium
3564 3165 3674 3230 Dei

288 3258 430 3335 ροῦσί
481 3278 640 3326 τινες,
699 3258 772 3319 ὡς
833 3255 1102 3329 μανθάνω,
1152 3259 1249 3328 τῇς
1308 3251 1444 3326 ἐμῆς
1501 3248 1849 3323 ὑπσλτςψεως,
1900 3272 1928 3303 ιι

291 3348 447 3425 φησίν
483 3363 497 3378 °
566 3375 588 3406 ι
635 3335 854 3422 ’Ὠσπερ
910 3343 1010 3422 γαρ
1067 3339 1202 3397 ἴδιον
1257 3339 1530 3418 ἀνθρώπου
1558 3339 1645 3394 καὶ
1677 3339 1782 3411 μὴν
1813 3337 1933 3394 ἑκά-

290 3455 417 3491 στου
460 3441 565 3491 τῶν
595 3434 784 3512 ἐτέρων
838 3433 988 3502 ζώων
1037 3432 1098 3486 τὸ
1157 3427 1209 3494 ἐξ
1251 3428 1409 3486 αὒτοῦ
1466 3427 1600 3483 κατὰ
1649 3427 1800 3506 φόσιν
1839 3447 1936 3505 γε·

287 3523 632 3600 γεννημένον,
691 3522 859 3582 οὕτως
937 3516 1076 3575 ῦδιον
1134 3523 1267 3574 Θεοῦ
1332 3517 1394 3572 1‘0
1465 3515 1525 3570 ἐκ
1581 3519 1677 3582 τῆς
1761 3517 1937 3588 οῦσίας

290 3611 456 3668 νοοῖτ⁹
515 3609 578 3666 ἂν
620 3611 762 3667 εἶναι
804 3609 892 3665 καὶ
930 3605 1162 3684 λέγοιτο,
1203 3629 1227 3662 ε
1273 3601 1543 3684 Πρόδηλον
1609 3603 1791 3660 οὖκοῦν
1849 3603 1934 3660 ὅτι

287 3699 460 3762 καθὼς
488 3704 581 3754 τοῦ
610 3699 810 3774 Πατρὸς
838 3693 976 3750 ’ἴδιον
1019 3694 1129 3749 ἐστι
1160 3695 1221 3749 τὸ
1281 3694 1492 3767 Πνεῦμα
1539 3691 1600 3747 τὰ
1642 3690 1815 3770 ἅγιον,
1863 3691 1935 3756 ὡς

285 3786 346 3842 ἐκ
385 3790 484 3852 τῆς
528 3785 703 3847 οὖσίας
747 3783 902 3841 αῦτοῦ
958 3781 1041 3862 ὅν,
1100 3780 1238 3838 οὕτω
1309 3782 1394 3836 καὶ
1463 3786 1554 3836 τοῦ
1598 3783 1718 3837 Υἱοῦ
1771 3779 1932 3860 ἴδιον,

283 3877 356 3937 ὡς
401 3873 461 3930 ἐκ
516 3872 609 3940 τῆς
664 3873 840 3934 οὗσίας
896 3874 1054 3930 αὐτοῦ
1093 3871 1358 3949 ὑπάρχον.
1424 3870 1521 3927 Καὶ
1559 3875 1714 3925 τοῦτο
1768 3890 1932 3949 φανε-

285 3963 462 4041 ροῦσιν
503 3962 538 4030 ἢ
581 3983 637 4018 τε
681 3960 974 4039 καθαρῦτης
1037 3963 1137 4026 τῆς
1200 3957 1586 4022 διευλυτώσεως
1658 3967 1750 4017 τοῦ
1807 3955 1934 4015 ἰδίου

285 4052 427 4128 παρὰ
467 4057 558 4108 τοῦ
625 4049 781 4106 αὒτοῦ
847 4047 1111 4128 θεηγόρου.
1157 4049 1246 4104 καὶ
1302 4044 1618 4125 παραδόσεις
1689 4048 1741 4101 αἱ
1784 4043 1934 4101 διδα-

284 4136 530 4195 σκαλικαὶ
597 4144 688 4195 τοῦ
757 4140 934 4210 αὒτοῦ,
996 4159 1024 4191 ε
1075 4125 1292 4212 ιὨσπερ
1363 4142 1455 4191 τοῦ
1509 4137 1712 4215 Πατρὸς
1769 4132 1930 4210 ἴδιον,

285 4225 421 4283 οὕτω
461 4227 547 4283 καὶ
580 4233 669 4282 τοῦ
723 4226 867 4303 Υἱου,
906 4248 929 4282 ι
967 4223 1371 4302 διαγγέλλουσαι
1406 4239 1420 4255 ⁶
1474 4221 1612 4279 ἀλλὰ
1641 4225 1726 4280 καὶ
1756 4221 1936 4287 λοιπαὶ

283 4317 467 4372 τούτου
521 4315 697 4391 ῥήσεις
753 4316 804 4369 αἱ
874 4313 984 4368 ἅνω
1054 4311 1344 4386 τεθειμέναι
1412 4312 1474 4368 τὸ
1530 4317 1610 4386 μὴ
1661 4311 1936 4390 ἀλλότριον

2022 3253 2390 3331 intelligetur
2416 3269 2571 3330 esse,
2605 3251 2980 3333 diceturque,
3015 3253 3173 3333 quod
3208 3271 3277 3314 ex
3311 3257 3570 3318 essentia
3604 3256 3674 3318 il-

2022 3345 2137 3408 lius
2152 3345 2288 3408 erit.
2321 3375 2343 3404 ι
2382 3340 2756 3404 Manifestum
2791 3343 2993 3424 itaque
3041 3352 3152 3425 est,
3185 3345 3270 3406 uti
3302 3345 3492 3408 Patris
3527 3365 3672 3426 pro-

2023 3437 2190 3518 prius
2221 3445 2311 3498 est
2339 3435 2598 3517 Spiritus
2631 3449 2894 3516 sanctus,
2928 3436 3085 3518 quod
3129 3456 3198 3499 ex
3231 3440 3491 3502 essentia
3513 3436 3674 3500 illius

2022 3527 2226 3600 est,ita
2254 3542 2386 3586 esse
2414 3541 2651 3604 quoque
2673 3523 2807 3584 Filii
2830 3525 3163 3608 proprium,
3195 3529 3280 3590 uti
3311 3547 3382 3591 ex
3414 3535 3675 3590 essentia

2020 3615 2181 3676 illius
2237 3615 2647 3676 exsisteutem.
2708 3611 2952 3694 Hocque
2981 3615 3154 3694 plane
3175 3615 3512 3689 declarant,
3547 3626 3672 3677 tum

2019 3703 2242 3784 peritas
2266 3702 2633 3782 signiﬁcatus
2654 3702 2893 3781 proprii
2920 3701 2993 3763 ab
3017 3703 3145 3784 ipso
3171 3704 3539 3789 diviniloquo
3559 3715 3674 3768 tra-

2016 3792 2160 3872 dita,
2191 3800 2312 3852 tum
2345 3793 2658 3852 ductorum
2693 3791 2997 3851 enuntiata
3025 3795 3099 3852 de
3127 3794 3340 3856 eodem
3381 3823 3402 3852 ι
3442 3793 3526 3858 uti
3560 3798 3671 3856 Pa-

2021 3880 2124 3939 tris
2147 3879 2476 3960 proprium,
2503 3878 2581 3940 ita
2600 3886 2661 3960 et
2681 3876 2813 3960 Filii
2840 3895 3009 3960 esse»
3037 3883 3327 3948 essentia.
3361 3884 3519 3958 Quin
3550 3882 3669 3944 imo

2018 3969 2075 4020 et
2102 3957 2331 4038 reliqua
2368 3959 2505 4044 alia
2560 3957 2826 4044 tjusdem
2860 3958 3228 4044 dictg‘supra
3254 3957 3505 4043 digesta,
3539 3980 3672 4044 qua

2019 4057 2135 4098 non
2167 4037 2299 4100 esse
2328 4037 2593 4098 alienum
2619 4038 2909 4116 Spiritum
2932 4056 2966 4098 a
2988 4037 3161 4112 Filio,
3191 4045 3298 4104 sed
3322 4037 3396 4106 Ex
3425 4037 3576 4124 ipso,
3611 4049 3672 4104 et

2019 4125 2320 4207 proprium
2344 4125 2533 4206 ipsius
2557 4141 2628 4184 ex
2672 4124 2911 4186 datione
2929 4133 2987 4186 et
3007 4127 3292 4192 missione
3307 4143 3510 4212 aperta
3531 4147 3674 4192 voce

2021 4216 2288 4281 edicunt.
2322 4222 2380 4276 et
2415 4231 2574 4274 nunc
2603 4231 2672 4273 ex
2707 4213 2973 4293 proxime
3013 4217 3187 4278 allato
3210 4219 3373 4280 brevi
3397 4219 3670 4281 testimo-

2020 4302 2200 4364 nioin
2224 4301 2404 4363 illud:
2434 4325 2455 4356 ι
2499 4301 2934 4381 VitliSpiritum
2958 4303 3478 4376 descendentem.»
3514 4305 3673 4388 quod

287 4406 408 4461 ι’ἶοῦ
461 4389 696 4477 Πνεῦμα,
753 4400 890 4457 ἀλλὰ
926 4403 988 4457 τὸ
1032 4399 1084 4465 ἐξ
1127 4401 1284 4458 αὐτοῦ
1341 4401 1428 4456 καὶ
1472 4397 1609 4456 ἴδιον
1660 4389 1836 4458 αὐτοῦ
1874 4399 1933 4456 ἐκ

2022 4392 2192 4473 paulo
2222 4401 2355 4452 ante
2378 4389 2754 4480 digessimus,
2790 4408 2946 4480 nunc
2976 4409 3212 4474 quoque
3243 4396 3338 4458 hic
3369 4412 3674 4480 apponen.

289 4495 387 4556 τῆς
444 4488 636 4555 δόσεώς
679 4510 734 4546 τε
765 4490 854 4545 καὶ
882 4487 1138 4564 πέμψεως
1176 4485 1430 4566 διατόρως
1460 4487 1928 4565 ἇνακηρύττουσαι.

2018 4490 2131 4555 tes,
2165 4480 2310 4541 satis
2339 4476 2757 4558 reil‘aciemus,
2791 4478 2949 4558 quod
2967 4481 3162 4544 verbis
3184 4483 3350 4546 hisce
3380 4476 3671 4566 exprimi-

287 4581 384 4636 Καὶ
414 4586 502 4636 νῦν
529 4582 628 4647 τῆς
660 4577 812 4656 ἐγγύς
846 4598 946 4632 που
995 4574 1368 4655 διαληφθείσης
1426 4577 1631 4654 ῥᾷσεως
1677 4576 1932 4655 βραχείας

2018 4579 2115 4634 tur
2147 4587 2160 4632 :
2200 4567 2457 4632 «Similis
2491 4566 2552 4628 in
2579 4567 2858 4656 omnibus
2887 4579 2974 4630 est
2996 4569 3216 4636 Christi
3247 4574 3572 4637 similitudo
3593 4571 3670 4635 ad

284 4667 356 4729 εἰς
399 4669 482 4742 τὸ,
517 4669 597 4724 ὃτι
636 4686 661 4719 ε
702 4655 983 4740 τεθέαμαι
1027 4665 1086 4720 τὸ
1131 4663 1342 4738 Πνεῦμα
1383 4661 1727 4737 καταϐαῖνον,
1757 4683 1787 4723 ι
1835 4664 1933 4731 τὴν

2018 4657 2324 4741 proprium
2358 4656 2546 4738 ipsius
2575 4665 2637 4718 et
2663 4655 2735 4716 ad
2780 4663 2905 4737 ipso
2938 4667 3239 4739 profusum
3291 4663 3599 4744 Spiritum,
3641 4684 3668 4722 ε

283 4754 457 4834 ἀγχοῦ
514 4755 726 4835 διηγορε
761 4753 927 4830 μένην
983 4775 1040 4809 τε
1082 4753 1170 4809 καὶ
1215 4755 1454 4809 τεθεῖσαν
1500 4753 1718 4809 ἐνταῦθα
1757 4753 1932 4818 θέντες

2018 4747 2256 4812 omissis
2272 4745 2404 4807 aliis
2429 4764 2546 4806 non
2567 4743 2936 4826 paucis,qute
2959 4748 3304 4831 frequenter
3325 4743 3668 4832 occurrunt.

278 4845 340 4900 τὸ
381 4846 558 4901 ἱκανὸν
614 4843 818 4916 ἕξομεν,
866 4841 903 4909 ii
945 4845 1032 4899 καὶ
1089 4839 1207 4900 κατ’
1278 4841 1404 4906 ἔπος
1458 4841 1596 4898 οῦτω
1650 4840 1910 4924 διέξεισιν,
1965 4870 1985 4900 ε
2055 4835 2492 4916 Ἀπαράλλακτος
2521 4837 2556 4903 ἡ
2607 4837 2701 4891 τοῦ
2729 4843 2921 4912 Χριτοῦ
2950 4839 3205 4914 ὁμοιότης
3249 4845 3379 4919 πρὸς
3412 4843 3473 4898 1‘0
3529 4837 3669 4904 ἴδιον

282 4932 438 5012 αὗτοῦ
465 4935 551 4990 καὶ
587 4930 714 5011 παρ’
744 4935 900 4991 αὖτοῦ
929 4931 1298 5012 προχεόμενον
1329 4937 1562 5011 Πνεῦμα,
1603 4953 1626 4987 ι
1661 4923 2089 5011 παραδραμόντες
2133 4927 2314 5005 ἐτέρας
2348 4925 2441 4984 οὒκ
2483 4924 2687 5003 ὀλίγας,
2753 4923 2889 4983 ἀλλά
2917 4932 3141 5010 συχνάς.

364 5011 436 5080 θ’.
483 5023 556 5081 03
612 5021 722 5096 μὴν
765 5017 900 5075 ἀλλὰ
940 5011 1163 5078 κάκεῖνο
1203 5018 1520 5099 θεωρητέον,
1562 5021 1663 5098 πρό
1721 5042 1780 5098 γε
1827 5027 1931 5078 τῶν

2103 5019 2163 5083 9.
2200 5014 2314 5078 Sed
2347 5012 2492 5104 illud
2523 5031 2759 5104 quoque
2810 5018 3310 5084 considerandum
3352 5030 3461 5096 est,
3513 5019 3672 5104 quod

286 5110 637 5185 πεψθακότων
709 5106 1065 5187 ἑξετασθῇναι,
1137 5111 1256 5187 περὶ
1330 5107 1634 5171 ἀποστολῆς
1692 5106 1725 5162 ἂ
1779 5129 1933 5188 φησιν

2019 5115 2152 5170 ante
2182 5104 2304 5184 jam
2357 5101 2515 5163 dicta
2550 5103 2887 5192 examinari
2916 5107 3226 5178 debuerat.
3260 5111 3423 5192 quod
3455 5101 3673 5192 nempe

1351 5197 1379 5263 ὴ
1406 5193 1608 5260 διεξιών
1639 5209 1654 5224 ο
1696 5216 1720 5248 ιι
1772 5195 1937 5252 Ἀπο·
2019 5196 2094 5258 de
2124 5192 2404 5257 missione
2438 5189 2617 5281 tradit
2647 5195 3093 5258 summusillius
3121 5189 3672 5281 dijudicator,hunc

283 5287 487 5347 στέλλει
519 5310 598 5351 τις
628 5284 812 5342 δοῦλον
855 5284 891 5352 ἢ
933 5286 1040 5341 υἱὸν
1083 5283 1207 5357 παρ’
1267 5283 1426 5341 ἄλλου
1481 5290 1638 5340 τοῦτο
1666 5281 1863 5357 λαϐὼν,
1898 5283 1933 5352 ἢ

2018 5285 2078 5345 in
2112 5281 2350 5371 modum
2392 5279 2751 5371 edisserens
2773 5300 2791 5371 ι
2830 5307 2850 5336 ι
2891 5285 3064 5349 Mittit
3109 5279 3402 5371 quispiam
3433 5306 3669 5351 servum

280 5381 367 5435 καὶ
411 5379 565 5440 αὖτὸς
629 5376 799 5456 ἔχων,
865 5376 1233 5451 Σκοπήσωμεν
1293 5375 1462 5430 τοίνυν
1519 5373 1635 5429 τίνα
1705 5374 1933 5444 θεσπίζει

2020 5381 2118 5461 aut
2137 5370 2320 5461 lilium
2333 5368 2426 5450 ,ab
2443 5369 2558 5461 alio
2577 5369 2635 5430 id
2655 5370 3089 5453 accipiens,aut
3106 5368 3141 5439 a
3159 5368 3357 5461 seipso
3375 5379 3623 5441 habens.
3640 5401 3664 5436 ο

284 5469 344 5524 τὸ
400 5468 594 5524 σεπτὸν
654 5460 970 5541 Εῦαγγέλιον
1026 5465 1142 5542 περὶ
1198 5462 1478 5538 πέμψεως.
1536 5460 1788 5528 Ἰωάννης
1832 5460 1929 5536 μὲν

275 5558 309 5625 ὴ
363 5556 459 5624 τῆς
516 5553 788 5631 θεολογίας
863 5551 1119 5630 ἀκρώρεια
1175 5554 1248 5616 ὡς
1333 5551 1395 5608 ἐκ
1484 5549 1769 5628 προσώπου
1840 5547 1932 5605 τοῦ

279 5650 503 5724 Χριστοῦ
555 5642 744 5723 φάσκει
793 5657 808 5673 ο
861 5660 890 5694 ε
937 5641 1012 5696 Τὰ
1068 5638 1197 5719 ἔργα
1253 5639 1286 5696 ἃ
1329 5639 1437 5716 ἐγὼ
1504 5645 1666 5712 ποιῶ,
1730 5659 1933 5718 μαρτυ-

277 5747 363 5814 ρεῖ
404 5733 523 5813 περὶ
579 5731 734 5806 ἐμοῦ,
802 5727 882 5782 ὃτι
945 5728 973 5783 6
1031 5729 1211 5806 Πατὴρ
1269 5748 1332 5802 με
1400 5725 1701 5806 ἀπέστειλε,
1759 5729 1847 5782 καὶ
1905 5727 1934 5782 ὁ

2011 5458 2472 5524 Consideremus
2496 5457 2698 5537 itaque
2727 5478 2858 5541 quae
2873 5464 2947 5526 de
2967 5457 3670 5532 tuissione'veneraudum

2013 5545 2392 5626 Evangelium
2423 5546 3018 5639 decernitaloannes
3064 5557 3372 5639 theologia
3401 5575 3672 5622 summus

2016 5654 2164 5730 apex
2214 5653 2284 5697 ex
2318 5653 2571 5730 persona
2611 5637 3023 5730 Christiidicit
3057 5665 3072 5707 :
3122 5673 3146 5703 σ
3173 5637 3364 5730 Opera
3392 5667 3524 5730 quae
3555 5664 3669 5730 ego

2017 5724 2192 5800 facio,
2229 5724 2635 5786 testimonium
2671 5729 2989 5808 perhibent
3049 5733 3125 5797 de
3153 5724 3272 5813 me,
3308 5724 3466 5819 quod
3500 5724 3674 5800 Pater
