  <div class='ocr_page' id='page_1' title='image "/cluster/home/n/w/nwhite01/storage/ocr_20150623/141/mdp.39015078384206/677.png"; bbox 0 0 4206 6292; ppageno 0'>
   <div class='ocr_carea' id='block_1_1' title="bbox 528 404 2189 484">
    <p class='ocr_par' dir='ltr' id='par_1_1' title="bbox 528 410 2189 484">
     <span class='ocr_line' id='line_1_1' title="bbox 528 410 2189 484; baseline -0.009 0"><span class='ocrx_word' id='word_1_1' title='bbox 528 417 678 484; x_wconf 81' lang='grc'><strong>1339</strong></span> <span class='ocrx_word' id='word_1_2' title='bbox 1797 410 2110 480; x_wconf 83' lang='lat' dir='ltr'><strong>GEORGII</strong></span> <span class='ocrx_word' id='word_1_3' title='bbox 2155 410 2189 470; x_wconf 71' lang='lat' dir='ltr'><strong>It!</strong></span> 
     </span>
    </p>
   </div>
   <div class='ocr_carea' id='block_1_2' title="bbox 2284 404 3945 484">
    <p class='ocr_par' dir='ltr' id='par_1_2' title="bbox 2284 404 3945 482">
     <span class='ocr_line' id='line_1_2' title="bbox 2284 404 3945 482; baseline 0.006 -11"><span class='ocrx_word' id='word_1_4' title='bbox 2284 404 2627 477; x_wconf 65' lang='lat' dir='ltr'><strong>FOGHITIE</strong></span> <span class='ocrx_word' id='word_1_5' title='bbox 3770 417 3945 482; x_wconf 77' lang='grc'><strong>1340</strong></span> 
     </span>
    </p>
   </div>
   <div class='ocr_carea' id='block_1_3' title="bbox 609 535 2270 630">
    <p class='ocr_par' dir='ltr' id='par_1_3' title="bbox 609 540 2242 626">
     <span class='ocr_line' id='line_1_3' title="bbox 609 540 2242 626; baseline -0.007 -15"><span class='ocrx_word' id='word_1_6' title='bbox 609 550 708 616; x_wconf 75' lang='grc'><strong>10.</strong></span> <span class='ocrx_word' id='word_1_7' title='bbox 739 547 1140 615; x_wconf 82' lang='lat' dir='ltr'><strong>Nihilominus</strong></span> <span class='ocrx_word' id='word_1_8' title='bbox 1193 546 1362 609; x_wconf 88' lang='lat' dir='ltr'><strong>hisce</strong></span> <span class='ocrx_word' id='word_1_9' title='bbox 1415 545 1728 624; x_wconf 77' lang='lat' dir='ltr'><strong>neglectis,</strong></span> <span class='ocrx_word' id='word_1_10' title='bbox 1763 545 1834 607; x_wconf 86' lang='lat' dir='ltr'><strong>ad</strong></span> <span class='ocrx_word' id='word_1_11' title='bbox 1868 543 2024 626; x_wconf 90' lang='lat' dir='ltr'><strong>quod</strong></span> <span class='ocrx_word' id='word_1_12' title='bbox 2075 540 2242 622; x_wconf 66' lang='lat' dir='ltr'><strong>quia</strong></span> 
     </span>
    </p>
   </div>
   <div class='ocr_carea' id='block_1_4' title="bbox 2270 535 3931 630">
    <p class='ocr_par' dir='ltr' id='par_1_4' title="bbox 2343 535 3931 630">
     <span class='ocr_line' id='line_1_4' title="bbox 2343 535 3931 630; baseline 0.006 -30"><span class='ocrx_word' id='word_1_13' title='bbox 2343 542 2404 606; x_wconf 80' lang='grc' dir='ltr'><strong>ι’.</strong></span> <span class='ocrx_word' id='word_1_14' title='bbox 2458 535 2658 620; x_wconf 75' lang='grc' dir='ltr'><strong>ΗΟμως</strong></span> <span class='ocrx_word' id='word_1_15' title='bbox 2701 547 2832 606; x_wconf 78' lang='grc' dir='ltr'>αῦτά</span> <span class='ocrx_word' id='word_1_16' title='bbox 2879 547 3207 628; x_wconf 81' lang='grc' dir='ltr'>παριδόντες,</span> <span class='ocrx_word' id='word_1_17' title='bbox 3268 552 3356 608; x_wconf 85' lang='grc' dir='ltr'>καὶ</span> <span class='ocrx_word' id='word_1_18' title='bbox 3399 553 3530 630; x_wconf 78' lang='grc' dir='ltr'>πρὸς</span> <span class='ocrx_word' id='word_1_19' title='bbox 3585 551 3616 608; x_wconf 77' lang='grc' dir='ltr'><strong><em>ὃ</em></strong></span> <span class='ocrx_word' id='word_1_20' title='bbox 3674 573 3931 609; x_wconf 83' lang='grc' dir='ltr'>κατεπει-</span> 
     </span>
    </p>
   </div>
   <div class='ocr_carea' id='block_1_5' title="bbox 523 631 2184 720">
    <p class='ocr_par' dir='ltr' id='par_1_5' title="bbox 523 632 2177 720">
     <span class='ocr_line' id='line_1_5' title="bbox 523 632 2177 720; baseline -0.004 -19"><span class='ocrx_word' id='word_1_21' title='bbox 523 640 743 703; x_wconf 89' lang='lat' dir='ltr'><strong>similia</strong></span> <span class='ocrx_word' id='word_1_22' title='bbox 773 655 981 720; x_wconf 78' lang='lat' dir='ltr'><strong>eqatur</strong></span> <span class='ocrx_word' id='word_1_23' title='bbox 1005 634 1379 698; x_wconf 85' lang='lat' dir='ltr'><strong>contendens</strong></span> <span class='ocrx_word' id='word_1_24' title='bbox 1409 635 1700 699; x_wconf 84' lang='lat' dir='ltr'><strong>decertat.</strong></span> <span class='ocrx_word' id='word_1_25' title='bbox 1751 633 1893 694; x_wconf 88' lang='lat' dir='ltr'><strong>illud</strong></span> <span class='ocrx_word' id='word_1_26' title='bbox 1926 632 2177 711; x_wconf 91' lang='lat' dir='ltr'><strong>probare</strong></span> 
     </span>
    </p>
   </div>
   <div class='ocr_carea' id='block_1_6' title="bbox 2273 631 3934 720">
    <p class='ocr_par' dir='ltr' id='par_1_6' title="bbox 2273 631 3934 715">
     <span class='ocr_line' id='line_1_6' title="bbox 2273 631 3934 715; baseline 0.005 -28"><span class='ocrx_word' id='word_1_27' title='bbox 2273 631 2488 709; x_wconf 70' lang='grc' dir='ltr'>γόμενος</span> <span class='ocrx_word' id='word_1_28' title='bbox 2545 638 2573 691; x_wconf 84' lang='grc' dir='ltr'>ὁ</span> <span class='ocrx_word' id='word_1_29' title='bbox 2616 643 2780 694; x_wconf 87' lang='grc' dir='ltr'>ταῦτα</span> <span class='ocrx_word' id='word_1_30' title='bbox 2837 643 3025 715; x_wconf 78' lang='grc' dir='ltr'>φωνῶν</span> <span class='ocrx_word' id='word_1_31' title='bbox 3067 637 3383 713; x_wconf 81' lang='grc' dir='ltr'>ἁμιλλᾶται,</span> <span class='ocrx_word' id='word_1_32' title='bbox 3437 641 3697 709; x_wconf 75' lang='grc' dir='ltr'><strong>συστῆσαι</strong></span> <span class='ocrx_word' id='word_1_33' title='bbox 3753 639 3934 697; x_wconf 80' lang='grc' dir='ltr'><strong>θέλων</strong></span> 
     </span>
    </p>
   </div>
   <div class='ocr_carea' id='block_1_7' title="bbox 519 721 2180 808">
    <p class='ocr_par' dir='ltr' id='par_1_7' title="bbox 519 722 2177 808">
     <span class='ocr_line' id='line_1_7' title="bbox 519 722 2177 808; baseline -0.002 -20"><span class='ocrx_word' id='word_1_34' title='bbox 519 732 743 801; x_wconf 86' lang='lat' dir='ltr'><strong>volens,</strong></span> <span class='ocrx_word' id='word_1_35' title='bbox 779 746 975 808; x_wconf 89' lang='lat' dir='ltr'><strong>neque</strong></span> <span class='ocrx_word' id='word_1_36' title='bbox 1033 745 1103 787; x_wconf 84' lang='lat' dir='ltr'><strong>ex</strong></span> <span class='ocrx_word' id='word_1_37' title='bbox 1160 722 1334 797; x_wconf 87' lang='lat' dir='ltr'><strong>Filio,</strong></span> <span class='ocrx_word' id='word_1_38' title='bbox 1390 743 1586 804; x_wconf 76' lang='lat' dir='ltr'><strong>neque</strong></span> <span class='ocrx_word' id='word_1_39' title='bbox 1639 742 1746 802; x_wconf 84' lang='lat' dir='ltr'><strong>per</strong></span> <span class='ocrx_word' id='word_1_40' title='bbox 1800 722 2009 785; x_wconf 83' lang='lat' dir='ltr'><strong>Filium</strong></span> <span class='ocrx_word' id='word_1_41' title='bbox 2044 740 2177 784; x_wconf 90' lang='lat' dir='ltr'><strong>esse</strong></span> 
     </span>
    </p>
   </div>
   <div class='ocr_carea' id='block_1_8' title="bbox 2256 721 3917 808">
    <p class='ocr_par' dir='ltr' id='par_1_8' title="bbox 2260 721 3917 803">
     <span class='ocr_line' id='line_1_8' title="bbox 2260 721 3917 803; baseline 0.004 -25"><span class='ocrx_word' id='word_1_42' title='bbox 2260 721 2390 795; x_wconf 73' lang='grc' dir='ltr'>μήτ’</span> <span class='ocrx_word' id='word_1_43' title='bbox 2446 723 2497 788; x_wconf 72' lang='grc' dir='ltr'><strong>ἐξ</strong></span> <span class='ocrx_word' id='word_1_44' title='bbox 2556 727 2697 786; x_wconf 80' lang='grc' dir='ltr'>Υἱοῦ.</span> <span class='ocrx_word' id='word_1_45' title='bbox 2731 727 2868 800; x_wconf 69' lang='grc' dir='ltr'>μήτε</span> <span class='ocrx_word' id='word_1_46' title='bbox 2923 723 2990 782; x_wconf 82' lang='grc' dir='ltr'>δι’</span> <span class='ocrx_word' id='word_1_47' title='bbox 3024 728 3144 786; x_wconf 75' lang='grc' dir='ltr'>Υἱοῦ</span> <span class='ocrx_word' id='word_1_48' title='bbox 3184 734 3244 784; x_wconf 78' lang='grc' dir='ltr'>τὺ</span> <span class='ocrx_word' id='word_1_49' title='bbox 3299 733 3506 802; x_wconf 82' lang='grc' dir='ltr'><strong>Πνεῦμα</strong></span> <span class='ocrx_word' id='word_1_50' title='bbox 3566 751 3917 803; x_wconf 79' lang='grc' dir='ltr'>σκοπουντες,</span> 
     </span>
    </p>
   </div>
   <div class='ocr_carea' id='block_1_9' title="bbox 522 811 2183 899">
    <p class='ocr_par' dir='ltr' id='par_1_9' title="bbox 522 811 2174 899">
     <span class='ocr_line' id='line_1_9' title="bbox 522 811 2174 899; baseline -0.004 -19"><span class='ocrx_word' id='word_1_51' title='bbox 522 819 832 899; x_wconf 87' lang='lat' dir='ltr'><strong>Spiritum,</strong></span> <span class='ocrx_word' id='word_1_52' title='bbox 857 817 1124 878; x_wconf 80' lang='lat' dir='ltr'><strong>animum</strong></span> <span class='ocrx_word' id='word_1_53' title='bbox 1155 813 1558 891; x_wconf 83' lang='lat' dir='ltr'><strong>intendentes,</strong></span> <span class='ocrx_word' id='word_1_54' title='bbox 1586 813 1678 873; x_wconf 60' lang='lat' dir='ltr'><strong>hi&quot;</strong></span> <span class='ocrx_word' id='word_1_55' title='bbox 1707 830 1940 892; x_wconf 90' lang='lat' dir='ltr'><strong>quoque</strong></span> <span class='ocrx_word' id='word_1_56' title='bbox 1961 811 2174 873; x_wconf 88' lang='lat' dir='ltr'><strong>adver-</strong></span> 
     </span>
    </p>
   </div>
   <div class='ocr_carea' id='block_1_10' title="bbox 2258 811 3919 899">
    <p class='ocr_par' dir='ltr' id='par_1_10' title="bbox 2259 813 3919 895">
     <span class='ocr_line' id='line_1_10' title="bbox 2259 813 3919 895; baseline 0.005 -30"><span class='ocrx_word' id='word_1_57' title='bbox 2259 813 2633 888; x_wconf 72' lang='grc' dir='ltr'>παραθήσομεν</span> <span class='ocrx_word' id='word_1_58' title='bbox 2704 815 2965 872; x_wconf 82' lang='grc' dir='ltr'>κάνταῦθα</span> <span class='ocrx_word' id='word_1_59' title='bbox 3017 816 3137 877; x_wconf 74' lang='grc' dir='ltr'>τοὺς</span> <span class='ocrx_word' id='word_1_60' title='bbox 3209 814 3466 895; x_wconf 73' lang='grc' dir='ltr'>ἐλέγχους</span> <span class='ocrx_word' id='word_1_61' title='bbox 3522 817 3636 874; x_wconf 77' lang='grc' dir='ltr'>ὄθέν</span> <span class='ocrx_word' id='word_1_62' title='bbox 3708 818 3919 874; x_wconf 79' lang='grc' dir='ltr'>εἱώθει-</span> 
     </span>
    </p>
   </div>
   <div class='ocr_carea' id='block_1_11' title="bbox 522 900 2183 986">
    <p class='ocr_par' dir='ltr' id='par_1_11' title="bbox 522 900 2178 986">
     <span class='ocr_line' id='line_1_11' title="bbox 522 900 2178 986; baseline -0.004 -17"><span class='ocrx_word' id='word_1_63' title='bbox 522 926 623 969; x_wconf 90' lang='lat' dir='ltr'><strong>sus</strong></span> <span class='ocrx_word' id='word_1_64' title='bbox 678 906 870 986; x_wconf 76' lang='lat' dir='ltr'><strong>ip~um</strong></span> <span class='ocrx_word' id='word_1_65' title='bbox 955 913 1307 984; x_wconf 79' lang='lat' dir='ltr'><strong>argumenta</strong></span> <span class='ocrx_word' id='word_1_66' title='bbox 1393 901 1790 983; x_wconf 66' lang='lat' dir='ltr'><strong>mt»re,&#39;.nostro</strong></span> <span class='ocrx_word' id='word_1_67' title='bbox 1845 900 2178 981; x_wconf 85' lang='lat' dir='ltr'><strong>conquisita</strong></span> 
     </span>
    </p>
   </div>
   <div class='ocr_carea' id='block_1_12' title="bbox 2256 900 3917 986">
    <p class='ocr_par' dir='ltr' id='par_1_12' title="bbox 2261 901 3917 982">
     <span class='ocr_line' id='line_1_12' title="bbox 2261 901 3917 982; baseline 0.006 -30"><span class='ocrx_word' id='word_1_68' title='bbox 2261 921 2379 972; x_wconf 85' lang='grc' dir='ltr'>μεν.</span> <span class='ocrx_word' id='word_1_69' title='bbox 2443 902 2617 958; x_wconf 80' lang='grc' dir='ltr'>Εἰπὼν</span> <span class='ocrx_word' id='word_1_70' title='bbox 2658 903 2782 981; x_wconf 75' lang='grc' dir='ltr'>γὰρ,</span> <span class='ocrx_word' id='word_1_71' title='bbox 2835 927 2861 956; x_wconf 75' lang='grc' dir='ltr'><strong>ε</strong></span> <span class='ocrx_word' id='word_1_72' title='bbox 2898 903 3019 982; x_wconf 87' lang='grc' dir='ltr'>παρ’</span> <span class='ocrx_word' id='word_1_73' title='bbox 3066 901 3228 962; x_wconf 75' lang='grc' dir='ltr'>ἒίλλου</span> <span class='ocrx_word' id='word_1_74' title='bbox 3279 901 3478 979; x_wconf 78' lang='grc' dir='ltr'>λαϐὼν,</span> <span class='ocrx_word' id='word_1_75' title='bbox 3529 904 3565 972; x_wconf 73' lang='grc' dir='ltr'>ἧ</span> <span class='ocrx_word' id='word_1_76' title='bbox 3621 906 3708 962; x_wconf 81' lang='grc' dir='ltr'><strong>καὶ</strong></span> <span class='ocrx_word' id='word_1_77' title='bbox 3755 906 3917 970; x_wconf 70' lang='grc' dir='ltr'>αὐτὸς</span> 
     </span>
    </p>
   </div>
   <div class='ocr_carea' id='block_1_13' title="bbox 517 985 2178 1075">
    <p class='ocr_par' dir='ltr' id='par_1_13' title="bbox 517 985 2172 1075">
     <span class='ocr_line' id='line_1_13' title="bbox 517 985 2172 1075; baseline -0.004 -19"><span class='ocrx_word' id='word_1_78' title='bbox 517 985 1060 1075; x_wconf 70' lang='grc' dir='ltr'>αρνοιιθιηυε.(ἰιιιιι</span> <span class='ocrx_word' id='word_1_79' title='bbox 1088 997 1248 1055; x_wconf 91' lang='lat' dir='ltr'><strong>enim</strong></span> <span class='ocrx_word' id='word_1_80' title='bbox 1282 991 1673 1070; x_wconf 80' lang='lat' dir='ltr'><strong>tlixisset,«ab</strong></span> <span class='ocrx_word' id='word_1_81' title='bbox 1698 991 1814 1052; x_wconf 90' lang='lat' dir='ltr'><strong>alio</strong></span> <span class='ocrx_word' id='word_1_82' title='bbox 1845 988 2172 1068; x_wconf 79' lang='lat' dir='ltr'><strong>accipiens,</strong></span> 
     </span>
    </p>
   </div>
   <div class='ocr_carea' id='block_1_14' title="bbox 2254 985 3915 1075">
    <p class='ocr_par' dir='ltr' id='par_1_14' title="bbox 2263 985 3915 1070">
     <span class='ocr_line' id='line_1_14' title="bbox 2263 985 3915 1070; baseline 0.004 -28"><span class='ocrx_word' id='word_1_83' title='bbox 2263 985 2434 1067; x_wconf 78' lang='grc' dir='ltr'>ἔχων,</span> <span class='ocrx_word' id='word_1_84' title='bbox 2485 1009 2516 1045; x_wconf 76' lang='grc' dir='ltr'>ι</span> <span class='ocrx_word' id='word_1_85' title='bbox 2561 990 2830 1070; x_wconf 77' lang='grc' dir='ltr'>σύντροχα</span> <span class='ocrx_word' id='word_1_86' title='bbox 2861 992 3068 1056; x_wconf 80' lang='grc' dir='ltr'><strong>τούτοις</strong></span> <span class='ocrx_word' id='word_1_87' title='bbox 3126 991 3334 1070; x_wconf 72' lang='grc' dir='ltr'>ἐπὰγει*</span> <span class='ocrx_word' id='word_1_88' title='bbox 3403 1012 3431 1051; x_wconf 77' lang='grc' dir='ltr'><strong>ε</strong></span> <span class='ocrx_word' id='word_1_89' title='bbox 3493 994 3591 1052; x_wconf 77' lang='grc' dir='ltr'><strong>Καὶ</strong></span> <span class='ocrx_word' id='word_1_90' title='bbox 3643 992 3915 1050; x_wconf 75' lang='grc' dir='ltr'>ἀποστέλ-</span> 
     </span>
    </p>
   </div>
   <div class='ocr_carea' id='block_1_15' title="bbox 515 1074 2176 1162">
    <p class='ocr_par' dir='ltr' id='par_1_15' title="bbox 515 1074 2175 1162">
     <span class='ocr_line' id='line_1_15' title="bbox 515 1074 2175 1162; baseline -0.003 -19"><span class='ocrx_word' id='word_1_91' title='bbox 515 1074 606 1145; x_wconf 77' lang='lat' dir='ltr'><strong>vel</strong></span> <span class='ocrx_word' id='word_1_92' title='bbox 651 1102 684 1144; x_wconf 89' lang='lat' dir='ltr'><strong>a</strong></span> <span class='ocrx_word' id='word_1_93' title='bbox 707 1083 904 1162; x_wconf 88' lang='lat' dir='ltr'><strong>seipso</strong></span> <span class='ocrx_word' id='word_1_94' title='bbox 938 1082 1187 1154; x_wconf 88' lang='lat' dir='ltr'><strong>habens,</strong></span> <span class='ocrx_word' id='word_1_95' title='bbox 1216 1107 1242 1137; x_wconf 74' lang='grc' dir='ltr'>ι</span> <span class='ocrx_word' id='word_1_96' title='bbox 1277 1082 1440 1143; x_wconf 89' lang='lat' dir='ltr'><strong>hisce</strong></span> <span class='ocrx_word' id='word_1_97' title='bbox 1462 1090 1668 1141; x_wconf 84' lang='lat' dir='ltr'><strong>contra</strong></span> <span class='ocrx_word' id='word_1_98' title='bbox 1693 1078 1990 1141; x_wconf 85' lang='lat' dir='ltr'><strong>subinfert</strong></span> <span class='ocrx_word' id='word_1_99' title='bbox 2024 1094 2036 1140; x_wconf 95' lang='lat'>:</span> <span class='ocrx_word' id='word_1_100' title='bbox 2070 1077 2175 1138; x_wconf 75' lang='lat' dir='ltr'><strong>«Et</strong></span> 
     </span>
    </p>
   </div>
   <div class='ocr_carea' id='block_1_16' title="bbox 2248 1074 3909 1162">
    <p class='ocr_par' dir='ltr' id='par_1_16' title="bbox 2257 1074 3909 1162">
     <span class='ocr_line' id='line_1_16' title="bbox 2257 1074 3909 1162; baseline 0.009 -33"><span class='ocrx_word' id='word_1_101' title='bbox 2257 1074 2442 1132; x_wconf 85' lang='grc' dir='ltr'>λουσιν</span> <span class='ocrx_word' id='word_1_102' title='bbox 2500 1079 2550 1133; x_wconf 77' lang='grc' dir='ltr'>αἱ</span> <span class='ocrx_word' id='word_1_103' title='bbox 2608 1078 2820 1143; x_wconf 77' lang='grc' dir='ltr'>ἀκτῖνες</span> <span class='ocrx_word' id='word_1_104' title='bbox 2881 1087 2972 1136; x_wconf 87' lang='grc' dir='ltr'><strong>τοῦ</strong></span> <span class='ocrx_word' id='word_1_105' title='bbox 3013 1078 3165 1147; x_wconf 76' lang='grc' dir='ltr'>ἡλίου</span> <span class='ocrx_word' id='word_1_106' title='bbox 3222 1080 3416 1160; x_wconf 82' lang='grc' dir='ltr'>μέχρις</span> <span class='ocrx_word' id='word_1_107' title='bbox 3473 1083 3629 1153; x_wconf 81' lang='grc' dir='ltr'>ἡμῶν</span> <span class='ocrx_word' id='word_1_108' title='bbox 3669 1083 3730 1162; x_wconf 55' lang='lat'><strong>1‘9</strong></span> <span class='ocrx_word' id='word_1_109' title='bbox 3770 1089 3909 1162; x_wconf 76' lang='grc' dir='ltr'>φῶς.</span> 
     </span>
    </p>
   </div>
   <div class='ocr_carea' id='block_1_17' title="bbox 519 1158 2180 1248">
    <p class='ocr_par' dir='ltr' id='par_1_17' title="bbox 519 1158 2172 1246">
     <span class='ocr_line' id='line_1_17' title="bbox 519 1158 2172 1246; baseline -0.002 -14"><span class='ocrx_word' id='word_1_110' title='bbox 519 1172 758 1232; x_wconf 88' lang='lat' dir='ltr'><strong>mittunt</strong></span> <span class='ocrx_word' id='word_1_111' title='bbox 787 1158 1012 1232; x_wconf 81' lang='lat' dir='ltr'><strong>solares</strong></span> <span class='ocrx_word' id='word_1_112' title='bbox 1041 1171 1191 1232; x_wconf 77' lang='lat' dir='ltr'><strong>radii</strong></span> <span class='ocrx_word' id='word_1_113' title='bbox 1222 1171 1292 1232; x_wconf 90' lang='lat' dir='ltr'><strong>ad</strong></span> <span class='ocrx_word' id='word_1_114' title='bbox 1336 1189 1444 1231; x_wconf 93' lang='lat' dir='ltr'><strong>nos</strong></span> <span class='ocrx_word' id='word_1_115' title='bbox 1476 1169 1699 1230; x_wconf 87' lang='lat' dir='ltr'><strong>lumen.</strong></span> <span class='ocrx_word' id='word_1_116' title='bbox 1736 1187 1770 1228; x_wconf 92' lang='lat' dir='ltr'><strong>a</strong></span> <span class='ocrx_word' id='word_1_117' title='bbox 1801 1167 1926 1229; x_wconf 83' lang='lat' dir='ltr'><strong>sole</strong></span> <span class='ocrx_word' id='word_1_118' title='bbox 1957 1184 2172 1246; x_wconf 86' lang='lat' dir='ltr'><strong>nempe</strong></span> 
     </span>
    </p>
   </div>
   <div class='ocr_carea' id='block_1_18' title="bbox 2256 1158 3917 1248">
    <p class='ocr_par' dir='ltr' id='par_1_18' title="bbox 2256 1158 3917 1248">
     <span class='ocr_line' id='line_1_18' title="bbox 2256 1158 3917 1248; baseline 0.004 -30"><span class='ocrx_word' id='word_1_119' title='bbox 2256 1165 2398 1241; x_wconf 76' lang='grc' dir='ltr'>παρὰ</span> <span class='ocrx_word' id='word_1_120' title='bbox 2438 1173 2530 1222; x_wconf 89' lang='grc' dir='ltr'><strong>τοῦ</strong></span> <span class='ocrx_word' id='word_1_121' title='bbox 2597 1165 2750 1233; x_wconf 76' lang='grc' dir='ltr'>ἡλίου</span> <span class='ocrx_word' id='word_1_122' title='bbox 2802 1165 3046 1234; x_wconf 88' lang='grc' dir='ltr'>δηλονότι</span> <span class='ocrx_word' id='word_1_123' title='bbox 3116 1170 3242 1226; x_wconf 76' lang='grc' dir='ltr'>αὐτὸ</span> <span class='ocrx_word' id='word_1_124' title='bbox 3299 1158 3553 1248; x_wconf 55' lang='grc' dir='ltr'>ἔχουσαι,</span> <span class='ocrx_word' id='word_1_125' title='bbox 3593 1193 3621 1224; x_wconf 71' lang='grc' dir='ltr'>ι</span> <span class='ocrx_word' id='word_1_126' title='bbox 3683 1158 3814 1226; x_wconf 59' lang='grc' dir='ltr'>υοτι</span> <span class='ocrx_word' id='word_1_127' title='bbox 3855 1168 3917 1224; x_wconf 72' lang='grc' dir='ltr'><strong>δί</strong></span> 
     </span>
    </p>
   </div>
   <div class='ocr_carea' id='block_1_19' title="bbox 516 1253 2177 1337">
    <p class='ocr_par' dir='ltr' id='par_1_19' title="bbox 516 1254 2170 1337">
     <span class='ocr_line' id='line_1_19' title="bbox 516 1254 2170 1337; baseline -0.004 -15"><span class='ocrx_word' id='word_1_128' title='bbox 516 1261 659 1322; x_wconf 80' lang='lat' dir='ltr'><strong>illud</strong></span> <span class='ocrx_word' id='word_1_129' title='bbox 696 1259 983 1321; x_wconf 76' lang='lat' dir='ltr'><strong>habentes</strong></span> <span class='ocrx_word' id='word_1_130' title='bbox 1045 1285 1070 1314; x_wconf 81' lang='grc'><strong>»</strong></span> <span class='ocrx_word' id='word_1_131' title='bbox 1109 1263 1249 1322; x_wconf 73' lang='lat' dir='ltr'><strong>Haec</strong></span> <span class='ocrx_word' id='word_1_132' title='bbox 1281 1277 1456 1337; x_wconf 90' lang='lat' dir='ltr'><strong>porro</strong></span> <span class='ocrx_word' id='word_1_133' title='bbox 1487 1258 1557 1319; x_wconf 89' lang='lat' dir='ltr'><strong>ad</strong></span> <span class='ocrx_word' id='word_1_134' title='bbox 1591 1256 1808 1319; x_wconf 89' lang='lat' dir='ltr'><strong>Filium</strong></span> <span class='ocrx_word' id='word_1_135' title='bbox 1833 1254 2170 1336; x_wconf 85' lang='lat' dir='ltr'><strong>respicien-</strong></span> 
     </span>
    </p>
   </div>
   <div class='ocr_carea' id='block_1_20' title="bbox 2252 1253 3913 1337">
    <p class='ocr_par' dir='ltr' id='par_1_20' title="bbox 2255 1253 3913 1334">
     <span class='ocr_line' id='line_1_20' title="bbox 2255 1253 3913 1334; baseline 0.004 -28"><span class='ocrx_word' id='word_1_136' title='bbox 2255 1253 2386 1328; x_wconf 81' lang='grc' dir='ltr'>πρὸς</span> <span class='ocrx_word' id='word_1_137' title='bbox 2420 1255 2512 1307; x_wconf 77' lang='grc' dir='ltr'>τὸν</span> <span class='ocrx_word' id='word_1_138' title='bbox 2552 1256 2673 1310; x_wconf 80' lang='grc' dir='ltr'><strong>Υἱὸν</strong></span> <span class='ocrx_word' id='word_1_139' title='bbox 2715 1255 2986 1334; x_wconf 72' lang='grc' dir='ltr'>ἀναφέρων</span> <span class='ocrx_word' id='word_1_140' title='bbox 3041 1263 3204 1312; x_wconf 85' lang='grc' dir='ltr'>ταῦτα</span> <span class='ocrx_word' id='word_1_141' title='bbox 3259 1279 3442 1334; x_wconf 75' lang='grc' dir='ltr'>φησιν,</span> <span class='ocrx_word' id='word_1_142' title='bbox 3476 1256 3537 1313; x_wconf 74' lang='grc' dir='ltr'>ὲκ</span> <span class='ocrx_word' id='word_1_143' title='bbox 3565 1262 3664 1324; x_wconf 78' lang='grc' dir='ltr'>τῆς</span> <span class='ocrx_word' id='word_1_144' title='bbox 3695 1255 3913 1334; x_wconf 72' lang='grc' dir='ltr'>ἐπαγω-</span> 
     </span>
    </p>
   </div>
   <div class='ocr_carea' id='block_1_21' title="bbox 517 1338 2178 1427">
    <p class='ocr_par' dir='ltr' id='par_1_21' title="bbox 517 1343 2164 1427">
     <span class='ocr_line' id='line_1_21' title="bbox 517 1343 2164 1427; baseline -0.004 -17"><span class='ocrx_word' id='word_1_145' title='bbox 517 1357 634 1410; x_wconf 88' lang='lat' dir='ltr'><strong>tem</strong></span> <span class='ocrx_word' id='word_1_146' title='bbox 667 1349 891 1421; x_wconf 79' lang='lat' dir='ltr'><strong>dicere,</strong></span> <span class='ocrx_word' id='word_1_147' title='bbox 927 1349 1034 1408; x_wconf 90' lang='lat' dir='ltr'><strong>hac</strong></span> <span class='ocrx_word' id='word_1_148' title='bbox 1079 1348 1424 1409; x_wconf 87' lang='lat' dir='ltr'><strong>inductione</strong></span> <span class='ocrx_word' id='word_1_149' title='bbox 1478 1364 1654 1427; x_wconf 87' lang='lat' dir='ltr'><strong>quam</strong></span> <span class='ocrx_word' id='word_1_150' title='bbox 1706 1346 1765 1406; x_wconf 92' lang='lat' dir='ltr'><strong>in</strong></span> <span class='ocrx_word' id='word_1_151' title='bbox 1825 1343 2164 1424; x_wconf 83' lang='lat' dir='ltr'><strong>exemplum</strong></span> 
     </span>
    </p>
   </div>
   <div class='ocr_carea' id='block_1_22' title="bbox 2249 1338 3910 1427">
    <p class='ocr_par' dir='ltr' id='par_1_22' title="bbox 2253 1338 3910 1424">
     <span class='ocr_line' id='line_1_22' title="bbox 2253 1338 3910 1424; baseline 0.004 -30"><span class='ocrx_word' id='word_1_152' title='bbox 2253 1344 2356 1416; x_wconf 81' lang='grc' dir='ltr'>γῆς</span> <span class='ocrx_word' id='word_1_153' title='bbox 2388 1338 2546 1406; x_wconf 80' lang='grc' dir='ltr'>τήσδε</span> <span class='ocrx_word' id='word_1_154' title='bbox 2605 1339 2766 1409; x_wconf 81' lang='grc' dir='ltr'>δῆλόν</span> <span class='ocrx_word' id='word_1_155' title='bbox 2825 1344 2935 1400; x_wconf 84' lang='grc' dir='ltr'>ἐστι</span> <span class='ocrx_word' id='word_1_156' title='bbox 2992 1343 3194 1416; x_wconf 76' lang='grc' dir='ltr'>μᾶλλον</span> <span class='ocrx_word' id='word_1_157' title='bbox 3251 1350 3348 1412; x_wconf 77' lang='grc' dir='ltr'>τῆς</span> <span class='ocrx_word' id='word_1_158' title='bbox 3397 1342 3910 1424; x_wconf 78' lang='grc' dir='ltr'>παραδειγματικῆς,</span> 
     </span>
    </p>
   </div>
   <div class='ocr_carea' id='block_1_23' title="bbox 514 1429 2175 1516">
    <p class='ocr_par' dir='ltr' id='par_1_23' title="bbox 514 1431 2161 1516">
     <span class='ocr_line' id='line_1_23' title="bbox 514 1431 2161 1516; baseline -0.003 -17"><span class='ocrx_word' id='word_1_159' title='bbox 514 1438 709 1513; x_wconf 81' lang='lat' dir='ltr'><strong>aﬂ&#39;ert,</strong></span> <span class='ocrx_word' id='word_1_160' title='bbox 745 1438 932 1516; x_wconf 86' lang='lat' dir='ltr'><strong>palam</strong></span> <span class='ocrx_word' id='word_1_161' title='bbox 967 1442 1078 1498; x_wconf 78' lang='lat' dir='ltr'><strong>est.</strong></span> <span class='ocrx_word' id='word_1_162' title='bbox 1140 1437 1376 1498; x_wconf 88' lang='lat' dir='ltr'><strong>Etenim</strong></span> <span class='ocrx_word' id='word_1_163' title='bbox 1429 1435 1478 1496; x_wconf 89' lang='lat' dir='ltr'><strong>si</strong></span> <span class='ocrx_word' id='word_1_164' title='bbox 1538 1435 1812 1512; x_wconf 85' lang='lat' dir='ltr'><strong>accipere</strong></span> <span class='ocrx_word' id='word_1_165' title='bbox 1842 1431 2055 1494; x_wconf 83' lang='lat' dir='ltr'><strong>Filium</strong></span> <span class='ocrx_word' id='word_1_166' title='bbox 2088 1432 2161 1494; x_wconf 90' lang='lat' dir='ltr'><strong>ab</strong></span> 
     </span>
    </p>
   </div>
   <div class='ocr_carea' id='block_1_24' title="bbox 2262 1429 3923 1516">
    <p class='ocr_par' dir='ltr' id='par_1_24' title="bbox 2262 1429 3923 1512">
     <span class='ocr_line' id='line_1_24' title="bbox 2262 1429 3923 1512; baseline 0.001 -26"><span class='ocrx_word' id='word_1_167' title='bbox 2262 1429 2309 1486; x_wconf 81' lang='grc' dir='ltr'><strong>Εἰ</strong></span> <span class='ocrx_word' id='word_1_168' title='bbox 2372 1430 2560 1504; x_wconf 54' lang='grc' dir='ltr'>μέντοι</span> <span class='ocrx_word' id='word_1_169' title='bbox 2612 1433 2674 1488; x_wconf 81' lang='grc' dir='ltr'>τὸ</span> <span class='ocrx_word' id='word_1_170' title='bbox 2737 1430 2924 1488; x_wconf 78' lang='grc' dir='ltr'>λαϐεῖν</span> <span class='ocrx_word' id='word_1_171' title='bbox 2969 1435 3062 1488; x_wconf 84' lang='grc' dir='ltr'>τὸν</span> <span class='ocrx_word' id='word_1_172' title='bbox 3120 1435 3240 1489; x_wconf 80' lang='grc' dir='ltr'>Υἱὸν</span> <span class='ocrx_word' id='word_1_173' title='bbox 3281 1433 3406 1511; x_wconf 83' lang='grc' dir='ltr'>παρ’</span> <span class='ocrx_word' id='word_1_174' title='bbox 3473 1432 3658 1512; x_wconf 75' lang='grc' dir='ltr'>ἄλλου,</span> <span class='ocrx_word' id='word_1_175' title='bbox 3702 1435 3923 1490; x_wconf 79' lang='grc' dir='ltr'>τουτέστ</span> 
     </span>
    </p>
   </div>
   <div class='ocr_carea' id='block_1_25' title="bbox 516 1521 2177 1602">
    <p class='ocr_par' dir='ltr' id='par_1_25' title="bbox 516 1523 2155 1602">
     <span class='ocr_line' id='line_1_25' title="bbox 516 1523 2155 1602; baseline -0.002 -16"><span class='ocrx_word' id='word_1_176' title='bbox 516 1526 655 1600; x_wconf 90' lang='lat' dir='ltr'><strong>alio,</strong></span> <span class='ocrx_word' id='word_1_177' title='bbox 693 1525 804 1585; x_wconf 90' lang='lat' dir='ltr'><strong>hoc</strong></span> <span class='ocrx_word' id='word_1_178' title='bbox 835 1533 924 1586; x_wconf 90' lang='lat' dir='ltr'><strong>est</strong></span> <span class='ocrx_word' id='word_1_179' title='bbox 983 1527 1178 1598; x_wconf 80' lang='lat' dir='ltr'><strong>Patre,</strong></span> <span class='ocrx_word' id='word_1_180' title='bbox 1224 1523 1507 1602; x_wconf 89' lang='lat' dir='ltr'><strong>Spiritum</strong></span> <span class='ocrx_word' id='word_1_181' title='bbox 1541 1532 1805 1584; x_wconf 88' lang='lat' dir='ltr'><strong>sanctum</strong></span> <span class='ocrx_word' id='word_1_182' title='bbox 1858 1539 2155 1596; x_wconf 88' lang='lat' dir='ltr'><strong>asserens,</strong></span> 
     </span>
    </p>
   </div>
   <div class='ocr_carea' id='block_1_26' title="bbox 2258 1521 3919 1602">
    <p class='ocr_par' dir='ltr' id='par_1_26' title="bbox 2258 1521 3919 1600">
     <span class='ocr_line' id='line_1_26' title="bbox 2258 1521 3919 1600; baseline 0.001 -28"><span class='ocrx_word' id='word_1_183' title='bbox 2258 1523 2335 1574; x_wconf 78' lang='lat'><strong>:06</strong></span> <span class='ocrx_word' id='word_1_184' title='bbox 2379 1521 2608 1597; x_wconf 79' lang='grc' dir='ltr'>Πατρὸς,</span> <span class='ocrx_word' id='word_1_185' title='bbox 2644 1526 2856 1596; x_wconf 83' lang='grc' dir='ltr'>Πνεῦμα</span> <span class='ocrx_word' id='word_1_186' title='bbox 2885 1522 2948 1577; x_wconf 80' lang='grc' dir='ltr'>τὸ</span> <span class='ocrx_word' id='word_1_187' title='bbox 2989 1525 3134 1577; x_wconf 84' lang='grc' dir='ltr'>θεῖον</span> <span class='ocrx_word' id='word_1_188' title='bbox 3177 1521 3376 1598; x_wconf 85' lang='grc' dir='ltr'>λέγων,</span> <span class='ocrx_word' id='word_1_189' title='bbox 3428 1523 3566 1578; x_wconf 81' lang='grc' dir='ltr'>κατὰ</span> <span class='ocrx_word' id='word_1_190' title='bbox 3593 1523 3686 1586; x_wconf 77' lang='grc' dir='ltr'>τὰς</span> <span class='ocrx_word' id='word_1_191' title='bbox 3716 1521 3919 1600; x_wconf 71' lang='grc' dir='ltr'>ἐκφανε-</span> 
     </span>
    </p>
   </div>
   <div class='ocr_carea' id='block_1_27' title="bbox 515 1606 2176 1690">
    <p class='ocr_par' dir='ltr' id='par_1_27' title="bbox 515 1611 2158 1690">
     <span class='ocr_line' id='line_1_27' title="bbox 515 1611 2158 1690; baseline -0.004 -14"><span class='ocrx_word' id='word_1_192' title='bbox 515 1613 842 1675; x_wconf 87' lang='lat' dir='ltr'><strong>secundum</strong></span> <span class='ocrx_word' id='word_1_193' title='bbox 875 1614 1202 1674; x_wconf 86' lang='lat' dir='ltr'><strong>divinarum</strong></span> <span class='ocrx_word' id='word_1_194' title='bbox 1243 1612 1679 1690; x_wconf 84' lang='lat' dir='ltr'><strong>Scripturarum</strong></span> <span class='ocrx_word' id='word_1_195' title='bbox 1712 1611 2158 1688; x_wconf 88' lang='lat' dir='ltr'><strong>interpretatio-</strong></span> 
     </span>
    </p>
   </div>
   <div class='ocr_carea' id='block_1_28' title="bbox 2254 1606 3915 1690">
    <p class='ocr_par' dir='ltr' id='par_1_28' title="bbox 2254 1606 3915 1690">
     <span class='ocr_line' id='line_1_28' title="bbox 2254 1606 3915 1690; baseline 0.002 -30"><span class='ocrx_word' id='word_1_196' title='bbox 2254 1606 2418 1682; x_wconf 83' lang='grc' dir='ltr'>τορίας</span> <span class='ocrx_word' id='word_1_197' title='bbox 2465 1614 2685 1687; x_wconf 74' lang='grc' dir='ltr'>Γραφῶν</span> <span class='ocrx_word' id='word_1_198' title='bbox 2743 1615 2850 1664; x_wconf 88' lang='grc' dir='ltr'><strong>τῶν</strong></span> <span class='ocrx_word' id='word_1_199' title='bbox 2906 1609 3056 1666; x_wconf 87' lang='grc' dir='ltr'>θείων</span> <span class='ocrx_word' id='word_1_200' title='bbox 3135 1610 3337 1689; x_wconf 78' lang='grc' dir='ltr'>ἑωρᾶτο</span> <span class='ocrx_word' id='word_1_201' title='bbox 3393 1612 3632 1690; x_wconf 76' lang='grc' dir='ltr'>φάσκων,</span> <span class='ocrx_word' id='word_1_202' title='bbox 3690 1609 3752 1666; x_wconf 83' lang='grc' dir='ltr'><strong>αἴ</strong></span> <span class='ocrx_word' id='word_1_203' title='bbox 3805 1617 3915 1666; x_wconf 73' lang='grc' dir='ltr'><strong>πᾶν</strong></span> 
     </span>
    </p>
   </div>
   <div class='ocr_carea' id='block_1_29' title="bbox 513 1693 2174 1783">
    <p class='ocr_par' dir='ltr' id='par_1_29' title="bbox 513 1697 2158 1783">
     <span class='ocr_line' id='line_1_29' title="bbox 513 1697 2158 1783; baseline -0.002 -21"><span class='ocrx_word' id='word_1_204' title='bbox 513 1721 620 1763; x_wconf 90' lang='lat' dir='ltr'><strong>nes</strong></span> <span class='ocrx_word' id='word_1_205' title='bbox 649 1712 962 1776; x_wconf 87' lang='lat' dir='ltr'><strong>assereret,</strong></span> <span class='ocrx_word' id='word_1_206' title='bbox 994 1721 1124 1783; x_wconf 77' lang='lat' dir='ltr'><strong>quae</strong></span> <span class='ocrx_word' id='word_1_207' title='bbox 1155 1701 1445 1782; x_wconf 86' lang='lat' dir='ltr'><strong>quidquid</strong></span> <span class='ocrx_word' id='word_1_208' title='bbox 1497 1720 1565 1762; x_wconf 81' lang='lat' dir='ltr'><strong>ex</strong></span> <span class='ocrx_word' id='word_1_209' title='bbox 1605 1700 1757 1762; x_wconf 88' lang='lat' dir='ltr'><strong>Filio</strong></span> <span class='ocrx_word' id='word_1_210' title='bbox 1811 1707 1869 1760; x_wconf 85' lang='lat' dir='ltr'><strong>et</strong></span> <span class='ocrx_word' id='word_1_211' title='bbox 1922 1717 2028 1778; x_wconf 91' lang='lat' dir='ltr'><strong>per</strong></span> <span class='ocrx_word' id='word_1_212' title='bbox 2055 1697 2158 1760; x_wconf 88' lang='lat' dir='ltr'><strong>Fi-</strong></span> 
     </span>
    </p>
   </div>
   <div class='ocr_carea' id='block_1_30' title="bbox 2245 1693 3906 1783">
    <p class='ocr_par' dir='ltr' id='par_1_30' title="bbox 2245 1693 3906 1777">
     <span class='ocr_line' id='line_1_30' title="bbox 2245 1693 3906 1777; baseline 0.004 -29"><span class='ocrx_word' id='word_1_213' title='bbox 2245 1693 2270 1748; x_wconf 84' lang='grc' dir='ltr'>ὃ</span> <span class='ocrx_word' id='word_1_214' title='bbox 2322 1716 2372 1750; x_wconf 88' lang='grc' dir='ltr'><strong>τι</strong></span> <span class='ocrx_word' id='word_1_215' title='bbox 2430 1717 2528 1774; x_wconf 89' lang='grc' dir='ltr'><strong>περ</strong></span> <span class='ocrx_word' id='word_1_216' title='bbox 2571 1696 2623 1762; x_wconf 77' lang='grc' dir='ltr'><strong>ἐξ</strong></span> <span class='ocrx_word' id='word_1_217' title='bbox 2669 1700 2788 1754; x_wconf 78' lang='grc' dir='ltr'>Υἱοῦ</span> <span class='ocrx_word' id='word_1_218' title='bbox 2830 1701 2915 1753; x_wconf 86' lang='grc' dir='ltr'>καὶ</span> <span class='ocrx_word' id='word_1_219' title='bbox 2970 1695 3037 1753; x_wconf 82' lang='grc' dir='ltr'>δι’</span> <span class='ocrx_word' id='word_1_220' title='bbox 3096 1701 3215 1756; x_wconf 80' lang='grc' dir='ltr'>Υἱοῦ</span> <span class='ocrx_word' id='word_1_221' title='bbox 3276 1698 3563 1777; x_wconf 74' lang='grc' dir='ltr'>λεγόμενον</span> <span class='ocrx_word' id='word_1_222' title='bbox 3605 1699 3691 1756; x_wconf 68' lang='grc' dir='ltr'>ἐπί</span> <span class='ocrx_word' id='word_1_223' title='bbox 3718 1720 3775 1756; x_wconf 86' lang='grc' dir='ltr'><strong>τε</strong></span> <span class='ocrx_word' id='word_1_224' title='bbox 3806 1705 3906 1765; x_wconf 71' lang='lat'><strong>1-7,;</strong></span> 
     </span>
    </p>
   </div>
   <div class='ocr_carea' id='block_1_31' title="bbox 517 1782 2178 1870">
    <p class='ocr_par' dir='ltr' id='par_1_31' title="bbox 517 1782 2161 1870">
     <span class='ocr_line' id='line_1_31' title="bbox 517 1782 2161 1870; baseline -0.003 -19"><span class='ocrx_word' id='word_1_225' title='bbox 517 1790 658 1851; x_wconf 89' lang='lat' dir='ltr'><strong>lium</strong></span> <span class='ocrx_word' id='word_1_226' title='bbox 711 1790 952 1870; x_wconf 87' lang='lat' dir='ltr'><strong>dicitur,</strong></span> <span class='ocrx_word' id='word_1_227' title='bbox 1017 1782 1138 1852; x_wconf 86' lang='lat' dir='ltr'><strong>tum</strong></span> <span class='ocrx_word' id='word_1_228' title='bbox 1189 1792 1264 1852; x_wconf 90' lang='lat' dir='ltr'><strong>de</strong></span> <span class='ocrx_word' id='word_1_229' title='bbox 1315 1791 1578 1852; x_wconf 90' lang='lat' dir='ltr'><strong>increata</strong></span> <span class='ocrx_word' id='word_1_230' title='bbox 1635 1797 1695 1849; x_wconf 92' lang='lat' dir='ltr'><strong>et</strong></span> <span class='ocrx_word' id='word_1_231' title='bbox 1725 1786 2161 1867; x_wconf 89' lang='lat' dir='ltr'><strong>supernaturali</strong></span> 
     </span>
    </p>
   </div>
   <div class='ocr_carea' id='block_1_32' title="bbox 2250 1782 3911 1870">
    <p class='ocr_par' dir='ltr' id='par_1_32' title="bbox 2250 1782 3911 1866">
     <span class='ocr_line' id='line_1_32' title="bbox 2250 1782 3911 1866; baseline 0.004 -28"><span class='ocrx_word' id='word_1_232' title='bbox 2250 1782 2487 1841; x_wconf 74' lang='lat' dir='ltr'><strong>‘zxtt&#39;cnou</strong></span> <span class='ocrx_word' id='word_1_233' title='bbox 2546 1788 2634 1841; x_wconf 84' lang='grc' dir='ltr'><strong>καὶ</strong></span> <span class='ocrx_word' id='word_1_234' title='bbox 2689 1788 2978 1866; x_wconf 72' lang='grc' dir='ltr'>ὑπερφυοῦς</span> <span class='ocrx_word' id='word_1_235' title='bbox 3037 1794 3130 1844; x_wconf 88' lang='grc' dir='ltr'><strong>τοῦ</strong></span> <span class='ocrx_word' id='word_1_236' title='bbox 3189 1789 3494 1863; x_wconf 68' lang='grc' dir='ltr'>Πνεῦματος</span> <span class='ocrx_word' id='word_1_237' title='bbox 3539 1789 3911 1866; x_wconf 68' lang='grc' dir='ltr'>ὑποστάσεως,</span> 
     </span>
    </p>
   </div>
   <div class='ocr_carea' id='block_1_33' title="bbox 514 1869 2175 1966">
    <p class='ocr_par' dir='ltr' id='par_1_33' title="bbox 514 1869 2158 1966">
     <span class='ocr_line' id='line_1_33' title="bbox 514 1869 2158 1966; baseline -0.004 -25"><span class='ocrx_word' id='word_1_238' title='bbox 514 1877 766 1958; x_wconf 87' lang='lat' dir='ltr'><strong>Spiritus</strong></span> <span class='ocrx_word' id='word_1_239' title='bbox 790 1869 1108 1959; x_wconf 16' lang='lat' dir='ltr'><strong>hypo’stasi,</strong></span> <span class='ocrx_word' id='word_1_240' title='bbox 1142 1889 1262 1941; x_wconf 91' lang='lat' dir='ltr'><strong>tum</strong></span> <span class='ocrx_word' id='word_1_241' title='bbox 1289 1879 1365 1940; x_wconf 92' lang='lat' dir='ltr'><strong>de</strong></span> <span class='ocrx_word' id='word_1_242' title='bbox 1412 1897 1611 1940; x_wconf 89' lang='lat' dir='ltr'><strong>rerum</strong></span> <span class='ocrx_word' id='word_1_243' title='bbox 1648 1879 1871 1940; x_wconf 76' lang='lat' dir='ltr'><strong>factura</strong></span> <span class='ocrx_word' id='word_1_244' title='bbox 1898 1885 1959 1966; x_wconf 90' lang='lat' dir='ltr'><strong>et</strong></span> <span class='ocrx_word' id='word_1_245' title='bbox 1988 1893 2158 1936; x_wconf 85' lang='lat' dir='ltr'><strong>crea-</strong></span> 
     </span>
    </p>
   </div>
   <div class='ocr_carea' id='block_1_34' title="bbox 2245 1869 3906 1966">
    <p class='ocr_par' dir='ltr' id='par_1_34' title="bbox 2245 1869 3906 1954">
     <span class='ocr_line' id='line_1_34' title="bbox 2245 1869 3906 1954; baseline 0.003 -28"><span class='ocrx_word' id='word_1_246' title='bbox 2245 1869 2327 1927; x_wconf 74' lang='grc' dir='ltr'>ἐπί</span> <span class='ocrx_word' id='word_1_247' title='bbox 2369 1893 2425 1928; x_wconf 89' lang='grc' dir='ltr'><strong>τε</strong></span> <span class='ocrx_word' id='word_1_248' title='bbox 2481 1878 2579 1940; x_wconf 76' lang='grc' dir='ltr'>τῆς</span> <span class='ocrx_word' id='word_1_249' title='bbox 2643 1875 2750 1931; x_wconf 85' lang='grc' dir='ltr'><strong>τῶν</strong></span> <span class='ocrx_word' id='word_1_250' title='bbox 2811 1873 2977 1931; x_wconf 80' lang='grc' dir='ltr'>ὄντων</span> <span class='ocrx_word' id='word_1_251' title='bbox 3020 1873 3364 1954; x_wconf 78' lang='grc' dir='ltr'>δημιουργίας</span> <span class='ocrx_word' id='word_1_252' title='bbox 3428 1877 3516 1932; x_wconf 81' lang='grc' dir='ltr'><strong>καὶ</strong></span> <span class='ocrx_word' id='word_1_253' title='bbox 3559 1876 3778 1938; x_wconf 78' lang='grc' dir='ltr'>κτίσεως</span> <span class='ocrx_word' id='word_1_254' title='bbox 3830 1879 3906 1938; x_wconf 84' lang='grc' dir='ltr'>εἷς</span> 
     </span>
    </p>
   </div>
   <div class='ocr_carea' id='block_1_35' title="bbox 513 1962 2174 2048">
    <p class='ocr_par' dir='ltr' id='par_1_35' title="bbox 513 1965 2164 2048">
     <span class='ocr_line' id='line_1_35' title="bbox 513 1965 2164 2048; baseline -0.001 -20"><span class='ocrx_word' id='word_1_255' title='bbox 513 1967 676 2030; x_wconf 88' lang='lat' dir='ltr'><strong>tione</strong></span> <span class='ocrx_word' id='word_1_256' title='bbox 706 1967 776 2029; x_wconf 86' lang='lat' dir='ltr'><strong>ad</strong></span> <span class='ocrx_word' id='word_1_257' title='bbox 834 1971 1063 2030; x_wconf 80' lang='lat' dir='ltr'><strong>Patrem</strong></span> <span class='ocrx_word' id='word_1_258' title='bbox 1098 1973 1346 2048; x_wconf 88' lang='lat' dir='ltr'><strong>primam</strong></span> <span class='ocrx_word' id='word_1_259' title='bbox 1396 1986 1659 2035; x_wconf 85' lang='lat' dir='ltr'><strong>causam,</strong></span> <span class='ocrx_word' id='word_1_260' title='bbox 1693 1975 1754 2028; x_wconf 90' lang='lat' dir='ltr'><strong>et</strong></span> <span class='ocrx_word' id='word_1_261' title='bbox 1783 1965 2070 2043; x_wconf 87' lang='lat' dir='ltr'><strong>radicem,</strong></span> <span class='ocrx_word' id='word_1_262' title='bbox 2105 1974 2164 2028; x_wconf 87' lang='lat' dir='ltr'><strong>et</strong></span> 
     </span>
    </p>
   </div>
   <div class='ocr_carea' id='block_1_36' title="bbox 2246 1962 3907 2048">
    <p class='ocr_par' dir='ltr' id='par_1_36' title="bbox 2249 1962 3907 2042">
     <span class='ocr_line' id='line_1_36' title="bbox 2249 1962 3907 2042; baseline 0.003 -27"><span class='ocrx_word' id='word_1_263' title='bbox 2249 1962 2345 2028; x_wconf 71' lang='grc' dir='ltr'>τὴν</span> <span class='ocrx_word' id='word_1_264' title='bbox 2403 1962 2620 2041; x_wconf 86' lang='grc' dir='ltr'>πρώτην</span> <span class='ocrx_word' id='word_1_265' title='bbox 2699 1964 2867 2020; x_wconf 73' lang='grc' dir='ltr'>αἰτίαν</span> <span class='ocrx_word' id='word_1_266' title='bbox 2937 1966 3029 2020; x_wconf 80' lang='grc' dir='ltr'><strong>τὸν</strong></span> <span class='ocrx_word' id='word_1_267' title='bbox 3090 1964 3298 2042; x_wconf 90' lang='grc' dir='ltr'>Πατέρα</span> <span class='ocrx_word' id='word_1_268' title='bbox 3340 1966 3427 2021; x_wconf 84' lang='grc' dir='ltr'><strong>καὶ</strong></span> <span class='ocrx_word' id='word_1_269' title='bbox 3469 1967 3568 2032; x_wconf 75' lang='grc' dir='ltr'>τὴν</span> <span class='ocrx_word' id='word_1_270' title='bbox 3610 1965 3769 2042; x_wconf 75' lang='grc' dir='ltr'>ῥίζαν,</span> <span class='ocrx_word' id='word_1_271' title='bbox 3816 1967 3907 2020; x_wconf 86' lang='grc' dir='ltr'>καὶ</span> 
     </span>
    </p>
   </div>
   <div class='ocr_carea' id='block_1_37' title="bbox 512 2048 2173 2138">
    <p class='ocr_par' dir='ltr' id='par_1_37' title="bbox 512 2052 2165 2138">
     <span class='ocr_line' id='line_1_37' title="bbox 512 2052 2165 2138; baseline -0.002 -21"><span class='ocrx_word' id='word_1_272' title='bbox 512 2057 903 2137; x_wconf 84' lang='lat' dir='ltr'><strong>principalem</strong></span> <span class='ocrx_word' id='word_1_273' title='bbox 937 2065 996 2119; x_wconf 91' lang='lat' dir='ltr'><strong>et</strong></span> <span class='ocrx_word' id='word_1_274' title='bbox 1028 2057 1370 2138; x_wconf 86' lang='lat' dir='ltr'><strong>primariam</strong></span> <span class='ocrx_word' id='word_1_275' title='bbox 1426 2057 1722 2130; x_wconf 79' lang='lat' dir='ltr'><strong>referunt,</strong></span> <span class='ocrx_word' id='word_1_276' title='bbox 1753 2073 1889 2116; x_wconf 90' lang='lat' dir='ltr'><strong>cum</strong></span> <span class='ocrx_word' id='word_1_277' title='bbox 1936 2060 1995 2115; x_wconf 92' lang='lat' dir='ltr'><strong>et</strong></span> <span class='ocrx_word' id='word_1_278' title='bbox 2023 2052 2165 2114; x_wconf 90' lang='lat' dir='ltr'><strong>inde</strong></span> 
     </span>
    </p>
   </div>
   <div class='ocr_carea' id='block_1_38' title="bbox 2246 2048 3907 2138">
    <p class='ocr_par' dir='ltr' id='par_1_38' title="bbox 2246 2048 3907 2131">
     <span class='ocr_line' id='line_1_38' title="bbox 2246 2048 3907 2131; baseline -0.002 -22"><span class='ocrx_word' id='word_1_279' title='bbox 2246 2048 2306 2104; x_wconf 82' lang='grc' dir='ltr'><strong>τό</strong></span> <span class='ocrx_word' id='word_1_280' title='bbox 2374 2049 2600 2130; x_wconf 78' lang='grc' dir='ltr'>ἀρχικὸν</span> <span class='ocrx_word' id='word_1_281' title='bbox 2673 2051 2872 2126; x_wconf 74' lang='grc' dir='ltr'>αἴτιον,</span> <span class='ocrx_word' id='word_1_282' title='bbox 2931 2055 3020 2110; x_wconf 77' lang='grc' dir='ltr'><strong>καὶ</strong></span> <span class='ocrx_word' id='word_1_283' title='bbox 3094 2054 3153 2110; x_wconf 85' lang='lat'><strong>1‘0</strong></span> <span class='ocrx_word' id='word_1_284' title='bbox 3223 2055 3673 2131; x_wconf 77' lang='grc' dir='ltr'>προκαταρκτικὸν</span> <span class='ocrx_word' id='word_1_285' title='bbox 3728 2053 3907 2110; x_wconf 68' lang='grc' dir='ltr'>α’ῗτιον</span> 
     </span>
    </p>
   </div>
   <div class='ocr_carea' id='block_1_39' title="bbox 514 2136 2175 2224">
    <p class='ocr_par' dir='ltr' id='par_1_39' title="bbox 514 2136 2164 2224">
     <span class='ocr_line' id='line_1_39' title="bbox 514 2136 2164 2224; baseline -0.002 -18"><span class='ocrx_word' id='word_1_286' title='bbox 514 2136 730 2206; x_wconf 90' lang='lat' dir='ltr'><strong>Filium</strong></span> <span class='ocrx_word' id='word_1_287' title='bbox 751 2145 943 2224; x_wconf 78' lang='lat' dir='ltr'><strong>ipsum</strong></span> <span class='ocrx_word' id='word_1_288' title='bbox 969 2136 1297 2206; x_wconf 80' lang='lat' dir='ltr'><strong>subsistere</strong></span> <span class='ocrx_word' id='word_1_289' title='bbox 1330 2145 1411 2206; x_wconf 89' lang='lat' dir='ltr'><strong>uti</strong></span> <span class='ocrx_word' id='word_1_290' title='bbox 1451 2148 1638 2208; x_wconf 89' lang='lat' dir='ltr'><strong>Deum</strong></span> <span class='ocrx_word' id='word_1_291' title='bbox 1673 2163 1780 2224; x_wconf 89' lang='lat' dir='ltr'><strong>par</strong></span> <span class='ocrx_word' id='word_1_292' title='bbox 1809 2143 1905 2218; x_wconf 90' lang='lat' dir='ltr'><strong>sit,</strong></span> <span class='ocrx_word' id='word_1_293' title='bbox 1941 2151 1999 2204; x_wconf 90' lang='lat' dir='ltr'><strong>et</strong></span> <span class='ocrx_word' id='word_1_294' title='bbox 2025 2151 2164 2203; x_wconf 84' lang='lat' dir='ltr'><strong>ante</strong></span> 
     </span>
    </p>
   </div>
   <div class='ocr_carea' id='block_1_40' title="bbox 2244 2136 3905 2224">
    <p class='ocr_par' dir='ltr' id='par_1_40' title="bbox 2245 2136 3905 2217">
     <span class='ocr_line' id='line_1_40' title="bbox 2245 2136 3905 2217; baseline 0.004 -26"><span class='ocrx_word' id='word_1_295' title='bbox 2245 2136 2608 2217; x_wconf 66' lang='grc' dir='ltr'>ἀναφέρουσιν,</span> <span class='ocrx_word' id='word_1_296' title='bbox 2670 2139 2782 2196; x_wconf 78' lang='grc' dir='ltr'>ἐπεὶ</span> <span class='ocrx_word' id='word_1_297' title='bbox 2851 2143 2941 2198; x_wconf 81' lang='grc' dir='ltr'><strong>καὶ</strong></span> <span class='ocrx_word' id='word_1_298' title='bbox 3004 2141 3131 2198; x_wconf 71' lang='grc' dir='ltr'>αὐτὸ</span> <span class='ocrx_word' id='word_1_299' title='bbox 3187 2141 3248 2198; x_wconf 91' lang='grc' dir='ltr'><strong>τό</strong></span> <span class='ocrx_word' id='word_1_300' title='bbox 3303 2143 3394 2199; x_wconf 86' lang='grc' dir='ltr'><strong>τόν</strong></span> <span class='ocrx_word' id='word_1_301' title='bbox 3449 2143 3568 2199; x_wconf 81' lang='grc' dir='ltr'>Υἶόν</span> <span class='ocrx_word' id='word_1_302' title='bbox 3620 2143 3905 2201; x_wconf 69' lang='grc' dir='ltr'>ὑφεστάναι</span> 
     </span>
    </p>
   </div>
   <div class='ocr_carea' id='block_1_41' title="bbox 514 2228 2175 2310">
    <p class='ocr_par' dir='ltr' id='par_1_41' title="bbox 514 2229 2160 2310">
     <span class='ocr_line' id='line_1_41' title="bbox 514 2229 2160 2310; baseline -0.004 -16"><span class='ocrx_word' id='word_1_303' title='bbox 514 2233 727 2294; x_wconf 63' lang='lat' dir='ltr'><strong>saecula</strong></span> <span class='ocrx_word' id='word_1_304' title='bbox 759 2233 1050 2306; x_wconf 89' lang='lat' dir='ltr'><strong>intonant,</strong></span> <span class='ocrx_word' id='word_1_305' title='bbox 1084 2233 1414 2294; x_wconf 89' lang='lat' dir='ltr'><strong>secundum</strong></span> <span class='ocrx_word' id='word_1_306' title='bbox 1458 2250 1601 2293; x_wconf 91' lang='lat' dir='ltr'><strong>vero</strong></span> <span class='ocrx_word' id='word_1_307' title='bbox 1632 2231 1902 2293; x_wconf 89' lang='lat' dir='ltr'><strong>ordinem</strong></span> <span class='ocrx_word' id='word_1_308' title='bbox 1935 2229 2160 2310; x_wconf 85' lang='lat' dir='ltr'><strong>sempi-</strong></span> 
     </span>
    </p>
   </div>
   <div class='ocr_carea' id='block_1_42' title="bbox 2236 2228 3897 2310">
    <p class='ocr_par' dir='ltr' id='par_1_42' title="bbox 2243 2228 3897 2309">
     <span class='ocr_line' id='line_1_42' title="bbox 2243 2228 3897 2309; baseline 0.001 -28"><span class='ocrx_word' id='word_1_309' title='bbox 2243 2228 2546 2299; x_wconf 84' lang='grc' dir='ltr'>θεοπρεπῶς</span> <span class='ocrx_word' id='word_1_310' title='bbox 2605 2228 2806 2285; x_wconf 82' lang='grc' dir='ltr'>ὲκε“θεν</span> <span class='ocrx_word' id='word_1_311' title='bbox 2877 2230 2967 2286; x_wconf 86' lang='grc' dir='ltr'><strong>καὶ</strong></span> <span class='ocrx_word' id='word_1_312' title='bbox 3045 2230 3378 2308; x_wconf 84' lang='grc' dir='ltr'>προαιωνίως</span> <span class='ocrx_word' id='word_1_313' title='bbox 3436 2230 3897 2309; x_wconf 79' lang='grc' dir='ltr'>ἀνακηρύττουσιν,</span> 
     </span>
    </p>
   </div>
   <div class='ocr_carea' id='block_1_43' title="bbox 516 2311 2177 2402">
    <p class='ocr_par' dir='ltr' id='par_1_43' title="bbox 516 2320 2164 2402">
     <span class='ocr_line' id='line_1_43' title="bbox 516 2320 2164 2402; baseline -0.004 -18"><span class='ocrx_word' id='word_1_314' title='bbox 516 2321 671 2384; x_wconf 90' lang='lat' dir='ltr'><strong>terni</strong></span> <span class='ocrx_word' id='word_1_315' title='bbox 704 2321 1098 2402; x_wconf 78' lang='lat' dir='ltr'><strong>hypostaseon</strong></span> <span class='ocrx_word' id='word_1_316' title='bbox 1132 2339 1499 2399; x_wconf 82' lang='lat' dir='ltr'><strong>progressus,</strong></span> <span class='ocrx_word' id='word_1_317' title='bbox 1536 2330 1595 2382; x_wconf 92' lang='lat' dir='ltr'><strong>et</strong></span> <span class='ocrx_word' id='word_1_318' title='bbox 1629 2320 1769 2380; x_wconf 90' lang='lat' dir='ltr'><strong>inde</strong></span> <span class='ocrx_word' id='word_1_319' title='bbox 1811 2338 1877 2380; x_wconf 85' lang='lat' dir='ltr'><strong>ex</strong></span> <span class='ocrx_word' id='word_1_320' title='bbox 1913 2327 2164 2398; x_wconf 89' lang='lat' dir='ltr'><strong>utroque</strong></span> 
     </span>
    </p>
   </div>
   <div class='ocr_carea' id='block_1_44' title="bbox 2241 2311 3902 2402">
    <p class='ocr_par' dir='ltr' id='par_1_44' title="bbox 2245 2311 3902 2398">
     <span class='ocr_line' id='line_1_44' title="bbox 2245 2311 3902 2398; baseline 0.004 -30"><span class='ocrx_word' id='word_1_321' title='bbox 2245 2315 2380 2369; x_wconf 76' lang='grc' dir='ltr'>κατὰ</span> <span class='ocrx_word' id='word_1_322' title='bbox 2422 2311 2476 2370; x_wconf 65' lang='grc' dir='ltr'>δὲ</span> <span class='ocrx_word' id='word_1_323' title='bbox 2515 2316 2616 2384; x_wconf 61' lang='grc' dir='ltr'>τὴν</span> <span class='ocrx_word' id='word_1_324' title='bbox 2666 2315 2810 2382; x_wconf 79' lang='grc' dir='ltr'>τάξιν</span> <span class='ocrx_word' id='word_1_325' title='bbox 2867 2322 2966 2384; x_wconf 77' lang='grc' dir='ltr'>τῆς</span> <span class='ocrx_word' id='word_1_326' title='bbox 3028 2315 3197 2374; x_wconf 75' lang='grc' dir='ltr'>ἀϊδίου</span> <span class='ocrx_word' id='word_1_327' title='bbox 3253 2317 3477 2398; x_wconf 80' lang='grc' dir='ltr'>προόδου</span> <span class='ocrx_word' id='word_1_328' title='bbox 3518 2326 3624 2376; x_wconf 85' lang='grc' dir='ltr'><strong>τῶν</strong></span> <span class='ocrx_word' id='word_1_329' title='bbox 3662 2321 3902 2375; x_wconf 73' lang='grc' dir='ltr'>ὑποστα-</span> 
     </span>
    </p>
   </div>
   <div class='ocr_carea' id='block_1_45' title="bbox 515 2403 2176 2486">
    <p class='ocr_par' dir='ltr' id='par_1_45' title="bbox 515 2407 2166 2482">
     <span class='ocr_line' id='line_1_45' title="bbox 515 2407 2166 2482; baseline -0.004 -12"><span class='ocrx_word' id='word_1_330' title='bbox 515 2409 919 2482; x_wconf 85' lang='lat' dir='ltr'><strong>connaturale,</strong></span> <span class='ocrx_word' id='word_1_331' title='bbox 944 2409 1347 2471; x_wconf 89' lang='lat' dir='ltr'><strong>essentialiter</strong></span> <span class='ocrx_word' id='word_1_332' title='bbox 1371 2409 1675 2482; x_wconf 83' lang='lat' dir='ltr'><strong>exsistere,</strong></span> <span class='ocrx_word' id='word_1_333' title='bbox 1707 2427 1774 2470; x_wconf 84' lang='lat' dir='ltr'><strong>ex</strong></span> <span class='ocrx_word' id='word_1_334' title='bbox 1799 2407 1970 2468; x_wconf 84' lang='lat' dir='ltr'><strong>Patre</strong></span> <span class='ocrx_word' id='word_1_335' title='bbox 2000 2423 2166 2467; x_wconf 88' lang='lat' dir='ltr'><strong>nem-</strong></span> 
     </span>
    </p>
   </div>
   <div class='ocr_carea' id='block_1_46' title="bbox 2238 2403 3899 2486">
    <p class='ocr_par' dir='ltr' id='par_1_46' title="bbox 2244 2403 3899 2486">
     <span class='ocr_line' id='line_1_46' title="bbox 2244 2403 3899 2486; baseline 0.005 -34"><span class='ocrx_word' id='word_1_336' title='bbox 2244 2420 2402 2474; x_wconf 86' lang='grc' dir='ltr'>σεων,</span> <span class='ocrx_word' id='word_1_337' title='bbox 2463 2403 2551 2458; x_wconf 88' lang='grc' dir='ltr'><strong>καὶ</strong></span> <span class='ocrx_word' id='word_1_338' title='bbox 2603 2403 2703 2469; x_wconf 69' lang='grc' dir='ltr'><strong>τὴν</strong></span> <span class='ocrx_word' id='word_1_339' title='bbox 2771 2405 3005 2460; x_wconf 68' lang='grc' dir='ltr'>ἔντεῦθεν</span> <span class='ocrx_word' id='word_1_340' title='bbox 3079 2405 3247 2462; x_wconf 77' lang='grc' dir='ltr'>αὐτῶν</span> <span class='ocrx_word' id='word_1_341' title='bbox 3290 2411 3560 2486; x_wconf 65' lang='grc' dir='ltr'>συμφυῖαν</span> <span class='ocrx_word' id='word_1_342' title='bbox 3601 2403 3653 2471; x_wconf 74' lang='grc' dir='ltr'><strong>ἐξ</strong></span> <span class='ocrx_word' id='word_1_343' title='bbox 3697 2406 3899 2484; x_wconf 75' lang='grc' dir='ltr'>ἀμφοῖν</span> 
     </span>
    </p>
   </div>
   <div class='ocr_carea' id='block_1_47' title="bbox 517 2486 2178 2578">
    <p class='ocr_par' dir='ltr' id='par_1_47' title="bbox 517 2495 2164 2578">
     <span class='ocr_line' id='line_1_47' title="bbox 517 2495 2164 2578; baseline -0.003 -19"><span class='ocrx_word' id='word_1_344' title='bbox 517 2515 591 2576; x_wconf 88' lang='lat' dir='ltr'><strong>pe</strong></span> <span class='ocrx_word' id='word_1_345' title='bbox 621 2517 726 2578; x_wconf 91' lang='lat' dir='ltr'><strong>per</strong></span> <span class='ocrx_word' id='word_1_346' title='bbox 781 2497 995 2560; x_wconf 90' lang='lat' dir='ltr'><strong>Filium</strong></span> <span class='ocrx_word' id='word_1_347' title='bbox 1057 2498 1330 2565; x_wconf 85' lang='lat' dir='ltr'><strong>tradunt;</strong></span> <span class='ocrx_word' id='word_1_348' title='bbox 1384 2497 1435 2558; x_wconf 71' lang='lat' dir='ltr'><strong>si</strong></span> <span class='ocrx_word' id='word_1_349' title='bbox 1488 2501 1565 2558; x_wconf 92' lang='lat' dir='ltr'><strong>ita</strong></span> <span class='ocrx_word' id='word_1_350' title='bbox 1608 2495 2036 2576; x_wconf 85' lang='lat' dir='ltr'><strong>pronuntiaret,</strong></span> <span class='ocrx_word' id='word_1_351' title='bbox 2072 2511 2164 2554; x_wconf 64' lang='lat' dir='ltr'><strong>nae</strong></span> 
     </span>
    </p>
   </div>
   <div class='ocr_carea' id='block_1_48' title="bbox 2237 2486 3898 2578">
    <p class='ocr_par' dir='ltr' id='par_1_48' title="bbox 2244 2486 3898 2578">
     <span class='ocr_line' id='line_1_48' title="bbox 2244 2486 3898 2578; baseline 0.003 -34"><span class='ocrx_word' id='word_1_352' title='bbox 2244 2486 2505 2553; x_wconf 73' lang='grc' dir='ltr'>οὗσιωδῶς</span> <span class='ocrx_word' id='word_1_353' title='bbox 2577 2491 2858 2578; x_wconf 72' lang='grc' dir='ltr'>ὑπᾴρχειν,</span> <span class='ocrx_word' id='word_1_354' title='bbox 2916 2491 3080 2570; x_wconf 77' lang='grc' dir='ltr'>ἤγουν</span> <span class='ocrx_word' id='word_1_355' title='bbox 3138 2492 3200 2549; x_wconf 68' lang='grc' dir='ltr'>ἐκ</span> <span class='ocrx_word' id='word_1_356' title='bbox 3270 2495 3474 2572; x_wconf 79' lang='grc' dir='ltr'>Πατρὸς</span> <span class='ocrx_word' id='word_1_357' title='bbox 3537 2493 3603 2550; x_wconf 83' lang='grc' dir='ltr'>δι’</span> <span class='ocrx_word' id='word_1_358' title='bbox 3666 2495 3785 2551; x_wconf 76' lang='grc' dir='ltr'>Υἶοῦ</span> <span class='ocrx_word' id='word_1_359' title='bbox 3836 2499 3898 2549; x_wconf 75' lang='grc' dir='ltr'><strong>τό</strong></span> 
     </span>
    </p>
   </div>
   <div class='ocr_carea' id='block_1_49' title="bbox 511 2577 2172 2665">
    <p class='ocr_par' dir='ltr' id='par_1_49' title="bbox 511 2577 2162 2665">
     <span class='ocr_line' id='line_1_49' title="bbox 511 2577 2162 2665; baseline -0.001 -20"><span class='ocrx_word' id='word_1_360' title='bbox 511 2577 976 2665; x_wconf 24' lang='grc' dir='ltr'>ἱΙΙοίρνωοεριω</span> <span class='ocrx_word' id='word_1_361' title='bbox 1009 2585 1180 2646; x_wconf 90' lang='lat' dir='ltr'><strong>nobis</strong></span> <span class='ocrx_word' id='word_1_362' title='bbox 1235 2587 1674 2665; x_wconf 82' lang='lat' dir='ltr'><strong>Scripturarum</strong></span> <span class='ocrx_word' id='word_1_363' title='bbox 1739 2581 2162 2665; x_wconf 81' lang='lat' dir='ltr'><strong>perquisitioni</strong></span> 
     </span>
    </p>
   </div>
   <div class='ocr_carea' id='block_1_50' title="bbox 2231 2577 3892 2665">
    <p class='ocr_par' dir='ltr' id='par_1_50' title="bbox 2243 2577 3892 2665">
     <span class='ocr_line' id='line_1_50' title="bbox 2243 2577 3892 2665; baseline 0.005 -35"><span class='ocrx_word' id='word_1_364' title='bbox 2243 2582 2456 2665; x_wconf 83' lang='grc' dir='ltr'>Πνεῦμα</span> <span class='ocrx_word' id='word_1_365' title='bbox 2509 2577 2881 2656; x_wconf 87' lang='grc' dir='ltr'>παραδιδόασιν</span> <span class='ocrx_word' id='word_1_366' title='bbox 2915 2595 2928 2610; x_wconf 84' lang='grc'><strong><em>⁸</em></strong></span> <span class='ocrx_word' id='word_1_367' title='bbox 2984 2582 3026 2636; x_wconf 74' lang='grc' dir='ltr'><strong>εἰ</strong></span> <span class='ocrx_word' id='word_1_368' title='bbox 3057 2587 3212 2638; x_wconf 89' lang='grc' dir='ltr'>τοῦτο</span> <span class='ocrx_word' id='word_1_369' title='bbox 3249 2580 3584 2660; x_wconf 76' lang='grc' dir='ltr'>διαγγέλλων</span> <span class='ocrx_word' id='word_1_370' title='bbox 3612 2581 3892 2662; x_wconf 71' lang='grc' dir='ltr'>ἐτύγχανε,</span> 
     </span>
    </p>
   </div>
   <div class='ocr_carea' id='block_1_51' title="bbox 506 2664 2167 2750">
    <p class='ocr_par' dir='ltr' id='par_1_51' title="bbox 506 2664 2162 2737">
     <span class='ocr_line' id='line_1_51' title="bbox 506 2664 2162 2737; baseline -0.001 -3"><span class='ocrx_word' id='word_1_371' title='bbox 506 2664 874 2737; x_wconf 52' lang='grc' dir='ltr'>ἱηῑιωὲετειξ</span> <span class='ocrx_word' id='word_1_372' title='bbox 907 2675 1330 2735; x_wconf 86' lang='lat' dir='ltr'><strong>Verumtamen</strong></span> <span class='ocrx_word' id='word_1_373' title='bbox 1373 2664 1523 2734; x_wconf 82' lang='lat' dir='ltr'><strong>cum</strong></span> <span class='ocrx_word' id='word_1_374' title='bbox 1578 2681 1824 2734; x_wconf 88' lang='lat' dir='ltr'><strong>conatus</strong></span> <span class='ocrx_word' id='word_1_375' title='bbox 1869 2664 2009 2734; x_wconf 78' lang='lat' dir='ltr'><strong>Suos</strong></span> <span class='ocrx_word' id='word_1_376' title='bbox 2040 2671 2162 2733; x_wconf 88' lang='lat' dir='ltr'><strong>alio</strong></span> 
     </span>
    </p>
   </div>
   <div class='ocr_carea' id='block_1_52' title="bbox 2232 2664 3893 2750">
    <p class='ocr_par' dir='ltr' id='par_1_52' title="bbox 2245 2664 3893 2750">
     <span class='ocr_line' id='line_1_52' title="bbox 2245 2664 3893 2750; baseline 0.004 -30"><span class='ocrx_word' id='word_1_377' title='bbox 2245 2664 2340 2732; x_wconf 72' lang='grc' dir='ltr'><strong>τῆς</strong></span> <span class='ocrx_word' id='word_1_378' title='bbox 2385 2665 2772 2743; x_wconf 74' lang='grc' dir='ltr'>ἐντεταλμένης</span> <span class='ocrx_word' id='word_1_379' title='bbox 2828 2674 3093 2750; x_wconf 73' lang='grc' dir='ltr'>γραφικῆς</span> <span class='ocrx_word' id='word_1_380' title='bbox 3155 2670 3367 2750; x_wconf 72' lang='grc' dir='ltr'>ἐρεύνης</span> <span class='ocrx_word' id='word_1_381' title='bbox 3423 2670 3549 2734; x_wconf 83' lang='grc' dir='ltr'>ὅλος</span> <span class='ocrx_word' id='word_1_382' title='bbox 3592 2672 3660 2740; x_wconf 82' lang='grc' dir='ltr'>ἦν</span> <span class='ocrx_word' id='word_1_383' title='bbox 3705 2670 3893 2750; x_wconf 71' lang='grc' dir='ltr'>ἐξεχό-</span> 
     </span>
    </p>
   </div>
   <div class='ocr_carea' id='block_1_53' title="bbox 509 2752 2170 2842">
    <p class='ocr_par' dir='ltr' id='par_1_53' title="bbox 509 2757 2159 2842">
     <span class='ocr_line' id='line_1_53' title="bbox 509 2757 2159 2842; baseline -0.001 -19"><span class='ocrx_word' id='word_1_384' title='bbox 509 2769 907 2836; x_wconf 73' lang='lat' dir='ltr'><strong>convertat,et</strong></span> <span class='ocrx_word' id='word_1_385' title='bbox 930 2763 1096 2823; x_wconf 79' lang='lat' dir='ltr'><strong>hisce</strong></span> <span class='ocrx_word' id='word_1_386' title='bbox 1117 2762 1450 2842; x_wconf 81' lang='lat' dir='ltr'><strong>oppositum</strong></span> <span class='ocrx_word' id='word_1_387' title='bbox 1472 2757 1734 2823; x_wconf 85' lang='lat' dir='ltr'><strong>insinuet</strong></span> <span class='ocrx_word' id='word_1_388' title='bbox 1760 2783 1775 2822; x_wconf 89' lang='lat'><strong>:</strong></span> <span class='ocrx_word' id='word_1_389' title='bbox 1810 2786 1836 2815; x_wconf 74' lang='grc' dir='ltr'>α</span> <span class='ocrx_word' id='word_1_390' title='bbox 1862 2760 1931 2822; x_wconf 89' lang='lat' dir='ltr'><strong>Et</strong></span> <span class='ocrx_word' id='word_1_391' title='bbox 1963 2761 2159 2834; x_wconf 88' lang='lat' dir='ltr'><strong>mittit,</strong></span> 
     </span>
    </p>
   </div>
   <div class='ocr_carea' id='block_1_54' title="bbox 2220 2752 3881 2842">
    <p class='ocr_par' dir='ltr' id='par_1_54' title="bbox 2245 2752 3881 2838">
     <span class='ocr_line' id='line_1_54' title="bbox 2245 2752 3881 2838; baseline 0.001 -29"><span class='ocrx_word' id='word_1_392' title='bbox 2245 2774 2426 2828; x_wconf 84' lang='grc' dir='ltr'>μενος.</span> <span class='ocrx_word' id='word_1_393' title='bbox 2474 2752 2620 2812; x_wconf 81' lang='grc' dir='ltr'>Ἐπεὶ</span> <span class='ocrx_word' id='word_1_394' title='bbox 2666 2755 2722 2812; x_wconf 77' lang='grc' dir='ltr'>δὲ</span> <span class='ocrx_word' id='word_1_395' title='bbox 2775 2757 2836 2814; x_wconf 91' lang='grc' dir='ltr'><strong>τό</strong></span> <span class='ocrx_word' id='word_1_396' title='bbox 2879 2756 3300 2834; x_wconf 79' lang='grc' dir='ltr'>σπουδαζόμενον</span> <span class='ocrx_word' id='word_1_397' title='bbox 3355 2760 3490 2816; x_wconf 80' lang='grc' dir='ltr'>κατᾶ</span> <span class='ocrx_word' id='word_1_398' title='bbox 3533 2781 3592 2838; x_wconf 85' lang='grc' dir='ltr'><strong>γε</strong></span> <span class='ocrx_word' id='word_1_399' title='bbox 3635 2761 3694 2816; x_wconf 80' lang='grc' dir='ltr'>τὸ</span> <span class='ocrx_word' id='word_1_400' title='bbox 3739 2758 3881 2814; x_wconf 67' lang='lat' dir='ltr'><strong>iuv-</strong></span> 
     </span>
    </p>
   </div>
   <div class='ocr_carea' id='block_1_55' title="bbox 508 2844 2169 2930">
    <p class='ocr_par' dir='ltr' id='par_1_55' title="bbox 508 2849 2161 2930">
     <span class='ocr_line' id='line_1_55' title="bbox 508 2849 2161 2930; baseline 0 -20"><span class='ocrx_word' id='word_1_401' title='bbox 508 2851 610 2922; x_wconf 90' lang='lat' dir='ltr'><strong>ait,</strong></span> <span class='ocrx_word' id='word_1_402' title='bbox 643 2849 1012 2912; x_wconf 84' lang='lat' dir='ltr'><strong>Paracletum</strong></span> <span class='ocrx_word' id='word_1_403' title='bbox 1047 2850 1400 2926; x_wconf 70' lang='lat' dir='ltr'><strong>Unig‘enitus</strong></span> <span class='ocrx_word' id='word_1_404' title='bbox 1430 2858 1742 2930; x_wconf 79' lang='lat' dir='ltr'><strong>acceptum</strong></span> <span class='ocrx_word' id='word_1_405' title='bbox 1773 2849 1847 2911; x_wconf 91' lang='lat' dir='ltr'><strong>ab</strong></span> <span class='ocrx_word' id='word_1_406' title='bbox 1878 2850 2015 2924; x_wconf 72' lang='lat' dir='ltr'><strong>alio,</strong></span> <span class='ocrx_word' id='word_1_407' title='bbox 2049 2867 2161 2910; x_wconf 86' lang='lat' dir='ltr'><strong>ne-</strong></span> 
     </span>
    </p>
   </div>
   <div class='ocr_carea' id='block_1_56' title="bbox 2235 2844 3896 2930">
    <p class='ocr_par' dir='ltr' id='par_1_56' title="bbox 2244 2844 3896 2929">
     <span class='ocr_line' id='line_1_56' title="bbox 2244 2844 3896 2929; baseline 0.004 -31"><span class='ocrx_word' id='word_1_408' title='bbox 2244 2845 2380 2921; x_wconf 86' lang='grc' dir='ltr'>τίον,</span> <span class='ocrx_word' id='word_1_409' title='bbox 2441 2865 2471 2897; x_wconf 72' lang='grc' dir='ltr'><strong>α</strong></span> <span class='ocrx_word' id='word_1_410' title='bbox 2507 2845 2605 2902; x_wconf 78' lang='grc' dir='ltr'>Καὶ</span> <span class='ocrx_word' id='word_1_411' title='bbox 2662 2844 2886 2919; x_wconf 81' lang='grc' dir='ltr'>πέμπει,</span> <span class='ocrx_word' id='word_1_412' title='bbox 2923 2869 2952 2900; x_wconf 73' lang='grc' dir='ltr'><strong>ι</strong></span> <span class='ocrx_word' id='word_1_413' title='bbox 3016 2850 3169 2927; x_wconf 75' lang='grc' dir='ltr'>φησὶ,</span> <span class='ocrx_word' id='word_1_414' title='bbox 3235 2869 3260 2903; x_wconf 85' lang='grc' dir='ltr'><strong>ε</strong></span> <span class='ocrx_word' id='word_1_415' title='bbox 3333 2847 3424 2904; x_wconf 89' lang='grc' dir='ltr'><strong>τόν</strong></span> <span class='ocrx_word' id='word_1_416' title='bbox 3481 2847 3826 2929; x_wconf 73' lang='grc' dir='ltr'>Παράκλητον</span> <span class='ocrx_word' id='word_1_417' title='bbox 3869 2850 3896 2904; x_wconf 83' lang='grc' dir='ltr'>ὁ</span> 
     </span>
    </p>
   </div>
   <div class='ocr_carea' id='block_1_57' title="bbox 518 2931 2179 3019">
    <p class='ocr_par' dir='ltr' id='par_1_57' title="bbox 518 2939 2162 3019">
     <span class='ocr_line' id='line_1_57' title="bbox 518 2939 2162 3019; baseline 0.001 -20"><span class='ocrx_word' id='word_1_418' title='bbox 518 2957 634 3018; x_wconf 91' lang='lat' dir='ltr'><strong>que</strong></span> <span class='ocrx_word' id='word_1_419' title='bbox 656 2958 721 3001; x_wconf 78' lang='lat' dir='ltr'><strong>ex</strong></span> <span class='ocrx_word' id='word_1_420' title='bbox 744 2939 894 3019; x_wconf 89' lang='lat' dir='ltr'><strong>ipso.</strong></span> <span class='ocrx_word' id='word_1_421' title='bbox 923 2957 1114 3019; x_wconf 87' lang='lat' dir='ltr'><strong>neque</strong></span> <span class='ocrx_word' id='word_1_422' title='bbox 1146 2957 1251 3019; x_wconf 90' lang='lat' dir='ltr'><strong>per</strong></span> <span class='ocrx_word' id='word_1_423' title='bbox 1280 2939 1472 3019; x_wconf 91' lang='lat' dir='ltr'><strong>ipsum</strong></span> <span class='ocrx_word' id='word_1_424' title='bbox 1499 2939 1940 3013; x_wconf 70' lang='lat' dir='ltr'><strong>exsistentem,.</strong></span> <span class='ocrx_word' id='word_1_425' title='bbox 1977 2957 2012 3001; x_wconf 90' lang='lat' dir='ltr'><strong>a</strong></span> <span class='ocrx_word' id='word_1_426' title='bbox 2043 2957 2162 3018; x_wconf 88' lang='lat' dir='ltr'><strong>quo</strong></span> 
     </span>
    </p>
   </div>
   <div class='ocr_carea' id='block_1_58' title="bbox 2233 2931 3894 3019">
    <p class='ocr_par' dir='ltr' id='par_1_58' title="bbox 2247 2931 3894 3019">
     <span class='ocr_line' id='line_1_58' title="bbox 2247 2931 3894 3019; baseline 0.004 -34"><span class='ocrx_word' id='word_1_427' title='bbox 2247 2933 2546 3019; x_wconf 62' lang='grc' dir='ltr'>Μονογενὴς</span> <span class='ocrx_word' id='word_1_428' title='bbox 2593 2931 2716 3012; x_wconf 76' lang='grc' dir='ltr'>παρ’</span> <span class='ocrx_word' id='word_1_429' title='bbox 2775 2933 2938 2990; x_wconf 77' lang='grc' dir='ltr'>ἄλλου</span> <span class='ocrx_word' id='word_1_430' title='bbox 2979 2934 3176 3008; x_wconf 81' lang='grc' dir='ltr'>λαϐὼν,</span> <span class='ocrx_word' id='word_1_431' title='bbox 3222 2935 3353 3012; x_wconf 74' lang='grc' dir='ltr'>μητ⁹</span> <span class='ocrx_word' id='word_1_432' title='bbox 3415 2936 3468 3003; x_wconf 73' lang='grc' dir='ltr'>ἐξ</span> <span class='ocrx_word' id='word_1_433' title='bbox 3536 2939 3712 3011; x_wconf 74' lang='grc' dir='ltr'>αὒτοῦ,</span> <span class='ocrx_word' id='word_1_434' title='bbox 3757 2938 3894 3012; x_wconf 65' lang='grc' dir='ltr'>μήτε</span> 
     </span>
    </p>
   </div>
   <div class='ocr_carea' id='block_1_59' title="bbox 514 3017 2175 3107">
    <p class='ocr_par' dir='ltr' id='par_1_59' title="bbox 514 3017 2160 3107">
     <span class='ocr_line' id='line_1_59' title="bbox 514 3017 2160 3107; baseline 0.001 -21"><span class='ocrx_word' id='word_1_435' title='bbox 514 3017 654 3089; x_wconf 78' lang='lat' dir='ltr'><strong>vero</strong></span> <span class='ocrx_word' id='word_1_436' title='bbox 685 3017 904 3107; x_wconf 83' lang='lat' dir='ltr'><strong>accipit</strong></span> <span class='ocrx_word' id='word_1_437' title='bbox 933 3017 1128 3103; x_wconf 80' lang='lat' dir='ltr'><strong>Patre,</strong></span> <span class='ocrx_word' id='word_1_438' title='bbox 1149 3017 1857 3107; x_wconf 13' lang='lat' dir='ltr'><strong>soloinempe,Spiritum</strong></span> <span class='ocrx_word' id='word_1_439' title='bbox 1889 3017 2160 3088; x_wconf 84' lang='lat' dir='ltr'><strong>commu-</strong></span> 
     </span>
    </p>
   </div>
   <div class='ocr_carea' id='block_1_60' title="bbox 2230 3017 3891 3107">
    <p class='ocr_par' dir='ltr' id='par_1_60' title="bbox 2243 3017 3891 3104">
     <span class='ocr_line' id='line_1_60' title="bbox 2243 3017 3891 3104; baseline 0.004 -30"><span class='ocrx_word' id='word_1_440' title='bbox 2243 3017 2310 3075; x_wconf 81' lang='grc' dir='ltr'>δι’</span> <span class='ocrx_word' id='word_1_441' title='bbox 2343 3020 2496 3076; x_wconf 80' lang='grc' dir='ltr'>αὐτοῦ</span> <span class='ocrx_word' id='word_1_442' title='bbox 2539 3020 2687 3101; x_wconf 84' lang='grc' dir='ltr'>ὅντα,</span> <span class='ocrx_word' id='word_1_443' title='bbox 2751 3039 2774 3070; x_wconf 74' lang='grc' dir='ltr'>ι</span> <span class='ocrx_word' id='word_1_444' title='bbox 2837 3024 2963 3102; x_wconf 85' lang='grc' dir='ltr'>παρ’</span> <span class='ocrx_word' id='word_1_445' title='bbox 3020 3031 3082 3081; x_wconf 90' lang='grc' dir='ltr'><strong>οῦ</strong></span> <span class='ocrx_word' id='word_1_446' title='bbox 3135 3022 3188 3080; x_wconf 80' lang='grc' dir='ltr'>δὲ</span> <span class='ocrx_word' id='word_1_447' title='bbox 3231 3024 3483 3100; x_wconf 71' lang='grc' dir='ltr'>λαμϐάνει</span> <span class='ocrx_word' id='word_1_448' title='bbox 3543 3035 3636 3085; x_wconf 90' lang='grc' dir='ltr'><strong>τοῦ</strong></span> <span class='ocrx_word' id='word_1_449' title='bbox 3692 3027 3891 3104; x_wconf 84' lang='grc' dir='ltr'>Πατρός</span> 
     </span>
    </p>
   </div>
   <div class='ocr_carea' id='block_1_61' title="bbox 513 3109 2174 3195">
    <p class='ocr_par' dir='ltr' id='par_1_61' title="bbox 513 3114 2156 3195">
     <span class='ocr_line' id='line_1_61' title="bbox 513 3114 2156 3195; baseline 0 -19"><span class='ocrx_word' id='word_1_450' title='bbox 513 3133 650 3176; x_wconf 89' lang='lat' dir='ltr'><strong>nem</strong></span> <span class='ocrx_word' id='word_1_451' title='bbox 675 3134 806 3176; x_wconf 90' lang='lat' dir='ltr'><strong>esse</strong></span> <span class='ocrx_word' id='word_1_452' title='bbox 825 3125 880 3176; x_wconf 90' lang='lat' dir='ltr'><strong>et</strong></span> <span class='ocrx_word' id='word_1_453' title='bbox 899 3116 1200 3195; x_wconf 89' lang='lat' dir='ltr'><strong>proprium</strong></span> <span class='ocrx_word' id='word_1_454' title='bbox 1224 3121 1303 3177; x_wconf 90' lang='lat' dir='ltr'><strong>uti</strong></span> <span class='ocrx_word' id='word_1_455' title='bbox 1329 3117 1525 3180; x_wconf 79' lang='lat' dir='ltr'><strong>Patris</strong></span> <span class='ocrx_word' id='word_1_456' title='bbox 1545 3117 1622 3176; x_wconf 89' lang='lat' dir='ltr'><strong>ita</strong></span> <span class='ocrx_word' id='word_1_457' title='bbox 1645 3125 1704 3176; x_wconf 91' lang='lat' dir='ltr'><strong>et</strong></span> <span class='ocrx_word' id='word_1_458' title='bbox 1723 3114 1880 3193; x_wconf 87' lang='lat' dir='ltr'><strong>Filii,</strong></span> <span class='ocrx_word' id='word_1_459' title='bbox 1908 3133 2156 3193; x_wconf 87' lang='lat' dir='ltr'><strong>quorum</strong></span> 
     </span>
    </p>
   </div>
   <div class='ocr_carea' id='block_1_62' title="bbox 2224 3109 3885 3195">
    <p class='ocr_par' dir='ltr' id='par_1_62' title="bbox 2243 3109 3885 3193">
     <span class='ocr_line' id='line_1_62' title="bbox 2243 3109 3885 3193; baseline 0.005 -29"><span class='ocrx_word' id='word_1_460' title='bbox 2243 3109 2434 3184; x_wconf 70' lang='grc' dir='ltr'>μένου,</span> <span class='ocrx_word' id='word_1_461' title='bbox 2477 3112 2537 3165; x_wconf 90' lang='grc' dir='ltr'><strong>τό</strong></span> <span class='ocrx_word' id='word_1_462' title='bbox 2590 3110 2688 3185; x_wconf 77' lang='grc' dir='ltr'>μὲν</span> <span class='ocrx_word' id='word_1_463' title='bbox 2747 3113 2930 3169; x_wconf 81' lang='grc' dir='ltr'>κοινόν</span> <span class='ocrx_word' id='word_1_464' title='bbox 2959 3116 3098 3169; x_wconf 84' lang='grc' dir='ltr'>εἶναι</span> <span class='ocrx_word' id='word_1_465' title='bbox 3142 3115 3230 3170; x_wconf 88' lang='grc' dir='ltr'><strong>καὶ</strong></span> <span class='ocrx_word' id='word_1_466' title='bbox 3257 3111 3393 3170; x_wconf 72' lang='grc' dir='ltr'>ἳδιον</span> <span class='ocrx_word' id='word_1_467' title='bbox 3421 3117 3496 3179; x_wconf 81' lang='grc' dir='ltr'>ὡς</span> <span class='ocrx_word' id='word_1_468' title='bbox 3539 3121 3631 3172; x_wconf 83' lang='grc' dir='ltr'><strong>τοῦ</strong></span> <span class='ocrx_word' id='word_1_469' title='bbox 3665 3116 3885 3193; x_wconf 82' lang='grc' dir='ltr'>Πατρός,</span> 
     </span>
    </p>
   </div>
   <div class='ocr_carea' id='block_1_63' title="bbox 511 3197 2172 3284">
    <p class='ocr_par' dir='ltr' id='par_1_63' title="bbox 511 3202 2158 3284">
     <span class='ocr_line' id='line_1_63' title="bbox 511 3202 2158 3284; baseline 0.001 -21"><span class='ocrx_word' id='word_1_470' title='bbox 511 3204 919 3282; x_wconf 85' lang='lat' dir='ltr'><strong>acceptiouem</strong></span> <span class='ocrx_word' id='word_1_471' title='bbox 953 3214 1012 3266; x_wconf 86' lang='lat' dir='ltr'><strong>et</strong></span> <span class='ocrx_word' id='word_1_472' title='bbox 1043 3204 1500 3284; x_wconf 72' lang='lat' dir='ltr'><strong>eXplicationem</strong></span> <span class='ocrx_word' id='word_1_473' title='bbox 1526 3222 1701 3284; x_wconf 89' lang='lat' dir='ltr'><strong>supra</strong></span> <span class='ocrx_word' id='word_1_474' title='bbox 1722 3204 1896 3264; x_wconf 90' lang='lat' dir='ltr'><strong>allata</strong></span> <span class='ocrx_word' id='word_1_475' title='bbox 1923 3202 2158 3265; x_wconf 87' lang='lat' dir='ltr'><strong>Patrum</strong></span> 
     </span>
    </p>
   </div>
   <div class='ocr_carea' id='block_1_64' title="bbox 2230 3197 3891 3284">
    <p class='ocr_par' dir='ltr' id='par_1_64' title="bbox 2242 3197 3891 3284">
     <span class='ocr_line' id='line_1_64' title="bbox 2242 3197 3891 3284; baseline 0.004 -30"><span class='ocrx_word' id='word_1_476' title='bbox 2242 3197 2378 3284; x_wconf 79' lang='grc' dir='ltr'>οὕτω</span> <span class='ocrx_word' id='word_1_477' title='bbox 2429 3198 2517 3254; x_wconf 79' lang='grc' dir='ltr'>καὶ</span> <span class='ocrx_word' id='word_1_478' title='bbox 2570 3205 2663 3254; x_wconf 73' lang='grc' dir='ltr'><strong>τοῦ</strong></span> <span class='ocrx_word' id='word_1_479' title='bbox 2708 3200 2827 3256; x_wconf 78' lang='grc' dir='ltr'>Υίοῦ</span> <span class='ocrx_word' id='word_1_480' title='bbox 2893 3203 2954 3256; x_wconf 79' lang='grc' dir='ltr'>τὸ</span> <span class='ocrx_word' id='word_1_481' title='bbox 3012 3207 3245 3280; x_wconf 84' lang='grc' dir='ltr'>Πνεῦμα,</span> <span class='ocrx_word' id='word_1_482' title='bbox 3301 3203 3377 3259; x_wconf 88' lang='grc' dir='ltr'><strong>ῶν</strong></span> <span class='ocrx_word' id='word_1_483' title='bbox 3432 3203 3530 3270; x_wconf 79' lang='grc' dir='ltr'>τὴν</span> <span class='ocrx_word' id='word_1_484' title='bbox 3571 3202 3738 3279; x_wconf 79' lang='grc' dir='ltr'>λῆψιν</span> <span class='ocrx_word' id='word_1_485' title='bbox 3805 3207 3891 3261; x_wconf 78' lang='grc' dir='ltr'><strong>καὶ</strong></span> 
     </span>
    </p>
   </div>
   <div class='ocr_carea' id='block_1_65' title="bbox 508 3283 2169 3392">
    <p class='ocr_par' dir='ltr' id='par_1_65' title="bbox 508 3283 2158 3370">
     <span class='ocr_line' id='line_1_65' title="bbox 508 3283 2158 3370; baseline 0.002 -19"><span class='ocrx_word' id='word_1_486' title='bbox 508 3291 666 3352; x_wconf 83' lang='lat' dir='ltr'><strong>dicta</strong></span> <span class='ocrx_word' id='word_1_487' title='bbox 696 3283 1298 3367; x_wconf 71' lang='lat' dir='ltr'><strong>manifestant,motlis</strong></span> <span class='ocrx_word' id='word_1_488' title='bbox 1317 3283 2158 3370; x_wconf 80' lang='lat' dir='ltr'><strong>omnibusrelegat,utservile</strong></span> 
     </span>
    </p>
   </div>
   <div class='ocr_carea' id='block_1_66' title="bbox 2226 3283 3887 3392">
    <p class='ocr_par' dir='ltr' id='par_1_66' title="bbox 2241 3283 3887 3392">
     <span class='ocr_line' id='line_1_66' title="bbox 2241 3283 3887 3372; baseline 0.005 -32"><span class='ocrx_word' id='word_1_489' title='bbox 2241 3283 2584 3364; x_wconf 86' lang='grc' dir='ltr'>διευκρίνησιν</span> <span class='ocrx_word' id='word_1_490' title='bbox 2666 3289 2718 3342; x_wconf 77' lang='grc' dir='ltr'>αἱ</span> <span class='ocrx_word' id='word_1_491' title='bbox 2801 3287 3046 3368; x_wconf 80' lang='grc' dir='ltr'>ἀνωτέρω</span> <span class='ocrx_word' id='word_1_492' title='bbox 3126 3293 3418 3365; x_wconf 82' lang='grc' dir='ltr'>τεθειμέναι</span> <span class='ocrx_word' id='word_1_493' title='bbox 3470 3293 3720 3372; x_wconf 83' lang='grc' dir='ltr'>πατρικαὶ</span> <span class='ocrx_word' id='word_1_494' title='bbox 3785 3293 3887 3368; x_wconf 73' lang='grc' dir='ltr'><strong>ῥή-</strong></span> 
     </span>
     <span class='ocr_line' id='line_1_67' title="bbox 2411 3372 3798 3392; baseline 0 0"><span class='ocrx_word' id='word_1_495' title='bbox 2411 3372 2435 3392; x_wconf 58' lang='lat' dir='ltr'><strong>a</strong></span> <span class='ocrx_word' id='word_1_496' title='bbox 2653 3382 2676 3391; x_wconf 79' lang='lat'><strong>-</strong></span> <span class='ocrx_word' id='word_1_497' title='bbox 2968 3378 2980 3392; x_wconf 88' lang='lat'><strong><em>.</em></strong></span> <span class='ocrx_word' id='word_1_498' title='bbox 3207 3378 3220 3392; x_wconf 87' lang='lat'><em>.</em></span> <span class='ocrx_word' id='word_1_499' title='bbox 3301 3377 3320 3392; x_wconf 61' lang='grc' dir='ltr'>ς</span> <span class='ocrx_word' id='word_1_500' title='bbox 3382 3380 3395 3392; x_wconf 92' lang='grc'><strong><em>.</em></strong></span> <span class='ocrx_word' id='word_1_501' title='bbox 3599 3382 3612 3392; x_wconf 92' lang='grc'><em>.</em></span> <span class='ocrx_word' id='word_1_502' title='bbox 3673 3378 3714 3392; x_wconf 81' lang='grc'><strong>...</strong></span> <span class='ocrx_word' id='word_1_503' title='bbox 3773 3377 3798 3392; x_wconf 77' lang='grc'>.</span> 
     </span>
    </p>
   </div>
   <div class='ocr_carea' id='block_1_67' title="bbox 513 3372 2174 3460">
    <p class='ocr_par' dir='ltr' id='par_1_67' title="bbox 513 3379 2154 3459">
     <span class='ocr_line' id='line_1_68' title="bbox 513 3379 2154 3459; baseline 0 -19"><span class='ocrx_word' id='word_1_504' title='bbox 513 3379 908 3441; x_wconf 88' lang='lat' dir='ltr'><strong>ministerium</strong></span> <span class='ocrx_word' id='word_1_505' title='bbox 934 3381 1236 3459; x_wconf 86' lang='lat' dir='ltr'><strong>complere</strong></span> <span class='ocrx_word' id='word_1_506' title='bbox 1259 3381 1468 3442; x_wconf 88' lang='lat' dir='ltr'><strong>Filium</strong></span> <span class='ocrx_word' id='word_1_507' title='bbox 1520 3398 1766 3441; x_wconf 89' lang='lat' dir='ltr'><strong>necesse</strong></span> <span class='ocrx_word' id='word_1_508' title='bbox 1787 3380 1883 3452; x_wconf 92' lang='lat' dir='ltr'><strong>sit,</strong></span> <span class='ocrx_word' id='word_1_509' title='bbox 1919 3389 1976 3441; x_wconf 91' lang='lat' dir='ltr'><strong>et</strong></span> <span class='ocrx_word' id='word_1_510' title='bbox 2005 3380 2154 3440; x_wconf 87' lang='lat' dir='ltr'><strong>alie-</strong></span> 
     </span>
    </p>
   </div>
   <div class='ocr_carea' id='block_1_68' title="bbox 2226 3372 3887 3460">
    <p class='ocr_par' dir='ltr' id='par_1_68' title="bbox 2241 3372 3887 3460">
     <span class='ocr_line' id='line_1_69' title="bbox 2241 3372 3887 3460; baseline 0.004 -30"><span class='ocrx_word' id='word_1_511' title='bbox 2241 3395 2349 3438; x_wconf 87' lang='grc' dir='ltr'>σεις</span> <span class='ocrx_word' id='word_1_512' title='bbox 2406 3372 2756 3453; x_wconf 85' lang='grc' dir='ltr'>διατρανοῦσι,</span> <span class='ocrx_word' id='word_1_513' title='bbox 2813 3378 3145 3434; x_wconf 60' lang='grc' dir='ltr'>παντάπασι)</span> <span class='ocrx_word' id='word_1_514' title='bbox 3197 3377 3504 3460; x_wconf 76' lang='grc' dir='ltr'>ἀπελαύνει,</span> <span class='ocrx_word' id='word_1_515' title='bbox 3565 3382 3626 3438; x_wconf 78' lang='grc' dir='ltr'>τὸ</span> <span class='ocrx_word' id='word_1_516' title='bbox 3668 3378 3722 3436; x_wconf 67' lang='grc' dir='ltr'>δὲ</span> <span class='ocrx_word' id='word_1_517' title='bbox 3769 3377 3887 3436; x_wconf 86' lang='grc' dir='ltr'>δια-</span> 
     </span>
    </p>
   </div>
   <div class='ocr_carea' id='block_1_69' title="bbox 513 3461 2174 3549">
    <p class='ocr_par' dir='ltr' id='par_1_69' title="bbox 513 3467 2156 3549">
     <span class='ocr_line' id='line_1_70' title="bbox 513 3467 2156 3549; baseline 0.001 -22"><span class='ocrx_word' id='word_1_518' title='bbox 513 3486 653 3528; x_wconf 89' lang='lat' dir='ltr'><strong>num</strong></span> <span class='ocrx_word' id='word_1_519' title='bbox 710 3467 784 3529; x_wconf 89' lang='lat' dir='ltr'><strong>ab</strong></span> <span class='ocrx_word' id='word_1_520' title='bbox 835 3469 963 3549; x_wconf 91' lang='lat' dir='ltr'><strong>ipso</strong></span> <span class='ocrx_word' id='word_1_521' title='bbox 1014 3469 1302 3548; x_wconf 88' lang='lat' dir='ltr'><strong>Spiritum</strong></span> <span class='ocrx_word' id='word_1_522' title='bbox 1363 3486 1520 3546; x_wconf 90' lang='lat' dir='ltr'><strong>esse,</strong></span> <span class='ocrx_word' id='word_1_523' title='bbox 1578 3486 1830 3547; x_wconf 89' lang='lat' dir='ltr'><strong>quorum</strong></span> <span class='ocrx_word' id='word_1_524' title='bbox 1890 3469 2156 3548; x_wconf 89' lang='lat' dir='ltr'><strong>ineptum</strong></span> 
     </span>
    </p>
   </div>
   <div class='ocr_carea' id='block_1_70' title="bbox 2227 3461 3888 3549">
    <p class='ocr_par' dir='ltr' id='par_1_70' title="bbox 2237 3461 3888 3548">
     <span class='ocr_line' id='line_1_71' title="bbox 2237 3461 3888 3548; baseline 0.004 -31"><span class='ocrx_word' id='word_1_525' title='bbox 2237 3463 2456 3530; x_wconf 79' lang='grc' dir='ltr'>κονικὴν</span> <span class='ocrx_word' id='word_1_526' title='bbox 2502 3461 2850 3542; x_wconf 71' lang='grc' dir='ltr'>ἀποπληροῦν</span> <span class='ocrx_word' id='word_1_527' title='bbox 2909 3467 2999 3522; x_wconf 78' lang='grc' dir='ltr'><strong>τὸν</strong></span> <span class='ocrx_word' id='word_1_528' title='bbox 3069 3468 3188 3523; x_wconf 75' lang='grc' dir='ltr'>Υἱόν</span> <span class='ocrx_word' id='word_1_529' title='bbox 3244 3469 3453 3548; x_wconf 83' lang='grc' dir='ltr'>χρείαν,</span> <span class='ocrx_word' id='word_1_530' title='bbox 3497 3471 3586 3525; x_wconf 81' lang='grc' dir='ltr'><strong>καὶ</strong></span> <span class='ocrx_word' id='word_1_531' title='bbox 3627 3475 3687 3524; x_wconf 74' lang='grc' dir='ltr'>τὸ</span> <span class='ocrx_word' id='word_1_532' title='bbox 3735 3467 3888 3524; x_wconf 81' lang='grc' dir='ltr'>ἄλλό-</span> 
     </span>
    </p>
   </div>
   <div class='ocr_carea' id='block_1_71' title="bbox 506 3551 2167 3636">
    <p class='ocr_par' dir='ltr' id='par_1_71' title="bbox 506 3557 2158 3635">
     <span class='ocr_line' id='line_1_72' title="bbox 506 3557 2158 3635; baseline 0.003 -21"><span class='ocrx_word' id='word_1_533' title='bbox 506 3562 685 3635; x_wconf 89' lang='lat' dir='ltr'><strong>atque</strong></span> <span class='ocrx_word' id='word_1_534' title='bbox 741 3557 1067 3616; x_wconf 88' lang='lat' dir='ltr'><strong>absurdum</strong></span> <span class='ocrx_word' id='word_1_535' title='bbox 1119 3557 1342 3618; x_wconf 90' lang='lat' dir='ltr'><strong>dictum</strong></span> <span class='ocrx_word' id='word_1_536' title='bbox 1401 3557 1557 3616; x_wconf 81' lang='lat' dir='ltr'><strong>dicta</strong></span> <span class='ocrx_word' id='word_1_537' title='bbox 1611 3558 1920 3618; x_wconf 84' lang='lat' dir='ltr'><strong>doctorum</strong></span> <span class='ocrx_word' id='word_1_538' title='bbox 1952 3565 2158 3634; x_wconf 82' lang='lat' dir='ltr'><strong>aperte</strong></span> 
     </span>
    </p>
   </div>
   <div class='ocr_carea' id='block_1_72' title="bbox 2228 3551 3889 3636">
    <p class='ocr_par' dir='ltr' id='par_1_72' title="bbox 2236 3551 3889 3636">
     <span class='ocr_line' id='line_1_73' title="bbox 2236 3551 3889 3636; baseline 0.002 -29"><span class='ocrx_word' id='word_1_539' title='bbox 2236 3572 2380 3628; x_wconf 86' lang='grc' dir='ltr'>τριον</span> <span class='ocrx_word' id='word_1_540' title='bbox 2437 3552 2594 3611; x_wconf 72' lang='grc' dir='ltr'>αὐτοῦ</span> <span class='ocrx_word' id='word_1_541' title='bbox 2650 3551 2712 3608; x_wconf 90' lang='grc' dir='ltr'><strong>τό</strong></span> <span class='ocrx_word' id='word_1_542' title='bbox 2755 3558 2970 3629; x_wconf 80' lang='grc' dir='ltr'>Πνεῦμα</span> <span class='ocrx_word' id='word_1_543' title='bbox 3025 3557 3363 3636; x_wconf 75' lang='grc' dir='ltr'>καθεστάναι,</span> <span class='ocrx_word' id='word_1_544' title='bbox 3399 3559 3474 3614; x_wconf 87' lang='grc' dir='ltr'>ὧν</span> <span class='ocrx_word' id='word_1_545' title='bbox 3529 3558 3629 3626; x_wconf 73' lang='grc' dir='ltr'><strong>τὴν</strong></span> <span class='ocrx_word' id='word_1_546' title='bbox 3671 3557 3889 3615; x_wconf 79' lang='grc' dir='ltr'>ἀτοπίαν</span> 
     </span>
    </p>
   </div>
   <div class='ocr_carea' id='block_1_73' title="bbox 508 3638 2169 3725">
    <p class='ocr_par' dir='ltr' id='par_1_73' title="bbox 508 3642 2157 3724">
     <span class='ocr_line' id='line_1_74' title="bbox 508 3642 2157 3724; baseline 0 -20"><span class='ocrx_word' id='word_1_547' title='bbox 508 3645 898 3721; x_wconf 79' lang='lat' dir='ltr'><strong>redarguunt,</strong></span> <span class='ocrx_word' id='word_1_548' title='bbox 952 3645 1146 3722; x_wconf 85' lang='lat' dir='ltr'><strong>palam</strong></span> <span class='ocrx_word' id='word_1_549' title='bbox 1206 3643 1574 3724; x_wconf 79' lang='lat' dir='ltr'><strong>comprobat.</strong></span> <span class='ocrx_word' id='word_1_550' title='bbox 1612 3652 1669 3704; x_wconf 86' lang='lat' dir='ltr'><strong>et</strong></span> <span class='ocrx_word' id='word_1_551' title='bbox 1722 3643 1813 3704; x_wconf 81' lang='lat' dir='ltr'><strong>vix</strong></span> <span class='ocrx_word' id='word_1_552' title='bbox 1872 3642 2157 3721; x_wconf 77' lang='lat' dir='ltr'><strong>Spiritum</strong></span> 
     </span>
    </p>
   </div>
   <div class='ocr_carea' id='block_1_74' title="bbox 2226 3638 3887 3725">
    <p class='ocr_par' dir='ltr' id='par_1_74' title="bbox 2237 3638 3887 3725">
     <span class='ocr_line' id='line_1_75' title="bbox 2237 3638 3887 3725; baseline 0.004 -30"><span class='ocrx_word' id='word_1_553' title='bbox 2237 3641 2311 3702; x_wconf 77' lang='grc' dir='ltr'>εἷς</span> <span class='ocrx_word' id='word_1_554' title='bbox 2352 3638 2580 3719; x_wconf 80' lang='grc' dir='ltr'>ἔλεγχον</span> <span class='ocrx_word' id='word_1_555' title='bbox 2636 3642 2688 3696; x_wconf 75' lang='grc' dir='ltr'>αἶ</span> <span class='ocrx_word' id='word_1_556' title='bbox 2739 3641 2890 3698; x_wconf 71' lang='grc' dir='ltr'>αὐταὶ</span> <span class='ocrx_word' id='word_1_557' title='bbox 2946 3639 3310 3701; x_wconf 85' lang='grc' dir='ltr'>διδασκαλικαὶ</span> <span class='ocrx_word' id='word_1_558' title='bbox 3364 3653 3641 3725; x_wconf 72' lang='grc' dir='ltr'>φανεροῦοι</span> <span class='ocrx_word' id='word_1_559' title='bbox 3694 3649 3887 3722; x_wconf 79' lang='grc' dir='ltr'>θεηγο-</span> 
     </span>
    </p>
   </div>
   <div class='ocr_carea' id='block_1_75' title="bbox 509 3729 2170 3814">
    <p class='ocr_par' dir='ltr' id='par_1_75' title="bbox 509 3731 2148 3812">
     <span class='ocr_line' id='line_1_76' title="bbox 509 3731 2148 3812; baseline 0.001 -21"><span class='ocrx_word' id='word_1_560' title='bbox 509 3747 642 3796; x_wconf 88' lang='lat' dir='ltr'><strong>esse</strong></span> <span class='ocrx_word' id='word_1_561' title='bbox 667 3732 818 3794; x_wconf 80' lang='lat' dir='ltr'><strong>Filio</strong></span> <span class='ocrx_word' id='word_1_562' title='bbox 849 3733 1144 3805; x_wconf 88' lang='lat' dir='ltr'><strong>concedit,</strong></span> <span class='ocrx_word' id='word_1_563' title='bbox 1181 3732 1323 3794; x_wconf 90' lang='lat' dir='ltr'><strong>dum</strong></span> <span class='ocrx_word' id='word_1_564' title='bbox 1357 3731 1460 3805; x_wconf 92' lang='lat' dir='ltr'><strong>ait,</strong></span> <span class='ocrx_word' id='word_1_565' title='bbox 1489 3757 1517 3788; x_wconf 73' lang='grc' dir='ltr'><strong>α</strong></span> <span class='ocrx_word' id='word_1_566' title='bbox 1550 3741 1650 3792; x_wconf 89' lang='lat' dir='ltr'><strong>aut</strong></span> <span class='ocrx_word' id='word_1_567' title='bbox 1681 3731 1808 3812; x_wconf 93' lang='lat' dir='ltr'><strong>ipse</strong></span> <span class='ocrx_word' id='word_1_568' title='bbox 1838 3731 2088 3804; x_wconf 88' lang='lat' dir='ltr'><strong>habens,</strong></span> <span class='ocrx_word' id='word_1_569' title='bbox 2119 3752 2148 3792; x_wconf 75' lang='grc' dir='ltr'><strong><em>ι</em></strong></span> 
     </span>
    </p>
   </div>
   <div class='ocr_carea' id='block_1_76' title="bbox 2222 3729 3883 3814">
    <p class='ocr_par' dir='ltr' id='par_1_76' title="bbox 2235 3729 3883 3814">
     <span class='ocr_line' id='line_1_77' title="bbox 2235 3729 3883 3814; baseline 0.002 -30"><span class='ocrx_word' id='word_1_570' title='bbox 2235 3729 2364 3808; x_wconf 79' lang='grc' dir='ltr'>ρίαι,</span> <span class='ocrx_word' id='word_1_571' title='bbox 2406 3729 2708 3795; x_wconf 73' lang='grc' dir='ltr'>συνίστησιν</span> <span class='ocrx_word' id='word_1_572' title='bbox 2751 3733 3009 3809; x_wconf 70' lang='grc' dir='ltr'>ὶναργῶς,</span> <span class='ocrx_word' id='word_1_573' title='bbox 3071 3731 3225 3808; x_wconf 88' lang='grc' dir='ltr'>μόλις</span> <span class='ocrx_word' id='word_1_574' title='bbox 3269 3729 3316 3789; x_wconf 84' lang='grc' dir='ltr'>δ’</span> <span class='ocrx_word' id='word_1_575' title='bbox 3364 3731 3512 3814; x_wconf 77' lang='grc' dir='ltr'>ἔχειν</span> <span class='ocrx_word' id='word_1_576' title='bbox 3571 3737 3632 3790; x_wconf 82' lang='grc' dir='ltr'>τὸ</span> <span class='ocrx_word' id='word_1_577' title='bbox 3675 3740 3883 3806; x_wconf 86' lang='grc' dir='ltr'>Πνεῦμα</span> 
     </span>
    </p>
   </div>
   <div class='ocr_carea' id='block_1_77' title="bbox 508 3817 2169 3903">
    <p class='ocr_par' dir='ltr' id='par_1_77' title="bbox 508 3819 2157 3901">
     <span class='ocr_line' id='line_1_78' title="bbox 508 3819 2157 3901; baseline 0.002 -22"><span class='ocrx_word' id='word_1_578' title='bbox 508 3829 625 3880; x_wconf 84' lang='lat' dir='ltr'><strong>non</strong></span> <span class='ocrx_word' id='word_1_579' title='bbox 686 3839 853 3899; x_wconf 68' lang='lat' dir='ltr'><strong>aequa</strong></span> <span class='ocrx_word' id='word_1_580' title='bbox 915 3829 1110 3881; x_wconf 88' lang='lat' dir='ltr'><strong>tamen</strong></span> <span class='ocrx_word' id='word_1_581' title='bbox 1160 3821 1414 3901; x_wconf 88' lang='lat' dir='ltr'><strong>ratione,</strong></span> <span class='ocrx_word' id='word_1_582' title='bbox 1465 3821 1569 3882; x_wconf 91' lang='lat' dir='ltr'><strong>sed</strong></span> <span class='ocrx_word' id='word_1_583' title='bbox 1624 3821 1858 3881; x_wconf 83' lang='lat' dir='ltr'><strong>diverso</strong></span> <span class='ocrx_word' id='word_1_584' title='bbox 1918 3819 2157 3882; x_wconf 89' lang='lat' dir='ltr'><strong>modoa</strong></span> 
     </span>
    </p>
   </div>
   <div class='ocr_carea' id='block_1_78' title="bbox 2215 3817 3876 3903">
    <p class='ocr_par' dir='ltr' id='par_1_78' title="bbox 2237 3817 3876 3903">
     <span class='ocr_line' id='line_1_79' title="bbox 2237 3817 3876 3903; baseline 0.001 -27"><span class='ocrx_word' id='word_1_585' title='bbox 2237 3819 2324 3876; x_wconf 79' lang='grc' dir='ltr'><strong>καὶ</strong></span> <span class='ocrx_word' id='word_1_586' title='bbox 2365 3817 2454 3874; x_wconf 88' lang='grc' dir='ltr'><strong>τόν</strong></span> <span class='ocrx_word' id='word_1_587' title='bbox 2483 3818 2602 3874; x_wconf 76' lang='grc' dir='ltr'>Υίόν</span> <span class='ocrx_word' id='word_1_588' title='bbox 2643 3832 2919 3898; x_wconf 78' lang='grc' dir='ltr'>συγχωρεῖ</span> <span class='ocrx_word' id='word_1_589' title='bbox 2959 3819 3154 3899; x_wconf 84' lang='grc' dir='ltr'>λέγων,</span> <span class='ocrx_word' id='word_1_590' title='bbox 3196 3842 3218 3873; x_wconf 85' lang='grc' dir='ltr'><strong>ε</strong></span> <span class='ocrx_word' id='word_1_591' title='bbox 3263 3821 3300 3888; x_wconf 76' lang='grc' dir='ltr'><strong>ἢ</strong></span> <span class='ocrx_word' id='word_1_592' title='bbox 3323 3823 3411 3878; x_wconf 83' lang='grc' dir='ltr'><strong>καὶ</strong></span> <span class='ocrx_word' id='word_1_593' title='bbox 3441 3823 3595 3886; x_wconf 75' lang='grc' dir='ltr'>αὒτός</span> <span class='ocrx_word' id='word_1_594' title='bbox 3628 3821 3770 3903; x_wconf 80' lang='grc' dir='ltr'>’έχων</span> <span class='ocrx_word' id='word_1_595' title='bbox 3793 3838 3813 3857; x_wconf 89' lang='grc'>⁶</span> <span class='ocrx_word' id='word_1_596' title='bbox 3853 3845 3876 3873; x_wconf 75' lang='grc' dir='ltr'>ι</span> 
     </span>
    </p>
   </div>
   <div class='ocr_carea' id='block_1_79' title="bbox 507 3907 2168 3993">
    <p class='ocr_par' dir='ltr' id='par_1_79' title="bbox 507 3907 2154 3988">
     <span class='ocr_line' id='line_1_80' title="bbox 507 3907 2154 3988; baseline 0 -18"><span class='ocrx_word' id='word_1_597' title='bbox 507 3909 698 3984; x_wconf 88' lang='lat' dir='ltr'><strong>Patre,</strong></span> <span class='ocrx_word' id='word_1_598' title='bbox 733 3909 877 3970; x_wconf 88' lang='lat' dir='ltr'><strong>illud</strong></span> <span class='ocrx_word' id='word_1_599' title='bbox 918 3932 941 3962; x_wconf 69' lang='grc' dir='ltr'>α</span> <span class='ocrx_word' id='word_1_600' title='bbox 977 3927 1051 3971; x_wconf 76' lang='lat' dir='ltr'><strong>ex</strong></span> <span class='ocrx_word' id='word_1_601' title='bbox 1083 3909 1232 3971; x_wconf 90' lang='lat' dir='ltr'><strong>Filio</strong></span> <span class='ocrx_word' id='word_1_602' title='bbox 1264 3934 1289 3964; x_wconf 73' lang='grc' dir='ltr'><strong><em>ι</em></strong></span> <span class='ocrx_word' id='word_1_603' title='bbox 1324 3919 1384 3970; x_wconf 92' lang='lat' dir='ltr'><strong>et</strong></span> <span class='ocrx_word' id='word_1_604' title='bbox 1420 3931 1442 3965; x_wconf 80' lang='grc' dir='ltr'><strong><em>α</em></strong></span> <span class='ocrx_word' id='word_1_605' title='bbox 1473 3928 1581 3988; x_wconf 91' lang='lat' dir='ltr'><strong>per</strong></span> <span class='ocrx_word' id='word_1_606' title='bbox 1611 3909 1822 3971; x_wconf 91' lang='lat' dir='ltr'><strong>Filium</strong></span> <span class='ocrx_word' id='word_1_607' title='bbox 1854 3933 1874 3963; x_wconf 73' lang='grc' dir='ltr'><strong>ι</strong></span> <span class='ocrx_word' id='word_1_608' title='bbox 1912 3907 2154 3970; x_wconf 90' lang='lat' dir='ltr'><strong>omnino</strong></span> 
     </span>
    </p>
   </div>
   <div class='ocr_carea' id='block_1_80' title="bbox 2220 3907 3881 3993">
    <p class='ocr_par' dir='ltr' id='par_1_80' title="bbox 2236 3908 3881 3993">
     <span class='ocr_line' id='line_1_81' title="bbox 2236 3908 3881 3993; baseline 0.002 -29"><span class='ocrx_word' id='word_1_609' title='bbox 2236 3908 2378 3976; x_wconf 73' lang='grc' dir='ltr'>πλὴν</span> <span class='ocrx_word' id='word_1_610' title='bbox 2421 3909 2525 3988; x_wconf 77' lang='grc' dir='ltr'><strong>οὐχ</strong></span> <span class='ocrx_word' id='word_1_611' title='bbox 2567 3909 2786 3984; x_wconf 66' lang='grc' dir='ltr'>ὁμοίως,</span> <span class='ocrx_word' id='word_1_612' title='bbox 2821 3909 2957 3968; x_wconf 73' lang='grc' dir='ltr'>ἀλλὰ</span> <span class='ocrx_word' id='word_1_613' title='bbox 3009 3913 3097 3968; x_wconf 83' lang='grc' dir='ltr'>καὶ</span> <span class='ocrx_word' id='word_1_614' title='bbox 3126 3912 3264 3969; x_wconf 78' lang='grc' dir='ltr'>οὕτω</span> <span class='ocrx_word' id='word_1_615' title='bbox 3309 3919 3386 3988; x_wconf 84' lang='grc' dir='ltr'><strong>τῷ</strong></span> <span class='ocrx_word' id='word_1_616' title='bbox 3433 3913 3597 3993; x_wconf 89' lang='grc' dir='ltr'>Πατρί</span> <span class='ocrx_word' id='word_1_617' title='bbox 3625 3913 3881 3989; x_wconf 86' lang='grc' dir='ltr'>ἀνομοίως</span> 
     </span>
    </p>
   </div>
   <div class='ocr_carea' id='block_1_81' title="bbox 503 3994 2164 4080">
    <p class='ocr_par' dir='ltr' id='par_1_81' title="bbox 503 3996 2155 4078">
     <span class='ocr_line' id='line_1_82' title="bbox 503 3996 2155 4078; baseline -0.001 -21"><span class='ocrx_word' id='word_1_618' title='bbox 503 3997 853 4076; x_wconf 89' lang='lat' dir='ltr'><strong>amandans,</strong></span> <span class='ocrx_word' id='word_1_619' title='bbox 889 4007 950 4058; x_wconf 92' lang='lat' dir='ltr'><strong>ut</strong></span> <span class='ocrx_word' id='word_1_620' title='bbox 982 3996 1632 4078; x_wconf 78' lang='lat' dir='ltr'><strong>ineptiebatNestortus</strong></span> <span class='ocrx_word' id='word_1_621' title='bbox 1653 3996 1841 4059; x_wconf 87' lang='lat' dir='ltr'><strong>Deum</strong></span> <span class='ocrx_word' id='word_1_622' title='bbox 1870 4005 1926 4058; x_wconf 90' lang='lat' dir='ltr'><strong>et</strong></span> <span class='ocrx_word' id='word_1_623' title='bbox 1957 3996 2155 4058; x_wconf 87' lang='lat' dir='ltr'><strong>homi-</strong></span> 
     </span>
    </p>
   </div>
   <div class='ocr_carea' id='block_1_82' title="bbox 2219 3994 3880 4080">
    <p class='ocr_par' dir='ltr' id='par_1_82' title="bbox 2235 3994 3880 4080">
     <span class='ocr_line' id='line_1_83' title="bbox 2235 3994 3880 4080; baseline 0.002 -29"><span class='ocrx_word' id='word_1_624' title='bbox 2235 4005 2298 4052; x_wconf 85' lang='lat'><strong>10</strong></span> <span class='ocrx_word' id='word_1_625' title='bbox 2353 3994 2406 4060; x_wconf 68' lang='grc' dir='ltr'><strong>ἒξ</strong></span> <span class='ocrx_word' id='word_1_626' title='bbox 2441 3999 2562 4055; x_wconf 78' lang='grc' dir='ltr'>ι’ἱοῦ</span> <span class='ocrx_word' id='word_1_627' title='bbox 2587 3997 2674 4055; x_wconf 87' lang='grc' dir='ltr'><strong>καὶ</strong></span> <span class='ocrx_word' id='word_1_628' title='bbox 2702 3994 2769 4052; x_wconf 85' lang='grc' dir='ltr'><strong>δι’</strong></span> <span class='ocrx_word' id='word_1_629' title='bbox 2812 4001 2932 4055; x_wconf 77' lang='grc' dir='ltr'>Υἶοῦ</span> <span class='ocrx_word' id='word_1_630' title='bbox 2985 3998 3208 4074; x_wconf 70' lang='grc' dir='ltr'>πάμπαν</span> <span class='ocrx_word' id='word_1_631' title='bbox 3264 3998 3662 4080; x_wconf 74' lang='grc' dir='ltr'>ἆπαῤῥαπίζων,</span> <span class='ocrx_word' id='word_1_632' title='bbox 3715 4001 3880 4057; x_wconf 77' lang='grc' dir='ltr'>καθά-</span> 
     </span>
    </p>
   </div>
   <div class='ocr_carea' id='block_1_83' title="bbox 501 4084 2162 4170">
    <p class='ocr_par' dir='ltr' id='par_1_83' title="bbox 501 4085 2147 4166">
     <span class='ocr_line' id='line_1_84' title="bbox 501 4085 2147 4166; baseline -0.001 -18"><span class='ocrx_word' id='word_1_633' title='bbox 501 4106 640 4148; x_wconf 86' lang='lat' dir='ltr'><strong>nem</strong></span> <span class='ocrx_word' id='word_1_634' title='bbox 664 4095 871 4148; x_wconf 88' lang='lat' dir='ltr'><strong>natura</strong></span> <span class='ocrx_word' id='word_1_635' title='bbox 891 4085 1476 4161; x_wconf 74' lang='lat' dir='ltr'><strong>Verbum,deit‘erum</strong></span> <span class='ocrx_word' id='word_1_636' title='bbox 1505 4086 1806 4149; x_wconf 90' lang='lat' dir='ltr'><strong>hominem</strong></span> <span class='ocrx_word' id='word_1_637' title='bbox 1821 4086 2147 4166; x_wconf 87' lang='lat' dir='ltr'><strong>appellans,</strong></span> 
     </span>
    </p>
   </div>
   <div class='ocr_carea' id='block_1_84' title="bbox 2221 4084 3882 4170">
    <p class='ocr_par' dir='ltr' id='par_1_84' title="bbox 2233 4084 3882 4170">
     <span class='ocr_line' id='line_1_85' title="bbox 2233 4084 3882 4170; baseline 0.002 -29"><span class='ocrx_word' id='word_1_638' title='bbox 2233 4105 2332 4163; x_wconf 90' lang='grc' dir='ltr'><strong>περ</strong></span> <span class='ocrx_word' id='word_1_639' title='bbox 2373 4084 2627 4164; x_wconf 76' lang='grc' dir='ltr'>ἒληρώδει</span> <span class='ocrx_word' id='word_1_640' title='bbox 2670 4087 2978 4168; x_wconf 82' lang='grc' dir='ltr'>Νεστόριος,</span> <span class='ocrx_word' id='word_1_641' title='bbox 3022 4089 3112 4145; x_wconf 82' lang='grc' dir='ltr'>τὸν</span> <span class='ocrx_word' id='word_1_642' title='bbox 3180 4089 3327 4170; x_wconf 78' lang='grc' dir='ltr'>φύσει</span> <span class='ocrx_word' id='word_1_643' title='bbox 3391 4090 3722 4170; x_wconf 81' lang='grc' dir='ltr'>θεάνθρωπον</span> <span class='ocrx_word' id='word_1_644' title='bbox 3772 4095 3882 4145; x_wconf 74' lang='grc' dir='ltr'><strong>Δό-</strong></span> 
     </span>
    </p>
   </div>
   <div class='ocr_carea' id='block_1_85' title="bbox 500 4171 2161 4258">
    <p class='ocr_par' dir='ltr' id='par_1_85' title="bbox 500 4177 2149 4258">
     <span class='ocr_line' id='line_1_86' title="bbox 500 4177 2149 4258; baseline -0.001 -19"><span class='ocrx_word' id='word_1_645' title='bbox 500 4177 673 4258; x_wconf 84' lang='lat' dir='ltr'><strong>cujus</strong></span> <span class='ocrx_word' id='word_1_646' title='bbox 699 4196 936 4258; x_wconf 88' lang='lat' dir='ltr'><strong>quoque</strong></span> <span class='ocrx_word' id='word_1_647' title='bbox 957 4177 1092 4239; x_wconf 82' lang='lat' dir='ltr'><strong>ﬁdei</strong></span> <span class='ocrx_word' id='word_1_648' title='bbox 1111 4177 1454 4257; x_wconf 79' lang='lat' dir='ltr'><strong>Symbolum</strong></span> <span class='ocrx_word' id='word_1_649' title='bbox 1482 4177 1737 4257; x_wconf 70' lang='lat' dir='ltr'><strong>propriae</strong></span> <span class='ocrx_word' id='word_1_650' title='bbox 1760 4185 1939 4238; x_wconf 67' lang='lat' dir='ltr'><strong>sectae</strong></span> <span class='ocrx_word' id='word_1_651' title='bbox 1971 4194 2149 4258; x_wconf 87' lang='lat' dir='ltr'><strong>repe-</strong></span> 
     </span>
    </p>
   </div>
   <div class='ocr_carea' id='block_1_86' title="bbox 2221 4171 3882 4258">
    <p class='ocr_par' dir='ltr' id='par_1_86' title="bbox 2233 4171 3882 4253">
     <span class='ocr_line' id='line_1_87' title="bbox 2233 4171 3882 4253; baseline 0.002 -25"><span class='ocrx_word' id='word_1_652' title='bbox 2233 4193 2328 4250; x_wconf 92' lang='grc' dir='ltr'><strong>γον</strong></span> <span class='ocrx_word' id='word_1_653' title='bbox 2387 4173 2635 4252; x_wconf 77' lang='grc' dir='ltr'>θεοφόρον</span> <span class='ocrx_word' id='word_1_654' title='bbox 2692 4171 2964 4253; x_wconf 75' lang='grc' dir='ltr'>είςθρωπον</span> <span class='ocrx_word' id='word_1_655' title='bbox 3039 4176 3311 4253; x_wconf 83' lang='grc' dir='ltr'>ὀνομάζων</span> <span class='ocrx_word' id='word_1_656' title='bbox 3365 4178 3424 4234; x_wconf 76' lang='grc' dir='ltr'><strong>οὗ</strong></span> <span class='ocrx_word' id='word_1_657' title='bbox 3463 4179 3553 4234; x_wconf 80' lang='grc' dir='ltr'>καὶ</span> <span class='ocrx_word' id='word_1_658' title='bbox 3609 4175 3882 4253; x_wconf 69' lang='grc' dir='ltr'>Σύμϐολον</span> 
     </span>
    </p>
   </div>
   <div class='ocr_carea' id='block_1_87' title="bbox 500 4263 2161 4348">
    <p class='ocr_par' dir='ltr' id='par_1_87' title="bbox 500 4265 2154 4344">
     <span class='ocr_line' id='line_1_88' title="bbox 500 4265 2154 4344; baseline -0.001 -17"><span class='ocrx_word' id='word_1_659' title='bbox 500 4268 657 4330; x_wconf 86' lang='lat' dir='ltr'><strong>ritur</strong></span> <span class='ocrx_word' id='word_1_660' title='bbox 685 4267 757 4327; x_wconf 89' lang='lat' dir='ltr'><strong>ab</strong></span> <span class='ocrx_word' id='word_1_661' title='bbox 802 4267 1014 4328; x_wconf 88' lang='lat' dir='ltr'><strong>eodem</strong></span> <span class='ocrx_word' id='word_1_662' title='bbox 1069 4266 1376 4340; x_wconf 88' lang='lat' dir='ltr'><strong>traditum,</strong></span> <span class='ocrx_word' id='word_1_663' title='bbox 1424 4274 1488 4326; x_wconf 91' lang='lat' dir='ltr'><strong>ut</strong></span> <span class='ocrx_word' id='word_1_664' title='bbox 1527 4266 1799 4328; x_wconf 89' lang='lat' dir='ltr'><strong>edicatur</strong></span> <span class='ocrx_word' id='word_1_665' title='bbox 1845 4265 1918 4327; x_wconf 79' lang='lat' dir='ltr'><strong>ali</strong></span> <span class='ocrx_word' id='word_1_666' title='bbox 1949 4265 2023 4326; x_wconf 92' lang='lat' dir='ltr'><strong>iis</strong></span> <span class='ocrx_word' id='word_1_667' title='bbox 2053 4265 2154 4344; x_wconf 87' lang='lat' dir='ltr'><strong>qui</strong></span> 
     </span>
    </p>
   </div>
   <div class='ocr_carea' id='block_1_88' title="bbox 2219 4263 3880 4348">
    <p class='ocr_par' dir='ltr' id='par_1_88' title="bbox 2237 4263 3880 4348">
     <span class='ocr_line' id='line_1_89' title="bbox 2237 4263 3880 4348; baseline 0.003 -29"><span class='ocrx_word' id='word_1_668' title='bbox 2237 4263 2451 4341; x_wconf 75' lang='grc' dir='ltr'>εὕρηται</span> <span class='ocrx_word' id='word_1_669' title='bbox 2505 4266 2734 4322; x_wconf 78' lang='grc' dir='ltr'>πίστεων</span> <span class='ocrx_word' id='word_1_670' title='bbox 2785 4279 2902 4332; x_wconf 88' lang='grc' dir='ltr'>τοῖς</span> <span class='ocrx_word' id='word_1_671' title='bbox 2973 4272 3070 4335; x_wconf 78' lang='grc' dir='ltr'>τῆς</span> <span class='ocrx_word' id='word_1_672' title='bbox 3148 4269 3342 4332; x_wconf 75' lang='grc' dir='ltr'>οἰκείας</span> <span class='ocrx_word' id='word_1_673' title='bbox 3408 4270 3698 4348; x_wconf 74' lang='grc' dir='ltr'>συμμορίας</span> <span class='ocrx_word' id='word_1_674' title='bbox 3751 4269 3880 4348; x_wconf 76' lang='grc' dir='ltr'>πρὸς</span> 
     </span>
    </p>
   </div>
   <div class='ocr_carea' id='block_1_89' title="bbox 499 4352 2160 4436">
    <p class='ocr_par' dir='ltr' id='par_1_89' title="bbox 499 4352 2150 4435">
     <span class='ocr_line' id='line_1_90' title="bbox 499 4352 2150 4435; baseline -0.001 -19"><span class='ocrx_word' id='word_1_675' title='bbox 499 4355 570 4416; x_wconf 91' lang='lat' dir='ltr'><strong>ad</strong></span> <span class='ocrx_word' id='word_1_676' title='bbox 600 4373 832 4417; x_wconf 90' lang='lat' dir='ltr'><strong>sacrum</strong></span> <span class='ocrx_word' id='word_1_677' title='bbox 862 4355 1160 4417; x_wconf 74' lang='lat' dir='ltr'><strong>lavacrum</strong></span> <span class='ocrx_word' id='word_1_678' title='bbox 1193 4354 1508 4428; x_wconf 89' lang='lat' dir='ltr'><strong>accedunt,</strong></span> <span class='ocrx_word' id='word_1_679' title='bbox 1548 4379 1575 4409; x_wconf 83' lang='grc'><strong>«</strong></span> <span class='ocrx_word' id='word_1_680' title='bbox 1613 4373 1808 4435; x_wconf 89' lang='lat' dir='ltr'><strong>neque</strong></span> <span class='ocrx_word' id='word_1_681' title='bbox 1858 4373 1927 4415; x_wconf 84' lang='lat' dir='ltr'><strong>ex</strong></span> <span class='ocrx_word' id='word_1_682' title='bbox 1978 4352 2150 4428; x_wconf 82' lang='lat' dir='ltr'><strong>Filio,</strong></span> 
     </span>
    </p>
   </div>
   <div class='ocr_carea' id='block_1_90' title="bbox 2218 4352 3879 4436">
    <p class='ocr_par' dir='ltr' id='par_1_90' title="bbox 2234 4352 3879 4436">
     <span class='ocr_line' id='line_1_91' title="bbox 2234 4352 3879 4436; baseline 0.004 -28"><span class='ocrx_word' id='word_1_683' title='bbox 2234 4353 2420 4409; x_wconf 88' lang='grc' dir='ltr'>τούτου</span> <span class='ocrx_word' id='word_1_684' title='bbox 2462 4352 2884 4430; x_wconf 83' lang='grc' dir='ltr'>παραδεδομένον</span> <span class='ocrx_word' id='word_1_685' title='bbox 2929 4357 3204 4434; x_wconf 83' lang='grc' dir='ltr'>κηρύττειν</span> <span class='ocrx_word' id='word_1_686' title='bbox 3251 4356 3307 4413; x_wconf 73' lang='grc' dir='ltr'>ἐν</span> <span class='ocrx_word' id='word_1_687' title='bbox 3374 4364 3453 4432; x_wconf 84' lang='grc' dir='ltr'>τῷ</span> <span class='ocrx_word' id='word_1_688' title='bbox 3504 4363 3609 4414; x_wconf 91' lang='grc' dir='ltr'><strong>τῶν</strong></span> <span class='ocrx_word' id='word_1_689' title='bbox 3651 4378 3879 4436; x_wconf 82' lang='grc' dir='ltr'>προσερ-</span> 
     </span>
    </p>
   </div>
   <div class='ocr_carea' id='block_1_91' title="bbox 498 4439 2159 4524">
    <p class='ocr_par' dir='ltr' id='par_1_91' title="bbox 498 4442 2152 4524">
     <span class='ocr_line' id='line_1_92' title="bbox 498 4442 2152 4524; baseline -0.001 -20"><span class='ocrx_word' id='word_1_690' title='bbox 498 4461 691 4524; x_wconf 88' lang='lat' dir='ltr'><strong>neque</strong></span> <span class='ocrx_word' id='word_1_691' title='bbox 743 4461 850 4522; x_wconf 93' lang='lat' dir='ltr'><strong>per</strong></span> <span class='ocrx_word' id='word_1_692' title='bbox 909 4443 1146 4519; x_wconf 87' lang='lat' dir='ltr'><strong>Filium,</strong></span> <span class='ocrx_word' id='word_1_693' title='bbox 1211 4468 1237 4497; x_wconf 76' lang='grc' dir='ltr'><strong>ιι</strong></span> <span class='ocrx_word' id='word_1_694' title='bbox 1299 4459 1516 4505; x_wconf 87' lang='lat' dir='ltr'><strong>sonore</strong></span> <span class='ocrx_word' id='word_1_695' title='bbox 1548 4443 1833 4515; x_wconf 89' lang='lat' dir='ltr'><strong>clamans,</strong></span> <span class='ocrx_word' id='word_1_696' title='bbox 1867 4442 2152 4504; x_wconf 83' lang='lat' dir='ltr'><strong>adversus</strong></span> 
     </span>
    </p>
   </div>
   <div class='ocr_carea' id='block_1_92' title="bbox 2212 4439 3873 4524">
    <p class='ocr_par' dir='ltr' id='par_1_92' title="bbox 2233 4439 3873 4522">
     <span class='ocr_line' id='line_1_93' title="bbox 2233 4439 3873 4522; baseline 0.005 -26"><span class='ocrx_word' id='word_1_697' title='bbox 2233 4439 2485 4522; x_wconf 80' lang='grc' dir='ltr'>χομένων</span> <span class='ocrx_word' id='word_1_698' title='bbox 2512 4443 2863 4518; x_wconf 85' lang='grc' dir='ltr'>βαπτίσματι,</span> <span class='ocrx_word' id='word_1_699' title='bbox 2914 4463 2945 4503; x_wconf 84' lang='grc'><strong>(</strong></span> <span class='ocrx_word' id='word_1_700' title='bbox 2995 4447 3132 4520; x_wconf 77' lang='grc' dir='ltr'>μήτε</span> <span class='ocrx_word' id='word_1_701' title='bbox 3163 4444 3216 4511; x_wconf 58' lang='lat' dir='ltr'><strong>EE</strong></span> <span class='ocrx_word' id='word_1_702' title='bbox 3257 4447 3400 4518; x_wconf 80' lang='grc' dir='ltr'>Υίοῦ,</span> <span class='ocrx_word' id='word_1_703' title='bbox 3433 4446 3572 4522; x_wconf 74' lang='grc' dir='ltr'>μήτε</span> <span class='ocrx_word' id='word_1_704' title='bbox 3601 4443 3670 4502; x_wconf 84' lang='grc' dir='ltr'><strong>δι’</strong></span> <span class='ocrx_word' id='word_1_705' title='bbox 3710 4446 3828 4504; x_wconf 72' lang='grc' dir='ltr'>Υἱοῦ</span> <span class='ocrx_word' id='word_1_706' title='bbox 3860 4461 3873 4476; x_wconf 90' lang='grc'><strong>·</strong></span> 
     </span>
    </p>
   </div>
   <div class='ocr_carea' id='block_1_93' title="bbox 503 4527 2164 4619">
    <p class='ocr_par' dir='ltr' id='par_1_93' title="bbox 503 4527 2147 4619">
     <span class='ocr_line' id='line_1_94' title="bbox 503 4527 2147 4619; baseline 0 -27"><span class='ocrx_word' id='word_1_707' title='bbox 503 4532 1072 4619; x_wconf 14' lang='grc' dir='ltr'>ιιυθηιγοοιιιειιιιεηδ</span> <span class='ocrx_word' id='word_1_708' title='bbox 1101 4550 1135 4592; x_wconf 90' lang='lat' dir='ltr'><strong>a</strong></span> <span class='ocrx_word' id='word_1_709' title='bbox 1159 4530 1277 4619; x_wconf 84' lang='lat' dir='ltr'><strong>Deo</strong></span> <span class='ocrx_word' id='word_1_710' title='bbox 1307 4531 1670 4619; x_wconf 71' lang='lat' dir='ltr'><strong>gloriﬁcatus</strong></span> <span class='ocrx_word' id='word_1_711' title='bbox 1699 4527 1977 4619; x_wconf 23' lang='lat' dir='ltr'><strong>Cyrillus,‘</strong></span> <span class='ocrx_word' id='word_1_712' title='bbox 2005 4532 2147 4592; x_wconf 91' lang='lat' dir='ltr'><strong>dum</strong></span> 
     </span>
    </p>
   </div>
   <div class='ocr_carea' id='block_1_94' title="bbox 2218 4527 3879 4619">
    <p class='ocr_par' dir='ltr' id='par_1_94' title="bbox 2233 4527 3879 4619">
     <span class='ocr_line' id='line_1_95' title="bbox 2233 4527 3879 4619; baseline 0.004 -35"><span class='ocrx_word' id='word_1_713' title='bbox 2233 4527 2485 4619; x_wconf 76' lang='grc' dir='ltr'>διατόρως</span> <span class='ocrx_word' id='word_1_714' title='bbox 2544 4531 2852 4611; x_wconf 70' lang='grc' dir='ltr'>ἀναφωνοῦν</span> <span class='ocrx_word' id='word_1_715' title='bbox 2886 4547 2901 4561; x_wconf 91' lang='grc'>⁶</span> <span class='ocrx_word' id='word_1_716' title='bbox 2962 4533 3091 4613; x_wconf 89' lang='grc' dir='ltr'>πρός</span> <span class='ocrx_word' id='word_1_717' title='bbox 3161 4533 3221 4590; x_wconf 78' lang='grc' dir='ltr'><strong>ὅν</strong></span> <span class='ocrx_word' id='word_1_718' title='bbox 3282 4535 3372 4591; x_wconf 83' lang='grc' dir='ltr'><strong>καὶ</strong></span> <span class='ocrx_word' id='word_1_719' title='bbox 3441 4537 3471 4591; x_wconf 79' lang='grc' dir='ltr'><strong>ὁ</strong></span> <span class='ocrx_word' id='word_1_720' title='bbox 3552 4531 3879 4599; x_wconf 79' lang='grc' dir='ltr'>θεοδόξαστος</span> 
     </span>
    </p>
   </div>
   <div class='ocr_carea' id='block_1_95' title="bbox 493 4616 2154 4698">
    <p class='ocr_par' dir='ltr' id='par_1_95' title="bbox 493 4616 2148 4698">
     <span class='ocr_line' id='line_1_96' title="bbox 493 4616 2148 4698; baseline 0 -17"><span class='ocrx_word' id='word_1_721' title='bbox 493 4635 566 4681; x_wconf 81' lang='lat' dir='ltr'><strong>ex</strong></span> <span class='ocrx_word' id='word_1_722' title='bbox 598 4618 744 4682; x_wconf 90' lang='lat' dir='ltr'><strong>Filio</strong></span> <span class='ocrx_word' id='word_1_723' title='bbox 773 4617 1054 4698; x_wconf 88' lang='lat' dir='ltr'><strong>Spiritum</strong></span> <span class='ocrx_word' id='word_1_724' title='bbox 1109 4618 1410 4698; x_wconf 78' lang='lat' dir='ltr'><strong>profundi,</strong></span> <span class='ocrx_word' id='word_1_725' title='bbox 1465 4627 1708 4694; x_wconf 87' lang='lat' dir='ltr'><strong>etesse,</strong></span> <span class='ocrx_word' id='word_1_726' title='bbox 1770 4628 1826 4680; x_wconf 90' lang='lat' dir='ltr'><strong>et</strong></span> <span class='ocrx_word' id='word_1_727' title='bbox 1857 4616 2148 4681; x_wconf 81' lang='lat' dir='ltr'><strong>exsistere</strong></span> 
     </span>
    </p>
   </div>
   <div class='ocr_carea' id='block_1_96' title="bbox 2219 4616 3880 4698">
    <p class='ocr_par' dir='ltr' id='par_1_96' title="bbox 2232 4617 3880 4698">
     <span class='ocr_line' id='line_1_97' title="bbox 2232 4617 3880 4698; baseline 0.005 -26"><span class='ocrx_word' id='word_1_728' title='bbox 2232 4617 2642 4692; x_wconf 76' lang='grc' dir='ltr'>ἀποτεινόμενος</span> <span class='ocrx_word' id='word_1_729' title='bbox 2717 4619 2993 4698; x_wconf 75' lang='grc' dir='ltr'>Κύριλλος,</span> <span class='ocrx_word' id='word_1_730' title='bbox 3058 4622 3112 4677; x_wconf 78' lang='grc' dir='ltr'>ὲν</span> <span class='ocrx_word' id='word_1_731' title='bbox 3169 4623 3256 4688; x_wconf 77' lang='grc' dir='ltr'><strong>οἷς</strong></span> <span class='ocrx_word' id='word_1_732' title='bbox 3301 4621 3353 4688; x_wconf 67' lang='grc' dir='ltr'>ἐξ</span> <span class='ocrx_word' id='word_1_733' title='bbox 3405 4622 3526 4680; x_wconf 76' lang='grc' dir='ltr'>Υίοῦ</span> <span class='ocrx_word' id='word_1_734' title='bbox 3567 4624 3627 4679; x_wconf 78' lang='grc' dir='ltr'>τὸ</span> <span class='ocrx_word' id='word_1_735' title='bbox 3669 4628 3880 4697; x_wconf 79' lang='grc' dir='ltr'>Πνεῦμα</span> 
     </span>
    </p>
   </div>
   <div class='ocr_carea' id='block_1_97' title="bbox 495 4705 2156 4793">
    <p class='ocr_par' dir='ltr' id='par_1_97' title="bbox 495 4706 2146 4788">
     <span class='ocr_line' id='line_1_98' title="bbox 495 4706 2146 4788; baseline 0.001 -22"><span class='ocrx_word' id='word_1_736' title='bbox 495 4707 780 4788; x_wconf 84' lang='lat' dir='ltr'><strong>disputat,</strong></span> <span class='ocrx_word' id='word_1_737' title='bbox 808 4707 999 4786; x_wconf 89' lang='lat' dir='ltr'><strong>palam</strong></span> <span class='ocrx_word' id='word_1_738' title='bbox 1019 4715 1341 4786; x_wconf 90' lang='lat' dir='ltr'><strong>aperteque</strong></span> <span class='ocrx_word' id='word_1_739' title='bbox 1367 4707 1684 4781; x_wconf 82' lang='lat' dir='ltr'><strong>subiufert,</strong></span> <span class='ocrx_word' id='word_1_740' title='bbox 1719 4728 1747 4765; x_wconf 75' lang='grc' dir='ltr'><strong>ε</strong></span> <span class='ocrx_word' id='word_1_741' title='bbox 1781 4707 1994 4768; x_wconf 88' lang='lat' dir='ltr'><strong>eodem</strong></span> <span class='ocrx_word' id='word_1_742' title='bbox 2018 4706 2146 4785; x_wconf 88' lang='lat' dir='ltr'><strong>ipsa</strong></span> 
     </span>
    </p>
   </div>
   <div class='ocr_carea' id='block_1_98' title="bbox 2213 4705 3874 4793">
    <p class='ocr_par' dir='ltr' id='par_1_98' title="bbox 2226 4705 3874 4793">
     <span class='ocr_line' id='line_1_99' title="bbox 2226 4705 3874 4793; baseline 0.003 -32"><span class='ocrx_word' id='word_1_743' title='bbox 2226 4719 2541 4787; x_wconf 76' lang='grc' dir='ltr'>προχεῖται,</span> <span class='ocrx_word' id='word_1_744' title='bbox 2599 4707 2688 4763; x_wconf 84' lang='grc' dir='ltr'><strong>καὶ</strong></span> <span class='ocrx_word' id='word_1_745' title='bbox 2731 4705 2865 4782; x_wconf 74' lang='grc' dir='ltr'>ἔστι,</span> <span class='ocrx_word' id='word_1_746' title='bbox 2912 4711 3000 4766; x_wconf 84' lang='grc' dir='ltr'><strong>καὶ</strong></span> <span class='ocrx_word' id='word_1_747' title='bbox 3029 4711 3256 4791; x_wconf 68' lang='grc' dir='ltr'>δπάρχει</span> <span class='ocrx_word' id='word_1_748' title='bbox 3287 4709 3553 4793; x_wconf 76' lang='grc' dir='ltr'>θεολογεῖ,</span> <span class='ocrx_word' id='word_1_749' title='bbox 3598 4708 3874 4789; x_wconf 49' lang='lat' dir='ltr'><strong>super,an</strong></span> 
     </span>
    </p>
   </div>
   <div class='ocr_carea' id='block_1_99' title="bbox 500 4793 2161 4878">
    <p class='ocr_par' dir='ltr' id='par_1_99' title="bbox 500 4795 2144 4876">
     <span class='ocr_line' id='line_1_100' title="bbox 500 4795 2144 4876; baseline 0.001 -20"><span class='ocrx_word' id='word_1_750' title='bbox 500 4797 752 4856; x_wconf 88' lang='lat' dir='ltr'><strong>ratione.</strong></span> <span class='ocrx_word' id='word_1_751' title='bbox 783 4814 896 4876; x_wconf 90' lang='lat' dir='ltr'><strong>qua</strong></span> <span class='ocrx_word' id='word_1_752' title='bbox 923 4815 956 4857; x_wconf 92' lang='lat' dir='ltr'><strong>a</strong></span> <span class='ocrx_word' id='word_1_753' title='bbox 986 4795 1106 4856; x_wconf 88' lang='lat' dir='ltr'><strong>Deo</strong></span> <span class='ocrx_word' id='word_1_754' title='bbox 1134 4803 1192 4856; x_wconf 91' lang='lat' dir='ltr'><strong>et</strong></span> <span class='ocrx_word' id='word_1_755' title='bbox 1217 4799 1408 4859; x_wconf 84' lang='lat' dir='ltr'><strong>Patre.</strong></span> <span class='ocrx_word' id='word_1_756' title='bbox 1446 4822 1472 4852; x_wconf 67' lang='grc' dir='ltr'><strong><em>κ</em></strong></span> <span class='ocrx_word' id='word_1_757' title='bbox 1519 4797 1634 4858; x_wconf 90' lang='lat' dir='ltr'><strong>Sed</strong></span> <span class='ocrx_word' id='word_1_758' title='bbox 1669 4795 1954 4876; x_wconf 81' lang='lat' dir='ltr'><strong>neglectis</strong></span> <span class='ocrx_word' id='word_1_759' title='bbox 1981 4795 2144 4858; x_wconf 87' lang='lat' dir='ltr'><strong>hisce</strong></span> 
     </span>
    </p>
   </div>
   <div class='ocr_carea' id='block_1_100' title="bbox 2216 4793 3877 4878">
    <p class='ocr_par' dir='ltr' id='par_1_100' title="bbox 2225 4793 3877 4878">
     <span class='ocr_line' id='line_1_101' title="bbox 2225 4793 3877 4878; baseline 0.004 -28"><span class='ocrx_word' id='word_1_760' title='bbox 2225 4800 2439 4874; x_wconf 88' lang='grc' dir='ltr'>συχνῶς</span> <span class='ocrx_word' id='word_1_761' title='bbox 2496 4793 2752 4873; x_wconf 68' lang='grc' dir='ltr'>ἐπιφέρει,</span> <span class='ocrx_word' id='word_1_762' title='bbox 2829 4823 2851 4854; x_wconf 77' lang='grc' dir='ltr'><strong>ε</strong></span> <span class='ocrx_word' id='word_1_763' title='bbox 2900 4798 3133 4876; x_wconf 78' lang='grc' dir='ltr'>καθάπερ</span> <span class='ocrx_word' id='word_1_764' title='bbox 3189 4797 3375 4875; x_wconf 81' lang='grc' dir='ltr'>ἀμέλει</span> <span class='ocrx_word' id='word_1_765' title='bbox 3430 4801 3570 4878; x_wconf 79' lang='grc' dir='ltr'>παρὰ</span> <span class='ocrx_word' id='word_1_766' title='bbox 3613 4805 3705 4856; x_wconf 88' lang='grc' dir='ltr'><strong>τοῦ</strong></span> <span class='ocrx_word' id='word_1_767' title='bbox 3748 4805 3877 4856; x_wconf 82' lang='grc' dir='ltr'>Θεοῦ</span> 
     </span>
    </p>
   </div>
   <div class='ocr_carea' id='block_1_101' title="bbox 495 4881 2156 4966">
    <p class='ocr_par' dir='ltr' id='par_1_101' title="bbox 495 4883 2139 4965">
     <span class='ocr_line' id='line_1_102' title="bbox 495 4883 2139 4965; baseline 0.001 -21"><span class='ocrx_word' id='word_1_768' title='bbox 495 4902 628 4965; x_wconf 71' lang='lat' dir='ltr'><strong>quae</strong></span> <span class='ocrx_word' id='word_1_769' title='bbox 643 4883 897 4946; x_wconf 80' lang='lat' dir='ltr'><strong>fusiores</strong></span> <span class='ocrx_word' id='word_1_770' title='bbox 913 4902 1225 4944; x_wconf 85' lang='lat' dir='ltr'><strong>sermones</strong></span> <span class='ocrx_word' id='word_1_771' title='bbox 1247 4893 1591 4964; x_wconf 83' lang='lat' dir='ltr'><strong>exposcunt,</strong></span> <span class='ocrx_word' id='word_1_772' title='bbox 1613 4886 1687 4945; x_wconf 84' lang='lat' dir='ltr'><strong>ad</strong></span> <span class='ocrx_word' id='word_1_773' title='bbox 1713 4884 2139 4946; x_wconf 87' lang='lat' dir='ltr'><strong>concedentem</strong></span> 
     </span>
    </p>
   </div>
   <div class='ocr_carea' id='block_1_102' title="bbox 2214 4881 3875 4966">
    <p class='ocr_par' dir='ltr' id='par_1_102' title="bbox 2223 4881 3875 4966">
     <span class='ocr_line' id='line_1_103' title="bbox 2223 4881 3875 4966; baseline 0.002 -28"><span class='ocrx_word' id='word_1_774' title='bbox 2223 4884 2310 4938; x_wconf 87' lang='grc' dir='ltr'>καὶ</span> <span class='ocrx_word' id='word_1_775' title='bbox 2383 4883 2608 4959; x_wconf 77' lang='grc' dir='ltr'>Πατρός.</span> <span class='ocrx_word' id='word_1_776' title='bbox 2671 4910 2694 4944; x_wconf 73' lang='grc' dir='ltr'><strong>ι</strong></span> <span class='ocrx_word' id='word_1_777' title='bbox 2780 4881 2949 4942; x_wconf 78' lang='grc' dir='ltr'>Ἀλλὰ</span> <span class='ocrx_word' id='word_1_778' title='bbox 3019 4887 3216 4945; x_wconf 90' lang='grc' dir='ltr'>τούτων</span> <span class='ocrx_word' id='word_1_779' title='bbox 3300 4886 3553 4966; x_wconf 77' lang='grc' dir='ltr'>ἀφέμενοι</span> <span class='ocrx_word' id='word_1_780' title='bbox 3646 4885 3875 4949; x_wconf 71' lang='grc' dir='ltr'>πλάτους</span> 
     </span>
    </p>
   </div>
   <div class='ocr_carea' id='block_1_103' title="bbox 495 4967 2156 5052">
    <p class='ocr_par' dir='ltr' id='par_1_103' title="bbox 495 4969 2146 5052">
     <span class='ocr_line' id='line_1_104' title="bbox 495 4969 2146 5052; baseline 0.001 -20"><span class='ocrx_word' id='word_1_781' title='bbox 495 4991 677 5048; x_wconf 88' lang='lat' dir='ltr'><strong>nunc,</strong></span> <span class='ocrx_word' id='word_1_782' title='bbox 717 4994 740 5028; x_wconf 81' lang='grc' dir='ltr'><strong>ε</strong></span> <span class='ocrx_word' id='word_1_783' title='bbox 779 4969 1062 5052; x_wconf 89' lang='lat' dir='ltr'><strong>Spiritum</strong></span> <span class='ocrx_word' id='word_1_784' title='bbox 1083 4981 1259 5032; x_wconf 74' lang='lat' dir='ltr'><strong>etiam</strong></span> <span class='ocrx_word' id='word_1_785' title='bbox 1285 4991 1318 5032; x_wconf 92' lang='lat' dir='ltr'><strong>a</strong></span> <span class='ocrx_word' id='word_1_786' title='bbox 1341 4972 1486 5034; x_wconf 88' lang='lat' dir='ltr'><strong>Filio</strong></span> <span class='ocrx_word' id='word_1_787' title='bbox 1513 4973 1744 5045; x_wconf 86' lang='lat' dir='ltr'><strong>haberi,</strong></span> <span class='ocrx_word' id='word_1_788' title='bbox 1778 4974 1882 5034; x_wconf 91' lang='lat' dir='ltr'><strong>sed</strong></span> <span class='ocrx_word' id='word_1_789' title='bbox 1914 4973 2146 5034; x_wconf 85' lang='lat' dir='ltr'><strong>diversa</strong></span> 
     </span>
    </p>
   </div>
   <div class='ocr_carea' id='block_1_104' title="bbox 2216 4967 3877 5052">
    <p class='ocr_par' dir='ltr' id='par_1_104' title="bbox 2224 4967 3877 5051">
     <span class='ocr_line' id='line_1_105' title="bbox 2224 4967 3877 5051; baseline 0.001 -25"><span class='ocrx_word' id='word_1_790' title='bbox 2224 4967 2615 5040; x_wconf 73' lang='grc' dir='ltr'>δποιουδήτινος</span> <span class='ocrx_word' id='word_1_791' title='bbox 2675 4968 2956 5047; x_wconf 77' lang='grc' dir='ltr'>δεομένων,</span> <span class='ocrx_word' id='word_1_792' title='bbox 3022 4976 3154 5051; x_wconf 79' lang='grc' dir='ltr'>πρὸς</span> <span class='ocrx_word' id='word_1_793' title='bbox 3197 4977 3289 5032; x_wconf 80' lang='grc' dir='ltr'>τὸν</span> <span class='ocrx_word' id='word_1_794' title='bbox 3336 4972 3543 5031; x_wconf 83' lang='grc' dir='ltr'>διδόντα</span> <span class='ocrx_word' id='word_1_795' title='bbox 3595 4976 3707 5046; x_wconf 80' lang='grc' dir='ltr'>νῦν,</span> <span class='ocrx_word' id='word_1_796' title='bbox 3744 4991 3771 5031; x_wconf 75' lang='lat' dir='ltr'><strong>e</strong></span> <span class='ocrx_word' id='word_1_797' title='bbox 3819 4981 3877 5028; x_wconf 86' lang='grc' dir='ltr'><strong>τό</strong></span> 
     </span>
    </p>
   </div>
   <div class='ocr_carea' id='block_1_105' title="bbox 492 5059 2153 5142">
    <p class='ocr_par' dir='ltr' id='par_1_105' title="bbox 492 5059 2139 5139">
     <span class='ocr_line' id='line_1_106' title="bbox 492 5059 2139 5139; baseline 0.001 -18"><span class='ocrx_word' id='word_1_798' title='bbox 492 5061 724 5122; x_wconf 84' lang='lat' dir='ltr'><strong>ratione</strong></span> <span class='ocrx_word' id='word_1_799' title='bbox 757 5078 790 5120; x_wconf 88' lang='lat' dir='ltr'><strong>a</strong></span> <span class='ocrx_word' id='word_1_800' title='bbox 849 5061 1043 5134; x_wconf 87' lang='lat' dir='ltr'><strong>Patre,</strong></span> <span class='ocrx_word' id='word_1_801' title='bbox 1080 5084 1106 5114; x_wconf 72' lang='grc' dir='ltr'><strong>ι</strong></span> <span class='ocrx_word' id='word_1_802' title='bbox 1159 5078 1227 5120; x_wconf 80' lang='lat' dir='ltr'><strong>ex</strong></span> <span class='ocrx_word' id='word_1_803' title='bbox 1263 5059 1553 5139; x_wconf 77' lang='lat' dir='ltr'><strong>proxime,</strong></span> <span class='ocrx_word' id='word_1_804' title='bbox 1613 5069 1674 5122; x_wconf 89' lang='lat' dir='ltr'><strong>ut</strong></span> <span class='ocrx_word' id='word_1_805' title='bbox 1719 5060 2000 5134; x_wconf 76' lang='lat' dir='ltr'><strong>diximus,</strong></span> <span class='ocrx_word' id='word_1_806' title='bbox 2035 5080 2139 5123; x_wconf 90' lang='lat' dir='ltr'><strong>su-</strong></span> 
     </span>
    </p>
   </div>
   <div class='ocr_carea' id='block_1_106' title="bbox 2216 5059 3877 5142">
    <p class='ocr_par' dir='ltr' id='par_1_106' title="bbox 2225 5059 3877 5142">
     <span class='ocr_line' id='line_1_107' title="bbox 2225 5059 3877 5142; baseline 0.005 -29"><span class='ocrx_word' id='word_1_807' title='bbox 2225 5063 2435 5134; x_wconf 85' lang='grc' dir='ltr'>Πνεῦμα</span> <span class='ocrx_word' id='word_1_808' title='bbox 2463 5059 2552 5114; x_wconf 86' lang='grc' dir='ltr'><strong>καὶ</strong></span> <span class='ocrx_word' id='word_1_809' title='bbox 2594 5060 2686 5115; x_wconf 82' lang='grc' dir='ltr'><strong>τὸν</strong></span> <span class='ocrx_word' id='word_1_810' title='bbox 2754 5062 2871 5117; x_wconf 81' lang='grc' dir='ltr'>Υἱόν</span> <span class='ocrx_word' id='word_1_811' title='bbox 2929 5060 3105 5142; x_wconf 79' lang='grc' dir='ltr'>ἔχειν,</span> <span class='ocrx_word' id='word_1_812' title='bbox 3151 5062 3346 5132; x_wconf 72' lang='grc' dir='ltr'>ἥκιστα</span> <span class='ocrx_word' id='word_1_813' title='bbox 3392 5059 3448 5118; x_wconf 69' lang='grc' dir='ltr'>δὲ</span> <span class='ocrx_word' id='word_1_814' title='bbox 3481 5083 3541 5140; x_wconf 86' lang='grc' dir='ltr'><strong>γε</strong></span> <span class='ocrx_word' id='word_1_815' title='bbox 3570 5064 3644 5128; x_wconf 84' lang='grc' dir='ltr'>ὡς</span> <span class='ocrx_word' id='word_1_816' title='bbox 3676 5064 3704 5120; x_wconf 81' lang='grc' dir='ltr'>ὁ</span> <span class='ocrx_word' id='word_1_817' title='bbox 3760 5067 3877 5118; x_wconf 80' lang='grc' dir='ltr'><strong>Πα⁹</strong></span> 
     </span>
    </p>
   </div>
   <div class='ocr_carea' id='block_1_107' title="bbox 491 5146 2152 5232">
    <p class='ocr_par' dir='ltr' id='par_1_107' title="bbox 491 5148 2142 5230">
     <span class='ocr_line' id='line_1_108' title="bbox 491 5148 2142 5230; baseline 0.001 -21"><span class='ocrx_word' id='word_1_818' title='bbox 491 5165 714 5230; x_wconf 88' lang='lat' dir='ltr'><strong>praque</strong></span> <span class='ocrx_word' id='word_1_819' title='bbox 741 5148 1025 5228; x_wconf 84' lang='lat' dir='ltr'><strong>appositis</strong></span> <span class='ocrx_word' id='word_1_820' title='bbox 1054 5148 1228 5210; x_wconf 90' lang='lat' dir='ltr'><strong>dictis</strong></span> <span class='ocrx_word' id='word_1_821' title='bbox 1264 5148 1613 5227; x_wconf 80' lang='lat' dir='ltr'><strong>theologicis</strong></span> <span class='ocrx_word' id='word_1_822' title='bbox 1663 5169 1847 5226; x_wconf 86' lang='lat' dir='ltr'><strong>pauca</strong></span> <span class='ocrx_word' id='word_1_823' title='bbox 1875 5151 2142 5230; x_wconf 65' lang='lat' dir='ltr'><strong>quaedam</strong></span> 
     </span>
    </p>
   </div>
   <div class='ocr_carea' id='block_1_108' title="bbox 2216 5146 3877 5232">
    <p class='ocr_par' dir='ltr' id='par_1_108' title="bbox 2224 5146 3877 5232">
     <span class='ocr_line' id='line_1_109' title="bbox 2224 5146 3877 5232; baseline 0.002 -31"><span class='ocrx_word' id='word_1_824' title='bbox 2224 5146 2344 5225; x_wconf 75' lang='grc' dir='ltr'>τηρ,</span> <span class='ocrx_word' id='word_1_825' title='bbox 2395 5173 2417 5201; x_wconf 78' lang='grc' dir='ltr'><strong>ι</strong></span> <span class='ocrx_word' id='word_1_826' title='bbox 2453 5148 2514 5202; x_wconf 70' lang='lat' dir='ltr'><strong>bc</strong></span> <span class='ocrx_word' id='word_1_827' title='bbox 2556 5151 2662 5203; x_wconf 86' lang='grc' dir='ltr'><strong>τῶν</strong></span> <span class='ocrx_word' id='word_1_828' title='bbox 2727 5148 2802 5205; x_wconf 86' lang='grc' dir='ltr'><strong>ῶν</strong></span> <span class='ocrx_word' id='word_1_829' title='bbox 2873 5150 3028 5230; x_wconf 67' lang='grc' dir='ltr'>ἐγγὺς</span> <span class='ocrx_word' id='word_1_830' title='bbox 3099 5151 3328 5232; x_wconf 72' lang='grc' dir='ltr'>ἰφημεν,</span> <span class='ocrx_word' id='word_1_831' title='bbox 3372 5150 3620 5229; x_wconf 76' lang='grc' dir='ltr'>ἀνωτέρω</span> <span class='ocrx_word' id='word_1_832' title='bbox 3661 5149 3877 5218; x_wconf 72' lang='grc' dir='ltr'>τεθῆναι</span> 
     </span>
    </p>
   </div>
   <div class='ocr_carea' id='block_1_109' title="bbox 490 5232 2151 5321">
    <p class='ocr_par' dir='ltr' id='par_1_109' title="bbox 490 5233 2138 5318">
     <span class='ocr_line' id='line_1_110' title="bbox 490 5233 2138 5318; baseline 0.001 -23"><span class='ocrx_word' id='word_1_833' title='bbox 490 5233 550 5298; x_wconf 89' lang='lat' dir='ltr'><strong>in</strong></span> <span class='ocrx_word' id='word_1_834' title='bbox 604 5237 948 5298; x_wconf 86' lang='lat' dir='ltr'><strong>memoriam</strong></span> <span class='ocrx_word' id='word_1_835' title='bbox 1007 5237 1374 5314; x_wconf 78' lang='lat' dir='ltr'><strong>redigantur,</strong></span> <span class='ocrx_word' id='word_1_836' title='bbox 1437 5256 1571 5317; x_wconf 64' lang='lat' dir='ltr'><strong>quas</strong></span> <span class='ocrx_word' id='word_1_837' title='bbox 1629 5238 1802 5318; x_wconf 86' lang='lat' dir='ltr'><strong>plane</strong></span> <span class='ocrx_word' id='word_1_838' title='bbox 1833 5238 2138 5304; x_wconf 81' lang='lat' dir='ltr'><strong>clamant:</strong></span> 
     </span>
    </p>
   </div>
   <div class='ocr_carea' id='block_1_110' title="bbox 2213 5232 3874 5321">
    <p class='ocr_par' dir='ltr' id='par_1_110' title="bbox 2225 5232 3874 5321">
     <span class='ocr_line' id='line_1_111' title="bbox 2225 5232 3874 5321; baseline 0.003 -31"><span class='ocrx_word' id='word_1_839' title='bbox 2225 5235 2472 5314; x_wconf 77' lang='grc' dir='ltr'>χρήσεων</span> <span class='ocrx_word' id='word_1_840' title='bbox 2528 5232 2846 5312; x_wconf 80' lang='grc' dir='ltr'>θεολογικῶν</span> <span class='ocrx_word' id='word_1_841' title='bbox 2919 5239 3128 5321; x_wconf 85' lang='grc' dir='ltr'>βραχέα</span> <span class='ocrx_word' id='word_1_842' title='bbox 3188 5241 3305 5296; x_wconf 77' lang='grc' dir='ltr'>τινὰ</span> <span class='ocrx_word' id='word_1_843' title='bbox 3360 5239 3744 5318; x_wconf 82' lang='grc' dir='ltr'>παρατιθέαμεν</span> <span class='ocrx_word' id='word_1_844' title='bbox 3803 5239 3874 5303; x_wconf 74' lang='grc' dir='ltr'>εἷς</span> 
     </span>
    </p>
   </div>
   <div class='ocr_carea' id='block_1_111' title="bbox 487 5322 2148 5410">
    <p class='ocr_par' dir='ltr' id='par_1_111' title="bbox 487 5325 2146 5389">
     <span class='ocr_line' id='line_1_112' title="bbox 487 5325 2146 5389; baseline 0.002 -5"><span class='ocrx_word' id='word_1_845' title='bbox 487 5349 514 5378; x_wconf 77' lang='grc' dir='ltr'><strong>ι</strong></span> <span class='ocrx_word' id='word_1_846' title='bbox 558 5325 660 5386; x_wconf 91' lang='lat' dir='ltr'><strong>Dei</strong></span> <span class='ocrx_word' id='word_1_847' title='bbox 692 5334 753 5386; x_wconf 89' lang='lat' dir='ltr'><strong>et</strong></span> <span class='ocrx_word' id='word_1_848' title='bbox 783 5325 971 5386; x_wconf 82' lang='lat' dir='ltr'><strong>Patris</strong></span> <span class='ocrx_word' id='word_1_849' title='bbox 1005 5325 1366 5386; x_wconf 68' lang='lat' dir='ltr'><strong>naturalium</strong></span> <span class='ocrx_word' id='word_1_850' title='bbox 1423 5326 1714 5386; x_wconf 88' lang='lat' dir='ltr'><strong>bonorum</strong></span> <span class='ocrx_word' id='word_1_851' title='bbox 1744 5327 2146 5389; x_wconf 77' lang='lat' dir='ltr'><strong>essentialiter</strong></span> 
     </span>
    </p>
   </div>
   <div class='ocr_carea' id='block_1_112' title="bbox 2216 5322 3877 5410">
    <p class='ocr_par' dir='ltr' id='par_1_112' title="bbox 2225 5322 3877 5410">
     <span class='ocr_line' id='line_1_113' title="bbox 2225 5322 3877 5410; baseline 0.005 -33"><span class='ocrx_word' id='word_1_852' title='bbox 2225 5323 2539 5397; x_wconf 72' lang='grc' dir='ltr'>ἀνάμνησιν,</span> <span class='ocrx_word' id='word_1_853' title='bbox 2585 5322 2716 5382; x_wconf 75' lang='grc' dir='ltr'>ἅττα</span> <span class='ocrx_word' id='word_1_854' title='bbox 2755 5326 2952 5402; x_wconf 83' lang='grc' dir='ltr'>βοῶσιν</span> <span class='ocrx_word' id='word_1_855' title='bbox 2981 5329 3326 5410; x_wconf 74' lang='grc' dir='ltr'>αῦτόχρημα,</span> <span class='ocrx_word' id='word_1_856' title='bbox 3365 5349 3394 5382; x_wconf 80' lang='lat' dir='ltr'><strong>e</strong></span> <span class='ocrx_word' id='word_1_857' title='bbox 3440 5328 3555 5386; x_wconf 82' lang='grc' dir='ltr'>Τῶν</span> <span class='ocrx_word' id='word_1_858' title='bbox 3611 5330 3704 5385; x_wconf 80' lang='grc' dir='ltr'><strong>τοῦ</strong></span> <span class='ocrx_word' id='word_1_859' title='bbox 3744 5327 3877 5386; x_wconf 75' lang='grc' dir='ltr'>Θεοῦ</span> 
     </span>
    </p>
   </div>
   <div class='ocr_carea' id='block_1_113' title="bbox 486 5411 2147 5496">
    <p class='ocr_par' dir='ltr' id='par_1_113' title="bbox 486 5412 2142 5496">
     <span class='ocr_line' id='line_1_114' title="bbox 486 5412 2142 5496; baseline 0.001 -21"><span class='ocrx_word' id='word_1_860' title='bbox 486 5415 778 5475; x_wconf 81' lang='lat' dir='ltr'><strong>exsistens</strong></span> <span class='ocrx_word' id='word_1_861' title='bbox 811 5412 998 5477; x_wconf 87' lang='lat' dir='ltr'><strong>Filius</strong></span> <span class='ocrx_word' id='word_1_862' title='bbox 1032 5413 1370 5494; x_wconf 82' lang='lat' dir='ltr'><strong>particeps;</strong></span> <span class='ocrx_word' id='word_1_863' title='bbox 1398 5413 1575 5475; x_wconf 79' lang='lat' dir='ltr'><strong>habet</strong></span> <span class='ocrx_word' id='word_1_864' title='bbox 1602 5415 1887 5494; x_wconf 82' lang='lat' dir='ltr'><strong>Spiritum</strong></span> <span class='ocrx_word' id='word_1_865' title='bbox 1916 5435 1987 5478; x_wconf 90' lang='lat' dir='ltr'><strong>eo</strong></span> <span class='ocrx_word' id='word_1_866' title='bbox 2015 5416 2142 5496; x_wconf 92' lang='lat' dir='ltr'><strong>ipso</strong></span> 
     </span>
    </p>
   </div>
   <div class='ocr_carea' id='block_1_114' title="bbox 2214 5411 3875 5496">
    <p class='ocr_par' dir='ltr' id='par_1_114' title="bbox 2225 5411 3875 5496">
     <span class='ocr_line' id='line_1_115' title="bbox 2225 5411 3875 5496; baseline 0.002 -28"><span class='ocrx_word' id='word_1_867' title='bbox 2225 5413 2311 5469; x_wconf 82' lang='grc' dir='ltr'><strong>καὶ</strong></span> <span class='ocrx_word' id='word_1_868' title='bbox 2367 5411 2568 5490; x_wconf 78' lang='grc' dir='ltr'>Πατρός</span> <span class='ocrx_word' id='word_1_869' title='bbox 2629 5421 2860 5492; x_wconf 76' lang='grc' dir='ltr'>φυσικῶν</span> <span class='ocrx_word' id='word_1_870' title='bbox 2918 5417 3128 5496; x_wconf 78' lang='grc' dir='ltr'>ἀγαθῶν</span> <span class='ocrx_word' id='word_1_871' title='bbox 3181 5413 3452 5481; x_wconf 79' lang='grc' dir='ltr'>οῦσιωδῶς</span> <span class='ocrx_word' id='word_1_872' title='bbox 3510 5418 3762 5496; x_wconf 64' lang='grc' dir='ltr'>ὕπαρχων</span> <span class='ocrx_word' id='word_1_873' title='bbox 3844 5419 3875 5472; x_wconf 77' lang='grc' dir='ltr'>ὁ</span> 
     </span>
    </p>
   </div>
   <div class='ocr_carea' id='block_1_115' title="bbox 489 5501 2150 5585">
    <p class='ocr_par' dir='ltr' id='par_1_115' title="bbox 489 5502 2144 5580">
     <span class='ocr_line' id='line_1_116' title="bbox 489 5502 2144 5580; baseline 0.005 -22"><span class='ocrx_word' id='word_1_874' title='bbox 489 5504 688 5572; x_wconf 90' lang='lat' dir='ltr'><strong>modo,</strong></span> <span class='ocrx_word' id='word_1_875' title='bbox 725 5521 842 5580; x_wconf 90' lang='lat' dir='ltr'><strong>quo</strong></span> <span class='ocrx_word' id='word_1_876' title='bbox 872 5502 1224 5579; x_wconf 78' lang='lat' dir='ltr'><strong>intelligitur</strong></span> <span class='ocrx_word' id='word_1_877' title='bbox 1269 5505 1441 5564; x_wconf 89' lang='lat' dir='ltr'><strong>Pater</strong></span> <span class='ocrx_word' id='word_1_878' title='bbox 1497 5502 1742 5566; x_wconf 83' lang='lat' dir='ltr'><strong>habere.</strong></span> <span class='ocrx_word' id='word_1_879' title='bbox 1784 5527 1806 5561; x_wconf 86' lang='grc' dir='ltr'><strong>ιι</strong></span> <span class='ocrx_word' id='word_1_880' title='bbox 1843 5507 2144 5567; x_wconf 72' lang='lat' dir='ltr'><strong>Praeterea</strong></span> 
     </span>
    </p>
   </div>
   <div class='ocr_carea' id='block_1_116' title="bbox 2211 5501 3872 5585">
    <p class='ocr_par' dir='ltr' id='par_1_116' title="bbox 2226 5501 3872 5585">
     <span class='ocr_line' id='line_1_117' title="bbox 2226 5501 3872 5585; baseline 0.004 -29"><span class='ocrx_word' id='word_1_881' title='bbox 2226 5502 2344 5566; x_wconf 72' lang='grc' dir='ltr'><strong>Υἱὸς</strong></span> <span class='ocrx_word' id='word_1_882' title='bbox 2386 5502 2658 5572; x_wconf 80' lang='grc' dir='ltr'>κοινωνὸς,</span> <span class='ocrx_word' id='word_1_883' title='bbox 2720 5501 2838 5583; x_wconf 77' lang='grc' dir='ltr'>ἔχει</span> <span class='ocrx_word' id='word_1_884' title='bbox 2885 5507 2946 5563; x_wconf 85' lang='grc' dir='ltr'>τὸ</span> <span class='ocrx_word' id='word_1_885' title='bbox 2989 5513 3202 5583; x_wconf 66' lang='grc' dir='ltr'>Πνεῦςια</span> <span class='ocrx_word' id='word_1_886' title='bbox 3243 5506 3380 5563; x_wconf 82' lang='grc' dir='ltr'>κατᾶ</span> <span class='ocrx_word' id='word_1_887' title='bbox 3421 5512 3604 5563; x_wconf 89' lang='grc' dir='ltr'>τοῦτον</span> <span class='ocrx_word' id='word_1_888' title='bbox 3631 5507 3722 5562; x_wconf 83' lang='grc' dir='ltr'><strong>τὸν</strong></span> <span class='ocrx_word' id='word_1_889' title='bbox 3749 5507 3840 5585; x_wconf 88' lang='grc' dir='ltr'><strong>τρό</strong></span> <span class='ocrx_word' id='word_1_890' title='bbox 3860 5540 3872 5551; x_wconf 90' lang='lat'><strong><em>-</em></strong></span> 
     </span>
    </p>
   </div>
   <div class='ocr_carea' id='block_1_117' title="bbox 497 5583 2158 5676">
    <p class='ocr_par' dir='ltr' id='par_1_117' title="bbox 497 5589 2138 5676">
     <span class='ocr_line' id='line_1_118' title="bbox 497 5589 2138 5676; baseline 0.007 -32"><span class='ocrx_word' id='word_1_891' title='bbox 497 5589 813 5676; x_wconf 47' lang='lat' dir='ltr'><strong>mistagogi</strong></span> <span class='ocrx_word' id='word_1_892' title='bbox 863 5589 963 5666; x_wconf 90' lang='lat' dir='ltr'><strong>qui</strong></span> <span class='ocrx_word' id='word_1_893' title='bbox 995 5591 1119 5650; x_wconf 64' lang='lat' dir='ltr'><strong>haec</strong></span> <span class='ocrx_word' id='word_1_894' title='bbox 1149 5590 1422 5669; x_wconf 79' lang='lat' dir='ltr'><strong>explanat</strong></span> <span class='ocrx_word' id='word_1_895' title='bbox 1472 5609 1543 5652; x_wconf 82' lang='lat' dir='ltr'><strong>ex</strong></span> <span class='ocrx_word' id='word_1_896' title='bbox 1576 5591 1648 5652; x_wconf 86' lang='lat' dir='ltr'><strong>iis</strong></span> <span class='ocrx_word' id='word_1_897' title='bbox 1677 5609 1809 5672; x_wconf 68' lang='lat' dir='ltr'><strong>quae</strong></span> <span class='ocrx_word' id='word_1_898' title='bbox 1837 5611 2015 5673; x_wconf 85' lang='lat' dir='ltr'><strong>supra</strong></span> <span class='ocrx_word' id='word_1_899' title='bbox 2043 5602 2138 5656; x_wconf 85' lang='lat' dir='ltr'><strong>at-</strong></span> 
     </span>
    </p>
   </div>
   <div class='ocr_carea' id='block_1_118' title="bbox 2217 5583 3878 5676">
    <p class='ocr_par' dir='ltr' id='par_1_118' title="bbox 2223 5583 3878 5676">
     <span class='ocr_line' id='line_1_119' title="bbox 2223 5583 3878 5676; baseline 0.004 -32"><span class='ocrx_word' id='word_1_900' title='bbox 2223 5611 2346 5660; x_wconf 83' lang='grc' dir='ltr'>πον,</span> <span class='ocrx_word' id='word_1_901' title='bbox 2391 5587 2506 5676; x_wconf 82' lang='grc' dir='ltr'>καθ’</span> <span class='ocrx_word' id='word_1_902' title='bbox 2551 5587 2611 5646; x_wconf 78' lang='grc' dir='ltr'><strong>ὃν</strong></span> <span class='ocrx_word' id='word_1_903' title='bbox 2666 5589 2727 5647; x_wconf 78' lang='grc' dir='ltr'>ἂν</span> <span class='ocrx_word' id='word_1_904' title='bbox 2787 5607 2968 5651; x_wconf 84' lang='grc' dir='ltr'>νοοῖτο</span> <span class='ocrx_word' id='word_1_905' title='bbox 2996 5595 3084 5653; x_wconf 82' lang='grc' dir='ltr'><strong>καί</strong></span> <span class='ocrx_word' id='word_1_906' title='bbox 3116 5593 3383 5676; x_wconf 76' lang='grc' dir='ltr'>δἬατὴρ.</span> <span class='ocrx_word' id='word_1_907' title='bbox 3421 5619 3450 5651; x_wconf 68' lang='grc' dir='ltr'><strong>ι</strong></span> <span class='ocrx_word' id='word_1_908' title='bbox 3488 5583 3618 5652; x_wconf 67' lang='grc' dir='ltr'>’Ἔτι</span> <span class='ocrx_word' id='word_1_909' title='bbox 3673 5592 3741 5650; x_wconf 75' lang='grc' dir='ltr'><strong>δὲ.</strong></span> <span class='ocrx_word' id='word_1_910' title='bbox 3784 5583 3878 5652; x_wconf 80' lang='grc' dir='ltr'><strong>τοῦ</strong></span> 
     </span>
    </p>
   </div>
   <div class='ocr_carea' id='block_1_119' title="bbox 501 5671 2162 5764">
    <p class='ocr_par' dir='ltr' id='par_1_119' title="bbox 501 5671 2142 5756">
     <span class='ocr_line' id='line_1_120' title="bbox 501 5671 2142 5756; baseline 0.01 -29"><span class='ocrx_word' id='word_1_911' title='bbox 501 5671 768 5747; x_wconf 85' lang='lat' dir='ltr'><strong>tulimus,</strong></span> <span class='ocrx_word' id='word_1_912' title='bbox 817 5693 999 5736; x_wconf 88' lang='lat' dir='ltr'><strong>unum</strong></span> <span class='ocrx_word' id='word_1_913' title='bbox 1057 5686 1194 5738; x_wconf 85' lang='lat' dir='ltr'><strong>tunc</strong></span> <span class='ocrx_word' id='word_1_914' title='bbox 1242 5677 1608 5756; x_wconf 70' lang='lat' dir='ltr'><strong>praetoritum</strong></span> <span class='ocrx_word' id='word_1_915' title='bbox 1663 5671 1927 5756; x_wconf 69' lang='lat' dir='ltr'><strong>silentio,</strong></span> <span class='ocrx_word' id='word_1_916' title='bbox 1984 5701 2142 5744; x_wconf 87' lang='lat' dir='ltr'><strong>nunc</strong></span> 
     </span>
    </p>
   </div>
   <div class='ocr_carea' id='block_1_120' title="bbox 2210 5671 3871 5764">
    <p class='ocr_par' dir='ltr' id='par_1_120' title="bbox 2225 5671 3871 5764">
     <span class='ocr_line' id='line_1_121' title="bbox 2225 5671 3871 5764; baseline 0.003 -31"><span class='ocrx_word' id='word_1_917' title='bbox 2225 5685 2382 5734; x_wconf 86' lang='grc' dir='ltr'>ταῦτα</span> <span class='ocrx_word' id='word_1_918' title='bbox 2444 5675 2819 5759; x_wconf 77' lang='grc' dir='ltr'>διασαφοῦντος</span> <span class='ocrx_word' id='word_1_919' title='bbox 2878 5692 3228 5764; x_wconf 83' lang='grc' dir='ltr'>μυσταγωγοῦ</span> <span class='ocrx_word' id='word_1_920' title='bbox 3275 5671 3343 5741; x_wconf 66' lang='grc' dir='ltr'><strong>ἐκ⁷</strong></span> <span class='ocrx_word' id='word_1_921' title='bbox 3391 5690 3494 5741; x_wconf 90' lang='grc' dir='ltr'><strong>τῶν</strong></span> <span class='ocrx_word' id='word_1_922' title='bbox 3534 5687 3606 5740; x_wconf 85' lang='grc' dir='ltr'><strong>ῶν</strong></span> <span class='ocrx_word' id='word_1_923' title='bbox 3651 5682 3871 5762; x_wconf 79' lang='grc' dir='ltr'>παρελί-</span> 
     </span>
    </p>
   </div>
  </div>
