4206 6292
577 227 735 293 1355

1861 225 2173 290 GEORGII
2219 226 2686 293 METOCHITE

3827 228 4011 295 i356

654 362 754 424 M.
786 359 958 423 Nunc
1014 360 1210 441 itaque
1255 359 1588 433 videamus,
1627 376 1755 438 quae
1786 357 1915 439 ipse
1946 358 2219 440 proponit

2383 353 2471 422 ιδ’.
2545 371 2648 421 Τοῦ
2696 363 2883 421 λοιποῦ
2937 366 3107 422 τοίνυν
3151 366 3409 442 ὀψόμεθα,
3469 367 3558 422 καὶ
3612 365 3748 443 ὅπερ
3815 368 4008 430 αὑτὸς

571 450 647 512 ad
677 450 1161 531 redarguendum
1224 449 1370 510 illud
1411 447 1740 526 effunde-re,
1775 447 1877 526 qui
1899 447 1957 507 in
1982 447 2225 508 vocibus

2310 452 2507 519 τίθησιν
2539 455 2612 516 εἱς
2666 452 2894 534 ἔλεγχον
2940 456 3001 510 16
3058 453 3244 534 ἐκχεῖν
3302 457 3330 510 ὁ
3374 453 3456 510 ἐπὶ
3499 461 3690 534 φωνῶν
3734 452 4009 511 καθόλου

572 541 876 620 frequenti
906 559 1013 601 usu
1042 539 1192 599 tritis
1223 538 1534 618 paritatem
1571 537 1882 598 sententia)
1913 536 2226 618 temerarie

571 629 897 708 redarguit,
937 629 1210 691 nesciens
1234 627 1308 688 de
1340 627 1554 706 quibus
1585 627 1888 686 decernat.
1924 634 1987 686 ut
2017 624 2225 705 Scrip-

572 725 720 779 turae
750 718 945 778 verbis
976 726 1131 797 utar,
1160 718 1360 796 sicque
1395 735 1463 776 ex
1497 715 1765 795 proxime
1789 715 2073 794 appositis
2096 714 2220 774 sei-

571 827 746 888 psum
779 807 964 885 magis
993 826 1061 867 ac
1093 806 1277 884 magis
1312 803 1546 885 publice
1606 803 2081 883 redarguendum
2114 803 2222 863 de-

571 897 693 958 dat.
729 896 1046 959 Videamus
1076 913 1214 974 ergo
1265 901 1328 954 ut
1368 894 1465 954 ille
1496 892 1809 972 eﬁ’undere
1857 893 2171 967 redarguat
2205 913 2218 949 :

579 1010 606 1042 α
635 987 785 1048 Cum
815 985 1296 1064 e/funrlam,ait,a
1324 982 1571 1062 Spiritu
1597 1000 1727 1044 meo
1743 983 1810 1043 in
1844 999 2076 1044 omnem
2093 998 2225 1042 cur-

571 1093 715 1138 uum
736 1075 822 1156 εδ,
855 1075 1013 1135 idem
1049 1073 1132 1133 illi
1159 1073 1487 1152 pret-edere
1516 1072 1764 1148 faciam,
1795 1088 2035 1150 prorsus
2057 1068 2220 1142 dicit,

573 1165 625 1225 si
660 1164 998 1227 necessario
1031 1163 1358 1240 effundere,
1393 1169 1452 1222 et
1484 1160 1807 1240 procedere
1839 1159 2032 1220 facerc
2067 1159 2223 1220 idem

572 1261 685 1316 est.
720 1277 744 1312 υ
783 1253 844 1314 Si
876 1253 1054 1331 igitur
1083 1250 1363 1331 Spiritum
1398 1248 1704 1310 effundere
1742 1257 2056 1319 assereret,
2105 1266 2222 1308 non

572 1351 738 1404 extra
794 1342 1085 1403 rationem
1155 1358 1389 1419 quoquo
1443 1337 1616 1397 modo
1671 1337 1834 1417 loqui
1893 1337 2031 1398 licet
2079 1335 2224 1396 falsa

570 1431 912 1510 videretur,
977 1448 1134 1491 nunc
1192 1446 1326 1488 vero
1385 1450 1407 1482 ιι
1468 1445 1502 1486 a
1546 1425 1766 1506 Spiritu
1805 1444 1934 1486 meo
1974 1451 1996 1483 ιι
2052 1425 2217 1486 dicit.

575 1519 725 1592 Quid
758 1517 1050 1599 quispiam
1083 1517 1310 1578 diceret
1339 1515 1414 1576 de
1447 1523 1605 1576 tanta
1637 1514 1998 1576 confidentia
2029 1521 2088 1574 et
2144 1512 2222 1573 li-

2307 540 2599 618 ϐεολογίαις
2682 541 3149 622 ἐμπεριεχομένων
3225 545 3286 600 16
3339 544 3527 599 ταυτὸν
3576 543 4006 618 Θραεωνὸμενος

2309 628 2628 710 διελέγχειν,
2675 630 2753 703 μὴ
2793 628 2942 693 εἰδὼς
3001 633 3118 708 περὶ
3160 632 3235 688 ὧν
3295 629 3710 706 διαϐεῗαιοῦται,
3760 635 3829 687 16
3877 637 4006 698 τῆς

2307 725 2539 798 Γραφῆς,
2575 718 2721 783 ὅπως
2777 719 2834 776 ἐκ
2881 725 2986 776 τῶν
3017 719 3192 800 ἀγχοῦ
3248 720 3704 800 παρατεθειμένων
3762 724 3998 798 Θριαμ-

2305 806 2442 864 ϐεύει
2498 806 2700 884 μᾶλλον
2773 809 2958 864 ἑαυτὸν
3013 799 3400 888 διελέγχεσθαι.
3493 799 3700 884 Ἰδιομεν
3792 811 3998 865 τοίνυν

2306 899 2392 954 καὶ
2421 898 2511 953 τὸν
2539 899 2611 960 εἰς
2641 898 2702 953 τὸ
2728 896 2918 976 ἐκχεῖν
2947 895 3172 977 ἔλεγχον
3200 887 3226 927 ’ί
3254 922 3282 953 ε
3319 887 3496 954 υέιστε
3527 899 3730 977 ἐκχεῶ,
3769 901 3985 978 φησὶν,

2309 987 2412 1042 ἀπὸ
2484 993 2576 1042 τοῦ
2635 986 2937 1060 Πνεῦμα-τός
3009 1009 3112 1050 μου
3164 989 3251 1043 ἐπὶ
3341 993 3518 1044 πᾶσαν
3570 990 3763 1064 σάρκα,
3825 1009 3988 1043 ταυ-

2309 1077 2397 1130 τὸν
2427 1081 2503 1148 τῷ
2546 1073 2846 1154 ἐκπορεύσω
2902 1075 3140 1156 πάντως,
3197 1074 3339 1154 λέγει
3399 1078 3442 1131 εἰ
3514 1074 3565 1140 ἐξ
3623 1076 3875 1152 ἀνάγκης
3913 1078 3986 1131 τὸ

2309 1163 2498 1242 ἐκχεῖν
2554 1165 2641 1220 καὶ
2682 1165 2744 1220 τὸ
2801 1163 3100 1241 ἐκπορεύειν
3153 1165 3362 1224 ταυτόν.
3400 1194 3426 1227 ι
3485 1167 3538 1222 Ei
3604 1165 3702 1240 μὲν
3754 1165 3850 1220 οῦν
3903 1168 3980 1222 τὸ

2310 1259 2519 1326 Πνεῦμα
2589 1251 2767 1331 ἔλεγεν
2834 1251 3046 1332 ἐκχεῖν,
3095 1253 3253 1333 εἶχεν
3306 1253 3367 1309 ἄν
3433 1276 3550 1310 τινα
3609 1253 3982 1331 εὑπρόσωπον

2307 1340 2466 1419 λόγον
2507 1343 2683 1418 τοῦτο,
2733 1343 2775 1397 εἰ
2825 1345 2913 1398 καὶ
2985 1343 3061 1416 μὴ
3105 1341 3278 1409 ἄληθῆ
3363 1349 3467 1401 Νῦν
3522 1342 3603 1404 δὲ,
3659 1367 3683 1397 ιι
3718 1343 3832 1398 ἀπὸ
3874 1345 3987 1399 τοῦ

2307 1431 2607 1505 Πνεῦματός
2640 1453 2761 1505 μου,
2814 1451 2838 1482 n
2886 1432 3036 1509 φησί.
3070 1432 3129 1488 Τί
3170 1453 3248 1495 τις
3280 1431 3342 1486 ἅν
3399 1432 3528 1512 φαίη
3572 1438 3641 1507 τῇ
3685 1431 3780 1488 τοῦ
3827 1431 3969 1488 καθ’

2303 1522 2377 1573 ὧν
2408 1517 2581 1597 λέγειν
2642 1517 2786 1592 ἀδείᾳ
2842 1519 3046 1600 γράφῆς
3105 1526 3210 1576 τῶν
3249 1521 3609 1576 Θεοπνεύστων
3667 1518 3975 1592 προδήλως

575 1609 804 1671 bertate
828 1607 1087 1680 dicendi,
1125 1625 1254 1666 cum
1311 1606 1530 1684 scripta
1586 1603 1925 1665 divinorum
1981 1605 2221 1665 Patrum

2310 1608 2706 1687 ἀναιρουμένης,
2752 1609 2840 1664 καὶ
2880 1614 2988 1664 τῶν
3051 1606 3209 1674 τησδε
3263 1605 3647 1686 Θεοὸραϐεύτων
3700 1605 3977 1664 διδασκᾶ-

574 1706 778 1779 aperte
811 1696 1207 1767 destruantur,
1261 1702 1319 1754 et
1367 1711 1571 1755 eorum
1630 1701 1902 1754 auctores
1943 1711 2010 1753 ac
2041 1691 2224 1755 divini

2310 1697 2415 1754 λων
2445 1696 2880 1775 λοιδορουμένων,
2951 1699 3024 1760 ὡς
3058 1697 3305 1764 ἀληθείας
3336 1699 3414 1772 μὴ
3472 1696 3775 1776 ἐχομένων,
3837 1697 3974 1753 ἀλλ’

576 1786 862 1866 magistri,
923 1785 1090 1865 quasi
1146 1782 1375 1845 veritati
1413 1801 1531 1842 non
1580 1781 1942 1856 adhaereant,
2002 1783 2108 1842 sed
2152 1779 2222 1840 ab

2310 1784 2761 1860 ἆποδιισταμένων
2827 1788 3038 1858 αὑτῆςς
3112 1787 3198 1850 Τίς
3291 1786 3389 1864 γὰρ
3445 1784 3540 1842 οῧκ
3590 1783 3704 1841 οἶδε
3774 1792 3976 1854 κοινῆς

576 1893 647 1938 ea
675 1877 846 1955 longe
877 1874 1105 1954 lateque
1161 1872 1464 1946 aberrent,
1517 1871 1788 1932 convitiis
1841 1867 2225 1932 afﬁciantur?

2310 1876 2497 1938 θέσεως
2529 1878 2666 1931 εἶναι
2723 1879 2790 1942 τῆ
2849 1871 3140 1946 Ἐκκλησία
3182 1875 3306 1947 τὴν,
3345 1897 3372 1928 α
3408 1871 3629 1953 Ἐπχειῖι
3697 1873 3805 1930 άπὸ
3869 1885 3976 1934 τοῦ

576 1963 718 2037 Quis
771 1963 932 2025 enim
991 1981 1110 2024 non
1160 1962 1321 2022 novit
1377 1978 1696 2021 commune
1739 1959 2003 2019 omnium
2039 1957 2223 2038 placi-

2310 1964 2611 2039 Πνεύματός
2653 1985 2775 2036 μου,
2832 1963 2986 2040 ῥῆσιν
3018 1964 3351 2044 προφητικήν
3408 1960 3671 2029 δηλοῦσαν
3726 1963 3859 2020 αὑτὸ
3893 1969 3963 2020 τὸ

577 2061 700 2116 tum
730 2054 792 2114 in
821 2051 1087 2114 Ecclesia
1119 2069 1288 2130 esse,
1323 2050 1546 2112 dictum
1583 2048 1990 2129 propheticum
2023 2065 2037 2107 :
2073 2072 2099 2103 α
2131 2046 2222 2107 Ef-

2312 2061 2520 2128 Πνεῦμα
2542 2055 2602 2108 τὸ
2632 2051 2780 2130 ἅγιον
2811 2051 2996 2130 ἐκχέαι
3057 2055 3146 2108 τὸν
3183 2053 3386 2123 Κύριον,
3454 2073 3582 2108 ποτε
3622 2052 3719 2125 μὲν

575 2143 820 2205 fundam
870 2141 944 2202 de
993 2140 1214 2221 Spiritu
1260 2159 1415 2215 meo,
1455 2160 1484 2196 ο
1518 2137 1851 2216 signiﬁcare
1902 2156 1936 2197 a
1972 2135 2224 2199 Domino

576 2233 824 2294 effusum
877 2230 1056 2292 fuisse
1109 2228 1392 2309 Spiritum
1424 2236 1714 2300 sanctum,
1746 2245 1880 2288 cum
1905 2225 2222 2305 aliquando

577 2339 798 2384 sonore
830 2320 1064 2388 clamat,
1107 2345 1130 2375 «
1167 2318 1407 2379 demisit
1437 2317 1627 2389 illum,
1668 2342 1692 2374 ι
1725 2315 2066 2394 aliquando,
2097 2315 2221 2376 ref-

576 2409 730 2471 f'udit
757 2411 818 2471 in
849 2417 1085 2469 sanctos
1116 2407 1442 2485 discipulos
1475 2414 1532 2465 et
1561 2404 1890 2483 apostolos?
1919 2428 1939 2457 ι)
1980 2404 2222 2483 thuo-

583 2498 759 2559 modo
785 2494 1160 2557 adversarius
1207 2493 1454 2554 blaterat
1491 2515 1502 2553 :
1543 2516 1566 2549 (ι
1603 2491 1666 2554 Si
1724 2491 1920 2569 itaque
1955 2490 2222 2563 dixisset,

579 2585 866 2666 Spiritum
925 2584 1229 2645 effundere
1267 2607 1293 2637 ν
1353 2581 1520 2661 quasi
1572 2599 1689 2641 non
1735 2580 2005 2640 admittat
2035 2582 2224 2659 ipsum

2307 2140 2647 2218 διαπρυσίως,
2691 2161 2714 2194 ιι
2747 2139 3088 2215 κατέπεμψεν
3146 2142 3294 2219 αὑτὸ,
3329 2164 3352 2193 ι
3390 2140 3551 2196 ἐνίοτε
3595 2138 3650 2196 δὲ
3687 2164 3710 2197 ι
3744 2141 3968 2222 ἐξέχεεν

2306 2230 2391 2286 ἐπὶ
2419 2231 2540 2293 τοὺς
2585 2229 2762 2306 ἁγίους
2795 2229 3033 2301 μαθητὰς
3077 2229 3162 2284 καὶ
3216 2227 3542 2290 ἀποστόλους
3579 2248 3596 2303 ;
3631 2251 3657 2283 ι
3712 2231 3814 2287 Καὶ
3843 2233 3967 2294 πτῦς

2306 2342 2465 2399 φησ.ν
2497 2321 2524 2374 6
2577 2317 2861 2396 ἂντίθετος,
2917 2339 2944 2371 α
2982 2319 3037 2374 Ei
3092 2317 3190 2391 μέν
3249 2319 3338 2372 οὗν
3394 2319 3455 2372 τὸ
3509 2324 3721 2392 Πνεῦμα
3778 2317 3966 2397 ἔλεγεν

2307 2410 2521 2486 ἐκχεῖν,
2561 2429 2584 2461 ι
2618 2407 2690 2466 ὡς
2723 2406 2799 2480 μὴ
2828 2407 2984 2462 αὑτὸυ
3014 2403 3304 2485 δεχόμενος
3325 2406 3515 2485 ἐκχεῖν
3544 2408 3635 2462 τὸν
3666 2407 3964 2485 Παράκλη-

2307 2518 2397 2552 τον
2428 2515 2443 2572 ;
2491 2497 2585 2551 οὑκ
2615 2492 2739 2551 οἶδα
2769 2491 2814 2549 δ’
2847 2491 2875 2548 ὅ
2903 2515 2953 2549 τι
2983 2500 3139 2551 νοῶν.
3188 2500 3294 2550 Ποῦ
3323 2492 3377 2549 δὲ
3424 2495 3575 2561 Θησει
3631 2497 3754 2557 τοὺς
3787 2517 3961 2573 μεγαο

2310 2583 2606 2662 λοκήρυκας
2673 2582 2832 2663 ἄμφω
2873 2585 3207 2662 κορυφαίους,
3267 2585 3343 2637 ὧν
3399 2586 3427 2639 6
3477 2584 3578 2656 μὲν
3630 2586 3743 2663 164,
3777 2595 3963 2646 σκεῦος

577 2661 948 2738 Paracletum
981 2670 1237 2732 effundi?
1267 2669 1417 2742 Quid
1452 2669 1552 2731 ille
1584 2669 1696 2728 sibi
1726 2669 1834 2747 ipsi
1867 2668 2064 2728 animo
2096 2686 2225 2747 pro-

2310 2673 2405 2739 τῆς
2454 2661 2707 2746 ἐκλογῆς
2765 2661 2951 2748 πρὸς
3001 2673 3150 2728 Τίτον
3220 2669 3564 2751 ἐπιστέλλων,
3630 2696 3656 2726 α
3709 2661 3963 2728 “Eccum

578 2761 870 2844 posuerit,
905 2779 1013 2839 ego
1044 2759 1339 2840 siquidem
1372 2777 1486 2818 non
1519 2757 1712 2837 capio.
1762 2755 2015 2818 Ubinam
2051 2767 2225 2836 ponet

2312 2762 2456 2836 ἡμᾶς
2501 2761 2529 2815 6
2560 2761 2689 2823 Θεὸς
2731 2761 2819 2816 καὶ
2864 2760 3070 2838 Πατὴρ,
3111 2781 3133 2814 ι
3183 2759 3552 2839 ἇνακηρύττει,
3603 2782 3628 2816 ε
3677 2759 3762 2816 διὰ
3829 2759 3962 2816 λου-

579 2870 830 2930 magnos
857 2867 1183 2930 praecones,
1217 2847 1423 2908 ambos
1455 2846 2048 2926 primarios.quorum
2079 2846 2225 2907 alter

2315 2851 2440 2928 τροῦ
2506 2847 2913 2927 παλιγγενεσίας
3010 2848 3097 2905 καὶ
3192 2848 3566 2912 ἀνακαινίσεως
3653 2849 3959 2924 Πνεύματος

578 2941 698 3003 Vas
732 2939 1062 3014 electionis,
1097 2938 1196 3018 qui
1228 2937 1299 2998 ad
1343 2935 1537 2998 Titum
1573 2935 1876 2997 scribens:
1917 2957 1938 2986 ι
1983 2933 2225 2996 Salvavit

2317 2939 2487 3016 ἁγίου,
2549 2939 2610 2993 οῦ
2677 2936 2902 3018 ἐχέχεεν
2960 2936 3040 3018 ἐφ’
3121 2939 3263 3012 ἡμᾶς
3320 2935 3581 3001 πλουσίως
3636 2935 3722 2993 διὰ
3783 2936 3962 3004 Ἰησοῦ

582 3047 691 3090 nos
719 3031 876 3092 Deus
908 3034 966 3090 et
997 3030 1227 3101 Pater,»
1267 3025 1470 3104 edicit,
1508 3049 1527 3078 ι
1585 3042 1689 3104 per
1726 3023 2019 3086 lavacrum
2050 3042 2222 3102 rege-

2313 3032 2536 3106 Χριστοῦ
2575 3035 2668 3084 τοῦ
2723 3031 2974 3106 Σωτῆρος
3029 3027 3184 3102 ἡμῶν
3213 3045 3226 3059 ·
3291 3045 3320 3084 ι
3381 3028 3410 3084 6
3479 3023 3533 3082 δὲ
3577 3030 3674 3093 τῆς
3719 3025 3958 3106 οὐρανῶν

581 3117 939 3197 nerationis,
969 3114 1443 3178 etrenovatiouis
1493 3112 1747 3194 Spiritus
1776 3113 1986 3183 sancti,
2020 3133 2088 3174 ex
2111 3133 2225 3193 quo

2311 3113 2580 3192 βασιλείας
2624 3117 2652 3170 6
2714 3116 2851 3193 ἱερὸς
2911 3112 3228 3194 κλειδοῦχος
3285 3115 3420 3190 μετὰ
3471 3116 3531 3171 τὸ
3588 3112 3963 3194 διερμηνεῦσαι

582 3205 789 3268 effudit
820 3207 880 3266 in
912 3224 1020 3266 nos
1049 3205 1362 3266 affluenter
1391 3221 1495 3284 per
1524 3206 1725 3266 Jesum
1760 3201 2058 3264 Christum
2091 3203 2225 3264 Sal-

580 3304 839 3357 vatorem
875 3304 1144 3356 nostrum
1166 3293 1285 3366 27,»
1322 3292 1470 3354 alter
1496 3303 1585 3353 est
1613 3291 1779 3370 regni
1813 3290 2072 3352 caelestis
2126 3307 2228 3353 sa-

579 3402 682 3445 cer
704 3382 1098 3462 claviger,qui
1119 3391 1424 3462 postquam
1443 3381 1812 3460 exposuisset
1839 3379 2059 3442 laudati
2084 3397 2226 3458 pro-

577 3473 777 3552 phetae
799 3471 1068 3540 verba,ut
1096 3470 1328 3531 divinus
1352 3469 1612 3532 Lucasin
1641 3468 1808 3531 Actis
1839 3467 2224 3548 narrat,apud

579 3569 904 3641 praesentes
931 3568 1050 3620 tum
1083 3559 1500 3620 conciocinans
1522 3559 1696 3619 docet
1731 3579 1744 3620 :
1786 3582 1806 3611 ι
1831 3556 2087 3619 Dextera
2111 3557 2226 3636 igi-

582 3658 681 3712 tur
711 3649 1057 3727 exaltatus,»
1094 3646 1252 3708 Deus
1275 3655 1333 3708 et
1363 3648 1539 3707 homo
1562 3647 1950 3715 Christus,«et
1979 3647 2228 3724 promis-

583 3737 754 3798 sione
793 3735 1044 3814 Spiritus
1076 3735 1263 3796 sancti
1291 3756 1316 3792 ι
1349 3735 1420 3795 ab
1451 3735 1620 3798 Joelu
1646 3733 1885 3795 vidente
1920 3733 2225 3813 praedicta,

592 3833 871 3904 «accepta
891 3826 1099 3884 aPatre
1130 3823 1460 3884 effudithoc
1474 3823 1630 3904 quod
1648 3841 1749 3883 vos
1763 3823 1972 3883 videtis
1985 3823 2226 3884 etaudi-

589 3913 664 3974 tis
687 3913 927 3972 38ncum
958 3912 1337 3986 abundantia,
1393 3914 1505 3973 hoc
1536 3921 1627 3973 est
1657 3930 1896 3973 suorum
1933 3913 2225 3974 donorum

581 4010 638 4064 et
669 4001 989 4080 gratiarum
1052 4001 1276 4075 effudit,
1330 4001 1484 4081 quod
1519 4019 1619 4061 vos
1666 4000 1854 4061 Judaei
1886 4001 1993 4061 sub
2026 4001 2227 4081 specie

2313 3205 2377 3260 τὰ
2405 3210 2497 3260 τοῦ
2556 3201 2882 3270 δηλωθέντος
2937 3205 3209 3284 προφήτου
3267 3201 3478 3282 ῥήματα
3534 3205 3706 3268 καθὼς
3755 3207 3786 3260 6
3824 3209 3962 3273 θεη-

2313 3291 2469 3371 γόρος
2540 3293 2743 3370 ἱστορεῖ
2798 3297 3000 3356 Λουκᾶς
3055 3290 3110 3347 ἐν
3167 3304 3290 3355 ταῖς
3339 3291 3581 3369 Πράξεσι,
3640 3295 3772 3370 πρὸς
3833 3297 3963 3360 τοὺς

2313 3380 2432 3437 τότε
2502 3381 2846 3459 παρεστῶτας
2903 3378 3133 3438 διδάσκει
3189 3379 3510 3460 δημηγορῶν
3543 3397 3560 3414 ⁶
3627 3404 3650 3434 ι
3703 3388 3781 3458 Τῇ
3821 3381 3965 3456 δεξίᾷ

2313 3471 2402 3527 οὗν
2435 3477 2526 3528 τοῦ
2579 3476 2708 3526 Θεοῦ
2751 3471 2998 3545 ὑψωθεὶς,
3049 3495 3074 3528 ν
3135 3471 3163 3526 ὁ
3203 3471 3532 3548 Θεάνθρωπος
3589 3475 3813 3550 Χριστὸς
3851 3470 3963 3540 δη-

2308 3559 2508 3633 λονότι,
2563 3579 2586 3611 ιι
2621 3560 2719 3626 τὴν
2751 3557 3072 3637 ἐπαγγελίαν
3101 3559 3218 3637 περὶ
3246 3566 3339 3616 τοῦ
3383 3559 3532 3636 ἁγίου
3558 3560 3890 3639 Πνεῦματος,
3926 3581 3958 3620 ι

2308 3649 2405 3715 τὴν
2433 3647 2576 3723 παρᾶ
2617 3669 2714 3703 τσυ
2751 3650 2981 3726 ὁρῶντος
3025 3644 3183 3714 Ἰωῆλ
3212 3646 3690 3726 προαγγελθεισαν,
3721 3671 3748 3704 ε
3778 3647 3962 3707 λαϐὼν

2313 3738 2452 3814 παρὰ
2482 3742 2576 3792 τοῦ
2619 3738 2822 3815 Πατρὸς
2881 3734 3062 3816 ἐξέχεε
3108 3742 3290 3812 τοῦτο,
3334 3735 3369 3792 ὅ
3409 3738 3565 3812 ὑμεῖς
3619 3735 3841 3813 βλέπετε
3870 3743 3963 3798 καὶ

2309 3825 2552 3904 ἀκούετε,
2605 3847 2633 3880 ο
2671 3826 2805 3899 μετὰ
2865 3822 3164 3900 δαψιλείας,
3213 3825 3446 3881 τουτέστι
3505 3825 3612 3882 τῶν
3663 3828 3819 3884 αὑτοῦ
3847 3825 3962 3885 δω-

2309 3914 2561 3992 ρημάτων
2631 3915 2718 3970 καὶ
2789 3913 3138 3993 χαρισμάτων
3214 3913 3447 3993 ἐξέχεεν,
3507 3913 3636 3994 ὅπερ
3689 3916 3845 3992 ὑμεῖς
3903 3923 3952 3977 οἱ

2307 4001 2554 4061 ἰουδαῖω
2597 3999 2682 4057 διὰ
2725 4001 2820 4073 μὲν
2893 4008 2984 4058 τοῦ
3037 4000 3210 4066 εἴδους
3238 4007 3347 4058 τῶν
3415 4003 3642 4081 πυρίνων
3697 4003 3959 4082 γλωσσῶν

578 4091 885 4170 ignearum
923 4089 1252 4167 linguarum
1289 4089 1590 4169 videtis,et
1618 4108 1725 4170 per
1762 4089 2079 4150 violentum
2115 4091 2224 4150 fla-

2310 4090 2550 4167 βλέπετε,
2601 4089 2690 4148 διὰ
2737 4088 2793 4146 δὲ
2849 4095 2946 4158 τῆς
2989 4091 3162 4155 ϐιαίας
3209 4095 3377 4158 πνοῆς
3429 4092 3670 4173 ἀκούετε,
3735 4084 3900 4152 ’Ὀοέν
3931 4100 3960 4154 ὁ

579 4191 702 4240 tum
735 4179 974 4240 auditis.
1010 4177 1162 4278 Hinc
1191 4178 1595 4278 divinis-simus
1654 4177 1903 4258 Cyrillus
1955 4178 2224 4240 oratione

2310 4181 2571 4278 Ouk-110;
2602 4177 2855 4257 Κύριλλος
2907 4179 2962 4235 ἐν
3033 4187 3110 4255 τῷ
3166 4185 3594 4260 Προσφωνητικῷ
3649 4180 3796 4260 λόγῳ
3834 4199 3956 4251 ταῖς

577 4269 1044 4349 PrOSphonetlca
1074 4267 1145 4328 ad
1191 4267 1485 4348 piissimas
1517 4267 1925 4348 imperatrices
1955 4267 2031 4329 de
2065 4277 2225 4329 recta

2310 4266 2704 4332 εὑσεϐεστάταις
2743 4267 2974 4344 βασιλίσι
3028 4270 3147 4348 περὶ
3206 4267 3307 4336 τῆς
3364 4269 3519 4347 ὀρθῆς
3559 4270 3761 4334 πίστως
3819 4272 3956 4331 οὕτω

577 4358 884 4437 fide,hunc
917 4357 975 4417 in
1024 4357 1265 4418 modum
1315 4357 1522 4418 deﬁnit
1558 4378 1571 4419 :
1613 4380 1634 4412 ιι
1674 4356 1804 4435 Egit
1855 4357 2052 4437 itaque
2096 4376 2225 4437 quae

2310 4356 2551 4436 θεολογετ
2583 4373 2597 4388 ⁸
2640 4378 2664 4412 ε
2701 4355 3032 4436 Ἐνήργηκεν
3076 4357 3164 4415 οὖν
3209 4359 3276 4414 τὰ
3304 4363 3397 4414 τοῦ
3439 4365 3570 4415 Θεοῦ
3611 4361 3701 4416 καὶ
3758 4365 3956 4441 Πατρδς

579 4445 859 4508 erantDei
891 4454 947 4506 et
976 4445 1162 4508 Patris
1180 4445 1679 4526 Filius,Spiritum
1704 4445 1931 4506 dedens
1950 4445 2225 4526 ipse.Hu-

2310 4448 2338 4504 ὁ
2370 4449 2515 4522 Υἱὸς,
2547 4447 2610 4503 τὸ
2669 4452 2880 4524 Πνεῦμα
2938 4444 3108 4512 διδοὺς
3166 4447 3343 4511 αὑτός.
3402 4445 3731 4525 Ἀνθρωπίνη
3786 4451 3956 4508 τοίνυν

581 4553 755 4595 mana
776 4534 956 4612 igitur
972 4535 1297 4615 assumptio
1325 4543 1435 4610 est,
1469 4535 1576 4597 sed
1609 4534 1728 4596 Deo
1755 4536 2136 4611 conveniens,
2169 4544 2225 4598 et

2310 4539 2344 4604 ἡ
2415 4533 2603 4610 ληψις,
2655 4536 2944 4616 θεοπρεπὲς
3014 4533 3070 4591 δὲ
3138 4536 3226 4593 καὶ
3295 4535 3425 4616 ὑπὲρ
3477 4534 3745 4617 ἄνθρωπον
3803 4539 3863 4596 16
3904 4540 3954 4606 ἐξ

577 4640 759 4701 super
788 4623 1115 4702 hominem,
1139 4632 1196 4684 et
1215 4623 1453 4704 proprio
1487 4622 1930 4703 complementa
1963 4624 2137 4684 etiam
2170 4621 2225 4683 in

2314 4623 2440 4681 ἰδίου
2468 4623 2827 4702 πληρώματος
2860 4627 2949 4683 καὶ
2980 4626 3053 4689 εἱς
3097 4625 3301 4706 ἑτέρους
3359 4625 3549 4707 ἐγχεῖν
3594 4629 3695 4696 τὴν
3723 4625 3885 4689 δόσιν.
3921 4653 3949 4686 ι

575 4711 723 4772 alios
746 4711 1051 4772 eﬁundere
1078 4711 1575 4784 dationem.Quod
1601 4711 1652 4773 si
1680 4731 1798 4774 non
1819 4720 1983 4774 extra
1999 4721 2233 4792 tempus

577 4799 848 4861 estillum
872 4800 1062 4880 accipi
1087 4819 1194 4880 per
1210 4804 1529 4864 Dominum
1561 4801 1635 4862 ab
1659 4801 1967 4882 apostolis,
2004 4812 2064 4864 et
2100 4801 2233 4862 aliis

577 4886 882 4965 signiferis
901 4888 1454 4970 hominibus,supra
1469 4900 1664 4952 tamen
1699 4899 1933 4971 tempus
1957 4897 2046 4951 est
2064 4891 2230 4952 illum

577 4994 648 5036 ex
679 4977 938 5037 essentia
977 4979 1285 5040 effundere
1317 4997 1441 5051 sua,
1470 4991 1525 5041 et
1579 4987 1865 5059 perpetuo
1897 4978 2090 5058 ipsum
2125 4999 2233 5041 ex-

575 5067 810 5144 sistere.
849 5067 1223 5146 Quapropter
1251 5068 1311 5128 in
1362 5069 1491 5148 ipsa
1527 5067 2023 5148 interpretatione
2051 5068 2235 5130 .loelis

575 5155 880 5234 prophetae
909 5155 968 5216 in
993 5155 1520 5218 illudzcEffundam
1541 5155 1840 5237 exSpiritu
1866 5156 2229 5233 meo,-idem

575 5260 880 5303 sacrorum
938 5263 1282 5306 sermonum
1334 5245 1726 5308 concinnator
1774 5246 1853 5307 ita
1901 5245 2226 5309 edisserit:

581 5353 610 5385 σ
643 5329 878 5392 Etenim
912 5352 1027 5413 qua
1061 5336 1218 5396 Deus
1249 5343 1360 5416 est,
1395 5343 1452 5395 et
1484 5353 1553 5396 ex
1585 5335 1709 5397 Deo
1759 5338 2085 5450 secundum
2117 5355 2228 5398 na-

2314 4715 2373 4773 Ei
2401 4711 2456 4770 δὲ
2485 4715 2574 4771 καὶ
2622 4717 2678 4770 ἐν
2725 4715 2906 4796 χρόνῳ
2957 4716 3020 4772 16
3075 4711 3361 4776 λαμϐάνειν
3390 4717 3515 4772 αὑτό
3572 4717 3716 4796 παρᾶ
3773 4720 3956 4797 Κυρίου

2314 4803 2433 4867 τοὺς
2465 4803 2816 4880 ἀποστόλους,
2870 4803 2957 4860 καὶ
3026 4801 3243 4866 λοιποὺς
3299 4805 3686 4885 σημειοφόρους
3748 4805 3949 4887 ἄνδρας,

2317 4891 2437 4948 ἀλλ’
2480 4894 2608 4972 ὑπὲρ
2639 4893 2835 4974 χρόνον
2864 4894 2926 4950 τὸ
2969 4893 3030 4950 ἐκ
3056 4898 3155 4961 τῆς
3181 4892 3357 4954 οὑσίας
3405 4895 3562 4952 αὑτοῦ
3592 4895 3802 4977 ἐκχεῖν,
3846 4900 3955 4954 xui-

2318 4980 2503 5045 ἁϊδίως
2566 4984 2692 5039 αὐτὸ
2749 4983 3030 5063 ὑπάρχειν.
3096 4985 3189 5038 Διὸ
3243 4983 3332 5039 καὶ
3373 4981 3428 5038 ἐν
3471 4983 3604 5060 αὑτῇ
3654 4990 3724 5062 τῇ
3784 4985 3953 5064 ἐρμη-

2316 5074 2428 5144 νείᾳ
2455 5077 2523 5148 τῇ
2553 5073 2626 5136 εἷς
2679 5073 2770 5128 τὸν
2826 5073 3107 5150 προφήτην
3163 5070 3321 5140 Ἰωὴλ
3361 5077 3453 5148 τῇ,
3505 5095 3534 5128 ε
3581 5070 3796 5154 Ἐκχεῶ
3849 5075 3954 5133 ἀπὸ

2316 5168 2407 5216 10')
2477 5160 2783 5236 Πνεύματός
2847 5182 2967 5236 μου,
3006 5183 3032 5216 ι)
3104 5161 3133 5216 6
3175 5161 3330 5226 αὑτὸς
3398 5160 3666 5240 ἱερολόγος
3721 5161 3956 5230 διέξεισιν

2316 5250 2507 5307 οὑτωσί
2538 5266 2552 5280 ⁸
2595 5267 2618 5298 σ
2649 5244 2716 5319 ᾝ
2747 5250 2846 5326 μὲν
2893 5250 2993 5328 γάρ
3022 5248 3133 5306 ἐστι
3186 5250 3340 5324 Θεὸς,
3385 5252 3473 5307 καὶ
3524 5250 3584 5307 ἐκ
3625 5253 3756 5308 Θεοῦ
3823 5255 3959 5312 κατὰ

2314 5341 2465 5418 φύσιν
2509 5341 2537 5395 6
2570 5339 2714 5411 Υἱὸς,
2745 5339 3058 5417 γεγέννηται
3119 5338 3217 5417 γὰρ
3273 5338 3330 5395 ἐκ
3385 5340 3482 5396 τοῦ
3523 5347 3653 5399 Θεοῦ
3699 5342 3788 5398 καὶ
3837 5346 3955 5399 Πα-

653 5492 869 5556 2610c]
903 5511 964 5566 ιι,
1001 5494 1079 5556 ‘28
1111 5516 1125 5572 ;
1157 5496 1286 5559 Act.
1321 5512 1384 5571 ιι,
1428 5495 1519 5558 17.
1554 5493 1614 5548 37
1644 5492 1763 5558 Tit.
1796 5511 1880 5570 ιιι,
1917 5497 1974 5572 5,
2008 5495 2067 5558 6.
2100 5495 2157 5547 ’Β
2186 5498 2225 5561 Α

2310 5546 2316 5561 .
2354 5515 2414 5576 ιι,
2451 5496 2548 5563 83.
