4206 6292
551 423 568 487 l
585 422 700 489 363

1813 421 2132 487 GEGRGII
2174 421 2640 490 METOCHITJE

3778 424 3963 491 1364

545 555 872 640 procedere
903 574 972 618 ex
1002 556 1151 619 Filio
1177 575 1310 618 cum
1358 554 1754 617 indubitatum
1789 555 1886 636 sit,
1915 555 2193 617 demons-

2282 557 2398 614 ι’ξοῦ
2428 560 2489 614 τὸ
2519 559 2904 638 ἀναμφίλεκτον
2961 562 3114 644 ἕχον,
3150 565 3208 619 οῦ
3257 565 3343 619 τοί
3388 561 3672 642 δειχθῆναι
3706 562 3957 641 χρῄζει,

547 647 799 709 tratione
833 665 947 706 non
981 645 1229 723 indiget.
1264 651 1698 725 proptereaque
1728 644 2046 705 afﬁrmatio
2078 663 2194 705 uua

541 754 742 797 secum
774 734 1125 814 trahitquod
1143 752 1342 795 verum
1369 752 1486 794 non
1520 743 1626 794 est.
1664 732 1991 796 Videamus
2021 733 2196 811 igitur

541 824 788 903 posthac
809 822 1282 883 similitudinem.
1314 822 1492 902 lllud,
1527 841 1594 883 ex
1627 825 1799 884 Patre
1829 821 2040 882 Filium
2082 841 2189 901 ge-

542 911 738 972 nerari
769 911 914 972 duas
943 929 1225 991 personas
1253 911 1566 982 inducens,
1599 909 1745 972 duas
1775 911 1950 972 etiam
1978 929 2191 972 neces-

541 1000 698 1060 sario
749 999 1004 1061 inculcat
1053 1001 1464 1081 proprietates,
1501 999 1742 1060 alteram
1791 1018 2101 1079 generare,
2136 1008 2194 1060 et

543 1089 866 1168 generandi
898 1090 1236 1151 facultatem
1268 1091 1453 1152 solam
1481 1108 1775 1168 unamque
1806 1088 1993 1150 Patris
2017 1109 2192 1164 gene-

541 1179 1000 1246 rantis.alteram
1023 1179 1387 1257 generari,et
1408 1188 1751 1256 generatum
1766 1177 1864 1257 qui
1883 1186 2196 1256 generatur

543 1266 845 1328 Filii.lnde
879 1287 947 1327 ex
978 1266 1200 1347 Spiritu
1225 1268 1436 1329 Filium
1472 1286 1586 1326 non
1618 1267 1889 1344 generari
1923 1266 2196 1326 submota

543 1355 704 1416 omni
729 1355 1094 1418 dubitatione
1125 1360 1337 1417 veritas
1363 1363 1544 1417 tenet.
1579 1355 1647 1416 Et
1670 1355 1920 1434 hujusce
1943 1355 2190 1414 demon-

540 1444 766 1506 strandi
800 1445 1018 1505 nullam
1048 1446 1459 1506 necessitatem
1491 1455 1897 1522 esse,paterna
1925 1442 2194 1523 proprie-

544 1540 652 1605 tas,
685 1551 974 1610 generare
1005 1533 1249 1608 scilicet,
1275 1535 1608 1596 conﬁrmat.
1645 1532 1706 1594 Si
1755 1536 1914 1594 enim
1946 1532 2057 1612 ipsi
2087 1527 2196 1620 soli

545 1621 627 1682 uti
661 1621 965 1702 propriam
1007 1630 1367 1702 reservatur,
1397 1622 1695 1702 quomodo
1734 1621 1904 1682 alteri
1935 1620 2199 1699 adaptarl

545 1710 632 1770 ita
667 1711 902 1790 poterit,
938 1719 1001 1771 ut
1030 1711 1240 1773 Filium
1263 1717 1538 1790 generet?
1567 1709 1971 1790 Nequaquam.
2006 1709 2081 1771 At
2127 1727 2196 1768 ex

545 1799 954 1879 FilioSpiritus
979 1819 1094 1861 non
1128 1799 1784 1880 pro'cedit,comparatio
1817 1799 2020 1859 adhauc
2041 1817 2197 1878 qua:-

2278 648 2364 702 καὶ
2395 645 2478 732 δια
2505 658 2658 707 τοῦτο
2709 652 2743 716 ἡ
2806 652 3099 732 κατάφασις
3155 651 3456 730 ἐπιφέρεται
3525 653 3589 706 τὸ
3646 651 3724 725 μὴ
3783 649 3960 715 ἁλη-

2281 737 2388 798 θές.
2440 725 2672 812 ἸΙδωμεν
2715 739 2814 795 οὖν’
2859 749 2951 797 τοῦ
3009 740 3201 798 λοιποῦ
3258 742 3359 806 τὴν
3415 742 3666 813 ὁμοίωσιν
3702 759 3714 771 ·
3747 742 3819 795 το
3851 741 3961 793 τὶν

2289 825 2396 878 ι’ἱον
2430 827 2488 879 ἐκ
2530 833 2622 881 τοῦ
2682 829 2883 906 Πατρος
2941 833 3214 907 γεννᾶσθαι
3259 827 3413 884 δυάδα
3456 829 3754 905 προσώπων
3820 827 3960 881 εἶα-

2278 911 2408 988 άγον
2442 910 2588 968 διττὰ
2645 917 2780 970 κατὰ
2852 923 3023 973 πᾶσαν
3082 917 3320 994 ἀνάγκην
3378 914 3676 996 φωτοὸολεϊ
3718 919 3811 971 καὶ
3884 915 3960 970 τΞι

2276 997 2409 1071 ἴδια,
2459 1003 2519 1057 τὸ
2565 1004 2660 1075 μὲν
2704 1011 2889 1080 γεννᾷν
2916 1007 3001 1061 καὶ
3052 1007 3111 1062 τὸ
3143 1007 3452 1084 γεννητικὸν
3487 1003 3539 1059 ἓν
3590 1004 3647 1059 δν
3678 1012 3771 1060 τοῦ
3803 1025 3956 1081 ΥΞν⁶

2277 1095 2470 1154 νῶντος
2530 1094 2753 1167 Πατρὸς,
2813 1096 2873 1149 τὸ
2928 1092 2982 1149 δὲ
3055 1097 3330 1171 γεννᾶσθαι
3385 1096 3473 1150 καὶ
3545 1095 3606 1148 τὸ
3673 1093 3959 1169 γεννητὸν

2275 1176 2450 1254 ἕτερον
2502 1188 2595 1236 τοῦ
2653 1183 2981 1258 γεννωμένου
3050 1185 3189 1246 Υἱοῦ,
3254 1173 3418 1239 ”Οοεν
3495 1184 3556 1237 τ’)
3603 1181 3681 1256 μὴ
3736 1180 3801 1236 ἐκ
3851 1182 3960 1235 τοῦ

2277 1268 2579 1341 Πνεύματος
2611 1271 2698 1324 τὸν
2744 1273 2857 1325 ι’ἱον
2908 1275 3183 1348 γεννᾶσθαι
3213 1276 3310 1338 τῆς
3367 1270 3612 1337 ἀληϐεἷας
3667 1273 3725 1326 τὸ
3755 1269 3956 1346 617:1?-

2279 1355 2516 1429 αίτητιν,
2577 1359 2665 1413 καὶ
2721 1360 2780 1414 τὸ
2839 1358 3100 1434 μηδεμίαν
3168 1361 3405 1439 ἀνάγκην
3460 1365 3558 1426 τῆς
3617 1360 3804 1414 τούτου
3836 1356 3954 1412 δεί-

2280 1441 2407 1508 ξεως
2439 1446 2578 1502 εἶναι
2609 1449 2642 1514 ἡ
2673 1455 2764 1504 τοῦ
2811 1451 3010 1525 [ἰατρὸς
3066 1448 3264 1515 ἰδιοτης
3320 1446 3554 1522 βεϐαιοτ,
3615 1450 3675 1503 τὸ
3717 1452 3950 1524 γεννᾷ-δ,

2285 1534 2341 1588 Εἰ
2373 1535 2472 1611 γὰρ
2503 1535 2644 1606 αὒτῷ
2672 1538 2819 1610 μόνῳ
2861 1541 2993 1593 καθα
3046 1536 3182 1594 ἴδιον
3239 1537 3548 1616 ἀφιέρωται,
3612 1544 3722 1600 πῶς
3771 1535 3952 1612 ἕτέρξιμ

2280 1625 2592 1698 τοπαράπαν
2621 1689 2644 1714 φ
2689 1626 3080 1703 ἐφαρμοσθῆναι
3161 1624 3460 1704 δυνήσεται,
3535 1624 3672 1681 ὥστε
3738 1630 3944 1702 γεννᾷν

2280 1712 2371 1765 τὸν
2411 1714 2526 1767 ι’ἱὸν
2565 1732 2580 1787 ;
2623 1707 2859 1776 Ἠκισττι,
2898 1707 2957 1771 Ἠ
2988 1713 3043 1770 δὲ
3074 1718 3188 1788 τοῦ,
3221 1714 3316 1772 Ἐκ
3344 1722 3437 1772 τοῦ
3479 1716 3597 1770 Υἱοῦ
3637 1715 3696 1769 τὸ
3722 1720 3947 1787 Πνεῦμα

2279 1801 2373 1856 οὒκ
2441 1799 2800 1880 ἐκπορεύεται,
2885 1803 3135 1877 ὁμοίωσις
3187 1804 3316 1882 πρὸς
3381 1812 3545 1861 ταῦτα
3616 1804 3736 1858 ποά
3800 1803 3845 1858 εὶ
3877 1803 3947 1856 τὸ

547 1906 685 1949 nam
722 1888 924 1950 fuerit?
955 1887 1016 1951 Si
1035 1891 1352 1968 ἐκπορεύειν,
1371 1890 1494 1950 sive
1512 1899 1570 1950 ut
1590 1889 1929 1968 frequenter
1948 1888 2044 1949 hic
2069 1888 2193 1964 dog'

2289 1890 2585 1966 ἒκπορεύειν
2642 1893 2677 1960 ἢ
2723 1893 2934 1972 συχνῶς
2976 1891 3140 1956 οἶτως
3172 1897 3198 1950 ὁ
3255 1893 3371 1950 λίαν
3424 1893 3747 1958 ἐξεταπικὸς
3812 1903 3938 1954 τοῖς

549 1977 814 2038 matibus
849 1978 1258 2039 examinandis
1288 1977 1531 2039 sedulus
1585 1977 1797 2058 inquit,
1831 1977 1956 2038 sive
1985 1976 2138 2056 quod
2173 1994 2206 2036 a

545 2065 669 2128 Deo
703 2065 1020 2128 illuminati
1044 2071 1252 2130 Patres
1282 2066 1978 2148 proferunt,emittere,ut
2013 2064 2203 2144 proxi-

548 2174 642 2215 me
674 2154 1004 2234 expositum
1037 2156 1278 2230 est,sive
1295 2155 1853 2236 productivum,aut
1876 2155 2201 2234 producere

549 2243 739 2306 Patris
759 2245 1062 2324 proprium
1085 2244 1340 2325 esseipsi
1366 2245 1762 2320 traderent,ut
1774 2246 2197 2326 generativum

549 2331 631 2393 ibi
660 2341 718 2393 et
741 2350 1061 2411 genera-re,
1096 2332 1251 2394 bene
1284 2333 1488 2412 utique
1520 2351 1584 2393 se
1613 2331 1858 2392 haberet
1888 2331 2197 2410 utriusque

546 2421 954 2482 afﬁrmationis
1007 2421 1354 2482 similitudo.
1391 2422 1534 2484 Cum
1591 2439 1726 2482 vero
1758 2420 1955 2480 nullus
2002 2438 2071 2480 ex
2106 2419 2196 2480 his

548 2510 666 2570 ullo
681 2510 740 2570 in
761 2511 891 2570 loco
905 2509 1320 2587 produc'ivum
1340 2511 1398 2569 in
1417 2509 1836 2588 proprietatem
1891 2519 2193 2587 paternam

546 2597 848 2675 assignare
881 2606 1152 2676 repertus
1183 2597 1280 2671 sit,
1316 2605 1375 2659 et
1393 2599 1664 2660 emittere
1688 2597 1956 2658 nonnulli
1989 2616 2056 2658 ex
2101 2599 2193 2678 ip-

548 2687 630 2746 sis
648 2685 731 2763 uti
762 2686 836 2746 de
865 2685 988 2747 Deo
1006 2687 1178 2748 Patre
1202 2685 1280 2746 ita
1303 2695 1360 2746 et
1383 2685 1457 2748 de
1484 2685 1632 2747 Filio
1663 2685 1851 2767 palam
1885 2695 2190 2766 usurpant,

547 2774 687 2855 quid
720 2774 1068 2836 dissidentia
1099 2793 1209 2836 nec
1240 2793 1479 2856 prorsus
1511 2775 1668 2836 inter
1721 2793 1786 2836 se
1837 2775 2196 2836 cohaerentia

548 2864 886 2926 coalescere
936 2872 1180 2925 conatur
1220 2864 1554 2936 ostendere,
1591 2873 1648 2926 et
1687 2863 1862 2925 simul
1897 2883 2012 2924 non
2045 2883 2192 2925 con-

549 2953 849 3016 currentia
879 2952 1564 3034 concurrere?Deinceps
1595 2952 1916 3030 perFilium
1949 2955 2194 3014 exPatre

549 3041 833 3122 Spiritum
866 3050 1136 3102 sanctum
1171 3042 1519 3122 procedere,
1557 3043 1795 3104 decreto
1847 3042 2194 3103 universalis

548 3130 776 3210 synodi,
809 3147 942 3211 qua:
971 3132 1223 3211 septima
1252 3149 1501 3192 numero
1531 3141 1644 3203 est,
1679 3130 2010 3210 deﬁnitum,
2041 3150 2193 3210 quo-

549 3219 726 3280 modo
750 3219 944 3280 locum
964 3220 1184 3281 habere
1202 3220 1346 3281 illud
1371 3220 2026 3300 Emopsbswmroducere
2039 3221 2170 3297 face

2279 3224 2516 3300 πορεύειν
2571 3224 2714 3279 ἐάσει
2748 3240 2763 3294 ;

548 3308 968 3382 re,concedet?
1000 3309 1410 3370 Concedamus
1442 3308 1831 3388 siquidem,ut
1858 3308 2197 3368 adversario

552 3395 853 3474 placet,uti
880 3398 1183 3476 proprium
1218 3397 1462 3460 Patri.Si
1494 3398 1636 3477 quid
1664 3397 1822 3458 enim
1857 3399 2032 3460 Pater
2055 3415 2195 3477 pro-

549 3484 741 3564 prium
774 3483 979 3560 habet,
1015 3504 1133 3546 non
1167 3485 1343 3547 habet
1371 3485 1428 3546 id
1466 3504 1568 3566 per
1599 3487 1835 3557 Filium,
1863 3505 1978 3546 non
2010 3503 2196 3564 gene-

548 3572 718 3633 randi
742 3572 1104 3648 facultatem,
1137 3592 1256 3634 non
1278 3575 1756 3654 ingenitum,non
1791 3574 1951 3636 aliud
1984 3574 2193 3634 ullum.

546 3659 863 3740 Propterea
887 3680 1112 3740 magna;
1131 3663 1393 3724 audacia:
1413 3663 1610 3737 fuerit,
1646 3664 1767 3724 sive
1796 3681 1912 3725 nou
1951 3663 2194 3723 ordina-

545 3751 649 3809 riae
676 3750 998 3828 ignoratize,
1037 3769 1111 3812 ne
1156 3751 1297 3831 quid
1327 3751 1421 3812 his
1451 3754 1620 3831 pejus
1668 3751 1884 3824 dicam,
1927 3752 2190 3830 negatio-

544 3856 704 3910 nem,
744 3858 766 3887 ι
800 3856 916 3898 non
971 3839 1241 3918 procedit
1278 3858 1347 3900 ex
1405 3839 1554 3902 Filio
1609 3837 1880 3919 Spiritus,
1912 3861 1932 3890 ι
1993 3857 2064 3900 ex
2097 3840 2195 3900 illa

545 3927 711 4006 quasi
742 3927 953 3987 similis
981 3927 1084 3999 sit,
1110 3929 1450 4001 ostendere,
1491 3947 1642 3988 «non
1677 3936 1992 4007 generatur
2015 3927 2194 3989 Filius

545 4033 613 4076 ex
645 4014 896 4096 Spiritu;
927 4039 949 4074 ι
987 4025 1043 4077 et
1073 4015 1158 4078 uti
1190 4017 1343 4078 hanc
1374 4017 1454 4078 ita
1505 4025 1563 4077 et
1595 4016 1753 4077 illam
1797 4017 2098 4078 veritatem
2133 4018 2192 4078 in

542 4122 607 4166 se
635 4104 968 4172 continere.
1007 4123 1074 4166 ex
1102 4105 1496 4167 afﬁrmatione
1518 4105 1640 4179 illa,
1675 4106 1946 4184 generari
1981 4105 2189 4168 Filium

541 4212 608 4254 ex
640 4192 952 4274 Spiritu,et
983 4195 1063 4254 nti
1092 4195 1245 4256 hanc
1266 4194 1348 4257 ita
1379 4202 1436 4256 et
1458 4195 1732 4258 illam.Ex
1760 4195 1904 4257 Filio
1933 4195 2201 4274 procedit

538 4283 795 4362 Spiritus
823 4283 1276 4344 allirmationem
1306 4283 1508 4346 falsam
1541 4301 1691 4352 esse,
1728 4302 1860 4344 cum
1884 4301 1952 4344 ex
1981 4284 2195 4346 Deoil-

541 4371 812 4432 luminati
831 4371 1246 4451 mysteriorum
1284 4376 1642 4452 interpretes
1659 4371 2199 4453 deillis,«ExPatre

541 4460 828 4540 procedit,
861 4485 886 4515 ιι
918 4469 976 4546 et
1014 4486 1040 4516 α
1079 4464 1162 4524 lle
1189 4480 1319 4522 meo
1348 4462 1622 4541 accipiet,
1658 4486 1679 4516 ι
1720 4471 1778 4523 et
1807 4461 1879 4522 de
1910 4461 2118 4522 eodem
2143 4475 2200 4528 et

2287 1974 2510 2054 δόγμασι
2579 1978 2788 2058 cpiunt,
2835 1983 2870 2050 ἢ
2927 1980 3056 2058 ὅπερ
3113 1984 3160 2037 οἱ
3211 1985 3452 2058 θεαδγεῗς
3512 1981 3736 2058 Πατέρες
3794 2002 3938 2058 προ-

2286 2065 2492 2145 φέρουσι
2564 2071 2624 2123 τὸ
2682 2069 3000 2149 ἐκπέμπειν,
3088 2073 3160 2132 ὡς
3231 2071 3384 2149 ἐγγύς
3427 2069 3838 2150 προεχτέθειτχι’
3898 2069 3939 2135 ἦ

2282 2157 2343 2210 τὸ
2385 2153 2737 2233 προϐλητικόν
2807 2180 2866 2215 τε
2941 2161 3026 2216 καὶ
3097 2162 3159 2216 τὸ
3228 2157 3610 2238 προϐάλλεσθαι
3668 2165 3760 2215 τοῦ
3816 2165 3938 2213 Παο

2281 2245 2400 2320 τρος
2437 2242 2571 2300 ἴδιον
2617 2248 2760 2302 αὐτοὶ
2812 2245 3136 2314 παρεδίδουν,
3193 2250 3266 2312 ὡς
3326 2250 3387 2304 τὸ
3441 2249 3749 2326 γεννητικὸν
3784 2247 3930 2303 ἐκεῖ·

2279 2352 2335 2386 σε
2368 2334 2455 2388 καὶ
2501 2335 2563 2389 τὸ
2621 2341 2825 2412 γεννᾷν,
2864 2334 3042 2399 καλῶς
3101 2336 3162 2392 ἂν
3219 2337 3381 2413 εἶχεν
3436 2337 3749 2414 ἀποφάσεων
3813 2335 3934 2390 ἐκα-

2279 2419 2442 2496 τέρων
2477 2423 2537 2477 τὸ
2607 2423 2852 2502 ἐμφερές,
2915 2426 3062 2481 Ἐπεὶ
3118 2423 3173 2480 δὲ
3217 2429 3414 2481 τούτων
3473 2423 3634 2485 οὗδεῖς
3691 2421 3930 2491 ὁπουδή-

2277 2531 2404 2564 ποτε
2461 2513 2523 2566 τὸ
2593 2511 2948 2590 προϐλητικὸν
3003 2517 3074 2578 εἰς
3144 2513 3332 2589 ἰδίωμα
3387 2516 3636 2593 πατρικὸν
3681 2513 3922 2569 ἄποτᾶτ-

2283 2619 2382 2652 των
2437 2600 2632 2678 ὦπται,
2691 2603 2778 2657 καὶ
2849 2605 2912 2658 τί
2987 2602 3279 2677 ἐκπέμπειν
3336 2609 3481 2682 σφ’ῦν
3528 2601 3646 2657 ἔνιοι
3713 2604 3788 2665 ὡς
3847 2601 3932 2658 ἐπὶ

2277 2696 2368 2744 τοῦ
2426 2691 2630 2762 Πατρὸς
2689 2689 2856 2754 οὕτως
2909 2691 2994 2746 ἐπὶ
3049 2699 3140 2747 τοῦ
3230 2694 3347 2747 Υἶοῦ
3429 2688 3708 2768 διαρρήδην
3753 2688 3931 2766 διαγο·

2277 2777 2532 2856 ρεύοοσιν,
2610 2778 2702 2834 ἳνα
2759 2780 2810 2834 τί
2863 2782 2928 2834 τὸ.
2979 2777 3253 2855 ἁσύμϐατα
3310 2778 3609 2854 συμϐαίνειν
3689 2786 3930 2856 πειρᾶται

2278 2867 2497 2944 φαίνειν,
2533 2870 2619 2923 καὶ
2650 2869 2954 2949 συντρέχειν
2987 2872 3051 2926 τα
3101 2871 3178 2938 μὴ
3237 2871 3588 2949 συντρέχοντα
3622 2887 3637 2944 ;
3706 2871 3839 2926 Εἶτα
3870 2871 3931 2923 το

2277 2953 2344 3010 δι’
2387 2959 2504 3013 Υἱοῦ
2534 2957 2593 3013 ἐκ
2637 2961 2836 3037 Πατρὸς
2867 2961 2926 3014 τὸ
2979 2962 3188 3034 Πνεῦμα
3244 2962 3302 3014 τὸ
3346 2959 3495 3038 ἅγιον
3553 2959 3929 3036 ἐκπορεύεσθαι

2277 3047 2575 3123 ψηφίσματι
2652 3050 2987 3124 παγκοσμίου
3043 3045 3254 3104 συνόδου
3304 3047 3666 3125 κεκυρωμένυν
3743 3047 3779 3113 ἢ
3839 3048 3936 3102 τὸν

2278 3131 2495 3207 ἕϐδομον
2529 3133 2722 3214 ἔλαχεν
2778 3136 3015 3216 ἀριθμὸν,
3077 3142 3191 3200 πῶς
3237 3135 3680 3213 ἀποκληρωθῆναι
3728 3137 3789 3190 τὸ
3843 3133 3940 3190 ἐκ·

2828 3227 3019 3281 Δοτέον
3076 3227 3162 3281 καὶ
3232 3227 3352 3303 γὰρ,
3414 3228 3486 3288 ὡς
3543 3231 3619 3297 τῷ
3670 3223 3939 3299 φωνοῦντι

2279 3309 2480 3383 δοκοῦν,
2517 3314 2588 3376 εἷς
2619 3309 2806 3388 ἰδὶωμα
2835 3320 2910 3387 τῷ
2968 3317 3154 3394 Πατνρί.
3219 3313 3285 3370 Εἴ
3329 3336 3376 3368 τι
3435 3316 3533 3390 γὰρ
3589 3315 3661 3375 ὡς
3715 3310 3854 3367 ἴδιον
3892 3312 3924 3366 ὁ

2281 3401 2461 3479 Πατὴρ
2491 3400 2629 3480 ἔχει,
2662 3403 2764 3481 οὐχ
2813 3401 3110 3482 ἔχειτοῦτο
3167 3400 3232 3458 δι’
3275 3406 3415 3473 fio-3,
3475 3405 3534 3459 οὗ
3575 3403 3635 3458 τὸ
3687 3421 3943 3478 γεννητι-

2278 3491 2396 3567 κὴν,
2442 3489 2499 3545 οῦ
2571 3493 2630 3545 τὸ
2689 3490 2997 3568 ἀγέννητον,
3062 3491 3155 3548 οὒκ
3197 3489 3328 3548 ἄλλο
3398 3489 3563 3548 οῦδὲν.
3630 3492 3726 3544 Δια
3767 3496 3934 3546 τοῦτο

2277 3577 2482 3652 τόλμης
2515 3578 2758 3657 μσγείλης
2809 3579 2842 3646 ἢ
2872 3580 3084 3658 ἀγνοίας
3114 3584 3173 3639 οὗ
3201 3582 3298 3646 τῆς
3356 3581 3641 3659 τυχούαης.
3701 3577 3794 3633 ἵνα
3838 3581 3929 3653 μὴ

2277 3664 2419 3745 λέγω
2471 3669 2531 3722 τὸ
2561 3676 2770 3746 μεῖζον,
2831 3670 2891 3723 τὸ
2933 3670 3052 3742 τὴν,
3095 3699 3117 3726 σ
3176 3669 3270 3725 οὒκ
3325 3668 3662 3746 ἐκπορεύεται
3721 3667 3780 3722 ἐκ
3828 3689 3934 3723 του

2288 3757 2408 3811 Υἱοῦ
2451 3758 2510 3811 τὸ
2543 3762 2773 3830 Πνεῦμα,
2813 3780 2839 3812 ι
2893 3757 3156 3836 ἀπόφασιν
3214 3759 3286 3820 ὡς
3343 3759 3402 3811 ἐκ
3451 3763 3554 3812 τῶν
3598 3756 3793 3829 ὁμοίων
3822 3753 3904 3811 Ss:

2275 3845 2476 3917 κνῦναι,
2512 3846 2571 3900 ἐκ
2599 3853 2691 3901 τοῦ
2724 3874 2745 3906 ι
2783 3847 2859 3920 μὴ
2903 3849 3176 3924 γεννᾶαθαι
3205 3848 3295 3901 τὸν
3338 3847 3452 3901 ι’ἱὸν
3495 3846 3554 3900 ἐκ
3612 3855 3702 3903 τοῦ
3755 3846 3930 3900 Ilva-.3-

2277 3955 2441 4008 ματος
2479 3951 2490 3964 ⁸

2275 4025 2548 4100 γεννᾶσθαι
2604 4025 2692 4078 τὸν
2751 4026 2868 4080 Υἱὸν
2922 4026 2983 4080 ἐκ
3024 4026 3115 4080 τοῦ
3158 4023 3461 4098 Πνεύματος
3514 4022 3867 4102 καταφάσεως
3908 4037 3922 4051 ⁶

2282 4113 2368 4166 καὶ
2409 4113 2482 4174 ὡς
2513 4111 2706 4178 ταύτην
2751 4111 2998 4179 xime-fxim
3054 4114 3173 4191 τὴν,
3235 4111 3294 4166 ἐκ
3335 4111 3426 4166 τοῦ
3478 4115 3598 4168 Υἱοῦ
3639 4111 3933 4188 ἐκπορεύε-

2280 4220 2364 4254 ται
2423 4201 2483 4255 τὸ
2529 4207 2762 4274 Πνεῦμα,
2818 4201 3112 4282 κατάφασιν
3169 4198 3467 4275 ψεῶεαθαι,
3529 4203 3632 4255 τιῦν
3683 4198 3927 4273 θεολαμ-

2281 4286 2396 4342 πῶν
2427 4287 2783 4360 μυστηπόλων
2827 4291 2941 4366 περὶ
2970 4296 3061 4344 τοῦ
3095 4308 3124 4347 (
3170 4287 3231 4344 ἐκ
3262 4289 3461 4364 Πατρὸς
3496 4287 3832 4365 ἐκπορεύεται
3899 4309 3924 4341 ι

2280 4377 2367 4430 καὶ
2403 4399 2428 4429 α
2463 4373 2558 4432 Ἐκ
2595 4387 2691 4434 τοῦ
2720 4376 2847 4450 ἐμοῦ
2898 4377 3150 4452 λήψεται,
3192 4402 3218 4430 ι)
3292 4379 3378 4432 καὶ
3412 4379 3527 4453 περὶ
3593 4383 3684 4432 τοῦ
3740 4384 3933 4433 ταυτοῦ

2280 4465 2367 4519 καὶ
2409 4461 2688 4544 ἀδιαφόρου
2718 4465 2822 4520 τῶν
2882 4465 3071 4544 ἑτέρων
3128 4470 3316 4545 φωνῶν
3373 4464 3725 4534 θεσπιζόντων
3785 4461 3924 4516 ὅσα·

2530 3959 2552 3989 ι
2624 3936 2712 3990 καὶ
2769 3937 2842 3999 ὡς
2886 3936 3080 4001 ταύτην
3131 3935 3377 4001 κάκείνην
3429 3934 3687 3990 ἆΛεθξύειν
3729 3933 3788 3990 ἐκ
3818 3940 3924 4000 τῆς

539 4549 920 4612 indiﬁ'erente
950 4545 1204 4612 aliarum
1237 4569 1448 4612 vocum
1482 4552 1827 4622 decernant,
1873 4569 2004 4630 quae
2035 4569 2192 4612 ano-

2285 4574 2376 4631 περ
2401 4552 2632 4632 εἴρηται.
2674 4545 2765 4617 Ὠς
2822 4562 2945 4633 γοῦν
3001 4554 3185 4633 ἄριστα
3229 4551 3486 4632 δεδειχῶς
3548 4555 3608 4607 τὸ
3640 4551 3692 4617 ἐξ
3721 4552 3926 4624 ὁμοιώο

542 4637 632 4697 bis
661 4637 823 4698 dicta
854 4648 1020 4698 sunt.
1051 4636 1562 4709 Quemadmodum
1605 4639 1803 4719 itaque
1834 4656 2007 4718 quam
2043 4638 2193 4718 opti‘

2287 4661 2418 4697 σέων
2492 4641 2784 4712 ἀνοικείων,
2831 4643 2918 4698 καὶ
2981 4640 3272 4721 προδήλους
3328 4642 3401 4704 εἰς
3446 4641 3708 4718 κρημνοὺς
3783 4639 3930 4694 απα-

539 4741 635 4784 me
653 4724 913 4784 ostendit
937 4741 1006 4785 ex
1024 4723 1369 4805 impropriis
1393 4725 1972 4798 similitudinibus,ot
1998 4726 2056 4787 in
2082 4745 2193 4793 ma.

2284 4729 2484 4806 γόντων
2510 4731 2592 4803 τὸ,
2640 4750 2661 4782 ο
2701 4730 2842 4785 εἶναι
2892 4730 3070 4810 φέναι,
3109 4751 3132 4781 ο
3194 4727 3329 4784 ἀλλα
3395 4751 3416 4780 ι
3450 4729 3528 4803 μὴ
3561 4728 3724 4793 εἶναι,
3766 4751 3786 4778 ο
3841 4730 3933 4783 καὶ

537 4811 750 4873 nifesta
808 4812 1144 4892 praecipitia
1172 4815 1554 4889 ducentibus,
1602 4839 1628 4870 ¢
1663 4833 1793 4876 esse
1822 4815 2048 4888 dicere,
2084 4843 2104 4872 ι
2143 4835 2176 4877 e

543 4925 570 4956 α
607 4919 723 4961 non
747 4918 903 4979 esse,
928 4927 953 4956 η
1002 4903 1176 4963 etiam
1207 4922 1274 4964 ex
1308 4903 1458 4966 Filio
1492 4902 1777 4984 Spiritum
1827 4921 1942 4964 non
1978 4921 2192 4983 proce-

537 4989 800 5078 «Iere,sic
818 4989 909 5049 sui
943 4991 1202 5069 praeclari
1226 4991 1507 5054 facinoris
1539 5002 1599 5054 et
1619 4992 1879 5054 rationes
1909 4993 2188 5078 assignat,

536 5097 677 5139 suos
707 5077 929 5158 quippe
953 5097 1264 5142 sermones
1293 5081 1648 5143 coutinuans
1667 5079 1980 5142 infertzcEt
2012 5077 2192 5142 causa

537 5176 669 5230 est:
703 5168 862 5229 aliud
924 5168 1085 5230 enim
1145 5189 1263 5230 non
1295 5187 1450 5244 esse,
1490 5189 1511 5218 ι
1553 5187 1767 5248 nempe
1803 5168 2034 5246 negatio
2071 5188 2188 5229 non

536 5257 826 5337 procedit,
868 5280 895 5317 ε
923 5265 982 5320 et
1010 5257 1172 5319 aliud
1205 5275 1321 5320 non
1357 5275 1488 5319 esse
1513 5257 1759 5332 dictum,
1791 5286 1810 5310 τ
1849 5257 2185 5333 afﬁrmatio,

535 5364 754 5426 nempe
777 5346 1286 5427 procedere.Tum
1321 5346 1603 5427 deinceps
1631 5345 1900 5427 probatio
1935 5343 2196 5426 :«Neque

536 5434 694 5494 enim
728 5435 1006 5515 quoniam
1026 5453 1092 5497 ex
1125 5435 1451 5497 astantibus
1481 5453 1656 5496 nemo
1687 5434 1832 5496 dixit
1859 5453 1973 5494 non
2006 5433 2195 5512 fulgu-

535 5540 722 5594 rasse,
755 5533 1000 5601 cogetur
1029 5523 1322 5605 quispiam
1356 5523 1689 5586 concedere
1707 5522 2182 5599 alﬁrmationem,

533 5628 749 5688 nempe
782 5611 1086 5688 fulgurata
1125 5611 1437 5691 Sophisma
1462 5611 1726 5691 proxime
1759 5611 2046 5672 rationem
2071 5610 2182 5672 de-

535 5704 916 5758 monstratam
945 5717 1315 5779 nuncupans,
1351 5708 1408 5760 et
1437 5698 1762 5778 sophistice
1792 5698 1977 5760 multo
1998 5699 2182 5775 magis

2282 4820 2344 4873 bc
2372 4824 2463 4874 τοῦ
2532 4820 2650 4874 rio-3
2703 4819 2764 4874 τὸ
2836 4824 3048 4894 Πνεῦμα
3104 4822 3198 4875 οὒκ
3264 4816 3621 4894 ἐκπορεύεται,
3667 4821 3766 4882 τῆς
3814 4815 3931 4892 ἀρι-

2285 4907 2458 4968 στείας
2497 4907 2583 4962 καὶ
2639 4905 2826 4984 λόγους
2872 4905 3068 4965 δίδωσι.
3129 4905 3486 4978 Συ·ιημμένως
3547 4907 3644 4983 γαρ
3705 4918 3821 4968 τοῖς
3857 4908 3930 4959 εἱ-

2278 4993 2528 5072 Ρημένοες
2582 4993 2769 5072 λόγους
2809 4999 2966 5054 αὖτού
3022 4996 3276 5076 ἐπιφέρει.
3317 5014 3345 5052 ε
3382 4995 3452 5050 Τὸ
3503 4990 3546 5048 δ’
3581 4992 3754 5048 αἴτιον
3793 5009 3806 5023 ·
3847 4992 3930 5048 ὅτι

2277 5082 2404 5140 ἄλλο
2436 5085 2495 5139 τὸ
2525 5084 2602 5158 μὴ
2634 5085 2795 5158 εἶναι,
2839 5108 2862 5136 n
2899 5084 3057 5162 ἤγουν
3089 5084 3350 5163 ἀπόρατις
3405 5083 3466 5136 τὸ
3497 5085 3592 5139 οὒκ
3641 5081 3897 5158 ἐκπορεύε

2276 5195 2384 5242 ται,
2427 5202 2448 5230 ι
2479 5174 2566 5227 καὶ
2597 5171 2726 5229 ἄλλο
2769 5175 2828 5229 τὸ
2859 5174 2934 5240 μὴ
2995 5175 3250 5252 εἰρῆσθαι,
3293 5199 3314 5229 ι
3376 5172 3410 5238 ἡ
3483 5170 3775 5247 καταθρασις
3808 5168 3931 5235 ἦτοι

2277 5265 2338 5316 τὸ
2389 5261 2776 5338 ἐκπορεύεσοιι,
2830 5262 2961 5318 Εἶτα
3007 5264 3043 5330 ἠ
3094 5261 3418 5326 κατασκευή.
3487 5281 3510 5314 ιι
3545 5257 3614 5314 Οὐ
3672 5258 3771 5335 γὰρ
3814 5259 3934 5313 ἐπεὶ

2278 5351 2354 5423 μὴ
2383 5349 2567 5415 εἴρηκέ
2609 5371 2688 5412 τις
2721 5351 2951 5428 σήμερον
2980 5352 3085 5407 τῶν
3128 5349 3251 5430 παρ’
3284 5352 3441 5424 ἡμῖν,
3488 5348 3568 5401 ὃτι
3611 5349 3708 5404 οῦκ
3738 5345 3932 5424 ἀστρά-

2277 5459 2417 5511 πτει,
2479 5438 2936 5515 ἀναγκασθήσεταί
2992 5463 3071 5503 τις
3129 5439 3300 5498 δοῦναι
3344 5437 3440 5504 τὴν
3494 5435 3814 5514 acuit-pacta,
3849 5434 3933 5492 ὅτι

2277 5525 2587 5603 ἀστράπτει.
2626 5551 2648 5583 ι
2723 5525 2970 5605 Σόφισμα
3013 5529 3260 5606 σύνεγγυς
3320 5523 3477 5601 λόγον
3550 5519 3930 5599 ἆποδεδειγμέυ

2275 5636 2362 5670 νον
2431 5611 2686 5687 καλέσας,
2761 5616 2848 5669 καὶ
2906 5620 3224 5694 σοφιστικῶς
3274 5613 3444 5683 τούτῳ
3500 5609 3702 5685 μᾶλλον
3760 5613 3920 5674 αὖτὸς

2266 5699 2614 5775 συμπλακεὶς,
2713 5703 2784 5763 ὡς
2856 5699 3613 5784 διήλεγκται,1σοφιζόμδνος
3699 5697 3920 5756 ἐνταῦθα
