4184 6300
339 408 493 476 1365
1131 452 1135 455 λ
1376 415 1683 482 CONTRA
1723 414 1975 479 ΜΛΝῠέ

2060 413 2152 476 EM
2197 410 2651 480 CRETENSEM
2664 463 2677 477 .
3562 409 3719 479 1366

334 546 712 617 κατασκευάζει
743 544 924 616 πάλιν,
977 545 1044 613 ἢν
1085 545 1273 628 εἴρηκε
1316 548 1395 623 μὴ
1450 548 1685 627 εἰρῆσθαι
1739 546 1975 628 κατάφα-

2066 541 2195 625 ipse
2220 545 2635 627 implicitus-,ut
2664 546 3129 610 demonstratum
3165 553 3277 622 est,
3309 545 3593 610 cavillans
3613 545 3717 608 hic

335 655 440 709 σιν,
501 636 546 692 εί
586 636 675 692 καὶ
716 634 980 714 ἀπόφασις
1037 635 1201 705 αὖτῆς
1257 636 1353 694 οῦκ
1406 635 1539 710 ἔστι,
1612 636 1877 695 τουτέστιν
1920 638 1975 694 οὗ

2063 650 2268 695 rursus
2300 636 2632 710 conﬁrmat,
2657 656 2836 718 quam
2857 637 3109 699 asseruit
3133 657 3253 699 non
3274 636 3460 700 fuisse
3489 636 3711 699 dictam

335 724 659 803 συνίσταται,
701 750 724 782 ι
767 723 829 781 ἑκ
867 731 960 783 τοῦ
1008 725 1087 800 ὴμ
1115 724 1355 804 ἀνάγκην
1415 727 1558 784 εἶναι
1610 726 1865 806 σήμερον,
1897 722 1975 781 ὅτι

2062 721 2536 801 aliirmationem,
2573 724 2716 788 licet.
2743 725 2932 807 ipsius
2963 727 3194 806 negatio
3244 745 3362 789 non
3394 725 3571 800 adsit,
3598 725 3714 786 hoc

333 836 413 878 τις
443 815 539 871 οὒκ
580 812 796 891 ἔφησεν,
842 815 937 871 οὒκ
965 813 1273 895 ἀστράπτει,
1331 815 1432 882 τὴν
1482 815 1785 895 κατάφασιν
1839 815 1975 889 ὸμο-

2063 819 2296 874 estnon
2320 812 2621 887 subsistat,
2665 835 2686 865 ι
2716 815 2870 896 quod
2906 815 3068 877 nullo
3099 814 3276 877 modo
3308 814 3716 877 necessarium

332 902 559 983 λογησαὶ
612 924 752 974 τινα,
806 902 887 960 ὅτι
930 903 1237 983 ἀστράπτει.
1275 932 1302 964 ι
1363 910 1526 963 Τοῦτο
1555 902 1611 961 δὲ
1663 903 1975 961 ἇπεναντίας

2063 898 2140 960 sit
2162 899 2340 963 hodie
2373 902 2692 983 esse,quod
2725 903 3017 984 quispiam
3049 922 3166 965 non
3197 902 3436 982 dixerit,
3463 921 3581 963 non
3607 900 3718 963 ful-

334 1001 410 1069 τῷ
451 990 858 1071 παραδεδομένῳ
901 993 1082 1050 κανόνι
1138 999 1238 1060 τῆς
1280 993 1631 1074 ἀντιφάσεως,
1695 992 1754 1055 ὅς
1824 991 1975 1060 τὴνδε

2060 1001 2254 1067 gurat,
2282 989 2737 1053 afﬁrmationem
2771 992 3030 1072 aliquem
3055 992 3249 1073 fateri,
3276 1009 3493 1071 nempe
3523 989 3717 1069 fulgu-

338 1085 467 1158 πρὸς
498 1085 559 1140 τὸ
589 1084 739 1160 αὖτὸ,
782 1083 870 1138 καὶ
910 1082 1047 1162 κατὰ
1087 1083 1148 1138 τὸ
1205 1083 1354 1162 αὐτὸ,
1385 1083 1474 1139 καὶ
1526 1091 1619 1141 τοῦ
1674 1085 1831 1142 αὗτοῦ
1884 1081 1975 1138 λέ-

2066 1087 2176 1140 rat.
2210 1105 2231 1132 -
2260 1079 2383 1141 Hoc
2433 1099 2609 1161 porro
2660 1098 2905 1160 prorsus
2951 1090 3042 1143 est
3084 1080 3449 1143 contrarium
3492 1078 3717 1156 regula

335 1155 515 1251 γεσθαι
558 1155 912 1231 διατάττεται.
943 1155 1006 1230 "0
1036 1169 1090 1227 δὲ
1118 1170 1283 1236 πολύς
1338 1155 1490 1235 οὗτος
1543 1171 1644 1239 τὴν
1671 1172 1975 1247 ὶπιστᾶμηι

2066 1155 2576 1251 contradictionis,
2608 1155 2743 1249 quae
2772 1188 2900 1230 eam
2944 1170 3018 1231 ad
3074 1170 3258 1246 idem,
3290 1176 3348 1231 et
3380 1155 3715 1230 secundum

334 1263 419 1320 ἐπὶ
489 1261 744 1340 ἀορίστων
787 1260 887 1327 τὴν
945 1280 1000 1316 τε
1071 1259 1361 1340 ἀπόφασιν,
1407 1261 1506 1330 τήν
1574 1282 1634 1317 τε
1690 1261 1984 1338 κατάφασιν

335 1338 649 1422 ἰποιήσατο.
686 1338 867 1427 “0m?
927 1347 1131 1424 ἀξίωμα
1174 1338 1235 1406 τὸ
1289 1338 1384 1418 τῆς
1440 1349 1766 1431 ἀντιφάσεως
1797 1351 1856 1404 τὸ
1885 1348 1982 1415 τὴν

334 1441 587 1511 ἀλήθειαν
616 1437 840 1517 διαιρεῖν
871 1438 959 1495 καὶ
1015 1439 1077 1494 τὸ
1121 1437 1308 1514 ψεῦδος
1353 1436 1594 1513 οὖδαμῶς
1624 1437 1736 1495 οἶδε
1768 1450 1975 1516 τηρεϊν.

333 1531 486 1589 Ἐπεὶ
512 1531 592 1594 τὶς
649 1540 822 1607 νοσεῖ,
866 1528 942 1591 τίς
1017 1526 1076 1583 οὗ
1119 1541 1288 1607 νοσεῖ,
1349 1529 1426 1593 τὶς
1469 1528 1712 1607 ὑγιαίνει,
1768 1527 1844 1588 τίς
1879 1530 1983 1606 οὔχ

2066 1248 2224 1317 idem
2257 1257 2418 1319 etde
2450 1248 2661 1319 eodem
2710 1258 2828 1319 dici
2887 1258 3172 1337 praecipit.
3207 1257 3281 1319 At
3333 1256 3450 1322 hic.
3499 1255 3600 1338 qui
3651 1255 3715 1317 in

2067 1345 2332 1408 scientiis
2363 1346 2579 1408 multus
2609 1346 3146 1421 est,deindefinitis
3165 1357 3338 1427 atque
3363 1344 3716 1407 indetermi-

2067 1435 2218 1496 natis
2251 1444 2367 1496 tum
2395 1437 3001 1509 aﬂirmationem,tum
3033 1436 3407 1515 negationem
3437 1433 3712 1497 absolvit.

2065 1521 2228 1596 Quod
2264 1526 2502 1586 eﬂ‘atum
2525 1525 3008 1588 contradictionis
3039 1544 3232 1606 neque
3280 1524 3584 1585 veritatem
3614 1522 3714 1584 di-

334 1619 578 1698 ὗγιαίνει,
637 1619 740 1698 οὔχ
803 1616 969 1683 ἕξουσι
1026 1618 1090 1673 τὸ
1137 1616 1339 1675 κωλῦον
1383 1619 1470 1674 καὶ
1524 1615 1683 1697 ἄμφω
1739 1615 1975 1683 συναλη-

2060 1612 2454 1693 stinguerc,ct
2485 1614 2858 1676 mendacium
2890 1614 3049 1683 nullo
3072 1614 3248 1675 modo
3271 1614 3498 1675 servire
3526 1610 3706 1689 novit,

334 1710 522 1780 θεῦειν⁹
592 1708 680 1764 καὶ
748 1706 909 1787 ἄμφω
962 1703 1365 1781 συμψεύδεσθαι.
1424 1704 1849 1782 Λαμὸανομένων
1923 1703 1975 1761 δὲ

2066 1702 2541 1807 quandoquidem
2590 1703 2800 1807 aliquis
2840 1713 3105 1807 a3§rotat,
3143 1703 3353 1807 aliquis
3384 1721 3501 1807 ηομ
3526 1717 3715 1807 aegre-

330 1795 494 1855 τνῦνδε
520 1804 613 1854 τοῦ
639 1795 858 1858 κάνόνος
888 1796 1025 1852 κατᾶ
1074 1796 1169 1864 τὴν
1239 1795 1551 1868 διασάφησιν
1626 1796 1689 1852 τὸ
1718 1794 1771 1851 ’ἐν
1815 1796 1886 1859 εἰς
1920 1796 1975 1851 τὸ

2066 1792 2391 1873 tat,aliquis
2418 1792 2570 1855 bene
2589 1793 2830 1873 valet,et
2851 1792 3060 1874 aliqeis
3083 1812 3198 1852 nou
3222 1790 3375 1853 bene
3400 1789 3713 1867 valet,nul-

331 1888 390 1944 ὅν
420 1885 559 1967 ᾕξει,
605 1887 667 1942 τὸ
697 1882 751 1942 δὲ
805 1882 984 1962 ἕτερον
1033 1886 1106 1948 εἰς
1148 1886 1211 1941 τὸ
1270 1884 1348 1961 μή
1409 1884 1468 1941 ὅν
1523 1882 1975 1963 ἆπορῤαπισθήσε-

2064 1881 2184 1942 lum
2235 1881 2414 1942 fuerit
2467 1881 2959 1962 impedimentum
2993 1883 3134 1963 quin
3163 1880 3337 1942 ambo
3368 1880 3544 1942 simul
3573 1897 3713 1941 vera

332 1965 441 2036 ut.
476 1965 642 2035 ’Ὅθεν
674 1977 718 2031 εί
749 1976 845 2032 οὒκ
890 1972 1030 2031 ἔστιν
1087 1973 1148 2031 ἐκ
1198 1984 1290 2033 τοῦ
1332 1976 1455 2032 rio-3
1502 1974 1564 2030 τὸ
1622 1979 1857 2049 Πνεῦμα,
1888 1975 1975 2030 οῦκ

2063 1971 2203 2044 sint,
2238 1979 2298 2032 et
2324 1970 2498 2032 ambo
2526 1971 2690 2033 falsa.
2723 1970 2859 2033 Haec
2887 1971 2938 2033 si
2966 1971 3301 2033 secundum
3353 1969 3573 2047 regula
3601 1987 3710 2030 ex-

331 2065 668 2144 ἒκπορεύεται
723 2061 797 2127 ὥς
869 2061 1024 2126 αῦτός
1087 2060 1367 2140 ὁμολογῶν
1426 2064 1633 2140 ὁρᾶται,
1691 2059 1975 2141 ληφθείσης

2066 2060 2443 2141 plicationem
2478 2060 3074 2135 desumantur,unum
3105 2058 3515 2139 comprobabit
3535 2058 3712 2120 effec-

329 2154 426 2221 τῆς
470 2153 785 2233 ἀποφάσεως
841 2150 1039 2216 ταύτης
1097 2151 1170 2214 ὡς
1226 2152 1261 2218 ἡ
1320 2149 1605 2227 παράδοσις
1646 2150 1972 2229 ὡρισμένως,

331 2247 473 2316 οἷον,
500 2239 677 2304 Οὐδεὶς
709 2247 814 2297 τῶν
857 2239 1020 2317 ἁγίων
1043 2237 1201 2308 τήνδε
1229 2239 1408 2319 φησὶν,
1464 2239 1499 2307 ἦ
1530 2242 1694 2306 αὐτῆς
1724 2238 1826 2304 ἔξει
1855 2236 1974 2295 κατ’

333 2333 488 2389 αὒτὸν
524 2329 576 2396 ἒξ
604 2330 841 2408 ἀνάγκης
894 2330 957 2386 τὸ
1012 2328 1155 2385 εἶναι
1211 2327 1530 2409 κατάφασις,
1589 2328 1665 2403 μὴ
1720 2349 1970 2407 σοφιστις

331 2422 462 2499 κῶς,
503 2416 623 2477 ἀλλ’
651 2420 725 2483 ὣς
755 2414 1017 2496 παρεδόθη
1049 2419 1148 2485 τὴν
1203 2415 1366 2484 δεῖξιν
1423 2415 1783 2491 λαμϐάνοντα.
1831 2418 1888 2473 Εἰ
1918 2414 1973 2471 δὲ

331 2512 424 2571 τοῦ
453 2512 528 2585 μὴ
601 2511 698 2579 τὴν
776 2508 915 2575 λέξιν
971 2507 1213 2586 λέγεσθαι
1270 2506 1530 2586 δράξεται,
1592 2508 1688 2575 τὴν
1758 2506 1975 2586 ἀλογίαν

219 2646 242 2670 ,
333 2603 502 2676 ἐαυτῷ
568 2596 771 2664 συνάξει
828 2597 916 2654 καὶ
977 2597 1077 2665 τὴν
1144 2596 1437 2663 σκαιότητα
1520 2597 1626 2654 τῶν
1707 2596 1974 2675 θεηγόρων

310 2674 497 2747 ’ταῦτα
540 2687 952 2766 προσαπτόντων
996 2684 1310 2765 διαπρυσίως
1360 2697 1477 2747 τοῖς
1521 2685 1599 2760 μὴ
1658 2691 1725 2760 τῇ
1763 2683 1975 2759 δυνάμει

328 2777 614 2859 προσέχειν
642 2773 957 2854 ᾑρημένοις,
1004 2770 1140 2845 μηδὲ
1169 2778 1238 2848 τῇ
1265 2770 1464 2844 διανοίᾳ
1512 2776 1616 2828 τῶν
1645 2771 1919 2850 λεγομένω
1933 2798 1969 2844 ι,

2059 2148 2338 2226 tus,aliad
2371 2167 2506 2211 vero
2540 2150 2890 2211 nullomodo
2940 2159 3153 2212 eventu
3199 2145 3706 2229 comprobabitur.

2056 2237 2209 2302 Hinc
2238 2239 2287 2300 si
2319 2258 2435 2301 non
2472 2247 2560 2300 est
2591 2258 2661 2302 ex
2697 2239 2844 2302 Filio
2868 2239 3148 2320 Spiritus,
3186 2258 3303 2301 non
3338 2236 3712 2319 procedit,ut

2056 2328 2185 2407 ipse
2221 2347 2338 2389 non
2370 2329 2598 2404 abnuit,
2634 2331 2680 2390 si
2704 2328 3027 2408 accipiatur
3057 2326 3290 2408 negatio
3324 2328 3454 2400 ista,
3488 2334 3553 2387 ut
3583 2333 3707 2387 tra-

2057 2416 2203 2477 ditio
2233 2416 2946 2497 est,determinate,quasi
2977 2415 3455 2482 diceres.Nullus
3487 2434 3558 2478 ex
3577 2432 3709 2477 san-

2057 2506 2167 2567 ctis
2197 2505 2354 2567 hanc
2380 2505 2548 2587 dicit,
2582 2506 2745 2567 illius
2770 2507 3099 2569 secundum
3158 2504 3566 2568 adversarium
3598 2522 3707 2564 ne-

2058 2594 2321 2657 cessario
2350 2594 2664 2656 affirmatio
2696 2594 2829 2669 erit,
2860 2615 2978 2655 non
2996 2595 3396 2675 sophistarum
3429 2592 3707 2673 captiuu-

2059 2682 2230 2755 culis,
2263 2683 2395 2754 sed,
2425 2690 2486 2744 ut
2514 2683 2792 2745 traditum
2824 2691 2933 2757 est,
2968 2680 3597 2764 comprobata.Quodsi
3624 2681 3707 2744 il-

2058 2771 2511 2841 lud,dictionem
2546 2773 2698 2834 hanc
2715 2773 2945 2834 scilicet
2975 2791 3094 2834 non
3128 2770 3705 2851 dici,arripiet,stul-

327 2867 465 2925 ἀλλὰ
492 2880 615 2930 ταῖς
659 2864 887 2930 λέξεσιν.

2063 2861 2250 2922 titiam
2273 2859 2388 2921 sibi
2419 2860 2656 2939 colliget
2686 2878 2757 2922 ac
2798 2860 3159 2941 imperitiam
3218 2859 3554 2935 djvmorum
3586 2861 3705 2922 Pa-

329 2973 508 3028 trum,
534 2954 636 3036 qui
665 2952 778 3015 ista
834 2951 1151 3034 perapicue
1209 2947 1542 3013 attribuunt
1594 2949 2064 3014 detrectantibus
2114 2958 2370 3011 mentem
2413 2948 2714 3029 applicare
2743 2951 2792 3010 vi
2828 2961 2887 3012 et
2914 2949 3225 3012 sententia}
3255 2948 3570 3024 dictorum,
3602 2948 3709 3011 sed

327 3053 552 3109 tantum
577 3043 973 3106 ductionibus.

411 3124 510 3202 ιη’.
539 3125 738 3210 ’Ὅμως
782 3131 1022 3212 ἐχόμενα
1045 3138 1151 3187 τ’ὒν
1180 3128 1555 3209 ἐληλεγμένων
1597 3134 1753 3210 φησὶν
1787 3150 1804 3166 .
1863 3154 1886 3188 ι
1917 3134 1971 3188 Εἰ

2146 3130 2233 3190 t8.
2270 3127 2663 3189 Nihilominus
2695 3127 3130 3208 subsequenter
3171 3125 3437 3188 refutatis
3471 3144 3505 3188 a
3532 3125 3709 3189 nobis

328 3222 384 3281 δέ
407 3246 486 3289 τις
516 3222 660 3302 λέγει
716 3223 793 3296 μὴ
826 3222 968 3278 εἶναι
1011 3223 1072 3277 τὸ
1115 3221 1210 3277 οὒκ
1262 3220 1597 3297 ἀστράπτειν,
1648 3219 1701 3286 ιξ
1730 3220 1966 3299 ἀνάγκης

2060 3218 2314 3280 adnectit
2348 3237 2360 3279 :
2405 3246 2423 3274 ι
2459 3215 2682 3289 Quodsi
2713 3216 2848 3298 quis
2880 3216 3048 3288 dicit,
3101 3235 3217 3277 non
3250 3233 3382 3277 esse
3413 3214 3559 3277 illud
3585 3233 3706 3277 non

328 3312 502 3370 δίδωσι
531 3314 631 3378 τὴν
680 3310 999 3390 κατάφασιν.
1053 3332 1076 3366 ι
1158 3309 1384 3376 Δόκησίν
1441 3306 1559 3373 δοὺς
1588 3312 1729 3387 ὲρετν
1760 3332 1809 3365 τι
1854 3310 1970 3387 περὶ

2060 3307 2718 3386 fulgurare,neccssario
2743 3305 3014 3368 concedit
3030 3304 3543 3367 affirmationema
3560 3305 3704 3366 Cum

325 3406 425 3469 τῆς
482 3400 850 3480 καταφάσεως,
921 3398 982 3455 ὲκ
1039 3399 1427 3468 συναισθήσεως
1497 3397 1641 3471 οἷον,
1700 3398 1737 3467 ἢ
1796 3396 1969 3462 ἄλλως

2060 3396 2357 3457 videretur
2385 3394 2605 3474 aliquid
2625 3395 2841 3456 afferre
2871 3394 2945 3455 de
2967 3393 3383 3473 afﬁrmatione,
3419 3400 3703 3474 tanquam

327 3511 467 3563 πως,
541 3489 778 3568 φαίνεται
850 3488 950 3554 τὴν
1034 3486 1371 3565 ἐκπορεύεται
1440 3484 1642 3559 μᾶλλον
1713 3487 1975 3565 ἀπόφασιν

2060 3484 2172 3546 sibi
2209 3482 2485 3546 conscius
2513 3483 2824 3560 factus,ve|
2855 3482 2969 3545 alia
2998 3482 3226 3544 ratione
3256 3481 3491 3544 videtur
3508 3484 3705 3562 potius

333 3577 411 3634 ἔτι
456 3582 713 3644 συστῆσαι
771 3575 1122 3652 βουλόμενος.
1168 3575 1388 3653 Ἐπάγει
1420 3575 1520 3653 γάρ
1550 3595 1564 3610 ·
1603 3597 1627 3631 ε
1668 3577 1725 3632 Ei
1781 3572 1836 3631 δὲ
1886 3575 1974 3631 καὶ

2060 3572 2218 3634 illius
2236 3573 2502 3653 procedit
2527 3573 2899 3651 negationem
2922 3572 3114 3635 adhuc
3145 3570 3701 3648 constabilire,sub—

330 3674 483 3724 τοῦτο
525 3673 739 3737 ζητοῦσι
787 3663 1023 3744 δειχθείη
1066 3664 1207 3742 παρὰ
1257 3670 1329 3741 τῇ
1367 3665 1479 3736 θείᾳ
1522 3669 1723 3744 Γραφῇ,
1770 3686 1820 3719 τι
1864 3663 1974 3718 ’ἐτε-

2060 3662 2239 3725 nectit
2292 3661 2622 3741 siquidem:
2665 3682 2689 3721 ι
2722 3661 2944 3735 Quodsi
2975 3661 3127 3743 quod
3160 3669 3454 3743 quierunt,
3496 3667 3703 3723 osten-

328 3778 416 3833 ρον
504 3756 688 3821 αὐτοῖς
770 3752 1105 3810 ὑπολείπεται
1142 3771 1157 3831 ;
1195 3776 1223 3807 ι
1294 3755 1381 3810 καὶ
1446 3754 1720 3827 παρευθὺς,
1763 3776 1785 3807 ι
1844 3773 1970 3809 σκε-

2060 3751 2227 3813 detur
2256 3751 2316 3812 in
2348 3751 2547 3812 divina
2577 3750 3052 3832 Scriptura,quid
3087 3751 3237 3829 ipsis
3267 3750 3558 3831 reliquum
3581 3748 3705 3812 fue-

327 3844 485 3903 πεέον
516 3842 573 3901 δὲ
615 3846 752 3901 οὓτω
812 3867 835 3899 ι
892 3844 987 3900 Καὶ
1032 3838 1255 3908 καθεξῆς
1284 3842 1350 3899 τὰ
1403 3843 1533 3921 πρὸς
1576 3842 1821 3899 σύστασιν
1878 3848 1971 3898 τοῦ

2060 3838 2195 3900 rit?»
2220 3838 2731 3920 Statimque,ahoc
2761 3840 2936 3901 modo
2969 3859 3106 3902 vero
3138 3838 3605 3902 consideretur”
3636 3836 3706 3900 Et

326 3931 725 4008 σπουδάσματος
757 3930 893 3988 οῦτω
934 3931 1198 3997 συντίθησι
1235 3951 1250 3968 ·
1288 3954 1310 3984 ε
1345 3932 1527 4010 Πατὴρ
1569 3933 1597 3987 ὁ
1652 3931 1831 4010 Πατὴρ
1862 3930 1968 4004 μό-

2060 3926 2122 3989 Ει
2154 3927 2527 4009 postmodum
2562 3937 2804 3994 conatus
2833 3947 2971 3991 suos
3001 3928 3070 3991 ad
3106 3928 3470 4009 propositum
3516 3926 3702 3990 stabi-

326 4044 439 4101 νος,
468 4022 556 4079 καὶ
584 4023 704 4079 οὒτε
734 4022 854 4085 Υἱὸς
897 4019 1013 4076 οὔτε
1065 4026 1301 4095 Πνεῦμα.
1345 4021 1462 4084 Υἱὸς
1496 4022 1524 4076 ὁ
1583 4022 1700 4083 Υἱὸς
1746 4021 1963 4094 ὁμοίως,

2060 4017 2316 4079 liendum
2353 4016 2434 4076 ita
2466 4017 2739 4097 proponit
2768 4038 2780 4081 :
2811 4042 2833 4074 (ι
2866 4021 3041 4081 Pater
3068 4017 3244 4078 Pater
3276 4017 3457 4084 solus.
3493 4025 3552 4079 et
3584 4036 3703 4079 non

326 4113 414 4168 καὶ
442 4110 561 4167 οὔτε
606 4109 785 4188 Πατὴρ
814 4111 843 4165 ὁ
887 4109 1064 4182 αὗτὸς,
1125 4108 1242 4165 οὔτε
1288 4111 1519 4182 Πνεῦμα.
1580 4115 1791 4182 Πνεῦμα
1819 4107 1969 4188 ἅγιον

2060 4104 2236 4166 Filius
2266 4122 2456 4185 neque
2482 4104 2740 4185 Spiritus
2771 4117 3028 4169 sanctus.
3060 4105 3245 4167 Filius
3272 4106 3455 4168 Filius
3485 4106 3701 4168 simili-

325 4202 386 4258 τὸ
447 4206 682 4274 Πνεῦμα,
728 4185 817 4253 καὶ
859 4196 976 4254 οὔτε
1013 4198 1197 4276 Πατὴρ
1252 4198 1312 4254 τὸ
1353 4198 1501 4269 αὐτὸ,
1563 4196 1677 4252 οὔτε
1710 4195 1853 4259 Υἱός.
1891 4185 1967 4252 U0

2060 4200 2230 4273 ler,et
2260 4212 2376 4255 non
2411 4196 2603 4265 Pater,
2642 4213 2834 4275 neque
2871 4194 3146 4275 Spiritus.
3177 4192 3431 4272 Spiritus
3461 4203 3703 4257 sanctus

326 4289 423 4365 μὲν
452 4288 541 4345 οῦν
579 4286 758 4364 Πατὴρ
788 4286 916 4342 καθὸ
966 4290 1122 4363 γεννᾷ
1189 4287 1329 4366 Υἱὸν,
1388 4286 1699 4360 ὀνομάζεται
1760 4284 1964 4363 Πατὴρ,

2060 4280 2329 4362 Spiritus,
2360 4291 2418 4344 et
2450 4300 2567 4343 nou
2602 4292 2692 4346 est
2723 4286 2896 4345 Pater
2921 4285 3062 4363 ipse.
3090 4301 3284 4362 neque
3317 4282 3704 4345 Filius.Pater

325 4380 453 4435 καθὸ
482 4375 536 4433 δὲ
567 4375 838 4453 ἒκπορεύει
869 4379 1105 4454 Πνεῦμα,
1152 4373 1324 4431 ιῦκέτι
1382 4375 1586 4446 Πατὴρ,
1663 4371 1801 4429 ἀλλὰ
1828 4395 1965 4450 προ-

2060 4370 2226 4449 igitur
2249 4389 2362 4450 qua
2390 4378 2634 4448 generat
2667 4370 2879 4434 Filium
2906 4374 3222 4452 Pater,qua
3252 4388 3389 4432 vero
3411 4370 3698 4452 Spiritum

322 4464 505 4529 ϐολεὺς
549 4462 882 4539 ὀνομάζεται.
923 4450 1118 4518 ’Ἔστιν
1180 4461 1267 4518 οὖν
1322 4464 1349 4519 ὸ
1407 4462 1587 4539 Πατὴρ
1641 4463 1729 4518 καὶ
1787 4461 1967 4539 Πατὴρ

2060 4458 2350 4538 pocedere
2384 4458 2544 4535 facit,
2581 4478 2696 4520 non
2729 4460 2985 4541 amplius
3019 4450 3213 4534 Pater,
3248 4459 3353 4521 sed
3378 4450 3702 4541 productor

319 4556 407 4611 καὶ
449 4550 757 4631 προϐολεύς.
817 4547 927 4607 ἐνὶ
997 4548 1051 4604 δὲ
1107 4549 1326 4624 ὀνόματι
1399 4555 1702 4622 συναπτικῷ
1770 4549 1968 4605 τούτων

2060 4547 2405 4628 appellatur.
2440 4546 2543 4610 Est
2566 4547 2745 4627 igitur
2778 4551 2956 4611 Pater
2985 4557 3043 4610 et
3072 4547 3242 4610 Pater
3268 4555 3326 4609 et
3356 4547 3697 4629 productor,

320 4643 630 4717 ὀνομάζεται
667 4639 841 4714 πηγὴ,
899 4636 954 4694 εἴ
1017 4659 1080 4717 γε
1136 4641 1321 4702 πιστὸς
1379 4641 1408 4696 ὁ
1476 4639 1643 4717 μέγας
1705 4637 1969 4702 Διονύσιος

2060 4655 2170 4698 uno
2197 4655 2330 4698 vero
2362 4635 2626 4711 nomine,
2662 4636 2817 4717 quod
2853 4638 2978 4699 haec
3010 4637 3124 4697 duo
3156 4635 3416 4714 colligat,
3472 4636 3626 4720 fons,
3651 4641 3699 4702 si

319 4732 456 4787 οὕτω
496 4730 691 4809 λέγων.
731 4720 864 4786 ’Ὁτι
894 4727 991 4802 μέν
1048 4725 1159 4783 ἔστι
1217 4727 1368 4805 πηγὴ
1422 4726 1674 4795 θεότητος
1705 4729 1733 4783 ὁ
1765 4726 1964 4804 Πατὴρ,

2060 4724 2172 4786 ﬁde
2204 4725 2420 4803 dignus
2450 4733 2538 4786 est
2560 4744 2808 4803 magnus
2828 4725 3141 4806 Dionysius
3172 4726 3251 4786 ita
3284 4725 3695 4805 pronuntians:

321 4820 351 4875 ὁ
381 4817 434 4875 δέ
480 4819 597 4883 Υἱός
639 4819 727 4875 καὶ
794 4820 858 4874 τὸ
929 4823 1138 4891 Πνεῦμα
1188 4819 1285 4885 τῆς
1328 4817 1573 4895 θεογόνου
1622 4815 1891 4888 θεότητος,
1927 4813 1970 4870 εἶ

2060 4812 2156 4874 His
2184 4812 2422 4894 quidem
2472 4813 2604 4875 fons
2647 4813 2982 4877 Divinitatis
3029 4814 3222 4895 Pater,
3274 4814 3456 4877 Filius
3481 4833 3618 4878 vero
3642 4825 3702 4880 et

321 4905 460 4964 οὕτω
503 4908 613 4986 χρὴ
644 4907 825 4987 φάναι,
861 4904 1075 4983 βλαστοὶ
1125 4906 1389 4986 θεόφυτοι,
1434 4906 1523 4961 καὶ
1578 4907 1694 4961 οἷον
1724 4901 1853 4970 ἄνθη
1883 4904 1970 4959 καὶ

2060 4900 2307 4982 Spiritus
2333 4902 2598 4981 deigenze
2630 4903 2899 4979 Deitatis,
2936 4904 2985 4965 si
3035 4904 3114 4965 ita
3147 4904 3550 4986 eloquendum
3584 4912 3695 4982 est,

317 4996 598 5074 ὑπερούσια
647 5002 817 5074 φῶτα,
880 4996 1009 5073 πρὸς
1051 5000 1156 5052 τῶν
1200 4996 1352 5072 ἱερῶν
1394 4992 1586 5071 λογίων
1630 4989 1968 5071 παρειλήφα-

2060 4989 2276 5051 surculi
2302 5008 2333 5051 a
2365 4990 2484 5051 Deo
2517 4991 2848 5070 plantati,et
2875 4993 3048 5055 veluti
3075 4994 3272 5068 ﬂores,
3309 5000 3369 5054 et
3413 5011 3697 5074 superes-

320 5104 436 5159 μεν.
488 5084 586 5142 Καὶ
616 5082 670 5138 ἒν
702 5082 905 5147 ἄλλοις.
942 5082 1090 5149 Μόνη
1148 5083 1302 5160 πηγὴ
1344 5083 1445 5148 τῆς
1496 5080 1800 5159 ὓπερουσίου
1842 5082 1963 5135 θεό-

2060 5078 2322 5140 sentialia
2375 5079 2602 5140 tumina
2628 5098 2662 5141 a
2688 5081 2877 5142 sacris
2916 5083 3170 5164 eloquiis
3218 5082 3582 5164 accepimus.
3627 5083 3701 5147 Et

316 5193 480 5239 τητος
513 5171 718 5251 Πατὴρ,
773 5175 866 5229 οὒκ
908 5169 1072 5234 ὄντως
1132 5173 1254 5227 Υἶοῦ
1301 5177 1393 5228 τοῦ
1436 5170 1666 5249 Πατρὸς,
1726 5165 1850 5225 οῦδὰ
1877 5174 1969 5223 τθιῦ

2060 5166 2163 5228 alio
2190 5185 2423 5247 quoque
2458 5167 2609 5231 loco:
2652 5167 2824 5232 Solus
2855 5171 2985 5233 fons
3007 5172 3522 5252 superessentialis
3550 5172 3696 5236 Dei-

328 5262 448 5317 Υξοῦ
480 5261 703 5336 [ἰατρὸς.
755 5259 810 5315 Εἰ
870 5261 958 5316 οὖν
1013 5259 1163 5337 πηγὴ
1206 5263 1305 5325 τῆς
1334 5258 1582 5325 θεότητος
1612 5258 1640 5313 δ
1683 5256 1884 5328 Πατὴρ,
1930 5255 1965 5322 ἠ

2060 5256 2184 5317 latis
2214 5255 2405 5343 Pater.
2435 5276 2568 5318 cum
2604 5277 2720 5319 non
2744 5259 2820 5320 sit
2847 5259 3032 5322 Filius
3059 5264 3257 5337 Pater,
3301 5280 3494 5343 neque
3524 5265 3701 5327 Pater
3754 5294 3759 5298 ο

318 5347 510 5414 θεότης
553 5345 607 5404 δέ
664 5348 760 5410 τας
831 5346 1146 5409 ὑποστάσεις
1189 5346 1303 5404 ὲνοϊ
1370 5346 1708 5426 ἀσυγχύτως,
1775 5345 1963 5400 ταυτόν

2060 5342 2325 5406 Filius.Si
2358 5363 2501 5434 ergo
2534 5344 2664 5406 fons
2693 5346 2933 5410 Deitatis
2961 5349 3156 5431 Pater,
3189 5349 3388 5412 Deitas
3402 5342 3552 5413 ivero
3583 5351 3695 5434 by-

321 5435 432 5493 ἒστι
493 5435 646 5513 πηγὴ
704 5437 981 5513 θεότητος,
1027 5434 1205 5515 ὥσπερ
1262 5435 1306 5489 εἰ
1364 5432 1600 5513 ἐλέγετο,
1846 5433 1964 5489 Υίοῦ

2060 5441 2311 5524 postases
2344 5433 2824 5524 unitinconfuse,
2853 5438 2966 5499 erit
2990 5438 3122 5501 fons
3153 5438 3499 5515 divinitatis,
3527 5432 3695 5524 atque

316 5527 404 5582 καὶ
439 5525 763 5601 Πνεύματος,
823 5523 911 5579 καὶ
965 5525 1153 5581 ταυτὸν
1207 5521 1368 5580 πάλιν
1420 5525 1503 5591 τὸ,
1537 5523 1690 5601 πηγὴ
1731 5524 1848 5578 Υἱοῦ
1874 5523 1961 5577 καὶ

2060 5541 2111 5584 ιο
2142 5522 2192 5583 si
2226 5521 2632 5603 dixeris,Fons
2655 5525 2787 5587 Filii
2813 5537 2871 5588 et
2901 5528 3183 5608 Spiritus;
3211 5537 3270 5591 et
3298 5521 3694 5605 rursus,Fons

318 5613 641 5689 Πνεῦματος,
727 5610 905 5689 ὥσπερ
964 5610 1019 5668 εἴ
1075 5634 1157 5677 τις
1228 5609 1398 5691 λέγει,
1456 5613 1637 5691 Πατὴρ
1701 5614 1818 5667 Υἱοῦ
1872 5610 1961 5666 καὶ

2060 5610 2252 5699 Filiiet
2272 5608 2550 5699 Spiritus,
2590 5631 2757 5695 aeque
2784 5632 2851 5677 ac
2883 5616 2934 5678 si
2964 5617 3204 5699 dixeris,
3249 5620 3421 5681 Pater
3450 5619 3585 5683 Filii
3634 5632 3697 5684 et

313 5699 601 5782 προϐολεὺς
661 5698 989 5776 Πνεύματος.
1060 5698 1209 5780 Ἐρεῖ
1278 5697 1333 5756 δέ
1374 5723 1477 5778 τις,
1541 5704 1595 5759 Ei
1671 5700 1714 5755 ὼ
1771 5697 1957 5765 θεότης

2060 5697 2367 5777 ποόυοιοι·
2382 5697 2661 5781 Spiritus.
2690 5702 2924 5767 Diceret
2947 5697 3236 5789 quispiam
3259 5706 3551 5771 Deitatem
3579 5710 3689 5792 by-
