4206 6292
545 324 696 430 il‘86.7
1819 325 2133 393 GEORGII
2181 325 2646 392 METOCHITxE
3759 324 3925 390 1368

531 469 799 548 pestases
827 460 1130 539 colligare,
1161 459 1220 521 in
1252 461 1366 522 hoc
1395 479 1673 523 sermone
1693 459 1861 524 Pater
1881 462 2099 525 dicitur
2123 471 2168 522 el

2263 462 2356 526 τας
2385 463 2697 526 ὑποστάσεις
2728 464 2856 538 ενοι,
2889 462 2942 520 ἓν
2985 470 3062 539 τῷ
3104 462 3251 542 λόγῳ
3306 466 3473 539 τούτῳ
3527 467 3557 522 ό
3600 451 3921 548 Πατὴρλῖ-

532 545 944 633 iuimetipsius
991 550 1146 630 fons,
1181 549 1284 610 sed
1317 569 1437 611 non
1469 559 1559 612 est
1590 552 1724 613 hoc.
1761 551 1974 615 Sicutti
2018 554 2168 614 enim

2267 571 2412 626 γεται
2440 553 2526 608 καὶ
2571 553 2792 609 ἑαυτοῦ
2838 552 3016 628 πηγὴ.
3077 551 3228 609 Ἀλλ’
3298 557 3392 613 οῦκ
3448 553 3559 610 ἔστι
3613 560 3786 614 τοῦτο.
3815 545 3921 616 Ῐιὶς

529 645 782 708 dicimus
809 659 884 702 ex
917 639 1038 701 Deo
1063 637 1349 718 Spiritum
1373 647 1734 702 sanctum.et
1761 659 1878 702 non
1911 641 2168 720 intelligit

2263 640 2361 717 γὰρ
2389 639 2615 718 λέγομεν
2671 641 2731 696 ἐκ
2759 647 2849 697 τοῦ
2903 649 3034 698 Θεοῦ
3090 642 3152 697 τὸ
3225 648 3436 717 Πνεῦμα
3493 643 3556 700 τὸ
3619 643 3790 720 ἅγιον,
3825 642 3921 696 καὶ

528 752 663 797 mus
693 749 827 793 cum
860 748 928 790 ex
963 729 1160 807 seipso
1192 743 1346 800 esse,
1383 727 1539 808 quod
1595 731 1750 791 Deus
1798 738 1888 791 est
1937 740 1994 792 et
2023 731 2168 811 ipse.

2263 732 2321 786 οὗ
2350 737 2594 804 νοοῦμεν,
2657 729 2742 785 ὅτι
2802 731 2890 786 καὶ
2948 730 2999 794 ἐξ
3056 731 3242 788 ἑαυτοῦ
3286 731 3452 806 ἐστιν,
3505 730 3585 788 ὅτι
3641 732 3769 793 Θεὸς
3825 731 3918 786 καὶ

527 822 659 903 pari
690 818 863 881 modo
897 816 1072 877 etiam
1108 817 1204 876 hic
1235 834 1352 876 non
1383 816 1771 896 intelligimus
1794 817 2025 880 Patrem
2051 821 2168 880 sui“

2264 817 2410 884 αὒτὸ,
2474 817 2611 874 οὕτω
2673 819 2933 875 κάνταῦθα
3009 823 3070 878 οὗ
3126 827 3347 893 νοοῦμεν
3403 823 3494 876 τὸν
3556 819 3786 898 Πατέρα,
3829 817 3916 874 ὅτι

531 908 843 988 metipsius
865 905 1085 966 fontem
1117 923 1272 967 esse.
1297 903 1563 984 Indeque
1599 906 1966 968 manifestior
1981 926 2168 973 sermo

2258 909 2346 961 καὶ
2391 906 2579 964 ἑαυτοῦ
2624 907 2732 962 ἐστι
2786 907 2964 984 πηγή.
3029 906 3126 965 Καί
3183 907 3402 964 ἐνταῦθα
3444 907 3705 986 πρόδηλος
3765 906 3912 982 μᾶλ-

527 998 742 1061 fuerit:
780 995 912 1054 fons
944 994 1100 1054 enim
1136 993 1269 1054 ideo
1306 993 1442 1054 fons
1473 993 1709 1068 dicitur,
1745 994 1884 1075 quia
1903 995 2168 1070 effundit,

2260 993 2352 1050 λον
2388 996 2415 1051 ὁ
2444 994 2600 1072 λόγος
2633 1015 2646 1028 ·
2681 997 2716 1062 ἡ
2774 997 2875 1074 γὰρ
2916 999 3094 1074 πηγὴ,
3141 993 3221 1052 ὅτι
3279 998 3508 1075 πηγαζει
3563 1019 3639 1071 τι,
3699 995 3912 1074 λέγεται

530 1095 590 1150 et
619 1087 748 1148 fons
777 1101 1018 1164 prorsus
1067 1081 1236 1144 effusi
1289 1081 1507 1142 dicitur
1565 1083 1714 1144 fons.
1752 1083 1876 1145 Hoc
1903 1085 1952 1145 si
1985 1085 2064 1146 ita
2111 1105 2168 1149 se

2257 1083 2434 1164 πηγὴ,
2480 1085 2568 1140 καὶ
2597 1085 2631 1152 ἡ
2663 1085 2816 1160 πηγὴ
2867 1081 3077 1147 πάντως
3137 1082 3334 1140 ἐκείνου
3363 1083 3578 1162 λέγεται
3620 1088 3773 1162 πηγὺ⁹
3817 1092 3914 1141 τοῦ

525 1176 912 1248 habet,Pater
945 1171 1164 1234 dicitur
1213 1171 1346 1232 fons
1396 1171 1642 1234 Deitatis
1673 1189 1742 1236 ex
1793 1173 1920 1252 ipso
1953 1174 2168 1252 effusa1

2264 1173 2660 1248 πηγαζομένου.
2732 1174 2788 1228 ΕΞ
2845 1169 2898 1227 δὲ
2959 1180 3110 1228 τοῦτο
3388 1171 3599 1247 λέγεται
3643 1175 3672 1228 ὀ
3731 1173 3913 1250 Πατὴρ

528 1264 642 1328 Fili
690 1281 910 1342 nempe
945 1270 1002 1322 et
1034 1260 1379 1339 Spiritus,et
1408 1280 1526 1321 non
1557 1260 1647 1322 sui
1698 1263 1902 1340 ipsius.
1947 1267 2100 1341 Ergo
2131 1269 2168 1327 si

2263 1261 2360 1326 ἰἦς
2426 1260 2672 1327 θεότητος
2723 1265 2820 1326 τῆς
2867 1260 3246 1337 πηγαζομένης
3319 1261 3370 1326 ἐξ
3417 1261 3598 1341 αὐτοῦ,
3670 1259 3914 1328 δηλονότι

525 1353 658 1414 fons
692 1350 932 1413 Deitatis
962 1349 1156 1428 Pater,
1191 1355 1248 1408 et
1279 1348 1442 1408 solus
1489 1349 1642 1419 fons,
1693 1348 1873 1429 idque
1904 1350 2062 1411 idem
2089 1361 2168 1414 esl

2263 1355 2354 1404 τοῦ
2437 1351 2558 1408 Υἱοῦ
2611 1349 2699 1404 καί
2754 1354 2847 1405 τοῦ
2900 1349 3230 1423 Πνεῦμα-τος,
3289 1349 3408 1428 οὐχὶ
3455 1352 3543 1404 καὶ
3600 1350 3801 1410 ἑαυτοῦ,
3851 1350 3912 1404 ΕΞ

527 1459 597 1503 ac
633 1440 683 1502 si
711 1439 934 1500 dixeris
983 1437 1116 1498 fons
1163 1436 1427 1508 Deitatis,
1481 1446 1537 1498 et
1569 1440 1740 1500 Pater
1770 1448 1825 1500 et
1856 1439 2168 1518 producto:

2261 1445 2386 1514 γοῦν
2414 1440 2564 1516 πηγὴ
2593 1439 2853 1506 ’θεότητος
2884 1439 2912 1493 ὃ
2968 1443 3149 1517 Πατήρ
3198 1441 3284 1496 καὶ
3328 1440 3470 1514 μόνπ
3513 1441 3686 1517 πηγὴ.
3719 1440 3912 1494 ταυτὸν

520 1530 658 1593 Filii
685 1538 742 1590 et
772 1528 1048 1607 Spiritus.
1084 1525 1260 1588 Solus
1306 1526 1486 1602 igitur
1522 1529 1694 1588 Pater
1745 1537 1803 1586 et
1855 1528 2168 1608 productor

2257 1525 2309 1581 δὲ
2341 1527 2502 1600 ἐστιν,
2551 1527 2716 1592 εἴτις
2759 1526 2820 1582 ἂν
2866 1525 2998 1602 εἴπῃ
3030 1528 3184 1604 πηγῆ
3243 1528 3520 1601 θεότητος,
3582 1531 3670 1584 καὶ
3725 1526 3913 1604 Πατήρ

521 1617 657 1684 Filii
689 1626 748 1679 et
769 1615 1049 1697 Spiritus.
1103 1613 1329 1686 Quodsi
1357 1615 1543 1694 solus,
1578 1635 1696 1677 non
1728 1619 1930 1697 utique
1983 1626 2041 1680 et
2069 1619 2168 1682 Fi-

2257 1617 2343 1672 καὶ
2371 1614 2656 1695 προϐολεὺς
2711 1618 2830 1672 Υἱοῦ
2861 1617 2946 1671 καὶ
3006 1617 3335 1690 Πνεῦματος,
3389 1617 3550 1692 μόνος
3582 1616 3679 1695 ἄρα
3726 1617 3755 1672 ὁ
3787 1622 3914 1671 Πα-

521 1710 660 1782 lius,
683 1715 959 1769 neutrum
987 1724 1056 1765 ex
1091 1703 1185 1764 his
1215 1703 1468 1766 scilicet.
1503 1703 1574 1765 Et
1604 1723 1677 1766 en
1702 1705 1826 1786 jam
1883 1707 2168 1770 demons-

2254 1705 2354 1782 τηρ
2386 1706 2470 1762 καὶ
2517 1705 2698 1784 Πατὴρ
2768 1705 2857 1759 καὶ
2911 1701 3199 1782 προὸολεὺς
3268 1707 3386 1760 Υἱοῦ
3441 1706 3529 1761 καὶ
3576 1707 3909 1780 Πνεύματος.

523 1806 739 1861 tratum
771 1795 950 1856 estex
978 1792 1178 1882 divina
1207 1790 1534 1882 Scriptura,
1567 1795 1856 1882 Spiritum
1903 1805 2168 1859 sanctum

2259 1794 2316 1849 Εἰ
2359 1791 2414 1848 δὲ
2457 1795 2642 1872 μόνος,
2704 1793 2827 1871 οὒχὶ
2880 1795 2968 1847 καὶ
3024 1793 3053 1848 ὁ
3121 1794 3262 1862 Υἱὸς,
3323 1791 3568 1860 δηλονότι
3639 1792 3913 1870 οὐδέτερον

519 1904 639 1950 non
674 1883 998 1965 procedere
1023 1881 1198 1943 etiam
1233 1899 1302 1942 ex
1333 1881 1508 1944 Filio.
1549 1910 1569 1939 ε
1608 1881 1920 1964 Sapienter
1959 1885 2171 1948 admo-

521 1977 662 2038 dum
691 1971 851 2054 quod
884 1971 999 2033 sibi
1029 1979 1424 2051 proposuerat
1454 1971 1768 2043 conclusit,
1802 1981 1862 2036 et
1890 1973 2039 2035 nihil
2069 1993 2171 2036 re-

523 2065 752 2146 ltquum
784 2070 896 2136 est,
931 2068 992 2121 ut
1044 2059 1297 2135 dixerat,
1329 2059 1402 2120 ad
1437 2059 1782 2139 quastionis
1821 2063 2171 2142 explicatio-

523 2169 686 2232 nem,
746 2148 797 2212 si
846 2149 1018 2210 initio
1075 2147 1264 2227 posita
1318 2147 1548 2208 veritati
1595 2148 2018 2231 inniterentnr,
2074 2152 2174 2214 ubi

526 2244 698 2302 Pater
735 2257 852 2319 qua
888 2245 1130 2313 generat
1185 2234 1402 2296 Filium
1461 2239 1637 2298 Pater
1674 2239 2026 2320 appellatur,
2059 2260 2174 2321 qua

526 2327 799 2410 producit
828 2325 1116 2406 Spiritum
1148 2343 1264 2384 non
1294 2324 1550 2404 amplius
1581 2326 1772 2404 Pater,
1807 2327 1910 2389 sed
1945 2329 2172 2406 produ-

524 2427 673 2498 ctor,
701 2417 806 2478 uni
832 2433 970 2476 vero
1003 2413 1381 2492 conjunctivo
1413 2415 1626 2475 horum
1652 2415 1895 2477 nomine
1937 2435 2171 2479 nuncu-

522 2515 696 2588 patur
724 2505 878 2583 fons,
913 2506 1090 2566 Pater
1121 2521 1338 2581 nempe
1366 2502 1856 2582 Filii,productor
1885 2523 2022 2566 vero
2047 2507 2176 2587 Spi-

521 2593 755 2669 ritus,si
774 2591 951 2653 fidem
971 2598 1234 2652 meretur
1259 2609 1512 2668 magnus
1538 2591 2170 2671 Dionysius,scribens:

526 2709 554 2740 ε
588 2681 859 2746 Fontalis
893 2679 1088 2742 Deitas
1105 2679 1282 2740 Pater
1302 2688 1411 2751 est,
1450 2680 1636 2742 Filius
1663 2699 1800 2742 vero
1833 2691 1892 2742 et
1915 2685 2174 2761 Spiritus

521 2764 788 2852 deigena
812 2768 1056 2832 Deitatis
1080 2769 1302 2830 surculi
1323 2788 1357 2830 a
1385 2769 1508 2832 Deo
1543 2769 1803 2849 plantati.
1835 2796 1856 2827 ο
1896 2770 2014 2833 Sed
2045 2792 2175 2853 qua

517 2861 650 2942 ipse
674 2859 936 2932 reticuit,
969 2857 1094 2920 sive
1123 2866 1363 2938 sponte,
1393 2858 1516 2920 sive
1566 2858 1909 2939 frequenter
1937 2879 1972 2922 a
2003 2861 2176 2924 nobis

521 2957 886 3028 memorata,
916 2956 974 3008 et
999 2956 1291 3028 pracepto
1346 2946 1547 3008 divino
1598 2948 1972 3010 demandata
2001 2969 2172 3030 pers-

519 3038 869 3102 crutationis
899 3037 1337 3116 Scripturarum
1363 3036 1659 3114 neglectu,
1693 3037 2010 3111 addentur,
2044 3059 2175 3120 qua

522 3145 869 3206 magnorum
894 3125 1072 3188 etiam
1097 3125 1333 3206 pietatis
1362 3125 1746 3188 defensorum
1779 3127 2004 3188 calculo
2036 3147 2175 3189 con-

519 3216 916 3280 ﬁrmationem
976 3222 1440 3295 consequentur,
1477 3233 1729 3295 quorum
1793 3235 1946 3277 unus
2000 3217 2174 3278 fuerit

2254 1882 2474 1943 τνύτων,
2537 1884 2635 1939 Καί
2704 1879 2812 1937 ἰδοὺ
2869 1877 3124 1937 δέδεικται
3189 1881 3330 1960 παρᾶ
3385 1904 3454 1958 τῃ
3528 1883 3639 1954 θείᾲ
3695 1888 3731 1937 Γ
3735 1883 3911 1960 ρασρῇ,

2255 1969 2334 2025 ὅτι
2363 1971 2422 2026 τὸ
2452 1977 2662 2044 Πνεῦμα
2689 1973 2751 2026 τὸ
2809 1967 2960 2046 ἂγιον
3030 1973 3125 2028 οὒκ
3189 1971 3533 2048 ἒκπορεῦεται
3591 1971 3677 2026 καὶ
3708 1970 3770 2026 ἐκ
3811 1977 3907 2026 τοῦ

2265 2061 2405 2118 Υἰοὺ⁶
2442 2080 2464 2110 ι
2518 2050 2608 2121 (Ως
2639 2062 2954 2133 θαυμαστῶς
3003 2057 3344 2137 συνεπὲρανεν
3403 2060 3429 2114 ὅ
3488 2060 3758 2138 προέθετο.
3810 2059 3915 2117 Καὶ

2256 2145 2423 2221 οὒδὲν,
2465 2149 2537 2210 ὡς
2587 2148 2810 2226 εἰρήκει.
2854 2147 2982 2221 πρὸς
3055 2145 3154 2213 τὴν
3212 2153 3303 2203 τοῦ
3357 2149 3677 2223 ζητουμένου
3731 2147 3907 2228 φανὲ-

2257 2257 2415 2314 ρωσιν
2447 2234 2846 2313 ὑπολέλειπται,
2881 2231 3023 2301 πλὴν
3053 2241 3159 2290 τῶν
3215 2234 3306 2290 ἀπ’
3351 2235 3528 2315 ἀρχῆς
3557 2235 3658 2291 ὦδε
3725 2239 3909 2291 τεθει-

2257 2324 2431 2398 μένων
2498 2323 2593 2392 τῆς
2655 2322 2900 2390 ἀληθείας
2969 2322 3155 2396 ὄντων,
3243 2322 3361 2380 ἔνθα
3427 2327 3454 2380 ὀ
3527 2326 3706 2396 Πατὴρ
3779 2325 3915 2380 καθὸ

2261 2419 2418 2490 γεννᾷ
2460 2416 2576 2470 Υἱὸν
2639 2412 2950 2487 ὀνομαζετσι
3007 2411 3211 2488 Πατὴρ,
3269 2414 3395 2468 καθὸ
3443 2411 3497 2468 δὲ
3550 2411 3911 2492 ’περίϐαλλε-ται

2261 2507 2469 2576 Πνεῦμα
2529 2501 2701 2558 οὐκέτι
2751 2501 2952 2577 Πατὴρ,
3013 2497 3149 2555 ἀλλὰ
3206 2498 3516 2579 προὸολεὺς,
3573 2502 3645 2557 ἐνὶ
3699 2500 3758 2556 δὲ
3789 2523 3912 2559 συν-

2260 2597 2467 2663 απτικῷ
2536 2591 2733 2646 τούτων
2775 2590 2994 2663 ὀνοματι
3051 2601 3297 2645 καλεῖται
3355 2597 3534 2669 πηγη,
3595 2589 3777 2668 Πατὴρ
3808 2589 3911 2664 μὲν

2268 2682 2387 2736 Υἱοῦ
2415 2677 2660 2744 δηλονότι
2693 2676 2977 2756 προϐολεὺς
3010 2675 3062 2732 δὲ
3122 2678 3448 2757 Πνεῦματος,
3505 2678 3561 2734 εἴ
3601 2701 3660 2757 γε
3717 2679 3914 2742 πιστός

2257 2767 2296 2822 ὀ’
2315 2767 2481 2846 μέγας
2530 2768 2797 2830 Διονύσιος
2845 2765 3017 2844 λέγων
3053 2785 3067 2799 ·
3128 2788 3151 2820 ε
3190 2755 3324 2827 ’Ὁτι
3351 2767 3448 2842 μὲν
3476 2769 3682 2845 πηγαία
3711 2768 3905 2832 θεότης

2257 2870 2284 2924 ἀ
2316 2857 2522 2931 Πατὴρ,
2569 2858 2597 2913 ὀ
2639 2859 2752 2921 Υἱὸς
2783 2853 2836 2911 δὲ
2864 2858 2949 2911 καὶ
2999 2857 3059 2911 τὸ
3091 2861 3300 2930 Πνεῦμα
3349 2861 3446 2923 τῆς
3511 2855 3756 2934 θεογόνου
3787 2857 3904 2912 θεό-

2255 2971 2415 3016 τητος
2471 2949 2688 3026 βλαστοὶ
2741 2949 3004 3028 θεόφυτοι,
3055 2971 3082 3002 ε
3137 2950 3192 3004 Εἰ
3265 2948 3469 3011 τούτοις
3512 2950 3578 3004 τὰ
3615 2947 3911 3024 λειπόμενι

2257 3036 2347 3093 εἷθ’
2407 3039 2678 3117 ἑκουσίως,
2768 3036 2877 3092 εἴτε
2951 3037 3086 3091 κατὰ
3141 3036 3431 3114 παρόρασιν
3488 3037 3584 3103 τῆς
3642 3035 3907 3099 πολλάκις

2257 3129 2706 3202 μνημονευθείσης
2775 3123 2894 3182 κατ’
2955 3124 3173 3191 ὶντολήν
3231 3125 3560 3193 Δεσποτικήν
3619 3125 3904 3192 ἐξετάσεως

2255 3221 2515 3294 γραφικῆς
2578 3217 3012 3294 προστεθήσεται,
3061 3214 3094 3269 ἂ
3162 3215 3250 3270 καὶ
3298 3216 3427 3270 «ora
3481 3216 3580 3281 τὴν
3623 3216 3684 3272 ἑκ
3725 3215 3904 3292 μεγά-

517 3305 830 3385 theologia
861 3313 1083 3384 vertex,
1111 3321 1355 3382 magnus
1386 3303 1763 3378 Athanasius,
1799 3304 2065 3366 oratione
2095 3310 2168 3366 de

2254 3303 2359 3359 λων
2406 3305 2720 3384 προηγόρων
2778 3305 2875 3371 τῆς
2949 3301 3210 3364 εὐσεϐείας
3292 3304 3547 3359 πίστωσιν
3626 3303 3903 3382 ἀπαστρά-

517 3393 808 3456 incarnati
838 3391 1145 3456 DeiVerbi
1166 3392 1557 3472 apparitione,
1583 3393 1754 3471 cujus
1783 3391 1926 3453 illud
1952 3393 2169 3471 princi-

517 3482 730 3562 pium:
771 3501 792 3530 σ
827 3478 940 3552 Qui
972 3479 1264 3541 malitiose
1312 3479 1538 3540 divinas
1585 3480 1918 3560 Scripturas
1967 3481 2165 3542 volunt

512 3569 917 3648 intelligere,»
955 3587 1082 3629 rem
1116 3567 1448 3647 theologice
1473 3576 1751 3648 tractans,
1777 3570 1900 3630 hac
1929 3569 2106 3631 habet
2144 3590 2157 3633 :

518 3657 679 3721 cScit
695 3657 860 3720 enim
885 3657 1039 3736 apud
1056 3655 1241 3718 Deum
1261 3659 1495 3718 Patrem
1517 3658 1897 3719 exsistentem
1918 3657 2158 3731 Filium,

513 3747 768 3828 Spiritus
798 3746 982 3808 sancti
1014 3746 1298 3808 fontem.»
1331 3745 1612 3807 Ecclesia
1647 3764 1783 3807 vero
1812 3765 1993 3808 aurea
2021 3766 2164 3809 voce

513 3834 762 3916 pradita
790 3834 1045 3897 luscinia
1067 3833 1340 3895 oratione
1366 3834 1440 3895 de
1462 3833 1740 3913 mysterio
1769 3833 2160 3916 baptismatis,

513 3922 686 4004 cujus
719 3923 1105 4004 principium:
1147 3921 1404 3984 «Iterum
1438 3923 1610 3984 nobis
1635 3922 1915 4003 spiritalis
1945 3923 2169 3986 cithara

513 4011 674 4075 beati
705 4011 1004 4094 Davidis,»
1039 4012 1126 4074 sic
1153 4011 1485 4091 eloquitur:
1525 4014 1875 4092 «Propterea
1905 4015 2168 4076 Salvator

513 4100 777 4164 ostendit
803 4101 1196 4182 semetipsum
1227 4100 1454 4163 fontem
1487 4099 1704 4175 vita,et
1731 4119 1942 4182 aquam
1959 4102 2164 4164 viven-

513 4196 634 4251 tem
667 4189 955 4272 Spiritum
987 4197 1276 4251 sanctum.
1322 4213 1344 4246 ι
1378 4187 1437 4251 Si
1471 4207 1538 4252 ex
1570 4188 1663 4250 his
1697 4191 2005 4253 manifesto
2036 4191 2168 4271 Spi-

506 4278 658 4340 ritus
710 4279 901 4341 sancti
958 4279 1089 4343 fons
1145 4286 1236 4341 est
1284 4278 1511 4354 Filius;
1573 4278 1942 4340 admirabilis
1993 4280 2164 4359 plane

508 4367 814 4428 conclusio
876 4368 1129 4447 negatio,
1193 4387 1313 4430 non
1371 4367 1642 4448 procedit
1701 4370 1879 4429 etiam
1911 4388 1980 4430 ex
2011 4368 2160 4432 Filio

2251 3415 2490 3467 πτουσιν,
2535 3395 2610 3450 ὦν
2663 3396 2697 3462 ἡ
2756 3394 2852 3469 μὲν
2893 3393 2987 3460 τῆς
3040 3390 3324 3469 ὁμολογίας
3367 3392 3624 3470 ἀκρότης,
3657 3395 3684 3448 ὁ
3739 3393 3903 3458 πολὺς

2250 3484 2562 3546 ’Λθανάσιος
2623 3482 2674 3538 ἐν
2734 3489 2810 3556 τῷ
2868 3483 2982 3560 περὶ
3023 3485 3122 3546 τῆς
3162 3480 3411 3556 ενσεὶρκου
3439 3480 3529 3536 τοῦ
3561 3483 3690 3537 Θεοῦ
3729 3481 3902 3558 Λόγου

2247 3570 2551 3651 ἐπιφανείας
2597 3571 2766 3650 λόγῳ,
2803 3571 2862 3628 οὗ
2919 3574 2952 3639 ἡ
2997 3571 3166 3649 ἀρχὴ,
3223 3596 3244 3626 ε
3306 3571 3364 3626 Οἱ
3420 3570 3760 3649 κακοτέχνως
3802 3572 3899 3634 τὰς

2244 3661 2384 3723 θείας
2431 3662 2637 3740 Γραφὰς
2681 3660 2990 3737 βουλόμενοι
3047 3673 3216 3731 νοεῖν,
3253 3681 3282 3714 ι
3315 3656 3578 3736 θεολογῶν
3612 3660 3747 3715 οὕτω
3783 3683 3897 3738 φτ,-

2375 3765 2387 3778 ·
2430 3773 2456 3802 ιι
2493 3747 2620 3806 Οἶδε
2677 3751 2776 3828 γὰρ
2823 3750 2964 3827 παρὰ
3036 3753 3152 3821 Θεῷ
3194 3748 3355 3826 Πατρὶ
3407 3745 3541 3828 Δὄντα
3595 3749 3685 3803 τὸν
3755 3751 3899 3822 Υἱὸν,

2248 3839 2347 3904 τὴν
2391 3839 2572 3915 πηγὴν
2631 3846 2722 3894 τοῦ
2754 3839 2900 3915 ἁγίου
2945 3837 3247 3911 Πνεῦματος
3311 3857 3335 3892 ι
3405 3825 3465 3890 Ἠ
3512 3833 3565 3890 δὲ
3622 3837 3719 3902 τῆς
3765 3833 3898 3892 Ἐκ-

2248 3923 2473 3992 κλησίας
2515 3926 2859 4004 χρυσόφωνος
2924 3923 3104 3991 ἀηδὼν
3148 3924 3201 3979 ἐν
3231 3927 3307 3997 τῷ
3368 3923 3440 3984 εἰς
3498 3925 3558 3978 τὸ
3617 3926 3904 4002 μυστήριον

2248 4021 2339 4068 τοῦ
2369 4015 2730 4090 βαπτίσματος
2775 4012 2941 4091 λόγῳ,
2997 4016 3058 4068 οὗ
3112 4015 3146 4080 ἡ
3207 4012 3376 4092 ἀρχὴ,
3418 4033 3440 4062 σ
3494 4011 3659 4068 Πάλιν
3688 4015 3822 4087 ἡμῖν
3865 4016 3902 4081 ἡ

2247 4103 2579 4176 πνευματικὴ
2637 4102 2821 4178 κιθάρα
2851 4105 2941 4157 τοῦ
2982 4102 3243 4179 μακαρίου
3290 4098 3474 4173 Δαυίδ,
3539 4120 3569 4159 )
3603 4099 3736 4156 οὕτω
3776 4099 3900 4156 δια-

2248 4189 2447 4266 γορεύει
2483 4205 2497 4219 ⁸
2553 4213 2576 4243 ιι
2619 4190 2716 4244 Διὰ
2757 4197 2912 4246 τουτο
2955 4192 2983 4245 ὁ
3044 4190 3234 4266 Σωτὴρ
3265 4188 3517 4245 δείκνυσιν
3561 4191 3742 4245 ἑαυτὸν
3783 4212 3900 4256 πη-

2245 4278 2347 4354 γὴν
2399 4277 2539 4348 ζωῆς
2594 4279 2680 4332 καὶ
2732 4276 2866 4356 ὕδωρ
2919 4284 3024 4349 ζὼν
3083 4280 3142 4333 τὸ
3203 4284 3416 4352 Πνεῦμα
3471 4280 3532 4332 τὸ
3573 4279 3744 4356 ἅγιον.
3787 4299 3807 4328 ο
3837 4282 3900 4336 Εἰ

2243 4366 2304 4422 ἐκ
2361 4364 2521 4421 τῶνδε
2787 4370 2876 4422 καὶ
2937 4369 2964 4422 ὁ
2997 4369 3114 4430 Υἱὸς
3142 4365 3404 4444 ἀριδήλως
3447 4374 3536 4424 τοῦ
3567 4373 3896 4442 Πνεῦματος,

2248 3751 2326 3804 σίν

505 4453 766 4536 Spiritus
795 4465 1059 4534 sanctus,
1096 4457 1388 4537 rejicitur,
1418 4456 1733 4518 afﬁrmatio
1765 4475 1903 4518 vero
1930 4477 1964 4518 a
1987 4457 2159 4519 nobis

2251 4455 2592 4533 συμπέρασμα
2649 4457 2744 4530 μὲν
2789 4458 2850 4512 τὸ
2905 4456 3203 4532 θαυμαστόν
3250 4457 3284 4523 ἡ
3317 4455 3604 4534 ἀπόφασις,
3652 4457 3744 4512 οὒκ
3798 4456 3898 4512 ἐκ-

511 4559 618 4622 per
636 4545 905 4625 ejusdem
939 4545 1304 4626 significatus
1325 4555 1383 4608 et
1407 4546 1716 4608 sententia
1733 4563 1904 4608 voces
1925 4557 2162 4608 ostensa

2251 4546 2524 4621 πορεύεται
2567 4547 2653 4601 καὶ
2710 4544 2770 4602 ἐκ
2825 4552 2916 4601 τοῦ
2977 4549 3096 4602 Υἱυῦ
3143 4547 3205 4600 τὸ
3241 4550 3449 4619 Πνεῦμα
3480 4545 3538 4600 τὸ
3566 4544 3715 4623 ἅγιον
3757 4545 3900 4601 ἀπε-

509 4632 827 4696 dissidium
854 4634 1190 4716 relegat,uti
1223 4654 1341 4697 non
1372 4634 1469 4696 hic
1501 4635 1690 4695 solum
1721 4634 1825 4696 sed
1872 4635 1932 4696 in
1964 4635 2165 4696 multis

2251 4630 2501 4711 λήλαται,
2564 4635 2858 4712 κατάφασις
2929 4632 2984 4690 δὲ
3041 4635 3238 4699 ταύτης
3307 4634 3342 4699 ἡ
3426 4631 3554 4710 παρ’
3604 4635 3755 4707 ἡμῶν
3826 4631 3897 4688 δι’

506 4719 687 4782 etiam
719 4723 1106 4797 aliis,divinis
1128 4722 1526 4803 dogmatibus,
1555 4722 1753 4784 verbis
1785 4732 1842 4784 et
1883 4724 2163 4804 cperibus

2251 4723 2569 4795 ὑμοσθενῶν,
2645 4727 2732 4779 καὶ
2819 4720 3220 4796 ταυτοδυνάμων
3309 4723 3498 4800 φωνῶν
3582 4719 3897 4796 δεικνυμένη

507 4811 863 4873 confirmant
893 4812 1090 4874 divina
1135 4821 1335 4874 mente
1389 4812 1513 4873 fulti
1553 4833 1568 4889 ;
1613 4819 1672 4874 et
1701 4811 1773 4873 ab
1807 4813 1918 4874 hoc
1949 4813 2160 4874 eodem

2251 4813 2309 4865 τὰ
2364 4815 2460 4876 τῆς
2519 4809 2794 4892 διαμάχης
2851 4811 3184 4889 ἑκκρούεσθαι
3217 4858 3234 4890 ,
3293 4811 3466 4874 καθὼς
3532 4813 3625 4866 οὒκ
3677 4809 3899 4868 ἑνταῡθα

506 4899 610 4980 qui
653 4900 737 4963 ita
787 4902 1106 4976 conclusit,
1160 4902 1357 4965 verbis
1403 4901 1548 4981 ipsis
1581 4909 1873 4963 assertum
1906 4909 1997 4963 est
2025 4920 2158 4962 cum

2251 4899 2428 4974 μόνον,
2494 4899 2631 4956 ἀλλὰ
2685 4904 2773 4958 καὶ
2842 4899 3071 4963 πολλοῖς
3129 4902 3187 4955 ἰν
3241 4895 3420 4959 ἄλλοις
3461 4895 3685 4975 δόγμασι
3735 4901 3896 4964 θεῖοις

503 4987 698 5068 palam
732 4989 985 5052 edixerit
1016 5011 1030 5052 :
1075 5015 1100 5047 ε
1124 4993 1284 5054 Fons
1330 4989 1528 5060 Pater,
1564 5008 1784 5052 nomen
1816 4989 2154 5069 conjuncti-

499 5080 1032 5228 vurgagenitorem
1065 5079 1334 5142 indicans
1365 5087 1423 5140 et
1454 5078 1876 5160 productorem
1911 5077 1970 5138 in
2005 5077 2154 5141 Filio

498 5176 564 5228 et
635 5167 834 5229 ntritu.
861 5193 886 5226 ι

635 5185 834 5248 ptruu.

588 5434 686 5496 19.
722 5435 822 5499 Sic
852 5437 1052 5518 itaque
1082 5438 1168 5501 sic
1199 5438 1367 5502 fateri
1400 5436 1588 5501 coacti
1636 5434 2019 5516 etiaminviti,
2050 5435 2151 5517 qui

2240 4988 2440 5064 ῥήμασί
2495 5010 2552 5044 τε
2617 4991 2706 5047 καὶ
2767 4992 3036 5068 πράγμασι
3099 4988 3502 5066 παριττᾶνουσιν
3561 4990 3606 5043 οἱ
3667 4987 3898 5068 θεόφρο-

2240 5097 2346 5154 νες,
2407 5086 2538 5156 παρ’
2604 5083 2760 5138 αὑτοῦ
2839 5081 3022 5136 τούτου
3097 5087 3189 5137 τοῦ
3242 5076 3383 5133 οὕτω
3460 5077 3893 5154 συμπεράναντος

2238 5164 2498 5232 αὐτολεξεὶ
2535 5167 2906 5247 ὡμολόγηται,
2959 5173 3137 5246 σαφῶς
3183 5165 3619 5243 ἂνηγορευκότος.
3673 5185 3696 5215 ε
3730 5168 3893 5242 Πηγὴ

2240 5253 2439 5332 Πατὴρ,
2479 5253 2646 5331 ὄνομα
2674 5258 3011 5335 συναπτικὸν,
3048 5257 3106 5311 τὸ
3153 5255 3419 5332 γεννήτωρ
3462 5250 3652 5318 δη)οῦν
3697 5255 3785 5310 καὶ
3827 5258 3892 5310 τὸ

2236 5340 2521 5421 προϐολεὺς
2555 5344 2640 5401 ἰπὶ
2667 5349 2786 5402 Υἱοῦ
2813 5366 2870 5402 τε
2902 5345 2996 5401 καί
3032 5344 3356 5418 Πνεύματος.
3398 5364 3421 5398 ι

2318 5423 2409 5491 ιϐ’.
2442 5436 2499 5490 Εἰ
2555 5435 2644 5491 οῦν
2698 5434 2835 5492 οὕτω
2882 5432 3315 5507 συνελαυνόμενοι
3343 5429 3768 5509 συνομολογῆται
3801 5433 3892 5488 καὶ

497 5521 676 5602 hujus
700 5532 895 5605 partes
919 5528 1348 5607 sequuntur,ad
1379 5525 1527 5589 illud
1556 5525 1719 5588 solus
1744 5523 2150 5604 confugientes

2251 5519 2452 5586 ἵκοντες
2510 5524 2555 5579 οἱ
2611 5521 2760 5580 τοῦδε
2816 5524 2914 5591 τῆς
2971 5521 3176 5602 μερίδος
3219 5520 3473 5600 ὶχόμενοι
3526 5521 3598 5578 εἰς
3656 5521 3716 5575 τὸ
3746 5522 3892 5594 μόνη

498 5627 651 5672 nova
672 5621 1145 5678 commentorum
1159 5625 1322 5680 strue
1344 5613 1548 5698 stipati
1562 5613 1622 5675 id
1639 5613 1864 5676 dictum
1881 5622 2151 5676 asserant

2251 5612 2643 5693 ιαταφυγόντες,
2720 5611 3116 5694 εὐρεσιλογῆσαι
3157 5607 3526 5688 βουλήσονται,
3594 5610 3682 5664 καὶ
3729 5630 3890 5670 τουτο
