4184 6300
297 246 464 335 ιδει

1297 246 1600 311 CONTRA
1645 244 2073 310 MANUELEM
2118 246 2601 310 CRETENSEM.

3517 235 3676 302 1382

287 384 373 436 καὶ
417 382 536 437 κατ’
584 381 760 437 ὠσίαν
819 381 928 437 ἑστι
985 387 1076 438 τοῦ
1107 387 1236 436 Θεοῦ
1289 381 1375 435 καὶ
1419 381 1648 458 Πατρὸς,
1684 379 1820 436 οὕτω
1850 380 1935 434 καὶ

2028 399 2131 442 nec
2161 380 2276 440 alio
2311 380 2619 458 modo,qui
2655 380 2846 460 palam
2873 387 3198 459 aperteque
3224 376 3429 455 tradit,
3462 375 3680 456 nSpiri-

289 477 378 526 τοῦ
426 471 543 527 Υἱιῦ
585 469 704 527 κατ’
763 469 940 525 οὗσίαν
987 468 1147 534 ἐστὶν,
1207 469 1281 532 ὡς
1349 467 1409 524 ἐκ
1458 467 1551 524 τοῦ
1596 469 1799 545 Πατρὸς
1870 466 1937 523 δι’

290 560 409 618 Ποῦ
489 557 826 637 γεννηθέντος
913 557 1192 638 ἀφράστως
1263 556 1700 633 ὶκπορευόμενον,
1739 580 1766 612 ι
1842 558 1940 614 Καὶ

289 648 382 702 σῦν
425 651 567 721 αῦτῷ
623 645 782 703 πάλιν
827 647 887 702 τὸ
941 644 1128 702 λοιπὸν
1180 646 1424 719 σύστημα
1449 650 1554 700 τῶν
1578 647 1935 724 θεοφορήτων,

291 737 404 792 ὅσοι
464 735 629 811 μηδὲν
675 735 935 815 διαφέρειν
965 736 1025 791 τὸ
1073 763 1094 793 ι
1134 732 1186 799 ἐξ
1232 732 1354 791 Υἱοῦ
1387 754 1410 785 ι
1458 741 1534 808 τῷ
1585 758 1604 786 ι
1644 732 1710 790 δι’
1757 738 1877 793 ι’ἱοῦ
1909 758 1935 788 n

292 824 319 878 ὃ
378 822 657 903 διαρρήδην
726 823 1050 902 θεολογοῦσι,
1135 822 1223 877 καὶ
1278 823 1340 877 τὸ
1406 820 1786 895 ταυτοδύναμον
1843 823 1940 890 τῆς

293 911 354 968 ἐκ
406 915 494 969 καὶ
535 911 618 968 διὰ
663 911 1114 990 διηυκρινημένως
1159 907 1526 988 παραδιδόασι,
1591 913 1686 968 Καὶ
1745 909 1937 990 Κύριλ-

292 1001 382 1067 λος
428 1003 568 1068 αὖθις
613 1005 640 1059 ὁ
669 1007 812 1068 θεῖος
855 1002 992 1058 οὕτω
1041 999 1306 1080 διασαφῶν
1349 1000 1402 1056 ’έν
1444 1014 1563 1065 τοτς
1597 1002 1723 1080 πρὸς
1787 1001 1934 1058 Παλ-

292 1091 508 1150 λάδιονο
577 1115 600 1149 ε
650 1095 882 1170 Τρεπτὸν
939 1091 998 1148 οὕ
1053 1091 1134 1146 τοί
1183 1113 1283 1146 που
1343 1093 1400 1146 τὸ
1462 1090 1670 1164 Πνεῦμα
1701 1091 1865 1163 ἓσσιν,
1900 1091 1935 1159 ἢ

292 1181 445 1260 ε’.’περ
509 1183 570 1238 τὸ
637 1181 916 1260 τρέπεσθαι
973 1193 1144 1252 νοσεῖ,
1203 1177 1291 1235 ἔπ’
1355 1179 1515 1246 αῦτὴν
1560 1183 1586 1234 ί,
1620 1185 1807 1254 μῶμος
1839 1181 1938 1246 τὴν

291 1272 429 1327 θείαν
460 1270 837 1348 ἀναδραμεϊται
896 1270 1071 1348 φύσιν,
1135 1268 1302 1346 Εἴπερ
1353 1271 1464 1324 ἔστι
1524 1277 1616 1327 τοῦ
1673 1276 1803 1326 Θεοῦ
1859 1271 1945 1325 καὶ

295 1361 518 1438 Πατρὸς,
577 1363 665 1417 καὶ
707 1362 813 1436 μὴν
869 1360 959 1415 καὶ
1010 1365 1102 1414 τοῦ
1141 1359 1282 1424 Υἱοῦ,
1314 1359 1376 1412 τὸ
1421 1354 1668 1418 οιῦσιιῦδες
1722 1359 1775 1422 ἒξ
1832 1358 1942 1433 ἀμ-

295 1463 441 1529 φοῖν,
487 1448 648 1527 ἤγουν
695 1450 753 1506 ἐκ
811 1449 1012 1526 [ἰατρὸς
1070 1445 1138 1502 δι’
1184 1449 1302 1502 Υἱοῦ
1346 1447 1715 1526 προχεόμενον
1774 1450 1940 1503 Πνεῦ-

296 1561 392 1613 μα.
444 1561 468 1596 ι
535 1530 592 1596 Ὀ
652 1547 774 1617 γοῦν
831 1537 994 1594 ταῦτα
1048 1535 1303 1613 στέργων,
1349 1535 1624 1591 κάντεῦθεν
1675 1550 1792 1601 to“;
1845 1535 1941 1592 λέ-

295 1651 443 1705 γουσι
498 1629 631 1704 μετὰ
688 1633 818 1684 Θεοῦ
872 1625 1102 1692 ποιητὰς
1159 1624 1265 1679 τῶν
1303 1624 1591 1702 ἀνθρώπων
1637 1626 1777 1681 εἶναι
1821 1627 1940 1689 τοὺς

2022 478 2119 531 tus
2137 478 2376 530 sanctus
2398 469 2480 530 uti
2507 485 2714 530 natura
2755 469 3090 530 secundum
3119 466 3436 529 essentiam
3459 475 3548 526 est
3576 464 3682 526 Dei

2023 568 2079 620 et
2108 558 2319 636 Patris,
2357 559 2438 617 i'a
2469 566 2526 617 et
2562 557 2687 618 Filii
2721 558 3052 617 secundum
3093 556 3412 617 essentiam
3440 563 3682 616 esttan-

2023 667 2198 728 quam
2223 649 2324 728 qui
2350 668 2415 708 ex
2439 648 2607 709 Patre
2634 665 2738 726 per
2761 646 2971 709 Filium
3005 647 3267 724 genuum
3298 643 3679 705 ineﬂ'altiliter

2027 738 2297 816 procedit
2335 764 2360 791 ι»
2398 736 2750 816 Rursusque
2779 754 2913 795 cum
2943 735 3053 796 hoc
3079 734 3289 795 eodem
3315 735 3576 813 reliquus
3594 731 3681 794 di-

2024 826 2294 887 vinorum
2358 829 2592 888 Patrum
2648 836 2868 904 costus,
2923 833 3209 904 quotquot
3259 824 3405 883 nihil
3435 825 3588 884 inter
3613 840 3678 882 se

2023 915 2266 976 differre
2299 916 2398 975 illa
2436 941 2460 969 α
2497 934 2565 976 ex
2600 913 2772 982 Filio,
2815 939 2840 968 υ
2879 923 2934 973 et
2971 931 3113 993 «per
3145 912 3396 974 Filium»
3432 911 3671 986 docent,

2023 1011 2080 1063 et
2111 1004 2601 1083 praepositionum
2623 1021 2699 1063 ελ·
2736 1013 2790 1062 et
2817 1019 2924 1080 per
2953 999 3208 1080 aequales
3239 1001 3391 1060 vires
3407 999 3548 1058 satis
3577 996 3674 1057 di-

2021 1093 2239 1153 stincte
2273 1093 2531 1152 tradunt.
2587 1095 2831 1152 Necnon
2886 1089 3120 1150 divinus
3169 1107 3374 1148 rursus
3401 1087 3674 1166 Cyrillus,

2023 1183 2120 1261 qui
2144 1186 2200 1240 in
2227 1182 2467 1258 scriptis
2490 1181 2562 1240 ad
2589 1179 3052 1240 Palladiumrem
3079 1177 3157 1238 ita
3180 1178 3310 1255 expl
3336 1188 3483 1237 :nat:
3513 1171 3674 1236 «Μιιῖ

2031 1270 2225 1331 tabilis
2258 1271 2416 1329 nullo
2464 1270 2637 1328 modo
2670 1267 2927 1346 Spiritus
2964 1275 3085 1341 est,
3121 1266 3334 1346 quodsi
3361 1262 3674 1324 mutationi

2027 1359 2317 1421 obnoxius
2367 1369 2476 1424 est,
2541 1358 2611 1416 ad
2681 1357 2865 1435 ipsam
2926 1353 3183 1416 divinam
3219 1362 3484 1414 naturam
3515 1353 3670 1412 vitu-

2029 1448 2258 1527 peratio
2315 1457 2603 1508 recurret.
2667 1445 2728 1506 Si
2790 1457 2880 1504 est
2931 1443 3034 1506 Dei
3063 1452 3119 1505 et
3151 1443 3335 1504 l‘atris
3367 1452 3423 1503 et
3455 1451 3670 1522 praete-

2024 1555 2126 1597 rea
2161 1535 2662 1609 Filii,esseutialis
2680 1553 2745 1594 ex
2771 1549 3023 1613 utroque
3049 1552 3119 1594 ex
3142 1531 3310 1593 Patre
3333 1551 3544 1610 nempe
3569 1548 3671 1611 per

2025 1623 2236 1685 Filium
2273 1626 2494 1686 etl'usus
2522 1622 2834 1704 Spiritus»
2862 1622 2972 1694 Qui
2992 1622 3187 1702 itaque
3210 1623 3332 1682 haec
3355 1619 3672 1700 amplecti-

295 1715 549 1794 ἀγγέλους
607 1714 1026 1791 ἐξομοιούμενος,
1107 1719 1222 1776 πῶς
1280 1717 1382 1792 οὔχ
1437 1715 1705 1788 αἱρήσεται
1781 1738 1938 1770 συνυ-

2028 1723 2119 1776 tur
2141 1716 2398 1795 indeque
2424 1714 2831 1775 asserentibus
2852 1734 2984 1774 cum
3013 1715 3131 1773 Deo
3155 1721 3454 1774 creatores
3475 1712 3674 1770 homi-

293 1803 547 1884 ϐρίζεσθαι
606 1819 723 1868 τοῖς
766 1804 967 1883 καθαρὰ
1021 1801 1218 1881 δοχετα
1273 1809 1362 1858 τοῦ
1423 1803 1724 1877 Πνεύματος
1796 1804 1938 1858 εἶναι

293 1894 465 1950 θεόθεν
509 1893 876 1974 ἀποφανθεῖσι,
934 1892 1022 1947 καὶ
1077 1897 1228 1946 τοῦτο
1287 1891 1545 1964 σύνοικον,
1591 1893 1676 1947 καὶ
1714 1889 1779 1947 δι’
1839 1892 1937 1947 αὒ-

293 1987 398 2038 τιῦν
444 1985 799 2063 φθεγγόμενον
857 1979 1128 2059 ἕχουσινς
1197 1977 1347 2034 Ἀλλ’
1423 1981 1662 2055 εἶιμενεῒς
1721 1981 1834 2035 εἶεν
1892 1983 1938 2036 οἱ

292 2072 606 2146 θεομίμητοι
646 2089 659 2103 ⁶
695 2072 753 2127 οὺ
795 2071 894 2149 γὰρ
924 2067 1012 2148 ἀφ’
1045 2071 1225 2142 ἡμῶν.

2023 1824 2162 1865 num
2199 1805 2442 1881 angelos
2471 1822 2605 1866 e~se
2632 1813 3079 1882 comparat,qua
3103 1802 3336 1863 ratione
3360 1819 3476 1861 non
3495 1799 3676 1878 eliget

2022 1894 2197 1953 simul
2232 1912 2342 1954 uua
2368 1912 2498 1953 cum
2549 1894 2618 1952 iis
2651 1891 2750 1971 qui
2780 1909 2922 1968 pura
2955 1889 3208 1969 Spiritus
3237 1897 3608 1968 receptacua
3639 1908 3670 1948 a

2021 1980 2143 2042 Deo
2167 1982 2450 2042 declarati
2477 1988 2634 2059 sunt,
2670 1991 2725 2040 et
2774 1980 2941 2039 illum
2982 1979 3093 2040 sibi
3117 1978 3581 2050 cohabitanteiu,
3614 1984 3672 2036 et

2024 2089 2130 2150 per
2149 2071 2556 2151 seipsosillum
2580 2067 3030 2130 denuntiantem
3053 2067 3665 2148 possident,injuriam

294 2159 576 2259 perpeti?
606 2158 724 2222 Sed
757 2158 997 2240 propitii
1032 2155 1203 2218 nobis
1229 2154 1349 2216 sint
1377 2153 1484 2215 Dei
1517 2154 1886 2259 imitatores;
1913 2176 2104 2238 neque
2136 2162 2293 2220 enim
2337 2179 2370 2219 a
2395 2159 2564 2220 nobis
2585 2158 2803 2218 similia
2839 2157 3243 2232 proferuntur.

372 2243 486 2329 κγ’.
551 2250 700 2317 Πλὴν
746 2252 772 2306 ὂ
803 2250 897 2310 τὰς
945 2247 1229 2323 ὁμοιώσεις
1289 2244 1426 2301 οὕτω
1481 2243 1941 2326 καλλιγραφτςσας,

292 2341 473 2396 καὶτὰ
529 2345 628 2406 τῆς
686 2338 908 2399 κτίσεως
972 2336 1110 2392 οὕτω
1159 2336 1406 2412 παραθεὶς
1452 2332 1569 2408 μετ’
1598 2335 1760 2401 etot-ﬁt;
1802 2357 1822 2386 ι
1856 2337 1945 2391 εἷ’-

291 2451 388 2508 περ
421 2427 636 2507 ἄγγελοί
677 2449 734 2484 τε
765 2428 850 2482 καὶ
891 2425 1178 2504 ἂνθρωποι,
1227 2447 1248 2475 ι
1287 2424 1374 2479 καὶ
1441 2421 1588 2498 μόνῳ
1644 2431 1722 2497 τῲ
1779 2427 1944 2504 Πατρὶ

293 2515 652 2596 προϐλητικὸν
709 2516 958 2596 ἀφορίσας
1016 2513 1223 2569 οἴκοθεν
1255 2515 1328 2574 είς
1373 2510 1586 2591 ἰδίωμα,
1620 2514 1668 2568 τί
1698 2515 1814 2592 περὶ
1845 2519 1943 2581 τῆς

292 2608 511 2670 κτίσεως
565 2607 676 2683 ἐρεῖ
753 2606 883 2682 πρὸς
935 2603 968 2659 ἃ
1024 2624 1183 2683 φησιν
1215 2604 1242 2658 ὁ
1301 2599 1624 2679 μεγαλόνους
1676 2601 1944 2669 Βασίλειος

293 2697 348 2752 iv
377 2708 494 2757 τοῖς
539 2697 669 2773 πρὸς
720 2691 1076 2773 Ἀμφιλόχιον
1109 2690 1246 2747 οὕτω
1274 2688 1477 2756 διεξιών
1511 2710 1525 2724 ⁶
1565 2713 1592 2744 α
1631 2694 1727 2749 Καὶ
1757 2690 1942 2766 μηδεὶς

294 2782 481 2839 οἰέσθω
530 2803 596 2857 με
653 2794 798 2861 τρεῖς
855 2781 998 2838 εἶναι
1043 2777 1216 2857 λέγειν
1267 2779 1492 2857 ἀρχικὰς
1539 2779 1874 2851 ὑποστάσεις,
1907 2780 1944 2848 ἢ

295 2869 461 2936 ἀτελῆ
516 2870 735 2950 φάσκειν
775 2879 868 2928 τοῦ
925 2870 1046 2926 Υίοῦ
1101 2878 1199 2934 τὴν
1276 2867 1561 2945 ἐνέργειαν,
1607 2868 1785 2947 Ἀρχῆ
1843 2867 1941 2947 γὰρ

293 2964 400 3016 τῶν
427 2957 596 3014 ὅντων
625 2957 742 3033 μία,
785 2955 868 3013 διὰ
897 2959 1020 3016 Υἱοῦ
1069 2955 1374 3034 ἒνεργοῦσα,
1430 2956 1517 3012 καὶ
1571 2957 1844 3012 τελειοῦσα
1887 2957 1941 3014 ἓν

298 3046 562 3122 Πνεύματι
598 3065 611 3078 ⁸
652 3073 678 3106 ι
739 3047 826 3102 καὶ
877 3045 1034 3102 πάλιν
1090 3044 1146 3100 ἒν
1187 3050 1264 3118 τῷ
1304 3045 1703 3123 ὕπαγορευθέντι
1735 3043 1822 3102 ὑπ’
1855 3047 1942 3103 a6-

295 3141 387 3191 τοῦ
442 3135 744 3214 ἀντιγράφω
823 3134 920 3202 τῆς
992 3133 1217 3197 πίστεως
1249 3149 1263 3163 ⁸
1319 3153 1342 3187 α
1375 3131 1510 3189 "Eva:
1565 3133 1664 3211 γὰρ
1721 3131 1942 3210 οἴδαμεν

2108 2251 2208 2311 93.
2234 2249 2632 2310 Nihiiominus
2655 2247 2754 2328 qui
2780 2246 3198 2309 similitudines
3220 2262 3510 2306 concinne
3527 2243 3668 2305 scri-

2036 2347 2132 2417 pto
2158 2339 2421 2412 tratlit,et
2466 2357 2561 2399 res
2585 2337 2902 2398 cxcationis
2928 2337 3006 2396 ita
3027 2335 3288 2415 exponit,
3317 2359 3338 2390 ιι
3377 2335 3438 2395 Si
3471 2332 3667 2412 at‘geli

2033 2446 2266 2508 quoque
2285 2441 2340 2488 et
2381 2426 2680 2505 homines,
2721 2450 2740 2478 ι
2767 2426 2952 2486 etsoli
2983 2424 3137 2486 l’atri
3159 2423 3489 2484 facultatem
3527 2443 3668 2498 pro-

2027 2516 2325 2577 ductivam
2353 2519 2408 2576 in
2437 2515 2852 2595 proprietatem
2886 2533 2952 2574 ex
2987 2513 3240 2593 propriis
3258 2512 3492 2592 astruit,
3526 2511 3667 2591 quid

2027 2604 2102 2665 de
2125 2606 2428 2666 creatione
2450 2604 2707 2676 dicet,ad
2733 2623 2799 2664 ea
2821 2621 2950 2683 quae
2971 2613 3131 2664 recte
3165 2620 3408 2680 magnus
3427 2619 3668 2679 magna-

2027 2712 2142 2774 que
2163 2703 2362 2756 mente
2387 2695 2667 2774 praaditus
2701 2693 2952 2754 Basilius
2979 2692 3048 2753 ad
3081 2690 3566 2770 Amphilochium
3591 2689 3670 2750 ita

2027 2801 2312 2844 enarrans
2341 2783 2590 2844 scribit?
2628 2807 2647 2836 «ι
2690 2785 2758 2844 Et
2789 2801 2964 2842 nemo
3001 2784 3276 2861 opinetur
3306 2799 3398 2841 me
3422 2790 3540 2841 tres
3568 2797 3666 2840 as-

2027 2889 2230 2932 serere
2279 2871 2639 2952 principales
2688 2871 3057 2951 hypostases,
3118 2871 3206 2931 vel
3259 2871 3666 2950 imperfectam

2023 2959 2321 3022 afﬁrmare
2339 2961 2467 3023 Filii
2485 2959 3278 3039 operationem:principium
3295 2962 3450 3020 enim
3465 2976 3667 3018 rerum

2025 3067 2209 3110 unum
2235 3059 2345 3122 est,
2372 3068 2478 3130 per
2502 3048 2714 3110 Filium
2739 3066 3015 3128 operans,
3041 3047 3428 3128 etperficiens
3447 3047 3508 3108 in
3530 3047 3665 3128 Spi-

2026 3137 2210 3199 ritu.»
2269 3137 2614 3218 Rursusque
2661 3137 2720 3198 in
2781 3136 3146 3217 Antigraplio
3205 3136 3340 3198 iidci
3370 3134 3444 3197 ab
3475 3153 3538 3197 se
3569 3136 3665 3196 di-

299 3223 586 3300 ἀγέννητον
642 3223 731 3280 καὶ
801 3222 926 3298 μίαν
978 3227 1082 3278 τῶν
1139 3219 1304 3277 ὅντων
1361 3220 1536 3301 ἀρχὴν
1579 3221 1668 3278 τὸν
1736 3222 1942 3302 Πατέρα

2028 3234 2209 3304 ctato,
2238 3225 2460 3290 «Unum
2505 3227 2661 3287 enim
2713 3226 2984 3287 novimus
3011 3219 3363 3304 ingerlitum,
3398 3236 3460 3286 et
3485 3243 3668 3286 unum

297 3319 389 3368 τοῦ
448 3313 633 3391 Κυρίου
717 3313 872 3388 ἡμῶν
955 3310 1130 3378 Ἰησοῦ
1209 3317 1455 3388 Χριστοῦ,
1502 3329 1532 3370 )
1586 3311 1828 3382 ἄθετήσει
1883 3311 1950 3368 δι’

303 3400 424 3456 ι’ἱοῦ
477 3399 824 3479 δημιουργεῖν
888 3401 979 3457 τὸν
1041 3398 1269 3473 Πατέρα,
1331 3402 1420 3456 καὶ
1475 3399 1526 3466 ἒξ
1583 3403 1739 3457 αὑτοῦ
1807 3429 1830 3460 σ
1882 3399 1949 3456 δι’

302 3491 422 3545 Υίοῦ
473 3491 539 3545 τὰ
589 3490 762 3547 πάντα
787 3489 1025 3568 γενέσθαι
1055 3507 1084 3548 )
1120 3489 1256 3546 κατὰ
1284 3489 1382 3556 τὴν
1412 3488 1764 3568 εὖαγγελικὴν
1791 3491 1949 3570 βρον-

298 3578 540 3658 τόιρωνον
590 3577 953 3658 ἀνακήρυξιν,
1007 3574 1189 3644 ἐπειδὴ
1219 3578 1296 3653 μὴ
1339 3591 1483 3657 τρεῖς
1527 3579 1757 3659 ἀρχικὰς
1813 3581 1946 3636 ὑπο-

298 3668 510 3732 στάσεις
565 3667 709 3724 εἷναι
778 3665 1030 3744 διδάσκει,
1092 3664 1230 3722 ἀλλὰ
1283 3669 1375 3724 τὸν
1421 3667 1625 3746 Πατέρα
1675 3667 1800 3742 μίαν
1841 3671 1949 3724 τῶν

300 3754 466 3813 ὅντων
523 3756 703 3837 ἀρχὴν
737 3778 752 3792 ο
785 3757 822 3825 ἢ
863 3768 980 3818 τοῖς
1012 3756 1234 3834 ἑκάτερα
1277 3763 1574 3836 φρονοῦσιν,
1636 3758 1710 3820 ὡς
1741 3755 1955 3836 εἴρηται

298 3850 376 3918 τῷ
406 3845 649 3926 μεγάλῳ,
681 3846 965 3913 ποιητικὰς
1014 3850 1278 3923 προσάψει
1334 3845 1724 3925 παρομοιώσεις
1782 3845 1954 3921 λέγειν

301 3933 615 4013 ἀγγελικάς.
647 3931 797 3992 Ἀλλ’
841 3935 1021 4012 οὗτος,
1050 3935 1085 4001 ἡ
1117 3933 1420 4014 φερώνυμος
1476 3934 1642 3999 ὅντως
1685 3939 1790 3991 τῶν
1822 3933 1952 4007 δογ-

301 4023 484 4098 μάτων
513 4027 611 4090 τῆς
642 4021 914 4102 ἀληθείας,
951 4022 1102 4099 βάσις
1145 4022 1242 4090 τὴν
1291 4023 1574 4080 κακόνοιαν
1604 4029 1708 4080 τῶν
1739 4026 1952 4080 τοιαῦτα

311 4109 722 4191 προσεπιτρίϐειν
821 4111 1053 4168 ἐντεῦθεν
1137 4111 1564 4190 προαιρουμένων
1655 4110 1950 4190 ἀποῤῥαπί-

297 4206 432 4273 ζων,
487 4201 578 4257 καὶ
630 4202 722 4256 τὸν
764 4199 879 4256 καθ’
911 4202 971 4256 ὃν
1019 4199 1237 4277 ἒκάτερα
1280 4199 1439 4278 λόγον
1471 4198 1804 4278 παραδιδοὺς,
1835 4202 1952 4279 περὶ

299 4289 372 4344 τὰ
413 4287 540 4356 τέλη
593 4296 690 4346 τοῦ
740 4286 982 4368 δευτέρου
1009 4289 1116 4344 τῶν
1143 4288 1262 4344 κατ’
1293 4289 1546 4364 Εὖνομίου
1575 4288 1752 4367 λόγων
1795 4291 1953 4346 αὐτοῦ

300 4375 538 4443 διέξεισιν
594 4379 806 4454 οὒτωσὶ,
859 4406 882 4439 σ
942 4380 1013 4436 Τὸ
1099 4378 1242 4456 παρὰ
1297 4385 1388 4434 τοῦ
1450 4381 1570 4435 Υἱοῦ
1637 4382 1949 4457 γεγενῆσθαι

301 4466 592 4548 λεγόμενον
647 4471 779 4548 πρὸς
848 4470 945 4538 τὴν
1009 4467 1226 4548 πρώτην
1282 4468 1448 4526 αἰτίαν
1509 4470 1607 4537 τὴν
1690 4469 1952 4549 ἀναφορὰν

303 4557 449 4636 ἔχει,
509 4557 647 4616 ὥστε
697 4556 797 4614 κᾶν
840 4558 1012 4614 πάντα
1051 4558 1125 4621 εἷς
1168 4558 1229 4612 τὸ
1271 4558 1414 4614 εἶναι
1442 4561 1720 4638 παρῆχθαι
1750 4555 1835 4614 διὰ
1863 4565 1954 4615 τοῦ

2034 3333 2234 3376 rerum
2299 3315 2653 3396 principium
2715 3314 2945 3376 Patrem
3005 3315 3239 3375 Domini
3291 3315 3474 3374 nostri
3531 3317 3670 3376 Jesu

2034 3403 2301 3477 Christi,-
2328 3404 2670 3484 reprohabtt
2693 3423 2798 3485 per
2817 3403 3030 3466 Filium
3061 3407 3290 3466 l'atrem
3313 3406 3594 3478 condere,
3622 3412 3681 3465 et

2035 3511 2104 3554 ex
2126 3493 2256 3573 ipso
2288 3518 2316 3550 α
2341 3513 2446 3574 per
2464 3494 2672 3556 Filium
2702 3493 2977 3554 universa
3001 3493 3153 3555 facta
3171 3493 3374 3568 fuisse,
3402 3515 3424 3544 ι
3459 3512 3678 3555 secun-

2033 3582 2174 3643 dum
2224 3582 2622 3662 evangelicam
2655 3581 2842 3643 instar
2873 3583 3113 3644 tonitrui
3144 3582 3626 3663 praedicationem
3650 3581 3681 3641 ?

2033 3672 2189 3751 quod
2213 3681 2331 3734 tres
2371 3672 2727 3752 principales
2755 3673 3102 3753 liypostases
3135 3691 3250 3732 non
3284 3691 3414 3733 esse
3445 3672 3678 3753 doceat,

2036 3761 2142 3822 sed
2165 3760 2396 3822 Patrem
2422 3781 2604 3822 unum
2630 3779 2828 3823 rerum
2857 3762 3120 3822 omnium
3151 3761 3683 3842 principium,i|lis—

2039 3868 2114 3911 ne
2143 3850 2242 3930 qui
2294 3851 2558 3931 utrisque
2615 3869 2924 3911 assensum
2981 3849 3267 3928 praebent,
3302 3860 3426 3911 uta
3473 3870 3681 3929 magno

2037 3941 2437 4002 enuntiantur.
2466 3941 2890 4002 similitudines
2913 3939 3233 4002 creatrices
3262 3940 3681 4020 angeiicasap-

2037 4028 2238 4108 pinget
2266 4029 2488 4092 effari?
2533 4027 2960 4091 Verumtamen
3001 4029 3096 4091 ltic
3131 4031 3376 4091 nomine
3405 4048 3511 4090 suo
3543 4048 3684 4091 vere

2036 4117 2372 4196 dogmatum
2389 4119 2648 4180 veritatis
2673 4118 2857 4180 basim
2873 4138 2940 4180 ex
2950 4119 3679 4199 primeus,improbitatem

2032 4223 2238 4267 eorum
2266 4209 2365 4287 qui
2390 4206 2606 4269 similia
2631 4209 2768 4269 inde
2795 4210 2855 4269 in
2871 4208 3018 4269 alios
3033 4207 3677 4286 c0njiciunt,ret'utans,

2032 4303 2091 4356 et
2111 4295 2548 4376 rationem,qua
2570 4305 2816 4378 utraque
2841 4297 3230 4376 intelligenda
3253 4305 3407 4366 sunt,
3442 4295 3683 4357 tradens

2032 4383 2092 4445 in
2123 4383 2242 4444 ﬁne
2275 4385 2524 4447 secundi
2582 4386 2864 4448 adversus
2894 4386 3247 4448 Eunomium
3277 4384 3412 4446 libri
3434 4386 3592 4446 hunc
3620 4385 3682 4446 in

2036 4473 2276 4534 modum
2303 4473 2619 4538 edisserit:
2655 4476 2860 4550 «Quod
2891 4493 2924 4536 a
2942 4474 3092 4538 Filio
3123 4475 3333 4536 factum
3357 4492 3679 4536 esseasse-

2033 4562 2284 4635 ritur,ad
2310 4565 2561 4643 primam
2589 4583 2824 4626 causam
2851 4565 3025 4627 habet
3047 4562 3426 4643 relationem,
3445 4561 3594 4624 adeo
3619 4571 3683 4624 ut

303 4653 435 4704 Θεοῦ
491 4647 663 4726 Λόγου
705 4648 1044 4726 πιστεύιμεν,
1087 4643 1223 4703 ἀλλᾶ
1278 4651 1384 4702 τῶν
1439 4647 1652 4704 πάντων
1699 4648 1789 4704 τὸν
1821 4648 1943 4703 Θεὸν

2033 4651 2175 4714 licet
2203 4653 2482 4715 universa
2532 4654 2819 4734 producta
2865 4674 2998 4718 esse
3051 4672 3158 4735 per
3202 4656 3386 4717 Deum
3421 4651 3682 4714 Verbum

302 4733 480 4792 αἴτιον
521 4737 664 4793 εἶναι
720 4743 828 4793 τῶν
885 4733 1024 4792 ὅλων
1084 4738 1180 4794 οῦκ
1252 4734 1630 4816 ἀφαιρούμεθα,
1678 4759 1707 4792 ι
1771 4736 1943 4794 Καίτοι

2035 4741 2486 4823 credamus,sed
2513 4719 2779 4807 omnium
2796 4743 2980 4808 Deum
3005 4719 3418 4806 universorum
3444 4760 3684 4804 causam

301 4823 391 4913 καὶ
443 4825 504 4882 τὸ
576 4825 738 4913 μόνος
822 4826 866 4882 εἶ
949 4823 1268 4903 λελεγμένον
1331 4825 1418 4882 ἰπὶ
1500 4832 1590 4882 τοῦ
1664 4821 1943 4903 προϐολεῦς

2036 4848 2170 4893 esse
2191 4850 2309 4893 non
2333 4821 2731 4897 ihticiamur.»
2769 4835 2840 4897 Et
2881 4833 3022 4895 licet
3043 4833 3117 4893 de
3149 4832 3508 4913 productore
3540 4829 3686 4892 illud

301 4911 568 4993 ὑπῆρχεν,
627 4912 730 4971 ἴδει
785 4916 852 4972 τὸ.
916 4921 1024 4972 τῶν
1083 4915 1330 4995 Πατέρων
1390 4913 1652 4990 ἀξετάσαι,
1695 4916 1784 4972 καὶ
1834 4917 1943 4971 ἀνι-

2035 4919 2200 4983 solus
2229 4921 2826 5004 al'iirmaretur,erant
2857 4925 3095 4986 Patrum
3119 4911 3275 4984 dicta
3297 4920 3690 4983 examinanda

303 5008 556 5080 χνεῦσαι,
632 5003 726 5059 καί
782 5006 857 5068 ὡς
927 5003 1107 5083 ἰρῤέθη
1167 5009 1435 5072 σιωπῆσαι
1477 5005 1566 5062 καὶ
1607 5001 1834 5060 συνιδεῖν
1902 5002 1943 5069 ἐξ

2036 5016 2214 5090 atque
2241 5001 2670 5090 investiganda,
2703 5021 2782 5084 et,
2816 5022 2877 5075 ut
2905 5011 3127 5074 dictum
3159 5021 3272 5091 est,
3293 5009 3685 5072 consideran-

302 5093 498 5182 ctiittiiv,
578 5091 666 5148 καὶ
720 5094 825 5182 Δμὴ
864 5181 869 5182 ν
915 5091 1328 5182 παρατιθέμενον
1402 5094 1495 5150 τὸν
1580 5091 1943 5182 διειλημμένοι

2044 5096 2183 5158 dum
2203 5106 2339 5162 etex
2352 5099 2470 5161 illis
2481 5106 2639 5180 perci
2651 5101 3022 5182 piendum,et
3037 5120 3152 5162 non
3171 5119 3275 5180 pro
3292 5097 3687 5162 nihilohabito

300 5176 461 5270 λόγον
516 5186 610 5270 τοῦ
644 5268 652 5270 λ
685 5179 1091 5270 οὗρανόφρονος,
1147 5181 1431 5258 πολεμίους
1502 5185 1636 5262 πρὸς
1693 5181 1943 5254 ἀλλήλους

2042 5186 2298 5249 adducto
2318 5176 2544 5250 caelesti
2569 5176 2768 5251 mente
2792 5189 3022 5270 praediti
3045 5190 3155 5252 viri
3171 5176 3456 5252 sermone
3487 5196 3687 5249 mutuo

299 5267 389 5323 καὶ
445 5269 577 5348 πρὸς
636 5268 850 5334 ἑαυτοὺς
910 5269 1176 5329 δεικνύναι
1234 5271 1356 5335 τοὺς
1417 5272 1706 5351 θεηγόρους
1761 5273 1835 5334 ὡς
1889 5271 1943 5327 τε

2042 5275 2203 5338 inter
2225 5295 2356 5339 sese
2378 5277 2492 5339 sibi
2508 5267 2807 5341 adversari
2830 5278 3230 5361 diviniloquos
3253 5277 3685 5352 ostendendos,

299 5361 446 5436 σφῶν
493 5354 794 5448 Δθεολογικά
849 5362 1044 5438 γνήσια
1099 5359 1204 5429 ἔπη
1287 5359 1372 5416 διὰ
1421 5366 1528 5417 τῶν
1585 5359 1850 5440 σφετέρων
1894 5359 1943 5448 έν

2043 5373 2102 5428 et
2125 5383 2334 5427 eorum
2361 5368 2689 5448 theologica
2709 5387 2775 5430 ac
2807 5369 3064 5448 genuina
3089 5354 3267 5444 dicta,
3292 5368 3423 5430 aliis
3453 5367 3575 5430 suis
3599 5367 3694 5428 di-

293 5453 388 5501 τοῦ
442 5445 521 5522 μὴ
565 5451 783 5538 συνορᾷν
839 5449 1171 5528 ἀνατρέπειν,
1244 5452 1332 5508 καὶ
1372 5450 1495 5528 περὶ
1550 5449 1651 5518 τῆς
1691 5447 1943 5538 ὶκπορεύ-

2047 5453 2181 5532 ctis,
2204 5453 2360 5535 quod
2377 5473 2505 5517 rem
2531 5445 2652 5519 non
2678 5445 3037 5538 perciperet,
3064 5458 3416 5521 reiellenda:
3441 5457 3526 5519 sic
3549 5457 3689 5518 item

289 5553 425 5600 σεως
467 5541 560 5593 τοῦ
613 5534 945 5618 Πνεύνματος
1003 5546 1104 5612 τὴν
1162 5538 1261 5615 μὶν
1316 5538 1582 5619 ἀπόῳασιν
1639 5538 1804 5607 αὐτῆς
1881 5536 1943 5593 ἔτι

2054 5541 2129 5604 de
2151 5532 2542 5624 processione
2568 5532 2822 5626 Spiritus
2850 5532 2971 5608 ium
3004 5567 3234 5630 aquom
3261 5548 3423 5622 facit,
3446 5565 3582 5610 cum
3611 5545 3689 5609 il-
