4206 6292
501 281 657 350 1383

1762 280 2076 350 GEORGII
2120 279 2593 347 METTCHITE

3709 235 3865 350 4384

500 416 615 478 lius
665 419 1040 494 negationem
1086 419 1161 480 de
1215 419 1387 499 Filio,
1441 439 1611 501 quam
1671 419 1866 480 nullus
1895 437 1963 480 ex
1993 414 2123 496 ipsi:

2220 421 2312 472 τοῦ
2368 420 2508 498 Υἱοῦ,
2561 419 2627 486 ἢν
2675 415 2838 484 οὒδεὶς
2897 421 3070 475 αὒτῶν
3112 418 3328 498 εὕρηται
3391 419 3551 498 φάναι
3616 441 3718 476 που
3772 441 3864 476 το-

497 525 736 586 prorsus
768 511 1062 588 reperitur
1092 509 1441 581 affirmasse,
1483 509 1837 569 conﬁrmare
1870 518 2145 586 conatur,

494 597 969 664 afﬁrmationem,
1006 616 1180 676 quam
1226 597 1338 676 ipsi
1373 597 1569 658 verbis
1599 597 2135 676 zequipollentibus,

495 684 773 767 idemque
803 686 1272 764 signiﬁcantibus
1305 686 1493 766 palam
1527 687 1901 759 confirmant,
1928 685 2135 746 erimi-

497 783 689 843 natur,
724 783 781 836 et
812 775 1095 836 adversus
1118 793 1220 835 eos
1250 777 1346 854 qui
1382 796 1512 836 eam
1537 775 2137 849 asseverant,incom-

494 871 620 942 ptas
643 863 1065 923 similitut‘lines
1085 864 1458 945 conﬁngit,i-t
1491 863 1745 925 infausta
1774 863 2133 945 obloquitur,

491 969 620 1030 quae
649 960 874 1032 aperte,
908 961 970 1012 ut
1021 962 1328 1013 ostensum
1365 964 1473 1032 est,
1509 953 1578 1012 ad
1614 951 2007 1033 diviniloquos
2040 955 2134 1014 di-

491 1040 785 1118 riguntur.

569 1128 1116 1190 ‘24.Attcndendnm
1133 1127 1204 1188 ab
1228 1127 1342 1188 illis
1369 1147 1540 1208 porro
1559 1130 1771 1209 cst,qui
1799 1144 1922 1209 post
1951 1133 2132 1193 [leum

490 1217 868 1277 Servatorum
889 1217 1043 1277 dicta
1071 1237 1185 1276 non
1203 1217 1521 1277 admodum
1547 1220 2135 1299 mstimant,proxime

488 1307 816 1386 appositum
851 1305 1071 1366 dictum
1111 1305 1306 1384 magni
1333 1307 1590 1366 nominis
1625 1307 2133 1387 Patris,quomodo

491 1403 702 1474 praeter
767 1394 823 1454 id
878 1394 1031 1474 quod
1089 1395 1456 1462 decreverat,
1497 1418 1515 1444 ο
1553 1413 1584 1454 a
1641 1393 1789 1456 Filio
1820 1397 2032 1456 factum
2061 1399 2132 1458 ad

2221 505 2472 583 παράπαν
2526 507 2833 572 ἆσυστάτως
2893 514 3137 579 συνιστᾷν
3185 509 3609 586 κατεπείγεσθαι,
3669 507 3769 574 τὴν
3815 505 3869 562 δὲ

2221 591 2534 672 κατάφασιν,
2585 594 2652 663 ἢν
2706 597 2852 653 αὐτοὶ
2899 592 2967 652 δι’
3012 598 3311 667 ὁμοσοενῶν
3341 597 3431 652 καὶ
3497 595 3872 670 ταυτοσημάν-

2220 703 2326 736 των
2393 683 2648 760 ῥημάτων
2706 683 2954 762 ἐμφανῶς
3037 689 3344 758 συνιστῶσι,
3403 680 3727 758 διαϐάλλειν,
3785 684 3871 739 καὶ

2219 769 2357 824 κατὰ
2412 776 2518 825 τῶν
2559 769 2823 848 λεγόντων
2902 771 3189 834 ἆνοικείους
3248 771 3638 849 παρομοιῴσεις
3693 767 3866 826 πλάτ-

2218 878 2348 936 τειν,
2407 859 2494 913 καὶ
2551 857 2812 938 ἂπόφημα
2867 859 3108 936 φάσκειν,
3169 859 3202 912 ἂ
3258 857 3558 938 προδήλως,
3590 861 3664 922 ὡς
3706 855 3864 914 δέδει-

2217 967 2360 1020 κται,
2406 949 2537 1024 πρὸς
2567 949 2688 1013 τοὺς
2715 947 3067 1026 θεοῤῥήμονας
3101 946 3455 1010 ἀποτείνεται,

2295 1121 2358 1179 κδ
2369 1113 2397 1182 ’.
2434 1123 2869 1204 Προσεσχηκὲναι
2940 1123 2994 1180 δὲ
3023 1125 3135 1204 χρὴ
3163 1125 3286 1188 τοὺς
3315 1124 3457 1202 παρὰ
3486 1122 3682 1204 φαῦλον
3726 1122 3860 1180 οὕτω

2215 1213 2557 1288 ποιουμένους
2616 1217 2682 1272 τα
2739 1217 2844 1270 τῶν
2876 1216 3010 1290 μετὰ
3041 1217 3170 1269 Θεὸν
3202 1215 3458 1293 σωτήρων
3583 1219 3859 1294 προσεχῶς

2215 1301 2418 1379 τεθείσῃ
2478 1305 2627 1382 ῥήσει
2685 1313 2777 1362 τοῦ
2823 1302 3210 1382 μεγαλωνύμου
3280 1306 3510 1383 Πατρὸς,
3563 1302 3708 1370 ὅπως
3769 1302 3864 1382 ἄρα

2215 1393 2344 1468 πρὸς
2399 1393 2461 1447 τὸ
2504 1392 2820 1470 ΘεοΚογῆσαι
2864 1396 2924 1448 τὸ
2973 1414 2997 1448 α
3061 1395 3203 1471 παρὰ
3250 1403 3344 1450 τοῦ
3390 1395 3510 1450 ι’ἱοῦ
3551 1392 3859 1471 γεγενῆσθαι

492 1485 740 1560 primam
799 1501 1035 1543 causam
1091 1480 1324 1542 Patrem
1375 1482 1718 1543 relationem
1756 1485 1974 1546 habere
2010 1511 2034 1540 ιο
2071 1487 2123 1547 in

2213 1481 2308 1546 τὴν
2363 1479 2628 1560 ἀναφορὰν
2687 1479 2835 1560 ἔχειν
2913 1481 3046 1558 πρὸς
3121 1481 3219 1547 τὴν
3287 1481 3503 1555 πρώτην
3564 1481 3732 1536 αἰτίαν
3776 1481 3864 1535 τὸν

487 1590 601 1650 qun
637 1571 974 1648 ubicunque
1015 1570 1177 1630 solus
1208 1570 1280 1630 de
1313 1571 1463 1650 ipso,
1501 1580 1556 1630 et
1586 1589 1799 1645 manui,
1835 1574 1916 1633 uti
1950 1575 2042 1635 hic
2075 1584 2123 1635 el

2215 1567 2444 1647 Πατέρα,
2482 1592 2509 1625 ι
2545 1567 2660 1626 καθ’
2709 1573 2776 1636 ἢν
2827 1568 3155 1638 ὁπουδήποτε
3209 1569 3270 1624 τὸ
3321 1569 3482 1644 μόνος
3540 1567 3622 1626 ἐπ’
3683 1571 3860 1646 αὺτοῦ,

486 1659 732 1738 reliquis
763 1658 895 1718 aliis
931 1662 1053 1718 suis
1076 1659 1252 1719 dictis
1282 1661 1617 1738 conﬁrmat,
1639 1659 1942 1721 ambarum
1973 1681 2123 1742 prte-

2209 1658 2298 1712 καὶ
2342 1660 2400 1713 τὸ
2453 1659 2570 1733 μία,
2614 1659 2787 1720 καθὼς
2841 1659 3060 1727 ἐνταῦθα
3113 1660 3203 1715 καὶ
3273 1656 3492 1722 λοιπαῖς
3564 1658 3618 1713 iv
3661 1658 3861 1736 i1épztc

489 1748 842 1825 positionum
904 1747 1313 1807 indiﬂ'erentes
1375 1749 1527 1808 vires
1559 1749 1944 1826 signiﬁcasse.
1981 1750 2123 1812 Cum

2212 1747 2368 1801 αὐτοῦ
2409 1748 2692 1820 παρίστησι
2748 1749 2956 1826 ῥήσεσι,
3021 1748 3108 1802 καὶ
3165 1748 3228 1803 τὸ
3269 1753 3375 1803 τῶν
3406 1748 3668 1826 ἑκατέρων
3724 1767 3859 1826 προ-

485 1836 646 1896 enim
669 1837 915 1897 dixisset
938 1839 1014 1896 de
1037 1834 1213 1907 Filio,
1241 1855 1381 1914 «per
1398 1835 1582 1897 Deum
1622 1837 1903 1910 Verbum,
1941 1870 1964 1900 υ
1992 1859 2123 1901 ora-

2211 1835 2402 1891 Θέσεων
2453 1834 2716 1906 ἐδήλωσεν
2798 1834 3100 1915 ἀδιάφορον.
3191 1836 3358 1903 Είπὴν
3433 1838 3533 1913 γὰρ
3601 1836 3720 1914 περὶ
3772 1840 3858 1890 τοῦ

485 1925 706 1985 tionem
729 1943 1039 1986 resumens
1063 1924 1390 2004 subjnnxit,
1420 1922 1563 1985 locis
1588 1926 1646 1986 in
1678 1927 1952 1988 omnibus
1985 1948 2123 2008 pra:-

2219 1926 2358 2004 ι’ἱοῦ,
2409 1947 2436 1978 α
2485 1895 2570 1980 aia
2624 1931 2715 1982 τοῦ
2759 1932 2890 1981 Θεοῦ
2933 1895 3144 2004 ’Δὶς-του,
3181 1953 3203 1984 ο
3254 1895 3707 2000 ἐπἀναὶίαμϐάνοάν
3759 1923 3857 1979 i11-

487 2014 842 2093 positionum
881 2031 957 2075 ea:
988 2023 1044 2074 et
1077 2031 1180 2091 por
1234 2015 1475 2075 easdem
1500 2015 1655 2075 vires
1685 2015 1756 2076 de
1787 2016 1935 2077 Filio
1960 2037 2123 2077 com-

2211 2013 2434 2092 ἤγαγεν,
2497 2013 2809 2089 ἆπανταγοῦ
2862 2014 2923 2068 τὸ
2981 2015 3080 2079 τῆς
3134 2015 3197 2075 ὲκ
3263 2015 3351 2070 καὶ
3413 2011 3497 2070 διὰ
3556 2010 3858 2088 ἱσοδύναμον

487 2112 840 2182 monstrans,
895 2110 1014 2162 tum
1068 2102 1124 2161 in
1177 2103 1469 2163 creaturis
1527 2103 1881 2179 condendis,
1918 2107 2123 2168 tumin

2211 2099 2296 2157 ἐπὶ
2347 2109 2437 2158 τοῦ
2494 2105 2615 2158 Υἱοῦ
2671 2101 2994 2182 ἀναφαίνων,
3037 2102 3125 2157 ini
3154 2122 3210 2157 τε
3241 2108 3310 2179 τῇ
3339 2103 3412 2165 εὶς
3455 2103 3516 2158 τὸ
3560 2101 3706 2158 εἶναι
3735 2122 3862 2171 παρ-

486 2193 848 2271 sempiterno
867 2189 1126 2270 Spiritus
1149 2209 1482 2268 progressu.
1505 2191 1588 2252 De
1617 2211 1864 2272 quarum
1891 2213 2123 2275 praepo-

2209 2196 2399 2268 αγωγῇ
2471 2191 2577 2247 τῶν
2653 2191 2980 2269 κτισμάτων,
3041 2189 3128 2246 ἐπί
3183 2210 3241 2246 τε
3314 2196 3384 2266 τῇ
3439 2187 3596 2264 ἀϊδίῳ
3649 2187 3854 2268 προόδῳ

481 2280 760 2341 sitionnm
783 2280 964 2340 simili
1003 2277 1362 2358 significatu,
1399 2299 1508 2341 nec
1541 2280 1876 2361 disparibus
1905 2283 2123 2344 viribus

2208 2287 2298 2336 106
2341 2285 2667 2354 Πνεῦματος.
2717 2281 2816 2336 Καὶ
2865 2292 3101 2336 ποιεῖται
3155 2279 3253 2355 μὲν
3282 2277 3441 2336 τῆσδε
3475 2277 3572 2347 τῆς
3617 2276 3854 2335 ἰσοδυνα-

483 2369 539 2429 in
581 2369 820 2449 scriptis
847 2369 919 2430 ad
956 2368 1443 2448 Amphilochium
1475 2370 1805 2437 tradit,rem
1838 2373 2123 2452 exemplis

2208 2367 2328 2442 μίας
2369 2367 2652 2448 παράδοσιν
2698 2367 2753 2424 ἐν
2796 2382 2912 2433 τοῖς
2971 2369 3102 2447 πρὸς
3147 2365 3510 2448 Ἀμφιλόχιον
3567 2364 3851 2446 παραδείγ-

481 2456 655 2516 variis
671 2456 1120 2534 conﬁrmans,ct
1137 2455 1195 2514 in
1220 2455 1352 2516 aliis
1376 2457 1496 2516 suis
1512 2459 1956 2518 commentariis
1976 2461 2122 2522 duas

2208 2479 2340 2531 μασι
2382 2456 2646 2537 διαφόροις
2689 2457 3038 2532 πιστούμενος
3071 2477 3083 2491 ·
3139 2456 3194 2513 iv
3254 2455 3310 2512 δὲ
3352 2469 3471 2520 τοῖς
3529 2453 3707 2518 ἄλλοις
3746 2461 3847 2511 τῶν

481 2545 660 2607 hasce
692 2543 1140 2624 praepositiones
1187 2543 1274 2604 sic
1306 2564 1619 2625 usurpans,
1654 2546 1710 2606 in
1743 2546 1920 2608 rebus
1951 2555 2118 2609 theo-

2208 2547 2624 2625 συγγραμμάτων
2681 2549 2839 2605 αὐτοῦ
2881 2547 2942 2602 τὸ
2990 2543 3163 2602 διττὸν
3217 2543 3382 2602 τῶνδε
3420 2551 3526 2602 τῶν
3556 2544 3844 2621 προθέσεων

481 2633 711 2712 logicis,
774 2639 834 2693 ut
866 2633 962 2692 ubi
995 2631 1276 2711 loquitur,
1333 2652 1491 2694 nunc
1536 2653 1602 2694 ex
1636 2633 1806 2708 Filio,
1833 2655 1989 2699 nunc
2019 2657 2123 2716 per

2208 2632 2343 2690 οὕτω
2401 2632 2709 2709 λαμϐάνων,
2758 2635 2844 2691 ὁτὲ
2903 2634 2998 2710 μὲν
3042 2633 3128 2690 ἐπὶ
3157 2639 3256 2701 τῆς
3307 2632 3605 2714 θεολογίας,
3637 2635 3710 2696 ὡς
3737 2635 3849 2688 ἔτιςῖ

479 2723 690 2782 Filium
711 2720 996 2800 Spiritum
1022 2720 1464 2783 declarat.Hinc
1499 2725 1671 2785 tertio
1700 2723 1982 2787 adversus
2011 2727 2121 2788 Eu-

2208 2745 2388 2800 φησιν,
2448 2723 2500 2789 ἐξ
2546 2726 2668 2782 Υἱοῦ
2737 2726 2797 2780 τὸ
2829 2730 3040 2799 Πνεῦμα
3063 2721 3372 2803 διαγορεύει,
3401 2723 3487 2779 ὁτὲ
3516 2720 3571 2778 δὲ
3600 2721 3668 2778 δι’
3701 2725 3838 2783 Γὶοὗ.

481 2811 744 2871 nomium
769 2809 1170 2870 Antirrhetico
1225 2811 1430 2872 scribit
1465 2831 1478 2871 :
1521 2811 1695 2883 «Quae
1723 2814 1880 2875 enim
1916 2834 2121 2877 ncces-

2208 2804 2374 2871 ιὈθεν
2416 2813 2471 2869 iv
2513 2819 2590 2886 τῷ
2645 2821 2802 2892 τρίτῳ
2858 2815 2962 2868 τῶν
3018 2812 3149 2888 πρὸς
3207 2811 3460 2887 Εὐνόμιον
3512 2809 3841 2890 Ἀντιῤῥητι-

478 2900 622 2960 sitas
641 2899 806 2974 cst,si
830 2898 1120 2975 dignitate
1157 2909 1216 2960 et
1251 2901 1689 2963 ordinetertius
1722 2911 1810 2963 est
1839 2903 2120 2987 Spiritus,

2208 2905 2311 2958 κῶν
2362 2902 2552 2981 φάσκει
2586 2923 2602 2938 ⁵
2672 2931 2694 2960 ι
2726 2902 2815 2964 Τίς
2871 2901 2969 2979 γὰρ
3012 2899 3218 2979 ἀνάγκη
3255 2907 3333 2976 τῷ
3381 2898 3638 2975 ἀξιώματι
3666 2903 3754 2957 καὶ
3780 2903 3847 2974 τῇ

481 2989 721 3050 tertium
745 2988 914 3050 illum
939 3006 1070 3048 esse
1092 2995 1148 3049 et
1165 2989 1416 3052 natura?
1436 2988 1703 3071 Namque
1723 2990 2007 3070 dignitate
2035 3011 2123 3055 se—

2208 2991 2344 3056 τάξει
2375 2992 2546 3070 τρίτον
2604 2989 2844 3068 ὑπάρχον
2897 2992 2958 3046 1‘0
3011 2995 3250 3066 Πνεῦμα,
3303 2990 3473 3069 τρίτον
3529 3002 3668 3046 εῖναι
3723 2989 3848 3047 αὐτὸ

481 3077 741 3138 cundum
769 3096 900 3139 esse
927 3097 959 3139 a
982 3077 1154 3150 Filio,
1179 3085 1456 3158 tanquam
1483 3082 1583 3159 qui
1631 3079 1703 3140 ah
1738 3099 1829 3157 eo,
1863 3082 2020 3162 quod
2050 3082 2123 3144 sit

2208 3081 2295 3136 καὶ
2349 3084 2418 3156 τῇ
2467 3081 2664 3158 φύσεις
2749 3076 3039 3154 Ἀξιώματι
3093 3078 3192 3153 μὲν
3261 3079 3362 3158 γὰρ
3425 3075 3708 3157 δευτερεύει
3761 3082 3852 3133 τοῦ

481 3166 683 3242 habet,
717 3174 774 3228 et
793 3166 865 3228 ab
888 3185 958 3229 eo
983 3166 1220 3247 accipit,
1249 3175 1305 3228 et
1329 3167 1501 3229 nobis
1515 3170 1920 3246 annuntiat,et
1951 3190 2123 3251 pror-

2210 3169 2328 3226 Υἱοῦ
2378 3166 2503 3245 παρ’
2535 3170 2692 3225 αὐτοῦ
2733 3167 2796 3221 τὸ
2854 3165 2997 3222 εἶναι
3050 3163 3204 3244 ἕχον,
3249 3166 3339 3222 καὶ
3381 3165 3504 3244 παρ’
3538 3166 3693 3222 αὐτοῦ
3718 3163 3856 3239 λαμ-

476 3273 580 3318 sus
605 3255 692 3317 illi
727 3274 916 3317 causa;
944 3256 1229 3327 adhaeret,
1287 3257 1522 3336 pietatis
1546 3276 1743 3320 sermo
1777 3259 1991 3322 tradit:
2019 3281 2123 3326 na-

2208 3254 2365 3312 6άνον
2419 3257 2508 3312 καὶ
2561 3252 2888 3333 ἂναγγέλλον
2959 3255 3120 3334 ἡμῖν,
3174 3254 3261 3312 καὶ
3319 3252 3458 3318 ὅλως
3517 3251 3722 3322 ἒκιίνης
3758 3257 3854 3319 τῆς

478 3353 602 3405 tura
619 3363 760 3406 vero
787 3345 962 3406 tertia
1006 3347 1113 3419 uti,
1141 3363 1335 3425 neque
1357 3365 1390 3406 a
1411 3345 1958 3428 divinisScripturis
1988 3351 2123 3416 edo-

2210 3346 2377 3408 αἰτίας
2421 3341 2739 3420 ἐξημμένον,
2799 3339 3148 3420 παραδίδωσιν
3207 3343 3376 3410 δτῆς
3435 3339 3696 3408 εὗσεὸείας
3750 3340 3849 3398 λό-

474 3434 551 3496 eti
575 3450 1003 3511 sumus,neque
1044 3451 1111 3493 ex
1127 3433 1250 3512 jam
1275 3433 1449 3494 dictis
1469 3445 1908 3516 consequenter
1929 3438 2123 3518 colligi

2208 3456 2298 3511 γος
2325 3449 2339 3463 ⁹
2386 3433 2532 3513 φύσει
2577 3431 2633 3488 δὲ
2675 3433 2824 3511 τρίτῃ
2887 3434 3118 3510 χρῆσθαι
3169 3431 3286 3489 οὕτε
3339 3433 3482 3510 παρὰ
3537 3439 3645 3488 τῶν
3685 3430 3850 3510 ἁγίων

476 3527 668 3601 potest
696 3519 1208 3592 Quemadmodum
1236 3522 1393 3583 enim
1425 3523 1607 3585 Filius
1638 3525 1851 3587 ordine
1882 3527 2122 3604 quidem

2208 3522 2424 3601 Γραφῶν
2492 3518 2855 3600 δεδιδάγμεθα,
2916 3518 3034 3575 οὕτε
3111 3519 3172 3575 ἐκ
3226 3527 3333 3577 τῶν
3374 3521 3673 3604 εἰρημένων
3714 3520 3850 3576 κατὰ

474 3599 773 3672 secundus
803 3628 838 3670 a
858 3611 1030 3670 Patre
1053 3613 1454 3691 est,quoniam
1473 3611 1546 3672 ab
1571 3612 1671 3673 illo
1695 3624 1806 3694 est,
1830 3599 2118 3696 et'digni-

2208 3599 2264 3667 τδ
2294 3599 2577 3669 ἀκόλουθον
2635 3599 2852 3667 δυνατὸν
2894 3606 3325 3684 συλλογίσασθαι.
3373 3599 3464 3673 Ὠς
3654 3610 3682 3665 ὁ
3730 3608 3852 3673 Υἱὸς

477 3698 907 3778 tate,quoniam
935 3700 1100 3778 origo
1124 3710 1302 3781 atque
1336 3719 1534 3776 causa,
1569 3703 1844 3782 quodille
1871 3704 1970 3786 sit,
2005 3705 2116 3767 Pa-

477 3796 567 3849 ter
599 3797 710 3858 est,
747 3795 806 3849 et
830 3787 983 3867 quod
1012 3807 1116 3868 per
1146 3789 1339 3869 ipsum
1365 3809 1641 3852 accessus
1662 3799 1720 3852 et
1745 3793 2021 3859 adductio
2043 3795 2115 3857 ad

475 3877 658 3938 Deum
685 3875 917 3938 Patrem
947 3897 961 3936 :
992 3886 1202 3940 natura
1226 3896 1364 3939 vero
1388 3880 1550 3940 nullo
1585 3880 1759 3941 modo
1789 3883 2111 3960 secundus,

481 3965 638 4044 quod
670 3965 731 4026 in
788 3974 1041 4046 utroque
1092 3985 1208 4028 una
1239 3967 1426 4029 deitas
1457 3977 1546 4029 est
1579 3989 1590 4031 :
1649 3969 1728 4030 ita
1755 3969 2027 4033 videlicet
2057 3982 2116 4038 et

478 4052 730 4134 Spiritus
748 4063 1074 4136 sanctus,et
1095 4055 1147 4117 si
1167 4055 1461 4135 dignitate
1493 4068 1551 4120 et
1579 4059 1789 4120 ordine
1817 4061 2116 4123 secundus

475 4162 510 4206 a
541 4143 686 4206 Filio
747 4153 860 4225 est,
900 4163 1016 4206 non
1075 4153 1273 4206 tamen
1311 4145 1712 4208 verisimiliier
1740 4147 1949 4210 alienae
1980 4168 2112 4212 esse

477 4241 699 4295 natura:
729 4232 870 4296 inde
918 4234 1202 4314 consequi
1257 4235 1642 4296 dixerimus.»
1677 4237 1923 4301 Necnon
1954 4239 2012 4302 in
2045 4241 2083 4302 il

2200 3697 2342 3764 τάξει
2373 3698 2470 3773 μὲν
2503 3696 2739 3777 δεύτερος
2798 3703 2890 3753 τοῦ
2947 3699 3176 3776 Πατρὸς,
3223 3697 3304 3753 ὅτι
3359 3697 3454 3754 ἀπ’
3487 3697 3709 3770 ἐκείνου,
3760 3697 3850 3753 καὶ

2200 3783 2483 3858 ἀξιώματι,
2517 3783 2598 3839 ὅτι
2642 3783 2790 3864 ἁρχὴ
2834 3783 2920 3839 καὶ
2962 3784 3101 3840 αἰτία
3154 3790 3246 3841 106
3290 3785 3432 3842 εἶναι
3491 3784 3698 3863 Πατέρα
3752 3785 3850 3840 αδ-

2197 3878 2321 3948 τοῦ,
2377 3873 2466 3928 καὶ
2519 3870 2599 3928 ὅτι
2663 3870 2727 3927 δι’
2773 3875 2931 3931 αὐτοῦ
2986 3871 3024 3939 ἦ
3081 3870 3330 3951 πρόσοδος
3387 3873 3483 3930 καί
3521 3873 3851 3953 προσαγωγὴ

2198 3962 2330 4039 πρὸς
2391 3962 2482 4016 τὸν
2516 3962 2646 4018 Θεὸν
2689 3963 2778 4017 καὶ
2818 3960 3027 4038 Πατέρα
3057 3976 3073 3992 ⁸
3108 3961 3256 4041 φύσει
3300 3961 3355 4019 δὲ
3385 3962 3557 4021 οῦκέτι
3587 3960 3850 4040 δεύτερος,

2200 4047 2332 4104 διότι
2388 4050 2424 4116 ἡ
2469 4049 2657 4116 θεότης
2717 4049 2771 4106 ὲν
2816 4049 3049 4128 ἑκατέρῳ
3095 4051 3188 4124 μία
3221 4066 3236 4080 ⁸
3300 4050 3437 4107 οὕτω
3489 4048 3734 4118 δηλονότι
3764 4049 3853 4104 rei

2196 4139 2258 4194 τὸ
2301 4144 2514 4215 Πνεῦμα
2571 4140 2632 4194 1‘0
2688 4137 2864 4216 ἅγιοι,
2925 4139 2969 4193 εἰ
3025 4140 3113 4194 καὶ
3169 4137 3464 4208 ὑποϐέϐηκε
3495 4141 3587 4196 τὸν
3633 4139 3750 4196 Υἱὸν
3780 4137 3852 4206 τῆ

2194 4224 2335 4292 τέξει
2380 4229 2467 4283 καὶ
2508 4228 2585 4302 τῷ
2627 4226 2912 4306 ἀξιώματι,
2957 4225 3129 4284 οὐκέτι
3173 4227 3235 4284 ἂν
3288 4230 3504 4293 είκοτως
3563 4231 3637 4294 ὡς
3696 4225 3828 4284 ἄλλο

474 4319 547 4384 lis
577 4340 594 4384 :
629 4345 654 4380 ιι
691 4323 883 4396 Quare
915 4343 1034 4384 non
1056 4333 1115 4386 et
1135 4323 1389 4404 Spiritus
1413 4324 1595 4386 Filius
1619 4325 1774 4405 Filii,
1815 4353 1840 4382 ι
1879 4328 2056 4392 tradit
2089 4349 2102 4390 :

2208 4316 2338 4394 ερίας
2380 4318 2622 4396 ὑπάρχον
2684 4318 2914 4396 φύσεως,
2953 4339 2981 4371 ι
3043 4320 3140 4375 Καὶ
3181 4317 3340 4376 πάλιν
3371 4317 3426 4375 iv
3456 4319 3572 4399 οἷς,
3624 4341 3646 4374 ι
3697 4325 3854 4405 Am:

481 4429 512 4471 ‹
540 4410 671 4473 Non
719 4411 873 4493 quod
909 4431 1026 4476 non
1084 4413 1161 4474 sit
1181 4381 1277 4474 rex
1322 4411 1443 4474 Deo
1477 4431 1582 4493 per
1609 4381 1823 4475 Filiuin
1852 4436 1867 4492 ς
1899 4417 2003 4478 sed
2035 4435 2110 4479 ne

2208 4381 2270 4471 ίὴ
2327 4408 2414 4462 καὶ
2455 4381 2767 4482 τδΝΠνεῦμα
2832 4409 2951 4469 Υἱὸς
2994 4412 3086 4466 τοῦ
3124 4407 3294 4487 r106;
3329 4427 3352 4458 ι
3402 4381 3602 4488 φησιν’·
3655 4427 3679 4464 ε
3709 4381 3855 4471 Ὀτμί

474 4492 1137 4581 Τι’ἰηίιεείτορυιδιιθιυιν
1177 4492 1492 4563 multitudo
1541 4502 1878 4585 innumera,
1912 4507 1997 4568 uti
2050 4506 2116 4567 in

2208 4499 2255 4553 >6
2296 4493 2381 4550 διὰ
2410 4497 2471 4551 τὸ
2513 4496 2592 4570 μὴ
2623 4496 2767 4552 εἶναι
2797 4495 2858 4551 ἐκ
2888 4501 3021 4552 Θεοῦ
3049 4492 3122 4552 δι’
3176 4498 3319 4574 ὶὶοῦ,
3351 4496 3470 4555 ἀλλ’
3507 4496 3600 4554 ἴνα
3628 4498 3663 4564 ἡ
3694 4496 3850 4575 Τριὰς

475 4589 818 4653 hominibus
847 4591 929 4652 ﬁt.
965 4617 991 4648 »
1043 4589 1116 4652 Ει
1147 4589 1349 4671 paucis
1397 4592 1643 4652 annexis
1680 4613 1691 4650 :
1733 4613 1760 4651 ‹
1793 4583 2114 4675 Propterea

2209 4585 2287 4659 μη
2331 4589 2557 4661 νομισθῇ
2624 4583 2826 4652 πλῆθος
2883 4583 3124 4675 ἄπειρον,
3181 4587 3252 4651 ὡς
3311 4589 3398 4647 καὶ
3451 4586 3504 4644 iv
3561 4585 3852 4665 ἀνθρώποις

473 4697 542 4740 ex
578 4678 697 4741 Deo
726 4698 860 4741 esse
883 4679 1171 4760 Spiritum
1222 4679 1413 4759 palam
1458 4679 1781 4742 enuntiavit
1810 4683 2128 4761 Apostolus

471 4767 720 4830 dicens:
754 4769 1080 4849 Spiritum,
1117 4770 1225 4848 qui
1253 4785 1332 4830 ex
1360 4770 1486 4830 Deo
1527 4776 1634 4842 est,
1677 4772 2024 4850 accepimus
2047 4770 2122 4852 ιι,

474 4875 579 4936 per
604 4857 820 4920 Filium
853 4875 1141 4938 apparere
1176 4857 1600 4938 manifestavit,
1634 4877 1768 4919 cum
1794 4859 1960 4921 illum
1994 4859 2127 4922 Filii

470 4945 784 5028 Spiritum,
816 4955 962 5008 utet
991 4944 1100 5014 Dei
1131 4946 1471 5028 appellavit,
1497 4954 1555 5008 et
1587 4955 1844 5008 mentem
1880 4947 2120 5023 Christi,

472 5033 723 5105 sicutiet
746 5036 852 5099 Dei
881 5036 1168 5115 Spiritum
1200 5035 1284 5096 uti
1317 5033 1604 5098 hominis.
1630 5057 1658 5094 ι
1695 5035 1867 5098 Dicta
1895 5037 2022 5100 haec
2051 5037 2123 5104 ab

472 5122 707 5187 dissidii
739 5123 1052 5205 multiplici
1111 5123 1336 5187 malitia
1391 5123 1643 5185 multum
1676 5124 2123 5208 divexatasunt,

477 5212 648 5274 tertio
672 5221 871 5275 tamen
921 5213 1038 5274 duo
1097 5213 1319 5294 priora,
1373 5221 1434 5276 et
1494 5215 1756 5274 secundo
1800 5214 2122 5278 immanius

473 5301 754 5379 primum,
784 5299 1188 5363 membrorum
1224 5304 1586 5381 integrorum
1614 5303 2123 5384 ademptioneim-

473 5389 790 5465 minutum,
826 5408 1059 5452 necnon
1111 5389 1538 5467 additionibus,
1603 5400 1661 5453 et
1689 5391 2123 5472 adjectionibus

551 5543 603 5590 *ί
637 5547 684 5608 Ι.
717 5549 855 5614 Cor.
891 5565 955 5626 ll,
991 5551 1086 5612 19.

2208 4677 2617 4738 ὺποπτευθεῖσα,
2655 4697 2683 4728 ι
2745 4675 2843 4732 Καὶ
2872 4671 2990 4748 μετ’
3023 4673 3172 4753 ὀλίγα
3209 4691 3224 4736 '.
3270 4696 3294 4731 ι
3333 4677 3430 4733 Διὰ
3471 4683 3623 4733 τοῦτο
3653 4675 3853 4750 τὰμὲν

2211 4764 2272 4820 ὲκ
2315 4769 2448 4820 Θεοῦ
2507 4763 2650 4819 εἶναι
2705 4763 2765 4818 τὸ
2822 4769 3033 4840 Πνεῦμα
3075 4768 3278 4844 τρανῶς
3321 4763 3565 4844 ἐκήρυξεν
3607 4766 3637 4820 ὁ
3685 4762 3856 4822 ’Λπόο

2211 4852 2401 4916 στολος
2459 4851 2657 4930 λέγων,
2726 4853 2796 4911 Τὸ
2867 4859 3079 4930 Πνεῦμα
3134 4856 3196 4911 τὸ
3252 4854 3313 4912 ix
3385 4861 3516 4918 Θεοῦ
3569 4850 3852 4928 ὶλάϐομεν,

2211 4943 2297 4998 καὶ
2351 4943 2413 4998 τὸ
2469 4939 2534 4996 δι’
2594 4943 2715 4998 Υίου
2769 4942 3060 5022 πεφηνέναι
3135 4945 3308 5024 σαφὲς.
3353 4944 3666 5019 πεποίηκεν,
3736 4945 3856 5000 Υἱσῦ

2208 5037 2419 5106 Πνεῦμα
2503 5031 2772 5105 ὀναμάσας
2857 5033 2983 5092 αὐτὸ
3067 5034 3299 5112 καθάπερ
3376 5040 3528 5113 Θεοῦ,
3596 5033 3684 5113 καὶ
3737 5037 3855 5088 νοῦν

2207 5127 2430 5198 Χριστοῦ
2492 5121 2816 5198 προσειπὼν,
2863 5122 3095 5202 καθάπερ
3169 5125 3258 5180 καὶ
3329 5129 3461 5180 Θεοῦ
3514 5112 3726 5197 Πνεῦμα
3784 5122 3855 5183 ὣς

2205 5209 2298 5267 τοῦ
2353 5209 2645 5289 ἀνθρώπου.
2699 5230 2723 5267 ο
2799 5215 2913 5266 Τῶν
2997 5214 3340 5290 πειραοεισῶν
3423 5211 3522 5278 τῆς
3577 5211 3698 5270 ,ἇπδ
3753 5209 3850 5278 τῆς

2205 5299 2528 5363 διαστάσεως
2585 5295 2941 5378 πολυσχιδοῦς
3011 5303 3200 5366 κακίας
3264 5301 3445 5379 ῥήσεις
3473 5303 3660 5373 αὗται,
3708 5296 3858 5366 ,πλὴν

2205 5391 2304 5457 τῆς
2347 5388 2561 5469 τριττῆς
2643 5390 2694 5444 αἱ
2778 5387 2970 5470 διτταὶ,
3041 5395 3129 5448 καὶ
3185 5396 3285 5460 τῆς
3327 5391 3507 5472 ἑτέρας
3561 5387 3768 5468 μᾶλλον
3823 5388 3856 5454 ἡ
