4184 6300
553 271 702 337 i387

1813 276 2126 344 GEORGII
2179 278 2650 344 METOCHITE

3785 281 3897 346 138

547 414 606 496 et
627 407 1075 486 processionem
1090 408 1318 471 nullum
1339 427 1471 473 esse
1487 409 1812 473 discrimen
1827 411 2196 489 conﬁrmant1

2294 431 2390 486 μεν
2446 412 2650 488 ῥήσεων
2719 418 3012 490 πατρικῶν,
3094 414 3212 490 περὶ
3295 421 3487 492 φωνῶν
3563 415 3621 471 αἶ
3677 417 3740 471 τὸ
3803 421 3958 496 σφῶν

553 495 712 558 inter
732 516 878 576 quas
899 498 1011 558 hoc
1025 518 1075 559 ei
1090 498 1204 558 iam
1221 517 1526 579 apparere
1542 511 2030 562 connumeratur:
2057 517 2206 559 nec-

548 603 666 646 non
684 595 740 648 et
755 587 887 647 aliis
910 587 1068 649 inter
1088 588 1423 666 theologica
1448 589 1720 667 dogmata
1742 589 2056 669 inspersis,
2092 588 2206 649 hoc

546 693 846 755 apparere
863 675 1294 752 exsistentiam,
1322 695 1438 738 non
1457 677 1998 739 manifestationem
2026 677 2205 738 deno-

548 765 832 845 tantibus,
858 764 1000 844 quin
1025 765 1143 826 imo
1175 785 1242 826 ex
1271 766 1399 845 ipsa
1423 766 1656 846 paterni
1701 767 1845 828 dicti
1881 773 2200 837 structura,

550 853 624 914 de
655 872 770 932 quo
803 852 976 913 nobis
1003 873 1200 915 sermo
1262 863 1372 918 est.
1407 855 1591 928 Quam
1626 857 1784 918 enim
1817 855 2203 917 verisimilem

552 942 904 1004 relationem
929 943 1178 1004 inferret
1199 944 1369 1018 illud,
1399 971 1422 1001 ‹ι
1458 964 1670 1008 rursus
1694 964 1832 1008 vero
1852 963 1886 1006 a
1913 952 2201 1018 creatura,

548 1050 678 1112 quae
693 1031 1180 1111 perUnigenitum
1201 1033 1528 1106 substitit,»
1557 1034 1608 1095 si
1629 1035 1687 1095 id
1721 1052 1963 1114 prorsus
1990 1033 2064 1094 de
2096 1050 2202 1094 ex-

547 1121 816 1182 sistentia
873 1140 992 1182 non
1024 1121 1298 1184 dicitur?
1358 1132 1416 1184 et
1470 1123 1769 1204 quomodo
1829 1130 2207 1204 reputaretur

546 1209 802 1289 Spiritus
826 1219 1065 1270 sanctus
1095 1212 1578 1272 communionem
1611 1211 1928 1292 quamdam
1981 1210 2204 1273 habere

549 1317 683 1358 cum
718 1309 1008 1372 creatura,
1036 1298 1086 1358 si
1113 1299 1213 1359 illa
1245 1319 1351 1378 per
1383 1301 1597 1362 Filium
1631 1320 1748 1360 non
1807 1297 2203 1361 subsisteret?

552 1393 611 1448 et
639 1387 932 1465 quamodo
976 1405 1042 1446 ea
1075 1407 1178 1466 per
1201 1387 1418 1449 Filium
1447 1389 1822 1450 manifestata
1864 1397 1975 1461 est,
2009 1389 2055 1448 si
2087 1406 2204 1447 non

550 1474 623 1536 ad
645 1477 947 1546 Triadem,
982 1476 1086 1537 sed
1118 1478 1188 1536 ad
1212 1487 1543 1538 creaturam
1568 1476 1968 1539 manifestatio
1999 1476 2205 1538 fuerit?

535 1564 856 1636 "Quomodo
880 1566 1020 1625 item
1041 1564 1098 1624 in
1123 1565 1341 1644 quibus
1361 1566 1781 1638 diiierentia,et
1811 1565 1949 1628 inde
1973 1562 2204 1626 secerni

551 1653 764 1714 factum
793 1662 903 1724 est,
931 1663 990 1714 et
1017 1657 1200 1732 magis
1251 1655 1525 1734 expedite
1575 1673 1644 1716 ex
1677 1673 1746 1716 eo
1777 1655 1933 1735 quod
1969 1671 2074 1735 per
2099 1651 2203 1713 Fi-

551 1741 694 1802 lium
731 1741 910 1802 habet
965 1743 1393 1812 exsistentiam,
1449 1745 1545 1805 hic
1604 1762 1739 1804 vero
1771 1743 1934 1804 nullo
1977 1738 2204 1802 modo?

549 1829 781 1892 Deinde
814 1831 987 1892 etiam
1046 1833 1204 1892 unde
1263 1809 1542 1894 traditum
1573 1845 1685 1904 εει,
1720 1839 1779 1893 et
1827 1833 2051 1911 absque
2081 1809 2264 1891 ulla'B

552 1919 946 1995 haesitatione,
982 1921 1218 2001 quando
1244 1940 1360 1982 non
1394 1930 1574 1994 esset,
1607 1931 1668 1983 ut
1701 1921 1958 2002 Spiritus
1980 1937 2084 2000 per
2107 1917 2192 1980 Fi-

551 2008 694 2069 lium
725 2008 975 2078 haberet
1007 2027 1160 2084 esse,
1197 2017 1255 2070 et
1283 2009 1606 2073 indicatum
1631 2009 1948 2071 discrimen
1970 2007 2200 2069 nullum

550 2098 1114 2160 adessetettacitum
1132 2100 1492 2179 praeteritum
1520 2097 1638 2162 est?
1678 2101 1946 2179 Namque
1985 2097 2033 2158 si
2054 2095 2200 2158 illud

548 2188 724 2269 plane
738 2197 910 2250 esset.
924 2190 1261 2250 necessario
1277 2188 1390 2250 ista
1403 2199 2203 2269 consequerentur,pronun-

547 2277 815 2358 tiataque
839 2277 1108 2339 fuissent.
1148 2279 1192 2338 A
1214 2281 1380 2338 l‘atre
1401 2296 1536 2337 vero
1556 2296 1662 2357 per
1679 2275 1893 2338 Filium
1915 2275 2200 2337 naturali-

549 2373 638 2426 ter
665 2367 837 2426 simul
871 2386 938 2427 ac
970 2366 1337 2446 sempiterne
1369 2366 1654 2445 Spiritum
1673 2365 1890 2426 habere
1912 2367 2065 2446 quod
2100 2365 2197 2440 sit,

548 2464 887 2516 cre'turam
935 2474 1078 2514 vero
1112 2454 1431 2515 creationis
1494 2455 1666 2514 modo
1729 2463 1786 2514 et
1835 2455 1896 2515 in
1930 2465 2197 2532 tempore

550 2551 971 2620 congruenter,
1038 2553 1093 2603 et
1147 2543 1303 2622 quod
1360 2542 1646 2603 discernit
1717 2542 2048 2622 appositum
2080 2551 2189 2605 est.

555 2630 692 2693 Haec
722 2631 1483 2692 enimmutalioniobnoxia
1533 2639 1930 2710 est,tanquam
1963 2650 2093 2711 quae
2123 2650 2194 2692 ex

550 2739 619 2780 eo
649 2721 802 2799 quod
839 2739 955 2780 non
988 2731 1112 2780 erat
1141 2721 1213 2779 ad
1247 2719 1306 2780 id
1367 2721 1521 2800 quod
1567 2730 1692 2781 erat
1733 2721 2036 2780 immutata
2080 2732 2189 2792 est,

548 2817 609 2870 et
627 2809 944 2889 aliquando
974 2808 1239 2880 exsistat,
1267 2817 1324 2868 et
1344 2809 1628 2888 deinceps
1673 2808 2005 2870 asserviens
2035 2818 2191 2870 tem-

2291 497 2572 580 ἆδιάφορον
2640 501 2728 558 καὶ
2797 507 2888 557 τοῦ
2943 502 3281 580 εκπορεύεται
3363 503 3795 580 παριστᾶνωσιν,
3869 507 3960 566 αἷς

2289 589 2376 644 καὶ
2430 579 2492 644 τό
2523 589 2724 669 πέφηνε
2767 579 3172 666 συνηρίθμηται,
3224 579 3352 646 ἰ[Ξτι
3403 579 3456 645 δὲ
3517 593 3604 648 καὶ
3665 590 3720 658 εξ
3775 591 3960 648 ἄλλων

2289 689 2411 741 ταῖς
2469 676 2808 757 θεολογικαῖς
2863 676 3217 746 διδασκαλίαις
3285 679 3713 761 ἑνεσπαρμένων,
3754 681 3956 758 ’ὕπαρ-

2289 765 2362 830 Ξιν
2418 767 2479 822 τὸ
2523 767 2813 846 πεφηνέναι
2870 774 3168 847 τρανουσῶν
3226 768 3400 849 ἔχειν,
3456 769 3579 848 οὐχὶ
3627 769 3954 850 φανέρωσιν,

2288 852 2425 910 ἀλλὰ
2497 857 2582 911 καὶ
2639 854 2692 921 ἐξ
2745 857 2911 923 αὑτῆς
2973 857 3323 937 συμφράσεως
3351 861 3452 926 τῆς
3485 861 3602 938 περὶ
3629 858 3700 927 ἧς
3759 861 3787 915 ὁ
3854 857 3955 915 λό-

2287 966 2380 1021 γος
2425 946 2674 1024 χρήσεως
2730 943 3014 1024 πατρικῆς.
3078 951 3244 1002 Ποῖον
3287 947 3387 1026 γὰρ
3444 947 3586 1026 φέρει
3636 948 3698 1004 τὸ
3729 947 3952 1027 εὑλογοο

2287 1032 2444 1110 φανὲς
2498 1033 2558 1089 τό
2601 1033 2925 1112 ἀναφορικὺν
2967 1031 3149 1108 τοῦτο,
3189 1062 3212 1093 ε
3245 1033 3405 1091 πάλιν
3455 1034 3510 1091 δὲ
3569 1041 3668 1103 τῆς
3726 1038 3955 1102 κτίσεως

2285 1116 2370 1174 διὰ
2422 1128 2517 1178 τοῦ
2563 1127 2890 1199 Μονογενοῦς
2958 1121 3287 1192 ὑποστάσης,
3342 1145 3364 1178 ε
3426 1123 3504 1198 μὴ
3563 1123 3624 1180 τό
3693 1125 3953 1202 παράπαν

2286 1207 2501 1264 ἐνταῦθα
2559 1210 2679 1285 περὶ
2730 1209 2998 1289 ὑπάρξεως
3042 1208 3285 1288 λέγεσθαι
3321 1232 3338 1286 ;
3383 1212 3500 1275 πῶς
3551 1209 3600 1267 δ’
3644 1210 3706 1267 ἂν
3754 1211 3950 1287 ἐνομί-

2287 1299 2385 1364 σθη
2415 1296 2706 1364 κοινότητέ
2742 1320 2860 1354 τινα
2901 1298 3032 1376 πρός
3063 1302 3163 1363 τήν
3195 1320 3366 1356 κτισιν
3421 1299 3569 1380 ἔχειν
3611 1302 3672 1357 τό
3730 1308 3950 1376 Πνεῦμα

2285 1386 2346 1442 τό
2400 1387 2578 1467 ἅγιον,
2635 1384 2789 1465 εἴπερ
2855 1384 2986 1454 αὕτη
3047 1385 3132 1442 διὰ
3191 1395 3281 1446 τοῦ
3355 1391 3474 1447 Υἶοῦ
3533 1391 3631 1466 μὲν
3687 1390 3822 1471 ἔσχε
3887 1395 3948 1447 τό

2287 1476 2592 1554 ὑφεστάναι,
2650 1483 2804 1532 τοῦτο
2847 1473 2903 1530 δὲ
2961 1476 3126 1553 ταύτῃ
3199 1474 3285 1533 διὰ
3326 1485 3417 1534 τοῦ
3487 1481 3610 1536 Υῐοῦ
3639 1479 3948 1560 πεφανέρω-

2285 1586 2394 1638 ται,
2430 1563 2548 1641 εἴγε
2579 1566 2657 1640 μὴ
2686 1565 2818 1644 πρός
2861 1565 2958 1633 τὴν
2996 1562 3211 1642 Τριάδα,
3267 1567 3399 1646 πρός
3427 1567 3527 1634 τὴν
3568 1569 3738 1625 κτίσιν
3790 1565 3848 1624 δὲ
3909 1571 3943 1636 ἠ

2285 1652 2576 1733 φανέρωσις
2613 1673 2628 1730 ;
2665 1660 2784 1716 Πῶς
2843 1651 2896 1708 δὲ
2948 1655 3036 1710 καὶ
3091 1652 3143 1710 ἐν
3207 1667 3292 1719 οτς
3349 1658 3383 1724 ἡ
3443 1654 3662 1736 διαφορᾶ
3733 1659 3824 1714 καὶ
3883 1659 3942 1714 τὸ

2285 1739 2630 1820 διακρίνεσθαι
2663 1746 2784 1800 οὒκ
2838 1740 3070 1801 ἰντεῦθεν
3130 1740 3387 1821 ἐγεγόνει,
3462 1743 3666 1819 μᾶλλον
3728 1746 3790 1802 ἐκ
3851 1757 3944 1806 τοῦ

2285 1831 2594 1911 προχείρου,
2653 1831 2758 1887 ἀπὸ
2813 1838 2905 1888 τοῦ
2984 1832 3082 1898 τὴν
3145 1833 3243 1907 μὲν
3315 1831 3399 1889 διὰ
3453 1843 3547 1893 τοῦ
3605 1841 3938 1913 Μονογενοῦς

2282 1917 2305 1938 κ
2527 1920 2538 1938 ι
2633 1918 2658 1939 η
2772 1918 2793 1956 ς
2983 1927 3004 1936 υ
3142 1920 3157 1936 \
3224 1919 3251 1941 η
3283 1939 3297 1952 ο

2283 1939 2430 1998 εχειν
2485 1940 2585 1988 την
2632 1941 2870 1996 υπαρςιν,
2915 1941 3070 1977 τουτο
3110 1917 3164 1975 δε
3194 1943 3252 1977 ου
3282 1965 3299 1995 ,
3353 1930 3487 1979 Εἶτα
3529 1927 3779 1980 κακεῒθεν
3821 1923 3938 1981 ὅθεν

2284 2004 2382 2085 ἄρα
2442 2008 2530 2064 καὶ
2585 2005 2956 2086 παραδέδοται,
3014 2006 3133 2063 ἀλλ’
3197 2007 3612 2091 ἀναμφίλεκτον,
3676 2013 3774 2091 ὡς,
3821 2011 3940 2074 imi

2284 2095 2361 2170 μὴ
2405 2093 2496 2174 ἧν,
2557 2097 2635 2171 μὴ
2679 2096 2740 2151 τὸ
2795 2099 2936 2152 εἶναι
2991 2096 3075 2151 διὰ
3128 2103 3221 2153 106
3259 2100 3378 2155 Υἱοῦ
3419 2099 3482 2154 τὸ
3512 2104 3726 2176 Πνεῦμα
3754 2099 3934 2181 ἔχειν,

2283 2183 2427 2250 ἀπῆν
2482 2182 2733 2268 ἄρα-καὶ
2778 2186 2842 2241 τὰ
2896 2189 2994 2252 τῆς
3051 2181 3378 2254 δηλωθείσης
3433 2185 3716 2268 διαφορᾶς,
3749 2192 3838 2247 καὶ
3878 2192 3935 2247 οὗ

2282 2261 2549 2336 λέλεκται..
2594 2261 2660 2330 Ἦ
2703 2273 2802 2351 γὰρ
2848 2272 2931 2348 ἂν,
2993 2275 3038 2329 εί
3087 2274 3154 2342 ἧν
3183 2274 3382 2349 ἐκεῖνο,
3417 2261 3669 2357 εἶχεν-ἂν
3699 2278 3933 2357 ἀνάγκην

2281 2359 2634 2431 ἀκολουθῆσαι
2697 2364 2784 2419 καὶ
2839 2369 3003 2418 ταῦτα
3077 2361 3327 2431 λεχθῆναί
3379 2356 3655 2427 τεςγυΟτι
3699 2365 3753 2423 δὲ
3798 2356 3932 2445 παρὰ

2282 2452 2486 2530 Πατρὸς
2543 2449 2612 2506 δι’
2672 2454 2792 2508 Υἱοῦ
2873 2453 2934 2508 τὸ
3015 2455 3154 2508 εἶναι
3223 2459 3301 2527 τῷ
3377 2455 3642 2530 Πνεῦματι
3701 2461 3929 2536 qucum}:

2276 2538 2386 2614 ἅμα
2442 2541 2530 2596 καὶ
2613 2539 2820 2614 α’ἰδίως,
2890 2546 2959 2617 τῇ
3028 2539 3082 2597 δὲ
3155 2541 3320 2600 κτίσει
3384 2541 3780 2623 δημιουργικῶς
3850 2561 3931 2614 καὶ

2276 2628 2547 2713 ἔγχρόνως
2588 2627 2938 2698 καταλλήλως
2997 2628 3178 2708 ἐρρέθη
3223 2633 3310 2688 καὶ
3378 2634 3440 2688 τὸ
3509 2631 3930 2713 διακρινόμενον,

2280 2712 2340 2772 Ἠ
2394 2717 2491 2791 μὲν
2551 2718 2652 2797 γὰρ
2693 2718 2919 2798 τρεπτὴ,
2963 2719 3036 2782 ὡς
3066 2719 3128 2775 ἐκ
3168 2721 3262 2776 106
3290 2720 3367 2795 μὴ
3410 2719 3562 2785 ὄντος
3592 2712 3667 2786 εἰς
3699 2724 3759 2778 τὸ
3787 2723 3928 2779 εἶναι

2280 2817 2542 2878 τραπετσα
2599 2807 2686 2862 καὶ
2743 2808 2873 2866 ποτὲ
2928 2808 3028 2882 μὲν
3096 2807 3248 2884 οὖσα,
3309 2813 3428 2865 εἶτα
3469 2813 3734 2889 χρονικῶς
3781 2815 3931 2885 οὖσα,

549 2899 680 2977 puri
732 2918 849 2958 non
885 2898 1215 2966 exsistat,et
1261 2899 1670 2971 mutationem,
1705 2906 1762 2958 et
1783 2897 2195 2958 alterationem

2279 2895 2366 2950 καὶ
2408 2897 2468 2951 τὸ
2512 2898 2734 2974 τρεπτὸν
2794 2895 2996 2975 ἔχουσα
3037 2898 3125 2953 καὶ
3154 2895 3451 2954 ἀλλοιωτὸν
3477 2900 3532 2954 ἐν
3575 2913 3699 2964 ταῖς
3741 2901 3820 2963 εἷς
3875 2903 3936 2956 τὸ

547 2988 605 3046 in
626 2986 902 3048 meliores
919 2987 1268 3066 pejoresque
1294 2987 1811 3047 transmutationes
1831 2985 2096 3047 admittat
2124 2987 2196 3046 At

2279 2996 2520 3060 κρεῖττον
2577 2985 2664 3040 καὶ
2723 2999 2914 3064 χεῖρον
2970 2983 3322 3061 μεταϐολαῖς,
3369 2989 3439 3044 Tt‘.
3490 2985 3545 3044 δὲ
3601 2995 3819 3064 Πνεῦμα
3878 2990 3939 3044 τὸ

546 3075 805 3154 Spiritus
853 3087 1095 3136 sanctus
1147 3075 1533 3136 immutabilis
1566 3085 1697 3152 est;
1747 3074 2196 3136 immutabiliter

2279 3070 2426 3149 ἅγιον
2497 3072 2574 3148 μὴ
2629 3073 2849 3153 τραπὲν,
2920 3073 3188 3153 ἀτρέπτως
3259 3076 3359 3154 γὰρ
3439 3077 3526 3133 καὶ
3589 3076 3938 3142 ἆναλοιώτως

552 3165 710 3223 enim
746 3173 804 3226 et
833 3165 1113 3225 eontinua
1171 3164 1446 3225 ﬁrmitate
1508 3179 1657 3236 erat,
1703 3174 1760 3225 et
1791 3173 1902 3239 est,
1936 3161 2188 3243 eritque,

2279 3160 2341 3227 ἦν
2389 3162 2473 3216 καὶ
2529 3159 2638 3216 ἔστι
2694 3163 2782 3218 καὶ
2843 3161 3013 3236 ἔσται,
3091 3163 3356 3228 οὒσιωδῶς
3421 3166 3510 3222 καὶ
3563 3166 3818 3246 ἆχρόνως
3876 3170 3942 3223 ‘cx

546 3260 823 3332 tanquam
858 3255 956 3332 qui
990 3251 1387 3314 essentialiter
1434 3261 1493 3315 et
1548 3254 1773 3330 absque
1824 3262 2090 3333 tempore
2121 3271 2191 3314 ex

546 3343 718 3403 Patre
751 3360 857 3422 per
913 3342 1122 3402 Filium
1184 3344 1492 3408 emittitur.
1526 3361 1765 3424 semper
1807 3341 2022 3414 bonus,
2054 3342 2194 3424 quia

545 3432 672 3511 ipsa
696 3432 928 3492 bonitas
953 3439 1130 3510 est,et
1166 3430 1444 3493 bonitatis
1479 3431 1633 3502 fons,
1658 3439 1981 3511 naturaque
2007 3431 2188 3502 Deus,

544 3537 710 3600 aeque
743 3533 918 3600 atque
951 3521 1049 3581 ille
1073 3531 1182 3597 est,
1211 3539 1275 3580 ex
1301 3539 1416 3602 quo
1468 3530 1525 3582 et
1552 3538 1656 3601 per
1676 3539 1875 3600 quem.
1909 3521 2191 3583 immuta-

545 3608 771 3669 bilitatc
798 3610 994 3687 itaque
1029 3619 1088 3670 et
1135 3608 1412 3670 ﬁrmitate
1443 3609 1805 3672 discernitur
1834 3627 1864 3669 a
1895 3619 2189 3691 creatura,

543 3709 601 3760 et
628 3717 743 3758 non
769 3707 924 3778 quod
951 3697 1050 3757 illa
1073 3715 1178 3774 per
1199 3695 1412 3758 Filium
1433 3697 1692 3758 substitit
1709 3699 2191 3759 communionem

542 3787 798 3867 aliquam
825 3803 960 3846 cum
986 3786 1081 3844 illa
1102 3784 1324 3846 habere
1365 3786 1754 3847 existimatur.
1790 3785 1932 3857 Qua:
1953 3805 1986 3847 e
2012 3805 2045 3847 a
2073 3785 2194 3848 Deo

547 3879 958 3941 mamt‘estatus
987 3877 1358 3955 Epiphanius
1390 3878 1448 3939 in
1481 3880 1777 3958 Ancyroto
1811 3879 1933 3939 haec
1965 3873 2140 3938 habet
2175 3897 2189 3939 :

555 3992 578 4024 α
620 3971 798 4046 Igitur
829 3967 1000 4028 Pater
1024 3980 1433 4050 eratsemper,
1469 3978 1529 4032 et
1573 3969 1827 4050 Spiritus
1847 3978 1969 4031 erat
1992 3982 2196 4045 smper

543 4076 576 4119 a
609 4057 780 4118 Patre
805 4066 864 4117 et
909 4056 1078 4117 Filio.
1116 4056 1255 4128 Quae
1301 4076 1444 4119 vero
1484 4059 1929 4139 subsequuntur
1962 4057 2191 4118 Patrem

545 4155 605 4222 et
631 4147 838 4208 Filium
865 4156 921 4206 et
957 4147 1240 4226 Spiritum
1265 4156 1532 4208 sanctum
1559 4150 1760 4208 omnia
1801 4149 2036 4208 condita
2058 4158 2194 4212 sunt

546 4243 603 4297 et
630 4247 852 4307 creata,
879 4244 935 4298 et
959 4255 1092 4295 cum
1134 4255 1249 4296 non
1295 4246 1494 4298 essent
1529 4237 2030 4318 aliquantio,facta
2058 4243 2196 4296 sunt

545 4343 577 4384 a
612 4323 782 4384 Patre
813 4334 870 4384 et
904 4323 1076 4399 Filio,
1103 4333 1164 4386 et
1194 4326 1416 4406 Spiritu
1457 4335 1726 4389 sancto.)
1778 4325 1922 4398 Quis
1953 4344 2067 4385 non
2100 4323 2192 4384 af-

2275 3249 2478 3326 Πατρὸς
2520 3245 2588 3304 δι’
2661 3250 2779 3306 Υἱοῦ
2819 3249 2960 3306 ἐστιν
3010 3250 3438 3328 ἐκπεμπόμενον,
3483 3253 3565 3310 ἀεὶ
3605 3245 3820 3333 ίᾶγαθὸν
3863 3259 3941 3318 ὡς

2274 3339 2592 3418 αυτάγαθον,
2640 3340 2728 3396 καὶ
2769 3341 2922 3418 πηγὴ
2980 3340 3336 3418 ἀγχθότητος,
3385 3341 3531 3421 φύσει
3577 3347 3708 3408 Θεὸς
3765 3347 3841 3410 ὡς
3887 3345 3942 3411 ἐξ

2275 3430 2334 3485 0-5
2388 3430 2475 3484 καὶ
2533 3426 2601 3484 δι’
2657 3431 2738 3491 06.
2799 3428 2890 3487 Ἐν
2938 3437 3065 3510 γοῦν
3093 3436 3171 3505 τῷ
3199 3431 3442 3511 ἀτρέπτῳ
3468 3435 3558 3490 καὶ
3582 3432 3946 3510 ἆναλλοιώτψ

2275 3511 2556 3596 διαιρεῖται
2614 3518 2720 3574 ἀπὸ
2760 3517 2859 3584 τῆς
2891 3519 3130 3596 κτίσεως,
3161 3521 3250 3576 καὶ
3293 3523 3353 3578 οὒ
3406 3519 3576 3591 δήπου
3631 3521 3687 3578 ἂν
3742 3530 3826 3598 τῷ
3868 3522 3943 3580 δι’

2280 3607 2399 3662 Υίοῦ
2446 3607 2641 3673 ταύτην
2681 3607 3004 3684 ὑποστῆναι,
3078 3610 3353 3668 κοινωνίαν
3404 3611 3521 3666 τινὰ
3573 3614 3705 3690 πρὸς
3764 3615 3941 3682 αὐτὴν

2277 3693 2426 3774 ἔχειν
2481 3695 2769 3770 νομίζεται.
2817 3697 2914 3754 Καὶ
2957 3717 3017 3776 γε
3062 3699 3091 3753 ὁ
3144 3698 3534 3779 θεοφανέρωτος
3609 3697 3940 3780 Ἐπιφᾶνιος

2277 3783 2330 3839 ἐν
2372 3789 2451 3858 τῷ
2493 3783 2812 3864 Ἀγκυρωτῴ
2869 3783 3006 3842 οὕτω
3056 3787 3234 3865 φησί·
3302 3811 3323 3843 ε
3388 3790 3569 3848 Τοίνυν
3621 3791 3811 3867 Πατὴρ
3869 3792 3938 3860 ἦν

2275 3872 2377 3944 ἀεὶ,
2428 3874 2516 3928 καὶ
2571 3874 2632 3929 τὸ
2688 3878 2901 3948 Πνεῦμα
2944 3875 3011 3940 ἧν
3067 3876 3146 3931 ἀεὶ
3187 3877 3332 3954 παρὰ
3375 3879 3580 3958 Πατρὸς
3634 3879 3723 3935 καὶ
3787 3882 3938 3941 ι’ἱοῦ.

2276 3963 2351 4018 Τὰ
2393 3959 2447 4016 δὲ
2502 3963 2638 4037 μετὰ
2705 3967 2910 4040 Πατερα
2986 3965 3074 4020 καὶ
3164 3967 3284 4020 Υἱὸν
3361 3968 3450 4023 καὶ
3504 3966 3658 4046 ἅγιον
3716 3971 3938 4044 Πνεῦμα

2274 4051 2446 4109 πάντα
2503 4052 2732 4124 ποιητὰ,
2789 4053 2878 4108 καὶ
2917 4053 3126 4115 κτιστὰ.
3181 4055 3266 4111 καὶ
3325 4056 3402 4131 μὴ
3460 4055 3588 4113 ὅντα
3645 4057 3776 4114 ποτὶ
3831 4059 3938 4137 γέ-

2273 4161 2394 4215 γονε
2437 4142 2579 4220 παρὰ
2620 4142 2824 4220 Πατρὸς
2877 4144 2964 4198 καὶ
3009 4144 3130 4200 Υἱοῦ
3169 4145 3256 4200 καὶ
3325 4145 3473 4222 ἁγίου
3528 4147 3861 4222 Πνεύματος.
3903 4171 3930 4207 ι

2273 4230 2362 4293 Τίς
2433 4231 2527 4286 οὐκ
2581 4229 2694 4308 ἐρεῖ
2759 4230 3019 4288 κάνταῦθα
3086 4232 3379 4300 καθολικῶς
3431 4237 3523 4292 τὸν
3579 4236 3741 4315 λόγον
3789 4241 3934 4294 εἶναι

2273 4319 2391 4392 περὶ
2418 4318 2711 4398 ὑπάρξεως,
2772 4321 2861 4376 καὶ
2915 4322 2977 4376 τὸ
3035 4323 3132 4396 μὲν
3173 4326 3319 4380 θεῖον
3375 4329 3588 4400 Πνεῦμα
3642 4325 3934 4405 θεολογεῐ-

547 4413 895 4484 ﬁrmaverit,
930 4413 1026 4474 hic
1079 4433 1313 4494 quoque
1370 4416 1429 4476 in
1476 4433 1818 4476 universum
1853 4431 2190 4478 sermonem

2279 4411 2393 4463 σθαι
2435 4429 2529 4464 του
2573 4411 2772 4488 Πατρὸς
2827 4411 2914 4465 καὶ
2978 4413 3099 4467 Υἱοῦ
3154 4413 3290 4470 κατὰ
3345 4414 3442 4481 τὴν
3512 4415 3671 4473 αὑτοῦ
3697 4417 3936 4496 φυσικὴν

543 4520 674 4562 esse
706 4502 779 4562 de
813 4501 1178 4582 exsistentia,
1234 4512 1292 4564 et
1322 4505 1600 4584 Spiritum
1642 4512 1910 4564 sanctum
1944 4498 2192 4563 decerni

2279 4498 2348 4586 εἷς
2402 4498 2463 4554 τὸ
2516 4498 2660 4555 εἶναι
2704 4497 2950 4578 πρόοδον,
2995 4501 3093 4568 τὴν
3136 4498 3191 4556 δὲ
3251 4504 3420 4562 κτίσιν
3479 4503 3724 4582 λέγεσθαι
3764 4528 3935 4586 γεγο-

542 4608 609 4650 ex
645 4589 812 4651 Patre
864 4598 922 4652 et
956 4591 1098 4651 Filio
1151 4596 1477 4654 secundum
1529 4611 1700 4654 suum
1760 4590 2086 4654 naturalem
2116 4587 2190 4650 ad

542 4696 672 4739 esse
706 4696 1079 4758 progressum
1107 4698 1121 4743 ε
1174 4689 1233 4741 et
1288 4689 1616 4743 creaturam
1648 4681 1860 4743 factam
1889 4680 2070 4742 fuisse
2100 4695 2193 4739 as-

541 4768 864 4829 siiveraria
894 4767 1085 4829 tribus
1115 4767 1439 4831 divinitatis
1488 4769 1924 4851 hypostasibus,
1975 4776 2033 4829 et
2061 4787 2192 4849 quae

544 4855 972 4918 discernuntur
1000 4857 1278 4919 similiter
1300 4865 1364 4918 ut
1380 4857 1462 4920 ibi
1480 4858 1739 4939 apponi;
1767 4857 1907 4920 hinc
1920 4866 2194 4919 accurata

540 4963 796 5025 veraque
825 4945 1141 5007 traditione
1164 4947 1491 5007 secundum
1517 4947 1875 5008 exsistentiae
1899 4946 2188 5007 rationem

541 5052 575 5094 a
606 5039 772 5096 Patre
806 5053 911 5115 per
937 5035 1144 5096 Filium
1199 5036 1662 5116 omnipotentem
1697 5035 1981 5116 Spiritum
2015 5053 2187 5096 crea-

541 5132 852 5205 turamque
884 5125 1154 5204 decerni,
1187 5134 1242 5185 et
1277 5125 1426 5185 hanc
1458 5144 1662 5186 rursus
1693 5145 1725 5185 a
1757 5129 1928 5188 Patre
1960 5123 2017 5184 in
2052 5122 2187 5203 Spi-

538 5211 654 5272 ritu
711 5232 818 5290 per
850 5213 1107 5275 Filium:
1165 5232 1488 5294 rursusque
1547 5233 1580 5275 a
1637 5217 1811 5276 Patre
1841 5223 1897 5274 et
1945 5212 2094 5274 Filio
2127 5221 2189 5273 et

539 5301 759 5378 Spiritu
785 5310 988 5361 sancto
1013 5301 1042 5360 ‘?
1073 5301 1183 5374 Qui
1218 5304 1331 5362 imo
1361 5311 1416 5363 et
1467 5303 1701 5380 genitor
1742 5301 1874 5363 Filii
1903 5305 2096 5381 Pater,
2131 5309 2190 5362 et

538 5397 825 5450 creaturae
856 5391 1128 5450 conditor
1150 5391 1226 5451 ita
1250 5400 1310 5451 ut
1333 5391 1506 5452 ambo
1555 5411 1587 5452 a
1628 5391 1798 5453 Patre
1827 5399 2184 5470 astruantur,

539 5483 598 5538 et
623 5477 779 5555 quod
803 5477 1166 5540 discernitur
1196 5498 1568 5561 nequaquam
1593 5479 1666 5543 ab
1697 5481 1885 5555 hisce,
1919 5480 2029 5540 nisi
2063 5489 2187 5540 tan-

540 5571 686 5642 tum,
722 5565 876 5644 quod
909 5566 990 5625 ita
1040 5568 1371 5630 secundum
1429 5569 1836 5631 exsistentiam
1871 5588 1986 5629 non
2021 5568 2186 5630 sint?

2275 4585 2414 4642 νέναι
2471 4589 2614 4667 παρὰ
2681 4593 2790 4644 τῶν
2843 4595 3002 4669 τριῶν
3055 4589 3152 4658 τῆς
3235 4594 3487 4661 θεότητος
3554 4585 3932 4676 mnam,

2273 4677 2362 4733 καὶ
2411 4677 2503 4766 τέιΔ
2535 4675 2950 4754 διαστελλόμενα
3005 4681 3226 4756 ὁμοίως,
3303 4684 3376 4748 ὡς
3443 4683 3561 4742 ἐκεῖ
3631 4675 3932 4766 παρατίθεὲ

2275 4767 2413 4834 σθαι,
2475 4763 2592 4822 ὅθεν
2648 4768 2959 4846 εἰλικρινοῦς
3014 4768 3356 4848 παραδόσεως
3440 4775 3577 4832 κατὰ
3658 4763 3754 4831 τὸν
3822 4781 3934 4844 τῆς

2273 4851 2537 4932 ὑπάρξεως
2608 4855 2766 4936 λόγον
2822 4859 2964 4938 παρὰ
3019 4861 3222 4938 Πατρὸς
3265 4858 3333 4917 δι’
3367 4863 3488 4919 ι’ιοῦ
3541 4865 3604 4922 τὸ
3657 4863 3933 4930 παναλκὲς

2273 4949 2487 5020 Πνεῦμα
2538 4943 2934 5022 δογματίζεσθαι
3006 4950 3092 5004 καί
3155 4951 3252 5018 τὴν
3321 4952 3512 5032 κτίσιν,
3583 4955 3672 5009 καὶ
3728 4956 3936 5023 ταύτην

2273 5033 2429 5091 πάλιν
2474 5036 2616 5113 παρὰ
2673 5037 2878 5107 Πατρὸς
2933 5036 2986 5092 ἐν
3029 5039 3294 5114 Πνεύματι
3337 5038 3404 5096 δι’
3469 5045 3589 5099 ι’ἱοῦ
3623 5059 3639 5074 ’
3691 5045 3784 5101 καὶ
3829 5044 3936 5101 αὖ·

2269 5127 2348 5187 θις
2385 5126 2527 5202 παρὰ
2568 5127 2770 5204 Πατρὸς
2841 5127 2928 5182 καὶ
2988 5128 3133 5200 Υἱοῦ,
3189 5129 3278 5184 καὶ
3359 5129 3506 5208 ἁγίου
3563 5133 3933 5214 Πνεῦματος;

2273 5217 2343 5271 06
2399 5216 2506 5288 μὴν
2559 5213 2693 5269 ἀλλά
2748 5217 2835 5271 καὶ
2891 5216 3159 5294 γεννήτωρ
3211 5219 3240 5273 ὁ
3298 5220 3479 5298 Πατὴρ
3535 5229 3627 5277 τοῦ
3664 5227 3785 5278 Υἱοῦ

2269 5307 2368 5368 τῆς
2422 5304 2643 5367 κτίσεως
2693 5305 2948 5375 ποιητὴς,
2994 5307 3066 5369 ὡς
3125 5305 3185 5363 ἐκ
3227 5310 3432 5387 Πατρὸς
3489 5308 3652 5389 ἄμφω
3711 5322 3942 5392 τρανοῦ-

2273 5394 2412 5465 σθαι,
2475 5394 2563 5449 καὶ
2603 5396 2663 5448 τὸ
2693 5391 3086 5471 διακρινόμενον
3134 5395 3347 5460 πάντως
3389 5401 3482 5457 οὔκ
3532 5399 3640 5456 ἀπὸ
3699 5403 3935 5476 τούτων,

2270 5480 2306 5548 ἢ
2349 5480 2428 5538 ὅτι
2454 5480 2593 5569 ταδὶ,
2650 5483 2726 5558 μὴ
2782 5479 2899 5539 καθ’
2969 5480 3210 5563 ὕπαρξιν,
3257 5487 3354 5542 Καὶ
3383 5491 3482 5554 τῆς
3541 5487 3844 5569 ὁμολογίας
3903 5495 3938 5559 ἡ

2267 5571 2485 5648 κορωνὶς
2553 5568 2861 5637 ’Λθανάσιος
2915 5571 2967 5629 ἂν
3019 5575 3054 5648 ᾖ
3115 5573 3368 5632 δκτίθεται
3452 5574 3678 5644 διαλέξει
3735 5568 3936 5660 Ὅριο-
