4184 6300
333 332 357 390 l
374 331 490 397 389

1355 339 1659 404 CONTRA
1706 331 2136 400 MANUELEM
2181 332 2662 398 CRETENSEM.

3548 339 3576 400 1
3588 334 3707 402 390

323 462 470 531 δόξου
528 471 615 525 καὶ
661 468 960 545 Ἀνομοίου,
1028 494 1055 525 α
1117 471 1285 543 Λίτία,
1337 492 1364 524 ι
1417 471 1598 550 φησὶν,
1658 492 1681 527 ι
1731 468 1872 526 ἔστιν
1928 471 1960 537 ἡ

2047 461 2118 524 Ει
2147 465 2542 528 confessionis
2562 466 2812 546 hujusce
2843 467 3083 531 coronis
3103 468 3464 532 Athanasius
3494 472 3556 532 in
3581 472 3705 533 col-

324 561 418 609 106
460 562 590 612 Θεοῦ
651 559 803 637 φύσις
856 559 943 614 καὶ
989 560 1083 614 106
1129 559 1250 614 Υἱοῦ
1279 559 1367 614 καὶ
1409 567 1501 616 τοῦ
1529 559 1678 636 ἁγίου
1736 559 1975 632 Πνεῦμα-

324 663 414 704 τος
469 647 557 700 καὶ
609 648 704 712 τῆς
761 648 984 710 κτίσεως
1038 646 1276 713 ἀπάσης.
1311 669 1339 700 ι
1378 645 1544 703 Ἀλλᾶ
1599 649 1691 702 τὸν
1733 647 1798 704 τά
1851 649 1970 702 θεῖα

323 733 483 811 σοφὸν
529 734 736 801 Νύσσης
795 734 878 791 ἐπὶ
915 737 1009 792 106
1051 735 1215 811 μέσου
1270 734 1674 813 παραγαγόντες
1730 732 1796 791 δι’
1851 737 1973 793 Υἱοῦ

322 820 385 875 τὸ
441 827 652 898 Πνεῦμα
700 822 1047 902 θεολογοῦντα
1108 825 1242 881 κατὰ
1293 824 1392 892 τὴν
1444 825 1516 888 εἷς
1575 826 1637 880 16
1690 825 1832 881 εἶναι
1903 820 1968 880 δι’

324 910 484 966 αὐτοῦ
546 910 791 990 πρόοδον,
847 915 921 976 ὡς
966 915 994 968 ὁ
1053 913 1379 988 αὒθόμαιμος
1433 913 1618 972 τούτου
1689 910 1966 985 δέδεικται,

320 999 456 1055 κατὰ
505 1002 598 1056 τὸν
655 1003 811 1060 αὐτὸν
866 1001 985 1058 νοῦν
1042 1002 1266 1081 ἑκάτερα
1295 999 1622 1080 δογματίζων
1675 1022 1699 1055 ε
1735 1000 1786 1066 ἐξ
1849 1005 1970 1057 Υἱοῦ

321 1107 378 1142 τε
436 1090 523 1144 καί
565 1087 632 1144 δι’
700 1092 842 1164 Υἱοῦ,
889 1119 912 1146 ιο
947 1092 1035 1147 καὶ
1063 1091 1164 1158 τὴν
1194 1091 1354 1166 μόνος
1399 1091 1578 1171 φωνὴν
1635 1091 1967 1170 παριστάνων

321 1175 406 1232 ἰπὶ
460 1186 551 1236 10.3
608 1182 808 1258 Πατρὸς
865 1178 1297 1255 λαμϐανομένην,
1359 1177 1525 1254 μηδὲν
1569 1177 1815 1255 ἐμποδὼν
1869 1181 1961 1234 06-

321 1287 416 1321 σαν
473 1268 603 1346 πρὸς
662 1269 723 1324 τὸ
806 1271 894 1324 καὶ
956 1268 1115 1348 ἄμφω
1195 1269 1540 1347 κηρύττεσθαι
1606 1265 1963 1337 καταλλήλοις

321 1353 539 1418 ἂννοίαις
595 1357 682 1413 ἐπί
734 1378 790 1412 τε
832 1359 929 1424 τῆς
985 1355 1279 1433 θεολογίας,
1326 1356 1413 1412 ἐπί
1468 1377 1523 1412 τε
1580 1361 1679 1422 τῆς
1710 1356 1956 1427 κτίσεως,

317 1444 409 1498 τὸν
462 1445 614 1500 αὐτὸν
670 1446 877 1514 Νύσσης
949 1446 1122 1525 χρεὼν
1179 1445 1316 1502 κατά
1390 1446 1450 1500 16
1520 1443 1803 1501 ἀκόλουθον
1873 1446 1960 1498 νῦν

321 1535 615 1604 προθεῖναι,
653 1553 682 1594 ς
728 1535 816 1591 καὶ
860 1535 922 1592 ἑκ
951 1540 1045 1593 τοῦ
1103 1535 1256 1591 r106-
1306 1533 1691 1613 μεγαληγόρως
1722 1532 1959 1613 φθᾶγγό-

319 1642 498 1699 μενον,
561 1620 681 1680 Ἐπὶ
724 1623 904 1698 μέντοι
945 1628 1042 1692 τῆς
1103 1621 1444 1702 δημιουργίας
1516 1622 1576 1680 ἐκ
1629 1625 1735 1678 τῶν
1787 1643 1957 1697 προσ-

2052 550 2275 633 loquio,
2297 557 2457 634 quod
2486 553 2616 634 ipse
2647 556 2804 616 inter
2833 555 3185 618 Anomteum
3219 567 3276 620 et
3296 557 3698 622 Orthodoxum

2053 641 2449 716 concinnavit,
2483 664 2506 700 α
2535 644 2743 717 Causa,
2771 644 2986 724 inquit,
3012 653 3100 706 est
3121 646 3227 708 Dei
3251 657 3459 710 natura
3490 657 3548 710 et
3567 648 3701 711 Filii
3785 692 3798 710 .

2053 737 2108 789 et
2141 730 2398 810 Spiritus
2426 733 2639 806 sancti,
2677 742 2733 794 et
2756 732 3044 796 universae
3087 745 3392 798 creatura-'9.
3430 759 3457 797 ι
3493 736 3607 799 Sed
3639 738 3699 798 in

2053 815 2232 879 rebus
2251 819 2468 882 divinis
2499 821 2798 901 egregium
2823 824 3151 903 Nyssenum
3183 843 3317 886 cum
3345 828 3405 887 in
3439 827 3698 888 medium

2053 905 2497 981 adduxerimus,
2526 927 2631 990 per
2644 909 2858 971 Filium
2881 911 3164 991 Spiritum
3191 911 3620 978 decernentem
3639 915 3699 976 in

2052 1013 2373 1074 progressu
2409 1015 2516 1073 per
2544 998 2739 1078 ipsum
2770 1000 2842 1060 ad
2875 999 3303 1077 exsislentiam,
3337 1003 3422 1063 uti
3441 1004 3565 1081 jam
3587 1004 3698 1064 de-

2051 1085 2307 1147 crevisse
2325 1084 2563 1148 fratrem
2593 1087 2751 1148 Illius
2770 1105 3116 1166 germanum
3137 1089 3694 1168 demonstravimus,

2048 1181 2298 1253 utraque
2335 1175 2667 1236 secundum
2708 1178 2977 1238 eamdem
3012 1182 3368 1241 sententiam
3399 1181 3697 1243 definien-

2051 1267 2190 1331 tem,
2221 1286 2247 1315 α
2275 1279 2344 1322 ex
2365 1262 2514 1323 Filio
2531 1271 2589 1324 et
2613 1282 2718 1344 per
2750 1264 2960 1326 Filium
2985 1290 3012 1321 ο
3037 1269 3279 1329 etsolus
3301 1287 3502 1330 vocem
3523 1288 3694 1332 com-

2048 1357 2504 1437 monstrantem,
2539 1371 2671 1412 cum
2704 1354 2780 1415 de
2821 1355 2996 1415 Patre
3026 1355 3335 1437 accipitur,
3371 1357 3534 1419 nullo
3564 1376 3696 1420 esse

2040 1433 2493 1515 impedimento,
2516 1439 2660 1520 quin
2683 1433 3174 1504 convenientibus
3194 1433 3527 1523 sententiis,
3551 1447 3689 1509 dum

2039 1541 2138 1585 res
2161 1525 2510 1606 theologicae
2532 1537 2987 1612 pertractantur,
3023 1540 3082 1593 et
3105 1532 3180 1594 de
3201 1542 3470 1596 creatura
3494 1553 3692 1598 sermo

2042 1622 2152 1684 est,
2184 1622 2431 1694 utraque
2454 1618 2877 1701 praedicentur,
2909 1620 2999 1682 rei
3021 1621 3231 1683 ordine
3252 1631 3507 1705 servato,
3529 1623 3689 1686 idem

319 1717 463 1789 εχῶς
507 1710 876 1793 ὡμολόγηται,
921 1713 1010 1768 ὶπὶ
1068 1709 1121 1767 δὲ
1176 1718 1270 1768 τοῦ
1318 1712 1455 1768 θείου
1509 1712 1596 1766 καὶ
1636 1711 1960 1789 ὕπεραγάθου

2047 1719 2202 1762 nunc
2225 1703 2576 1766 referendus
2595 1707 2820 1785 ingenti
2843 1726 2981 1770 voce
3002 1709 3414 1789 pronuntians,
3449 1703 3688 1776 (etiam

318 1799 622 1874 Πνεύματος
666 1799 718 1858 ἰν
751 1806 818 1877 τῇ
853 1790 926 1863 είς
984 1802 1044 1858 16
1097 1800 1268 1879 Πάτερ
1323 1801 1478 1875 ἡμῶν
1522 1797 1703 1874 ὁμιλίᾳ
1756 1797 1960 1877 διαῤῥή-

2047 1807 2115 1851 ex
2145 1790 2319 1854 Filio.
2351 1817 2372 1881 ι)
2408 1794 2482 1855 Et
2511 1795 2584 1856 de
2617 1812 2818 1859 rerum
2840 1798 3145 1860 creatione
3175 1817 3245 1861 ex
3269 1800 3537 1878 proxime
3559 1802 3686 1881 jam

317 1885 412 1955 δην
456 1887 592 1945 οὕτω
639 1888 884 1968 θεολογεϊ
915 1905 931 1921 ⁸
973 1912 1001 1944 ι
1037 1881 1095 1948 Ὀ
1130 1890 1229 1967 γὰρ
1283 1890 1574 1967 μονογενὴς
1609 1888 1726 1952 Υἱός
1771 1886 1832 1943 ἐκ
1872 1893 1960 1971 τοῦ

2048 1880 2319 1971 adductis
2347 1880 2742 1946 indubitatum
2775 1903 2882 1957 εει,
2920 1889 2996 1950 de
3019 1887 3221 1950 divino
3251 1907 3388 1950 vero
3423 1898 3483 1951 et
3508 1880 3690 1971 supra

320 1949 518 2054 Πατρός
601 1980 742 2056 παρὰ
802 1949 898 2047 τῆς
983 1949 1387 2058 θείάςιῐζραίρῆς
1431 1949 1788 2056 ’ὀνομάζεταῃ
1874 1969 1960 2032 γαῖ

2049 1967 2370 2031 bonitatem
2403 1989 2641 2033 omnem
2687 1949 2915 2054 Spiritu
2971 1975 3028 2036 in
3060 1949 3335 2040 oratione,

316 2065 476 2144 μέχρι
523 2067 705 2122 τούτου
748 2069 776 2124 6
803 2065 961 2145 λόγος
1030 2064 1246 2133 ἵστησιν
1276 2067 1419 2141 αῦτῷ
1446 2065 1508 2121 τό
1549 2063 1760 2144 ἰδίωμα,
1804 2064 1864 2121 τό
1906 2063 1960 2120 δὲ

2047 2059 2355 2120 manifesto
2377 2059 2537 2122 hunc
2566 2061 2627 2122 in
2655 2063 2898 2124 modum
2928 2064 3240 2128 edisserit:
3281 2089 3308 2122 α
3342 2064 3691 2146 Unigenitus

313 2153 465 2231 ἅγιον
507 2159 719 2228 Πνεῦμα
771 2155 859 2211 καὶ
914 2154 973 2210 ἑκ
1027 2160 1121 2211 106
1169 2155 1375 2234 Πατρὸς
1453 2153 1689 2232 λέγεται,
1759 2154 1844 2210 καὶ
1901 2153 1960 2210 ἐκ

2047 2146 2200 2208 enim
2232 2146 2416 2238 Filius
2447 2167 2514 2210 ex
2549 2149 2718 2213 Patre
2747 2169 2783 2212 a
2812 2152 3011 2214 divina
3039 2150 3344 2234 Scriptura
3373 2173 3683 2238 nuncupa-

312 2250 404 2300 106
460 2244 580 2300 Υἱοῦ
639 2244 781 2301 εἶναι
839 2256 1348 2323 προσμαρτυρεϊται,
1411 2243 1466 2300 Ei
1495 2243 1594 2323 γὰρ
1636 2264 1717 2306 τις
1749 2249 1958 2315 Πνεῦμα

314 2339 538 2410 Χριστοῦ
619 2334 712 2390 οὒκ
780 2332 923 2413 ἔχει,
996 2354 1181 2413 φησιν,
1255 2339 1405 2395 οὗτος
1463 2333 1558 2388 οὒκ
1636 2331 1778 2388 ἔστιν
1858 2335 1956 2388 αὒ-

311 2443 426 2482 του.
461 2445 484 2478 Ι

391 2590 494 2660 κε’.
558 2591 718 2657 "Avo:
764 2601 830 2658 τὰ
883 2598 1040 2668 τῆσδε
1105 2601 1308 2677 ῥήσεως
1364 2597 1710 2664 ἐξεταστικῶς
1757 2603 1954 2657 τεθεω-

312 2690 558 2769 ρηκότες,
605 2695 695 2744 νῦν
755 2687 948 2768 ἑτέρως
1007 2690 1136 2746 αὐτὰ
1198 2688 1612 2761 κατοπτεύομεν,
1666 2687 1780 2744 ἐπεὶ
1838 2685 1955 2744 δια-

309 2780 488 2859 φόροις
519 2777 573 2834 ἐν
615 2780 883 2853 ζητήμασι
928 2778 994 2833 τὰ
1033 2780 1153 2833 θεῖα
1209 2779 1314 2833 τῶν
1357 2775 1627 2859 θεηγόρῌων
1685 2777 1789 2843 ἔπη
1847 2775 1956 2832 δια-

309 2855 483 2948 ᾲόρως
550 2867 616 2922 τὰ
671 2871 769 2932 τῆξ
831 2865 1076 2930 ἀληθείας
1129 2866 1460 2942 αὒγᾶξουσιν,
1517 2855 1647 2922 υοτι
1720 2867 1815 2940 μὲν
1867 2872 1954 2921 οὖν

309 2957 568 3012 κάνταῦθα
607 2958 848 3033 γαθαρῶς
916 2954 974 3009 ἐκ
1017 2961 1109 3010 τοῦ
1166 2955 1287 3010 Υἱοῦ
1341 2956 1403 3009 1‘0
1475 2959 1688 3028 Πνεῦμα
1746 2976 1948 3028 μυστα-

310 3059 589 3125 γωγεϊται,
634 3044 721 3100 καὶ
755 3043 814 3098 ἐκ
844 3042 933 3098 106
977 3044 1179 3122 Πατρὸς
1222 3044 1306 3099 διαὶ
1356 3041 1416 3097 ἐκ.
1471 3049 1562 3099 τοῦ
1621 3046 1739 3099 ι’ἱοῦ
1780 3041 1949 3099 διατό-

2042 2241 2158 2307 tur,
2195 2255 2305 2298 nec
2353 2237 2504 2300 ultra
2556 2241 2671 2301 hoc
2719 2241 3142 2320 proprietatem
3189 2243 3349 2304 illius
3400 2245 3684 2320 extendit,

2040 2321 2294 2404 Spiiitus
2335 2335 2534 2388 autem
2564 2337 2803 2390 sanctus
2844 2337 2904 2391 et
2931 2349 3001 2392 ex
3049 2332 3224 2393 Patre
3255 2331 3496 2405 dicitur,
3529 2342 3588 2395 ct
3618 2353 3688 2396 ex

2038 2412 2188 2474 Filio
2219 2431 2351 2476 esse
2379 2417 2680 2480 astruitur.
2715 2418 2784 2482 Si
2811 2419 2948 2498 quis
2978 2421 3137 2482 enim
3164 2420 3472 2500 Spiritum
3500 2420 3686 2485 Citri-

2036 2503 2115 2564 sti
2143 2519 2268 2564 non
2301 2503 2504 2584 habet,
2539 2504 2752 2586 inquit,
2785 2506 2884 2569 hic
2910 2523 3035 2570 non
3066 2515 3158 2569 est
3186 2509 3321 2587 ejus
3351 2507 3426 2573 39.
3464 2534 3491 2566 ι

2117 2589 2219 2653 ‘25.
2254 2589 2418 2652 Licet
2447 2610 2626 2672 supra
2655 2593 2880 2655 dictum
2925 2595 3122 2658 simile
3151 2596 3432 2660 meditate
3457 2600 3686 2661 exami-

2040 2678 2330 2754 navimus,
2384 2699 2543 2742 nunc
2602 2682 2800 2744 denuo
2850 2683 2998 2746 illud
3045 2684 3162 2745 alio
3218 2704 3457 2767 quoque
3509 2688 3685 2750 modo

2038 2767 2446 2844 discutiamus,
2477 2789 2608 2830 cum
2661 2771 2720 2831 in
2750 2771 3002 2834 diversis
3033 2775 3461 2854 quaestionibus
3491 2775 3688 2838 divina

2037 2855 2530 2936 diviuiluquorum
2556 2859 2792 2940 eloquia
2817 2861 3053 2922 diverso
3077 2881 3311 2941 quoque
3333 2865 3509 2925 modo
3535 2868 3686 2928 veri-

2040 2951 2214 3004 tatem
2236 2946 2554 3008 illustrent.
2575 2951 2683 3010 Hic
2704 2951 2900 3030 itaque
2917 2959 3120 3030 aperte
3139 2969 3210 3012 ex
3229 2953 3376 3014 Filio
3394 2955 3682 3034 Spiritum

2035 3035 2240 3108 astrui,
2277 3043 2334 3094 et
2364 3054 2432 3096 ex
2465 3038 2638 3098 Patre
2669 3047 2727 3098 et
2755 3040 2901 3099 Pilio
2933 3058 3150 3100 sonora
3190 3058 3332 3102 voce
3362 3043 3678 3119 declarari,

2034 3123 2190 3202 quod
2239 3125 2636 3202 adversarius,
2695 3155 2713 3181 ι
2755 3126 2896 3198 Quae
2949 3136 3038 3188 est
3084 3132 3403 3191 necessitas
3435 3131 3605 3193 dici?
3650 3158 3675 3189 ι

310 3158 412 3214 ρως
455 3141 756 3213 τρανοῦται,
802 3130 930 3209 ὅπερ
987 3135 1016 3188 6
1071 3131 1334 3195 ἀντίθετος
1363 3132 1425 3187 16
1455 3133 1542 3188 καὶ
1571 3133 1633 3188 ὲκ
1674 3139 1767 3189 τοῦ
1832 3133 1954 3189 Υἰοῦ

308 3225 520 3305 φάσκει,
561 3247 586 3278 α
620 3223 707 3284 Τίς
736 3224 770 3288 ἡ
804 3220 1008 3298 ἀνάγκη
1057 3219 1297 3298 λέγεσθαι
1330 3239 1346 3299 ς
1386 3244 1414 3275 ιι
1464 3222 1550 3278 καὶ
1579 3221 1671 3277 οὒκ
1701 3220 1947 3300 ἐπιστρέ-

2047 3214 2313 3288 reboans,
2375 3232 2482 3273 nec
2542 3215 2902 3293 tlieologicas
2958 3215 3199 3284 Patrum
3259 3218 3681 3296 instructiones

309 3270 650 3372 ’16};
684 3270 770 3366 ‘iv.
803 3270 1047 3387 θεολογίᾳ
1085 3270 1354 3389 πατρικῶν
1409 3307 1780 3384 διδασκαλιῶν,
1843 3270 1949 3390 1;:-
1969 3339 2010 3392 ο
2035 3301 2318 3373 revereri,
2342 3304 2650 3365 manifesto
2668 3270 3250 3384 deprehenditurﬁt
3267 3309 3446 3369 verbo
3465 3291 3589 3372 esse
3603 3314 3676 3372 ad

307 3379 564 3483 νεροῦται.
615 3401 714 3457 Καὶ
769 3397 851 3454 ὅτι
909 3405 1003 3455 τοῦ
1045 3402 1184 3454 εἶναι
1216 3399 1288 3462 είς
1340 3399 1402 3454 16
1442 3403 1777 3468 παραστῆσαι
1833 3395 1953 3456 τοδε

2047 3390 2618 3452 commonstrandum
2675 3379 2786 3454 hoc
2845 3411 2914 3455 ex
2964 3394 3098 3474 hoc,
3159 3403 3216 3456 et
3275 3397 3677 3460 exsistentiam

305 3479 378 3549 ἰοί
418 3489 568 3550 τοῦδε
647 3491 720 3552 είς
775 3488 1043 3567 ὑπάρξεως
1099 3486 1257 3565 λόγον
1312 3485 1458 3546 οὐδὲν
1523 3486 1953 3568 ἀρχοειδὲστερον

2047 3479 2466 3540 :onnotandam
2517 3481 2744 3542 nullum
2803 3481 2960 3543 aliud
3033 3501 3164 3544 esse
3221 3485 3520 3564 antiquius
3576 3500 3675 3552 aut

302 3581 339 3649 ἢ
399 3579 781 3659 ὶμφανέστερον
835 3573 1020 3644 δῆλον.
1078 3582 1246 3634 Τοῦτα
1305 3574 1360 3632 δὲ
1411 3577 1686 3647 σλεπτέον,
1747 3577 1798 3632 τί
1863 3579 1948 3651 τὸ,

2047 3568 2433 3647 ρθτερὶοειοίιιε
2464 3570 2610 3630 nulli
2639 3569 2884 3632 dubium
2918 3581 3028 3634 est.
3060 3573 3186 3634 Hoc
3218 3591 3353 3635 vero
3385 3575 3667 3639 conside-

309 3693 332 3726 ε
371 3656 545 3749 Μέχρι
597 3668 783 3723 τούτου
827 3667 856 3722 6
897 3664 1056 3743 λόγος
1102 3664 1314 3732 ἵστησιν
1369 3665 1513 3738 αὒτῷ
1561 3667 1624 3722 16
1665 3663 1878 3746 ἰδίωμα,
1915 3685 1943 3722 ι

2047 3656 2277 3717 randum
2313 3666 2423 3732 est,
2451 3658 2737 3749 quidnam
2769 3659 2913 3721 illud
2945 3668 3136 3734 sonet,
3179 3683 3201 3719 ιι
3236 3661 3356 3724 Nec
3379 3665 3532 3725 ultra
3561 3666 3673 3728 hoc

303 3747 562 3835 μετὰ-τὸ
604 3755 826 3834 ῥηθῆναι
862 3775 886 3808 ε
919 3755 1009 3810 τὸν
1041 3755 1161 3810 Υἰὺν
1200 3777 1223 3812 ι
1276 3753 1336 3810 ἐκ
1365 3760 1458 3812 τοῦ
1506 3756 1709 3834 Πατρὸς
1739 3757 1943 3830 ὄνομά-

2047 3749 2215 3808 iratio
2264 3747 2688 3826 pr0prietatem
2750 3749 2909 3811 illius
2953 3750 3239 3827 extendit,
3279 3776 3302 3809 ι
3363 3763 3671 3834 postquam

303 3851 500 3920 ζεσθαι.
566 3845 782 3908 Πᾶντως
856 3845 918 3900 16
989 3843 1156 3923 μέχρι
1237 3846 1329 3901 τοῦ
1411 3843 1473 3900 ἐκ
1543 3845 1743 3924 Πλτρὸς
1801 3845 1944 3909 εἶναι

2047 3835 2254 3897 lictum
2282 3837 2386 3897 fuit
2405 3861 2432 3890 «
2457 3835 2667 3897 Filium
2700 3861 2720 3893 υ
2751 3856 2821 3900 ex
2842 3843 3012 3901 Patre
3030 3841 3384 3922 nuncupari.
3410 3842 3672 3906 Omnino

301 3936 389 3990 καὶ
431 3933 510 4007 μη
553 3929 605 3996 ἐξ
647 3931 823 4010 ἐτέρου
852 3929 1015 3994 ὅλως.
1051 3932 1149 3988 Καὶ
1191 3933 1312 4011 οὖχὶ
1369 3939 1461 3989 τοῦ
1516 3935 1842 4010 Μονογενοῦς
1885 3937 1948 3992 τὸ

2047 3946 2061 3980 ι
2090 3942 2202 3986 nec
2232 3925 2383 3985 ultra
2404 3926 2572 3996 illud,
2601 3950 2628 3981 »
2658 3944 2726 3989 ex
2753 3931 2919 3988 Patre
2950 3947 3166 4010 nempe
3188 3949 3342 4012 esse,
3377 3944 3438 3993 et
3462 3951 3578 3993 non
3604 3953 3674 3994 ex

301 4027 362 4080 ἱκ
403 4030 496 4080 τοῦ
553 4023 753 4100 Πατρὸς
799 4024 964 4094 εἶναι,
1009 4019 1185 4097 ἑτερου
1238 4019 1292 4076 δὲ
1335 4022 1618 4099 προσώπου
1659 4026 1737 4097 μὴ
1776 4025 1942 4088 εῖναι,

2047 4013 2166 4088 ilio,
2202 4013 2324 4075 sive
2353 4032 2594 4094 prorsus
2646 4034 2752 4095 per
2779 4019 2964 4078 aliud.
3004 4016 3074 4078 Et
3105 4038 3220 4080 non
3254 4035 3345 4080 est
3378 4018 3678 4100 Unigenili

300 4118 466 4171 T0610
514 4111 614 4190 γὰρ
673 4110 778 4167 ἀπό
807 4132 864 4166 τε
893 4113 992 4178 τῆς
1041 4108 1234 4174 θέσεως
1281 4109 1685 4186 ἂποπεμπτέον,
1729 4114 1816 4169 καὶ
1855 4126 1947 4173 τοῦ

2054 4111 2109 4163 ta
2140 4121 2207 4164 ex
2241 4103 2410 4166 Patre
2440 4122 2592 4174 esse,
2628 4114 2690 4165 ut
2723 4107 2908 4166 altera
2940 4125 3196 4186 persona
3226 4126 3293 4169 ex
3326 4127 3396 4170 eo
3427 4129 3542 4172 non
3575 4114 3670 4173 sit.

297 4201 539 4276 θεμελίου
585 4204 684 4267 τῆς
741 4201 968 4263 πίστεως
1026 4197 1265 4272 ἄρνησις.
1346 4198 1512 4256 Ἀλλὰ
1563 4198 1679 4256 τόδε
1728 4200 1836 4258 ἐστὶ
1889 4205 1950 4260 τὸ

2047 4191 2151 4252 Hoc
2202 4191 2496 4272 siquidem
2527 4212 2561 4252 ει
2613 4194 2904 4274 positione
2934 4194 3328 4273 rejiciendum
3390 4207 3500 4273 est,
3535 4218 3673 4262 cum

296 4289 486 4367 ἰδίωμα
529 4291 588 4345 16
615 4290 709 4344 τὸν
748 4290 870 4345 Υἱὸν
913 4289 1074 4364 μόνον
1119 4287 1180 4344 ἐκ
1221 4290 1384 4362 μόνου
1425 4294 1518 4346 τοῦ
1546 4290 1748 4368 Πατρὸς
1783 4291 1946 4372 εἶναι,

2047 4281 2397 4343 'undamenti
2437 4282 2572 4372 fidei
2601 4283 2914 4372 abnegatio
2945 4284 3042 4346 sit.
3091 4282 3512 4347 Verumtamen
3545 4289 3672 4352 haec

297 4382 385 4437 καὶ
441 4384 500 4438 οὗ
554 4377 724 4448 δήπου
766 4379 854 4434 καὶ
897 4377 948 4443 ἐξ
1004 4377 1202 4458 ἑτέρου,
1247 4377 1283 4445 ἢ
1329 4374 1396 4432 δι’
1450 4377 1627 4456 ἱτέρου
1661 4396 1678 4414 ⁸
1710 4381 1797 4436 καὶ
1839 4369 1946 4461 φαέ

2047 4381 2118 4432 est
2141 4388 2495 4452 proprietas,
2523 4369 2738 4431 Filium
2761 4374 2953 4434 solum
2979 4391 3046 4433 ex
3069 4373 3196 4434 solo
3228 4375 3402 4435 Patre
3433 4393 3587 4454 esse,
3616 4387 3674 4439 et

293 4471 442 4548 νερὸν
494 4469 554 4526 ἐκ
605 4473 705 4535 τῆς
748 4465 1010 4544 λεγούσης
1055 4465 1340 4544 ἐπαγωγῆς
1431 4485 1457 4521 ε
1506 4469 1577 4523 T6
1627 4464 1681 4524 δὲ
1727 4459 1947 4562 Πνεῦμα

2047 4478 2146 4520 ion
2176 4477 2247 4521 ex
2267 4459 2381 4520 alio
2404 4477 2667 4540 prorsus,
2692 4479 2884 4541 neque
2915 4479 3022 4541 per
3045 4461 3228 4542 aliud,
3263 4472 3324 4523 et
3347 4480 3414 4524 ex
3445 4464 3518 4525 iis
3542 4484 3672 4545 quae

293 4527 384 4616 κᾶῑ
439 4557 500 4614 εκ
554 4556 649 4614 106
702 4557 908 4635 Πατρὸς
951 4554 1186 4634 λέγεται,
1233 4555 1320 4611 καὶ
1373 4553 1435 4612 ἐκ
1487 4561 1579 4612 τοῦ
1639 4556 1755 4613 ι’ἶοῦ
1801 4559 1944 4616 εἶναι

2047 4527 2473 4630 :ubsoquuntur
2507 4527 2734 4610 clarum
2767 4527 3058 4626 remanet,
3101 4574 3124 4606 ε
3163 4527 3419 4630 spiritus
3451 4527 3590 4614 verit
3614 4565 3672 4618 et

291 4633 828 4726 προσμαρτυρεῗταιξ
858 4667 880 4701 ε
919 4633 1102 4710 ’Ὁσην
1131 4641 1186 4699 δὲ
1216 4645 1305 4700 καὶ
1332 4642 1475 4741 ⁵οἵαν
1507 4645 1622 4741 ⁸τὴν
1681 4647 1944 4726 αἰσχύνην

2047 4655 2097 4700 ιχ
2123 4640 2293 4700 Patre
2314 4640 2447 4700 esse
2475 4639 2712 4720 dicitur,
2746 4648 2806 4702 et
2826 4658 2895 4701 ex
2921 4639 3397 4741 Filio_astruitur.
3425 4661 3452 4700 ι
3483 4641 3670 4714 Quam

295 4722 525 4818 ἐπιφαίνει
569 4722 688 4798 τοῖς
732 4722 1004 4814 λέγουσιν,
1064 4735 1244 4790 ὁποῖοι
1326 4731 1426 4811 ἔρα
1481 4734 1631 4812 εἰσὶν,
1697 4722 1943 4800 (ἒς-’καθ’

2047 4745 2206 4789 )οι·ιό
2223 4727 2521 4788 infamiam
2542 4728 2818 4790 conciliat
2838 4727 3198 4803 dicentibus,
3220 4728 3558 4818 quicunque
3583 4733 3672 4794 illi

288 4816 502 4905 ὕπαρξιν
546 4824 644 4900 μὲν
701 4823 738 4890 ἡ
796 4847 821 4879 ιι
861 4823 922 4880 ἐκ
974 4833 1066 4883 τοῦ
1121 4823 1326 4902 Πατρὸς
1362 4844 1386 4880 η
1431 4821 1605 4879 ἐνθάδε
1641 4847 1668 4879 α
1701 4827 1793 4881 16v
1825 4828 1944 4885 Υἱὸν

2047 4817 2162 4890 sint,
2191 4817 2517 4878 secundum
2542 4816 2943 4879 exsistentiam
2976 4817 3074 4879 hic
3107 4842 3136 4873 ι
3160 4835 3230 4878 ex
3252 4817 3423 4880 Patre
3451 4820 3666 4884 Filium

287 4915 628 4990 ὀνομάζεσθαι
693 4936 721 4969 ι
770 4912 1013 4992 φωνοῦσα
1070 4911 1340 4992 θεολογία,
1402 4911 1438 4979 ἤ
1479 4933 1538 4968 τε
1596 4915 1682 4970 ιιαὶ
1737 4913 1798 4971 ἔκ
1852 4923 1946 4974 106

2047 4906 2170 4987 lici,
2191 4926 2220 4965 ι
2256 4906 2514 4969 clamare
2537 4907 2916 4986 theologiam,
2939 4907 3061 4969 sive
3083 4907 3261 4969 etiam
3291 4927 3421 4970 eam
3447 4929 3576 4990 quas
3598 4930 3669 4973 ex

291 5005 494 5068 Πατςὸς
551 5000 764 5080 λέγεται
807 5003 868 5058 16
925 5007 1159 5082 Πνεῦμα,
1194 5005 1254 5060 οὒ
1283 5001 1381 5077 μὲν
1423 4999 1478 5056 δὲ
1505 5003 1541 5069 ἡ
1569 5004 1656 5058 καὶ
1691 5023 1716 5059 ε
1764 5003 1825 5060 ἐκ
1853 5012 1944 5062 τοῦ

2047 4999 2199 5058 ?atre
2215 4994 2500 5076 Spiritum
2515 4997 2755 5070 asserit,
2776 5015 2894 5058 non
2914 5005 3111 5060 autem
3137 4996 3297 5058 illam
3316 5017 3447 5078 quae
3466 4999 3663 5076 tradit,

289 5096 409 5150 ι’ίοῦ
451 5095 591 5148 εἶναι
642 5113 668 5146 n
725 5100 881 5150 10610
931 5113 959 5146 α
1005 5103 1508 5170 προσμαρτυρεῐται,
1545 5111 1570 5148 ο
1635 5090 1773 5148 ἀλλᾶ
1808 5095 1944 5151 κατὰ

2047 5111 2056 5141 ι
2084 5094 2142 5147 et
2172 5103 2241 5146 ex
2268 5084 2412 5146 Filio
2444 5103 2576 5147 esse
2604 5085 2914 5166 astruitur,
2943 5111 2967 5141 υ
2997 5086 3099 5148 sed
3132 5085 3361 5148 ratione
3381 5089 3663 5172 dationis,

285 5181 446 5261 λόγον
475 5178 670 5243 δόσεως
713 5178 750 5247 ἤ
793 5179 1139 5258 φανερώσεως
1169 5179 1230 5236 τό
1283 5200 1342 5237 τε
1399 5177 1689 5260 παραδοθὲν
1746 5179 1936 5259 ἱδίωμα

2047 5177 2146 5236 .ive
2161 5173 2652 5236 manifestationis
2667 5175 2939 5237 traditam
2962 5193 3231 5256 personae
3245 5177 3664 5258 proprietatem

284 5271 569 5350 προσώπου
609 5270 706 5326 106
751 5292 779 5324 ε
813 5268 865 5335 ξε
912 5269 1027 5333 ἑνὸς
1057 5288 1088 5328 )
1123 5271 1254 5346 πρὸς
1295 5271 1358 5326 16
1393 5289 1418 5325 ε
1449 5268 1504 5334 EE
1532 5269 1758 5350 ἀμφοῖν,
1786 5293 1811 5329 ο
1848 5265 1937 5329 καὶ

2047 5264 2178 5327 llius
2207 5288 2229 5320 σ
2266 5283 2335 5325 ex
2381 5282 2497 5325 uno
2531 5288 2559 5320 ι
2594 5273 2868 5344 respectu
2919 5264 3082 5325 illius
3113 5263 3216 5346 qui
3255 5289 3278 5320 ε
3315 5284 3385 5326 ex
3417 5273 3666 5350 utroque

283 5361 468 5418 τούτου
510 5359 640 5438 πρὸς
671 5358 869 5430 ἐκεῖνο,
918 5357 978 5414 ix
1019 5367 1111 5416 τιοῦ
1166 5357 1415 5433 ἀνομοίου
1457 5355 1933 5438 διισχυριζομένοις

2047 5361 2128 5428 εει,
2159 5377 2184 5408 ι
2221 5362 2279 5414 et
2309 5352 2484 5431 hujus
2515 5361 2792 5432 respectu
2821 5351 3000 5429 ilius,
3030 5372 3100 5414 ex
3131 5353 3404 5415 dissimili
3428 5366 3666 5420 conten-

281 5451 377 5508 οὒκ
405 5447 466 5506 ιχ
492 5453 584 5505 τοῦ
611 5447 796 5523 ὁμοίου
822 5447 1107 5526 ὑπάρχειν,
1140 5445 1200 5502 εκ
1229 5454 1321 5505 τοῦ
1339 5446 1456 5503 καθ’
1479 5445 1695 5516 ὕπαρξιν
1727 5450 1812 5506 καὶ
1840 5457 1932 5507 τοῦ

2047 5441 2319 5523 ιοιιιὶθυε,
2343 5459 2460 5502 non
2484 5460 2554 5503 ex
2579 5440 2760 5501 simili
2780 5445 3088 5520 exsistere,
3113 5459 3184 5504 ex
3208 5443 3308 5506 illo
3331 5443 3434 5525 qui
3453 5463 3663 5509 secun-

272 5707 276 5710 γ
356 5616 420 5670 δ’
451 5614 628 5682 Rom.
662 5630 786 5692 vui,
820 5613 882 5680 9.
