4206 6292
573 383 721 449 1391

1835 388 2149 454 GEORGII
2190 373 2656 452 M‘ETOCHIM

3812 379 3962 444 1392

565 519 707 580 dum
771 521 1175 584 exsistentiam
1237 530 1347 596 est,
1383 532 1440 584 et
1496 523 1681 585 altero
1737 523 1836 604 qui
1895 521 2209 583 secundum

2304 521 2381 596 μὴ
2440 522 2559 578 καθ’
2610 520 2850 601 ὕπαρξιν,
2907 521 2952 576 εἰ
3005 521 3095 576 καὶ
3137 519 3336 585 ταύτης
3397 518 3666 604 ὁῌτρόπος
3695 516 3959 604 ἑκατέρων

568 609 970 671 exsistentiam
995 632 1106 673 non
1129 621 1235 674 est.
1266 614 1661 692 licethujusce
1686 613 1894 674 modus
1912 610 2217 670 ambarum

567 695 965 775 htpostaseon
1001 700 1309 762 dissimilis
1364 701 1461 764 sit.
1498 701 1698 762 Solum
1733 719 1870 762 vero
1902 697 2113 759 Filium
2149 716 2217 758 ex

565 789 693 846 solo
722 786 887 848 Patre
923 804 1043 848 non
1079 798 1302 850 tantum
1338 809 1408 851 ex
1466 790 1625 850 dicto
1660 790 1928 870 proxime
1958 788 2212 866 digesto,

565 875 668 934 sed
703 886 755 934 et
784 875 899 937 alio
925 897 1182 957 quoque,
1212 880 1458 940 numine
1480 880 1712 942 afﬂatus
1740 878 2037 959 Nyssenus
2059 894 2217 936 com-

567 974 876 1038 monstrat,
908 985 1017 1026 seu
1054 968 1245 1044 potius
1273 967 1447 1029 ambo
1494 968 1903 1046 cognomines,
1942 975 2062 1026 tum
2097 965 2212 1040 hic,

566 1060 687 1112 tum
719 1053 819 1131 qui
853 1073 922 1114 ex
952 1055 1118 1115 miris
1141 1056 1398 1116 edendis
1424 1076 1754 1136 cognomen
1787 1055 1903 1118 sibi
1937 1053 2213 1128 vindicat,

562 1139 1057 1204 Neocaesariensis
1074 1145 1306 1205 «litinus
1329 1146 1666 1219 hierarcha,
1689 1145 1999 1226 perspicue
2023 1141 2215 1202 decla-

559 1239 713 1292 rant.
752 1229 861 1291 Hic
909 1236 1067 1292 enim
1103 1251 1237 1293 cum
1297 1234 1562 1295 divinum
1598 1235 1784 1294 visum
1820 1230 2217 1312 praecessisset

561 1317 900 1381 insinuante
919 1319 1146 1382 Joanne
1168 1320 1496 1400 Theologo,
1531 1324 1632 1403 qui
1662 1325 1719 1384 in
1749 1329 1953 1402 pectus
1978 1319 2216 1382 Domini

558 1408 855 1480 recubuit,
914 1427 1107 1470 veram
1145 1410 1346 1484 ﬁdem,
1382 1410 1485 1473 Dei
1539 1416 1721 1474 Matre
1755 1409 2208 1484 interveniente,

562 1495 846 1557 edocetur
873 1517 886 1555 :
924 1497 1024 1557 ille
1050 1498 1289 1578 propria
1319 1499 1583 1560 oratione
1614 1501 1785 1562 vitam
1818 1502 1999 1582 hujus
2030 1512 2088 1563 et
2115 1519 2212 1562 res

561 1593 755 1662 gestas
789 1585 1063 1645 laudibus
1088 1605 1477 1666 prosequens.
1515 1591 1668 1650 inter
1687 1591 1803 1651 alia
1834 1590 2212 1653 revelationis

564 1673 803 1733 modum
835 1690 1094 1737 enarrat.
1128 1684 1186 1736 et
1217 1677 1274 1735 in
1323 1694 1392 1735 ea
1423 1677 1599 1739 ﬁdem
1635 1679 1910 1741 dictatam
1946 1679 2208 1760 exponit,

561 1779 692 1840 qua;
721 1763 780 1822 in
817 1783 932 1823 uno
983 1783 1053 1824 ex
1085 1765 1304 1826 nostris
1337 1767 1682 1829 tractatibus
1723 1769 1951 1848 integra
1981 1770 2210 1845 digesta

2301 609 2639 666 ὑποστάσεων
2691 609 2945 677 κέκτηται
2987 611 3050 664 τὸ
3091 607 3369 680 ἀνόμοιον.
3433 596 3564 664 ’Ὁτι
3607 605 3662 662 δὲ
3708 606 3872 682 μόνος
3902 603 3961 660 έκ

2301 698 2464 771 μόνου
2512 701 2605 755 τοῦ
2649 699 2853 776 Πατρδς
2887 699 2915 753 ὁ
2978 699 3122 776 Υἱὸς,
3156 699 3260 773 οὐχ
3293 693 3442 760 ὅπως
3474 693 3537 751 έκ
3563 693 3770 772 ῥήσεως
3798 712 3959 770 προσ-

2299 809 2368 868 εχ
2374 796 2447 853 ὦς
2474 794 2572 859 τῆς
2602 789 3061 870 περιληφθείσης,
3093 787 3230 845 ἀλλὰ
3258 789 3348 843 καὶ
3377 784 3430 852 EE
3461 785 3664 865 ἐτέρας,
3697 787 3728 841 ὃ
3755 782 3956 851 θεόλη-

2299 900 2430 942 πτος
2476 880 2687 946 Νύσης
2732 879 2989 959 ἐκφαίνει,
3050 877 3087 946 ἢ
3144 874 3349 952 μᾶλλον
3377 877 3412 943 ἡ
3456 874 3766 954 ἀμφοτέρων
3797 872 3953 938 δμώο

2300 987 2456 1040 νυμος
2514 965 2662 1041 δυὰς,
2708 969 2862 1031 οῦτος
2903 987 2959 1022 τε
3021 965 3109 1022 καὶ
3148 977 3266 1029 τοῖς
3320 964 3578 1038 θαύμασιν
3631 964 3661 1018 ὁ
3715 980 3953 1040 φερωνυ·

2299 1061 2416 1129 μῶν
2529 1055 2932 1135 Νεοκαισαρείας
3029 1053 3206 1118 ’ένθεος
3311 1052 3537 1132 ίεράχης
3632 1047 3952 1106 δεικνύουσιν

2298 1142 2557 1222 ἐναργῶς.
2622 1135 2679 1202 Ὀ
2765 1144 2863 1220 μὲν
2936 1143 3036 1222 γὰρ
3093 1142 3235 1203 θείας
3291 1141 3544 1202 ὀπτασίας
3599 1135 3952 1214 ἡγησαμένης

2297 1234 2440 1310 παρὰ
2512 1231 2756 1291 Ἰωάννου
2829 1239 2922 1290 τοῦ
2990 1231 3290 1298 έπιστηθίου
3359 1243 3445 1285 και
3516 1225 3779 1305 Θεολόγου
3853 1225 3952 1291 τὴν

2295 1319 2553 1389 ἀληθινὴν
2623 1322 2798 1378 πίστιν
2857 1333 3070 1397 μυεῖται
3127 1318 3507 1396 μεσιτευούσης
3577 1316 3673 1384 “ﬁt:
3729 1315 3950 1388 Θεομήο

2293 1432 2447 1490 τορος
2483 1427 2501 1446 ⁶
2559 1413 2589 1467 ὃ
2653 1409 2706 1466 δέ
2775 1411 2950 1484 οἰκείῳ
3008 1407 3156 1486 λόγῳ
3210 1409 3302 1464 τὸν
3366 1405 3554 1463 τούτου
3609 1405 3722 1481 βίον
3781 1403 3951 1480 έγκω-

2294 1501 2493 1576 μιάζων
2563 1500 2629 1556 τά
2695 1520 2753 1555 τε
2822 1497 2958 1555 ἄλλα
3039 1498 3129 1554 καὶ
3202 1497 3271 1552 τὰ
3344 1499 3444 1562 τῆς
3527 1490 3950 1568 Ἀποκαλύψεως

2291 1588 2584 1668 διηγεῖται,
2656 1589 2744 1644 καὶ
2821 1589 2921 1655 τὴν
2991 1583 3044 1652 ἒξ
3131 1587 3293 1652 αῦτῆς
3363 1581 3782 1661 θεολογηθεῖσαν
3851 1580 3950 1637 πί-

2289 1699 2403 1734 στιν
2469 1675 2760 1755 ἐκτίθεται,
2827 1676 2863 1743 ἢ
2914 1677 3003 1732 καί
3079 1696 3182 1730 τινι
3262 1678 3370 1729 τῶν
3438 1670 3714 1750 ἡμετέρων
3770 1668 3949 1748 λόγων

2290 1765 2513 1830 ἐντελῶς
2566 1766 3018 1845 ὶγκατέστρωται,
3063 1762 3155 1822 Ἐν
3184 1765 3222 1840 ᾗ
3251 1762 3368 1839 περὶ
3413 1768 3504 1818 τοῦ
3561 1761 3769 1836 Πατρὸς
3813 1761 3953 1835 μετᾶ

560 1859 665 1936 est
731 1849 795 1911 In
855 1870 924 1911 ea
984 1862 1292 1932 postquam
1352 1858 1428 1918 de
1492 1861 1657 1916 Patre
1715 1858 1942 1921 dictum
2025 1872 2201 1920 esset.

2291 1858 2352 1912 τὸ
2409 1855 2695 1936 λεχθῆναι,
2735 1879 2764 1911 ε
2815 1857 2900 1920 Εἷς
2954 1855 3108 1927 Θεὸς,
3155 1852 3338 1930 Πατὴρ
3382 1851 3552 1929 Λόγου
3580 1854 3801 1921 ζῶντος,
3849 1870 3950 1905 σο-

563 1960 589 1992 α
626 1935 788 2000 Unus
818 1939 998 2020 Deus,
1035 1945 1208 2004 Pa‘er
1239 1943 1416 2005 Verbi
1460 1945 1730 2014 viventis,
1766 1948 2074 2025 sapientia:
2105 1963 2211 2025 per

558 2027 1034 2118 seysubsistentis
1091 2045 1150 2091 et
1184 2035 1508 2109 potestatis,
1546 2061 1570 2090 ι
1609 2054 1742 2115 qua:
1797 2045 2105 2118 sequntur,
2133 2036 2209 2097 de

557 2115 709 2177 Filio
764 2120 940 2178 tradit
987 2140 998 2180 :
1066 2140 1093 2177 α
1136 2119 1302 2182 Unus
1351 2123 1657 2192 Dominus,
1711 2115 1899 2186 solus
1929 2145 1997 2188 ex
2054 2125 2205 2203 solo,

558 2205 717 2267 Deus
749 2225 819 2266 ex
857 2207 1000 2281 Deo,
1037 2209 1346 2272 character
1377 2221 1438 2272 et
1460 2213 1652 2291 imago
1684 2213 2034 2282 divinitatis,
2071 2214 2208 2273 Ver-

557 2291 954 2384 bumabsque
981 2298 1298 2381 principio,
1335 2324 1363 2356 ι
1399 2309 1458 2362 et
1479 2301 1708 2381 reliqua
1759 2303 1904 2365 Cum
1935 2320 2076 2364 vero
2107 2300 2208 2384 qui

557 2383 842 2445 omnibus
880 2387 1312 2467 contradicunt,
1373 2388 1557 2450 verba
1588 2390 1906 2462 funditare,
1941 2383 2206 2470 novaque

556 2471 930 2532 comminisci
965 2475 1190 2535 nullum
1228 2477 1406 2538 ﬁnem
1443 2476 1688 2551 faciunt,
1734 2480 1872 2540 licet
1899 2498 2032 2559 quae
2059 2479 2206 2540 all'e-

555 2569 772 2646 runtur
811 2559 1136 2622 indubitata
1168 2572 1226 2624 et
1255 2565 1419 2626 omni
1475 2566 1949 2630 contradictione
1982 2568 2207 2646 majora

553 2645 694 2716 sint,
730 2655 951 2707 tantum
984 2657 1047 2708 ut
1077 2650 1386 2712 videantur
1431 2652 1652 2733 aliquid
1684 2655 1907 2728 dicere,
1943 2665 2000 2716 et
2045 2645 2203 2718 aliud

556 2743 843 2813 praeterea
865 2735 1011 2796 nihil
1038 2756 1202 2810 ;nam
1224 2739 1282 2799 in
1307 2741 1617 2820 praesentia
1630 2742 1868 2804 silentio
1894 2752 2199 2823 praetereo,

557 2823 847 2902 majorem
881 2843 1084 2885 eorum
1118 2846 1593 2891 commentorum
1643 2841 1866 2911 partem
1899 2833 1958 2892 in
1995 2841 2202 2911 praeci-

556 2911 1043 2991 pitiaasserente-
1062 2918 1446 2996 compellere,
1469 2920 1721 2980 fortasse
1744 2921 2200 3000 exiisquispiam

553 3000 771 3062 dixerit.
803 3021 817 3061 :
859 3026 882 3056 ιι
917 3004 1104 3064 Filius
1146 3010 1308 3066 solus
1339 3027 1407 3069 ex
1455 3009 1580 3068 solo
1614 3011 1833 3085 Patre;
1869 3034 1896 3065 »
1953 3007 2206 3090 Spiritus

556 3090 715 3149 enim
749 3090 933 3152 Filius
980 3111 1098 3153 non
1131 3103 1239 3155 est.
1279 3095 1447 3168 Quod
1479 3096 1529 3158 si
1560 3097 1635 3159 de
1687 3099 1832 3159 Filio
1864 3116 2204 3160 sermonem

553 3176 803 3267 habens,
831 3180 911 3239 ita
929 3180 1403 3259 locutusfuisset,
1434 3210 1459 3239 α
1476 3184 1639 3248 Unus
1659 3184 1873 3259 Filius,
1897 3212 1919 3244 ο
1949 3195 2202 3267 postmo-

553 3265 695 3326 dum
721 3267 1132 3347 subjumisset
1159 3297 1183 3326 α
1217 3274 1378 3334 solus
1400 3292 1470 3335 ex
1497 3275 1647 3337 solo.
1681 3298 1704 3332 ν
1733 3294 1808 3336 ne
1831 3265 2201 3356 haciquidem

549 3356 780 3419 ratione
839 3358 1060 3418 dictum
1113 3361 1308 3422 simile
1367 3363 1785 3430 certitudinem
1845 3363 2200 3438 habuisset;

553 3444 946 3506 nihilominus
969 3447 1267 3510 videretur
1287 3450 1514 3530 aliquid
1531 3452 1758 3515 dicere.
1780 3455 2204 3516 Verumtamen

552 3530 690 3593 dum
714 3534 877 3610 dicit,
919 3559 945 3589 ιι
975 3555 1125 3596 unus
1153 3539 1438 3599 Dominus
1464 3565 1490 3595 ι
1529 3549 1586 3601 et
1611 3559 1781 3619 quam
1807 3539 1966 3602 illuco
1993 3557 2007 3602 :
2042 3539 2203 3600 solus

555 3637 629 3682 ex
685 3623 811 3682 solo
847 3646 874 3678 ιο
920 3624 1176 3700 addidit,
1247 3649 1276 3687 ‹
1311 3627 1466 3689 Deus
1498 3646 1567 3690 ex
1629 3630 1774 3706 Deo,
1812 3653 1838 3684 »
1900 3637 1960 3690 et
2007 3628 2203 3689 multis

555 3709 908 3788 interiectis,
974 3735 1001 3766 α
1039 3713 1218 3776 Filius
1252 3733 1429 3776 verus
1484 3716 1610 3776 veri
1642 3717 1856 3790 Patris,
1893 3741 1920 3773 »
1963 3715 2206 3778 ubinam

555 3799 964 3859 commentitia
1021 3799 1133 3862 ista
1163 3804 1356 3864 locum
1418 3804 1776 3865 habebunt?
1824 3805 2204 3867 Postmodum

553 3886 752 3946 animo
764 3888 1190 3950 attendendum
1209 3900 1316 3963 est,
1337 3895 1610 3954 eumdem
1631 3911 1762 3954 esse
1778 3892 2206 3972 diviniloquum

557 3975 659 4055 qui
686 3977 972 4036 visionem
1004 3988 1062 4038 et
1087 3980 1470 4059 colloquium,
1505 3982 1564 4044 iu
1599 4001 1714 4062 quo
1740 4001 1776 4044 a
1804 3986 1922 4045 Deo
1951 3990 2209 4060 exceptat

557 4083 765 4144 preces
783 4075 938 4135 sunt,
961 4067 1136 4128 tradit
1157 4081 1529 4149 enarratque,
1554 4081 1612 4132 et
1628 4073 1923 4150 quomodo
1941 4069 2208 4131 sibimet-

555 4153 671 4234 ipsi
741 4159 1037 4218 contraria
1067 4158 1354 4238 scribere,
1390 4168 1447 4220 et
1494 4178 1612 4220 non
1645 4160 1760 4220 sibi
1804 4160 1997 4240 potius
2053 4177 2202 4219 con-

558 4244 762 4305 cordia
789 4247 1018 4308 referre
1049 4247 1313 4307 veritatis
1338 4256 1532 4309 tantus
1561 4267 1627 4310 ac
1658 4251 1978 4310 vehemens
2012 4266 2203 4327 praeco

561 4334 1017 4412 propOsuisset?
1075 4335 1272 4407 Quare
1304 4339 1458 4416 quod
1491 4338 1595 4412 ibi,
1664 4363 1686 4394 ιι
1725 4356 1836 4399 nec
1869 4339 2023 4398 ultra
2063 4355 2204 4416 pro-

559 4423 778 4501 prietas
810 4424 970 4485 illius
1029 4427 1389 4501 extenditur,
1425 4450 1448 4484 ι
1484 4427 1640 4489 ultra
1670 4445 1888 4507 nempe
1931 4443 2003 4487 ex
2033 4427 2206 4487 Patre

559 4528 716 4590 esse,
750 4531 944 4592 neque
999 4532 1071 4575 ex
1103 4515 1244 4590 alio,
1281 4533 1476 4594 neque
1508 4534 1614 4592 per
1670 4515 1850 4576 aliud.
1888 4518 1954 4576 Et
1986 4515 2099 4574 hoc
2146 4522 2207 4576 et

2291 1945 2411 2023 φίας
2439 1945 2747 2024 ὑφεστώσης
2799 1944 2888 2000 καὶ
2935 1940 3229 2020 δυνάμεως,
3279 1963 3308 1996 0
3369 1939 3458 1995 καὶ
3498 1939 3565 1996 τὰ
3619 1936 3766 2012 έξῆς,
3827 1939 3949 2014 περὶ

2289 2039 2383 2089 τοῦ
2451 2035 2574 2090 Υἱοῦ
2615 2030 2738 2088 τάδε
2806 2027 3240 2106 διαλαμϐάνεται,
3283 2050 3312 2082 α
3369 2027 3470 2090 Εἷς
3515 2027 3724 2105 Κύριος,
3785 2026 3947 2101 μόνος

2289 2120 2350 2176 ὲκ
2405 2121 2595 2195 μόνου,
2657 2123 2787 2184 Θεὸς
2844 2119 2906 2176 έκ
2963 2125 3118 2191 Θεοῦ,
3177 2117 3458 2198 χαρακτὴρ
3499 2116 3588 2171 καὶ
3631 2114 3786 2170 εἰκὼν
3843 2119 3945 2182 τῆς

2287 2209 2563 2284 θεότητος,
2623 2212 2792 2288 Λόγος
2853 2207 3114 2287 ἄναρχος,
3176 2227 3206 2266 0
3267 2206 3357 2262 καὶ
3411 2205 3477 2260 τὰ
3533 2202 3719 2262 λοιπά.
3793 2201 3945 2269 Πλὴν

2289 2299 2404 2354 ἐπεὶ
2459 2311 2578 2363 τοῖς
2639 2295 3133 2372 ἆντιδιατιθεμένοις
3202 2296 3331 2372 πρὸς
3404 2292 3576 2349 πάντα
3617 2291 3678 2347 τὸ
3732 2290 3942 2369 εὑρεσι-

2288 2385 2496 2464 λογεῖν,
2541 2388 2629 2444 καὶ
2684 2388 2728 2442 εἰ
2776 2393 2883 2442 τῶν
2939 2381 3354 2462 ἆναντιῤῥήτων,
3399 2382 3486 2438 καὶ
3527 2382 3572 2436 εἰ
3627 2379 3734 2436 τῶν
3765 2380 3941 2455 ἀναμ-

2287 2475 2573 2556 φιλέκτων,
2603 2477 2691 2533 καὶ
2735 2476 2798 2532 τὸ
2845 2472 3023 2532 δοκεῖν
3065 2495 3116 2530 τι
3160 2472 3334 2551 λέγειν
3376 2472 3466 2528 καὶ
3520 2468 3684 2527 πλέον
3740 2467 3888 2528 οὖδέν
3918 2486 3934 2502 ο

2285 2565 2359 2620 ἰῶ
2414 2566 2514 2644 γαρ
2547 2565 2738 2644 ἄριίως
2797 2565 2992 2638 εἰπεῖν,
3055 2563 3130 2626 ὡς
3188 2563 3276 2618 καὶ
3328 2561 3395 2616 τὰ
3447 2557 3614 2616 πλείω
3656 2564 3765 2615 τῶν
3794 2559 3936 2639 σφίσι

2286 2651 2590 2731 λεγομένων
2645 2653 2719 2716 εἰς
2778 2651 3047 2729 κρημνοὺς
3100 2653 3382 2708 συνωθοῦσι
3439 2649 3559 2710 τοὺς
3631 2646 3887 2726 λέγοντας
3919 2665 3933 2679 ·

2286 2740 2399 2818 έρεῖ
2439 2761 2520 2805 τις
2571 2739 2730 2813 ἴσως,
2785 2763 2810 2795 α
2857 2741 2976 2802 Υἱὸς
3036 2739 3199 2814 μόνος
3229 2737 3292 2794 έκ
3329 2736 3490 2812 μόνου
3520 2737 3724 2814 Πατρός
3761 2753 3776 2766 °
3816 2757 3843 2791 0
3878 2734 3938 2790 τὸ

2285 2830 2385 2907 γὰρ
2439 2835 2651 2905 Πνεῦμα
2708 2830 2810 2908 οὐχ
2874 2829 3013 2893 Υἱός.
3080 2829 3136 2885 Εἰ
3193 2826 3371 2903 μέντοι
3413 2826 3530 2904 περὶ
3558 2831 3651 2881 τοῦ
3696 2827 3820 2881 ι’ἱοῦ
3846 2824 3937 2878 τὸν

2285 2915 2448 2996 λόγον
2491 2917 2808 2993 ποιούμενος
2864 2915 3032 2979 οῦ;ως
3077 2914 3324 2993 εἴρηκεν,
3371 2937 3399 2968 ε
3436 2913 3522 2977 εἴς
3573 2915 3716 2992 Υἱὸς,
3747 2923 3782 2966 ἰ
3818 2925 3942 2968 εῖτα

2287 3005 2549 3085 ἐπήγαγε,
2617 3024 2648 3065 ι
2692 3007 2852 3082 μόνος
2907 3008 2972 3060 Ex.
3013 3004 3202 3082 μόνου,
3236 3026 3266 3058 0
3299 2999 3408 3062 οὐδ’
3438 3001 3586 3066 οὗτος
3628 3002 3788 3081 εἶχεν
3818 3000 3886 3055 ἂν
3913 3002 3942 3056 ὁ

2285 3093 2447 3172 λόγος
2499 3093 2586 3151 ὅδε
2630 3096 2692 3150 τὸ
2735 3095 2807 3156 εἷς
2853 3090 3134 3169 βεϐαίωσιν
3166 3107 3182 3122 ·
3217 3091 3362 3167 ὅμως
3402 3091 3521 3147 τινὰ
3561 3087 3779 3156 δόκησιν
3809 3088 3942 3168 εἶχε

2286 3193 2378 3242 τοῦ
2419 3182 2595 3261 λέγειν
2648 3205 2725 3246 τι,
2773 3182 2925 3241 Ἐπεὶ
2966 3180 3022 3239 δέ
3084 3203 3108 3239 ε
3161 3181 3246 3244 εἷς
3292 3181 3479 3260 Κόριος
3514 3201 3538 3232 0
3598 3177 3787 3258 ἔφησε,
3855 3181 3944 3232 καὶ

2223 3247 2263 3297 C
2287 3247 2540 3351 παριυθῦς
2610 3292 2640 3331 (
2691 3271 2849 3347 μόνος
2899 3273 2968 3328 -ὶκ
3036 3271 3200 3340 μόνου
3247 3293 3276 3326 0
3325 3247 3590 3348 ἐπήγαγε,
3705 3247 3838 3331 Θεῦς
3883 3265 3944 3323 ix

2286 3369 2440 3434 Θεοῦ,
2478 3379 2509 3421 ι
2565 3362 2652 3418 καὶ
2694 3361 2829 3436 μετά
2882 3381 3002 3416 τινα
3045 3359 3138 3416 οῦκ
3189 3357 3365 3438 ὀλίγα,
3431 3380 3457 3416 ε
3511 3359 3630 3421 Υἱὸς
3687 3355 3941 3423 ἀληθινὸς

2284 3448 2532 3518 ἀληθινοῦ
2583 3452 2806 3528 Πατρὸς,
2859 3473 2886 3505 0
2940 3456 3040 3506 ποῦ
3086 3449 3270 3529 χώραν
3317 3449 3382 3504 τὰ
3437 3445 3536 3515 τῆς
3580 3444 3940 3524 εῦρεσιλογίας

2284 3538 2338 3596 ἰν
2391 3540 2598 3605 τούτοις
2646 3538 2850 3604 ’έξουσιν
2884 3557 2900 3619 ς
2937 3538 3120 3595 ἔπειτα
3164 3535 3596 3617 προσεσχηκέναι
3626 3535 3828 3615 χρεὼν,
3865 3538 3940 3598 ὣς

2285 3629 2314 3684 ὁ
2357 3629 2514 3692 αὐτὸς
2569 3628 2680 3684 έστι
2721 3627 2977 3707 θεηγόρος
3035 3630 3063 3684 ὁ
3104 3628 3170 3682 τὰ
3211 3631 3311 3693 τῆς
3341 3624 3594 3688 ὀπτασίας
3625 3625 3714 3680 καὶ
3741 3625 3808 3680 τὰ
3839 3627 3941 3690 τῆς

2289 3715 2500 3792 ὁμιλίας
2557 3722 2655 3784 τῆς
2714 3718 2787 3780 εἰς
2844 3718 2942 3784 τὴν
2971 3713 3357 3796 θεοπαράδοτον
3413 3713 3585 3794 εὐχήν
3627 3709 3943 3783 παραδιδούς

2287 3808 2377 3862 καὶ
2431 3807 2810 3886 φθεγγόμενος.
2874 3807 2973 3864 Καὶ
3026 3806 3141 3869 πῶς
3192 3803 3254 3861 ἂν
3311 3803 3714 3881 έναντιοφωνεῖν
3759 3799 3941 3858 εἵλετο

2287 3915 2416 3952 ποτε
2459 3895 2654 3970 ἑαυτῷ,
2688 3893 2768 3950 ὅτι
2817 3893 2896 3970 μὴ
2954 3905 3260 3974 συμφωνεῖν
3298 3889 3501 3974 μαλλον
3543 3895 3641 3956 τῆς
3684 3888 3939 3955 ἇληθείας

2289 3986 2317 4040 ὁ
2373 3995 2619 4048 τοσοῦτος
2679 3983 2840 4060 κήρυξ
2869 3986 2897 4039 ὁ
2941 3970 3290 4062 διαπρύσιοςς
3341 3970 3504 4040 ιὈθεν
3555 3979 3683 4057 ὅπερ
3733 3978 3936 4052 έκετσε,

2295 4097 2323 4128 ιι
2370 4073 2541 4152 Μέχρι
2591 4073 2778 4130 τούτου
2835 4071 3052 4128 ἵσταται
3105 4073 3168 4128 τὸ
3195 4069 3386 4146 ἰδίωμα
3414 4077 3491 4144 τῷ
3547 4070 3672 4141 Υίῷ,
3712 4091 3736 4123 0
3774 4067 3939 4148 μέχρι

2287 4168 2378 4218 τοῦ
2435 4162 2494 4218 ἐκ
2555 4164 2756 4241 Πατρὸς
2810 4161 2977 4235 εἶναι,
3021 4160 3218 4235 καὶμὴ
3259 4159 3550 4237 περαιτέρω
3596 4156 3651 4221 EE
3695 4155 3862 4212 ἄλλου
3903 4156 3937 4224 ἢ

2285 4247 2358 4305 δι’
2418 4248 2601 4325 ἄλλου,
2666 4258 2820 4307 τοῦτο
2876 4249 3097 4306 ἐνταῦθα
3137 4251 3297 4312 μόνος
3341 4248 3400 4303 ἐκ
3452 4247 3640 4322 μόνου,
3667 4246 3938 4303 τουτέστιν

2288 4339 2348 4396 ἐκ
2397 4347 2490 4395 τοῦ
2541 4342 2768 4419 Πατρὸς,
2813 4341 2901 4396 καὶ
2943 4338 3038 4395 οὒκ
3079 4338 3130 4404 ἐξ
3186 4339 3384 4417 ἐτέρου,
3443 4336 3480 4404 ἢ
3510 4333 3577 4391 δι’
3619 4334 3799 4404 ὶτέρου
3853 4335 3941 4391 καὶ

2287 4433 2386 4495 τῆς
2442 4428 2527 4484 ἐπὶ
2570 4427 2730 4484 πλέον
2785 4429 3072 4505 σαφηνείας
3115 4432 3304 4485 τούτου
3351 4427 3440 4482 καὶ
3479 4424 3721 4480 κάκείνου
3763 4425 3941 4502 παρά·-

2290 4537 2472 4580 στασις
2519 4518 2556 4583 ἢ
2599 4519 2881 4596 ἒπαγωγή,
2935 4535 2958 4565 α
2991 4521 3062 4576 Τὸ
3119 4515 3175 4572 δὲ
3233 4519 3443 4591 Πνεῦμα
3497 4516 3584 4571 καὶ
3615 4513 3676 4570 ἐκ
3702 4520 3796 4570 τοῦ
3827 4518 3941 4568 Πα-

560 4597 709 4659 illud
733 4602 924 4678 magis
939 4619 1007 4662 ac
1028 4603 1212 4681 magis
1233 4603 1562 4664 manifestat
1586 4604 1848 4665 inductio
1870 4621 1884 4665 :
1908 4628 1934 4658 α
1954 4602 2209 4683 Spiritus

2292 4608 2414 4685 τρὸς
2469 4603 2702 4684 λέγεται,
2748 4609 2838 4662 καὶ
2892 4605 2951 4662 ἐκ
2993 4613 3086 4664 τοῦ
3138 4609 3258 4662 Υἱοῦ
3311 4609 3448 4660 εἶναι
3505 4615 3942 4680 παοσμαρτυρεῖ-

563 4705 700 4747 vero
725 4697 782 4748 et
804 4706 878 4749 ex
897 4692 1071 4752 Patre
1091 4691 1332 4768 dicitur,
1359 4701 1418 4752 et
1439 4710 1510 4752 ex
1531 4690 1682 4753 Filio
1701 4709 1834 4754 esse
1849 4693 2154 4766 astruitur,
2178 4716 2206 4747 ιο

562 4774 870 4856 utriusque
914 4778 1291 4840 concordiam
1346 4778 1759 4842 invariabilem
1788 4779 2108 4842 ostendens
2155 4787 2214 4842 et

571 4864 1007 4946 suimetipsius.
1048 4889 1071 4924 ιι
1106 4868 1187 4930 At
1243 4884 1537 4950 asserere,
1570 4867 1732 4930 solus
1777 4867 1964 4930 Filius
1985 4886 2056 4930 ex
2083 4871 2212 4931 solo

578 4956 747 5016 Patre
775 4971 787 5016 :
813 4955 1070 5035 Spiritus
1096 4957 1254 5018 enim
1285 4957 1467 5019 Filius
1490 4975 1604 5018 non
1627 4965 1741 5031 est,
1766 4956 1880 5017 nad
1905 4959 2216 5020 destruen-

577 5043 709 5102 dam
746 5043 1136 5106 differentiam
1173 5047 1442 5108 traditam
1474 5065 1510 5108 a
1546 5046 1746 5110 divino
1778 5064 2070 5125 praecone,
2104 5047 2216 5108 hoc

577 5132 816 5212 quidem
837 5153 955 5195 non
971 5154 1040 5196 ex
1062 5147 1312 5217 utroque
1334 5155 1465 5197 esse
1488 5135 1799 5213 Spiritum,
1822 5136 1966 5196 illud
1991 5153 2129 5197 vero
2148 5154 2217 5196 ex

577 5241 693 5282 uno
727 5225 918 5284 solum
979 5244 1052 5286 ex
1083 5228 1208 5286 solo
1266 5229 1440 5288 Patre
1495 5226 1731 5298 Filium,
1766 5243 1897 5304 quae
1926 5234 2016 5285 est
2076 5243 2216 5305 pro-

581 5312 797 5390 prietas
828 5313 985 5374 illius
1015 5334 1080 5375 ex
1117 5325 1386 5394 utroque,
1414 5325 1805 5394 praeterquam
1838 5314 1994 5392 quod
2024 5313 2223 5376 divino

582 5409 835 5479 praeconi
873 5404 1396 5465 contradictionem
1443 5404 1726 5484 appingit,
1758 5402 2002 5462 rationis
2032 5422 2222 5482 penu-

587 5507 734 5548 nam
768 5490 1007 5552 indicat.
1044 5494 1092 5554 si
1117 5495 1246 5556 haec
1277 5492 1572 5570 theologia
1599 5502 2039 5572 proprietatem,
2075 5502 2129 5552 et
2155 5511 2225 5553 ex

584 5587 835 5657 utroque
867 5582 1105 5642 tradens
1132 5592 1356 5662 aperte,
1392 5579 1673 5661 Spiritum
1699 5599 1816 5642 non
1851 5598 1981 5640 esse
2011 5579 2225 5641 Filium

589 5666 816 5742 edocet,
845 5677 901 5727 et
921 5687 1025 5746 per
1044 5671 1256 5731 Filium
1281 5671 1622 5747 euuntians,
1649 5689 1780 5730 cum
1799 5668 1986 5728 amba
2002 5687 2224 5750 prapo-

2292 4717 2404 4769 ται,
2438 4721 2462 4754 0
2526 4697 2588 4750 τὸ
2632 4701 2733 4762 τῆς
2779 4698 3087 4776 συμφωνίας
3143 4695 3462 4771 ἀμετάθετον
3519 4692 3783 4770 ἑκατέρων
3831 4688 3940 4746 δει-

2293 4786 2458 4841 κνῦσα
2482 4785 2573 4840 καὶ
2601 4785 2820 4852 ἑαυτῆς.
2859 4807 2882 4841 ε
2917 4788 2989 4842 Τὸ
3032 4783 3087 4841 δὲ
3116 4786 3272 4864 φάναι
3318 4783 3480 4860 μόνος
3520 4783 3641 4845 Υἱὸς
3679 4783 3744 4837 bc
3784 4780 3945 4855 μόνου

2295 4875 2500 4953 Πατρὸς
2536 4891 2550 4905 '
2592 4875 2653 4930 τὸ
2699 4880 2908 4950 Πνεῦμα
2952 4875 3053 4954 γὰρ
3094 4875 3200 4954 οὔχ
3246 4875 3388 4949 Υἱὸς,
3455 4896 3479 4929 0
3543 4872 3617 4933 εἷς
3682 4870 3945 4950 ἀναίρεσιν

2294 4968 2394 5030 τῆς
2452 4961 2834 5042 παραδοθείσης
2916 4961 3165 5044 διαφορᾶς
3239 4969 3317 5038 τῷ
3368 4961 3696 5041 ἱεροφάντορι
3731 4979 3748 4996 ο
3792 4965 3946 5014 τοῦτο

2298 5051 2394 5127 μὲν
2452 5050 2504 5116 ἐξ
2552 5052 2756 5131 ἀμφοῖν
2814 5052 3074 5133 ὑπάρχειν
3126 5055 3187 5110 τὸ
3231 5058 3464 5128 Πνεῦμα,
3498 5053 3560 5105 τὸ
3618 5047 3673 5104 δὲ
3731 5047 3786 5114 ὶξ
3832 5049 3944 5110 ἐνὸς

2298 5140 2461 5216 μόνον
2517 5140 2578 5196 ἐκ
2620 5142 2781 5210 μόνου
2834 5149 2926 5200 τοῦ
2977 5145 3178 5221 Πατρὸς
3241 5143 3330 5199 τὸν
3386 5142 3527 5213 Υἱὸν,
3572 5136 3703 5216 ὅπερ
3760 5134 3946 5212 ἶδῖωμα

2299 5233 2429 5306 πρὸς
2481 5233 2540 5286 τὸ
2594 5229 2645 5294 ἐξ
2703 5231 2928 5312 ἀμφοῖν,
2985 5233 3114 5309 πρὸς
3185 5239 3262 5306 τῷ
3317 5226 3720 5308 ἒναντιοφωνίαν
3774 5248 3946 5304 προσ-

2305 5317 2587 5396 επιτρίϐειν
2629 5326 2706 5377 τῶ
2761 5324 3062 5400 θεοκήρυκι,
3123 5323 3211 5378 καὶ
3273 5323 3334 5377 τὸ
3419 5318 3701 5394 ἀλόγιστον
3758 5315 3944 5396 έπιφέ-

2306 5430 2474 5487 ρεται,
2534 5407 2688 5488 εἴπερ
2745 5410 2877 5478 αὕτη
2922 5417 3100 5491 σαφῶς
3129 5414 3164 5478 ἡ
3217 5409 3457 5488 θεολογία
3484 5409 3546 5464 τὸ
3586 5403 3802 5484 ἰδ’ωμα,
3863 5403 3947 5460 καὶ

2305 5499 2365 5552 τὸ
2419 5500 2480 5554 ὲκ
2534 5497 2680 5555 δυοῖν
2753 5501 2788 5566 ἡ
2835 5498 3211 5580 παραδιδοῦσα,
3266 5501 3328 5556 τὸ
3384 5499 3462 5574 μὴ
3529 5495 3645 5551 Υἱὸν
3686 5493 3833 5550 εἶναι
3889 5491 3946 5548 τὸ

2307 5591 2518 5663 Πνεῦμα
2567 5585 2821 5662 διδάσκει,
2877 5589 2914 5658 ἢ
2956 5611 3012 5645 τε
3082 5590 3143 5646 τὸ
3185 5585 3250 5644 δι’
3319 5589 3440 5645 Υίοῦ
3488 5581 3943 5661 καταγγέλλουσα,

2307 5677 2379 5741 ὣς
2433 5679 2495 5732 σεδ
2537 5674 2845 5753 ἰσοδύναμον
2912 5677 3220 5758 ἀμφοτέρων
3257 5676 3552 5759 προθέσεων
3605 5671 3944 5747 κεκτημένων
