4184 6300
393 395 540 462 1397
1419 399 1725 463 CONTRA
1769 395 2034 461 MANUE

2119 394 2201 456 BM
2244 393 2730 463 CRETENSEM.
3604 398 3763 465 1398

382 529 731 608 μολογοῦνται
790 531 895 588 tth
954 532 1106 587 θείων
1159 528 1337 605 ὕμνων
1381 532 1467 586 καὶ
1509 528 1684 607 λόγων
1715 529 2031 608 ἁπανταχοῦ

2119 529 2428 591 cantur.Et
2457 528 2726 609 quisnam
2751 547 3008 611 unquam
3039 530 3221 592 simili
3252 530 3484 593 ratione
3503 530 3566 590 in
3600 538 3763 592 trac-

383 621 470 676 καὶ
512 620 881 699 κηρύττονται,
945 621 1043 678 Καὶ
1090 620 1167 684 τίς
1213 618 1275 674 ἂν
1306 618 1626 698 ἇπαριθμοίη
1670 620 1736 676 τὰ
1783 639 2028 676 τοιουτο-

2119 613 2328 678 tatibus
2359 617 2436 680 de
2465 617 2586 681 Deo
2617 626 2936 698 conspecta
2965 619 3428 683 enumeraverit?
3450 623 3594 683 Cum
3627 638 3763 681 vero

382 710 588 776 τρόπως
632 722 748 773 τοῖς
791 709 911 787 περὶ
973 715 1102 764 Θεοῦ
1128 707 1306 786 λόγοις
1335 709 1791 788 ἐνοπτριζὸμενας
1826 711 1899 772 ὡς
1943 705 2030 763 οὖν

2119 704 2289 785 plane
2315 706 2629 768 innumera
2659 707 2940 789 sint,quze
2972 709 3031 770 in
3058 707 3240 770 rebus
3269 709 3617 788 theologicis
3644 727 3764 768 non

383 799 593 876 μυρίοις
647 803 754 853 τῶν
809 796 976 862 οῧτως
1029 796 1266 875 ἐχόντων
1325 797 1379 852 ἐν
1445 796 1689 875 θεολογίᾳ
1762 803 2034 875 πατρικῶν

2119 793 2231 855 alio
2254 795 2427 857 modo
2459 814 2524 858 se
2555 794 2838 870 liabent,a
2870 799 3109 860 Patrum
3143 796 3317 859 (lictis
3340 795 3764 869 discedens,de

383 885 615 952 ἀποστὰς
671 887 924 964 ῥημάτων
984 889 1101 965 περὶ
1154 893 1259 943 τῶν
1318 885 1481 942 ἅπασι
1525 884 1724 960 δήλων,
1787 885 2028 965 ἀμυδρῶς

2119 881 2188 944 iis
2234 883 2336 964 qui
2389 884 2613 946 nemini
2673 890 2810 945 nota
2869 903 2988 946 non
3047 893 3204 958 sunt,
3258 884 3518 946 tenuiter
3541 885 3758 948 dicam.

384 977 543 1054 φαίην
574 989 591 1008 ⁹
639 972 775 1030 διατί
831 975 926 1041 τὴν
978 976 1229 1037 Θεοτόκος
1275 975 1456 1055 φωνην
1506 977 1552 1031 οἱ
1609 977 1832 1054 πρώτως
1877 975 2029 1032 ἐκθέ-

2119 970 2301 1043 Quam
2343 972 2418 1032 ob
2449 991 2684 1033 causam
2725 973 3003 1051 Deiparoe
3033 992 3258 1045 vocem,
3295 975 3392 1054 qui
3428 973 3590 1052 prius
3621 991 3762 1033 san-

385 1085 532 1137 μενοι
589 1065 776 1129 τὸτῆς
837 1066 1062 1125 πῖστεως
1134 1061 1405 1139 Σύμϐολον
1473 1064 1730 1121 θειότατοι
1803 1063 2029 1143 Πατέρες

386 1150 792 1226 ἀπεσιώπησαν,
848 1151 900 1207 εἶ’
954 1174 1014 1229 γε
1069 1160 1220 1210 τοῦτο
1276 1153 1418 1208 πᾶσα
1472 1153 1676 1229 ἀνάγκη
1729 1153 2030 1230 καταγγέλ-

385 1238 563 1297 λεσθαι
634 1242 722 1296 καὶ
780 1241 1228 1318 ἀναγορεύεσθαι;
1275 1244 1347 1298 Οὔ
1404 1240 1503 1318 γὰρ
1559 1239 1694 1307 ἦσαν
1764 1241 1842 1314 μὴ
1888 1265 2032 1316 μνη-

2114 1060 2365 1122 ctissimi
2400 1064 2603 1124 Palres
2635 1061 2768 1122 ﬁdei
2801 1061 3141 1142 Symbolum
3177 1063 3519 1132 ediderunt,
3556 1071 3762 1122 tacue-

2115 1156 2277 1222 runt,
2305 1150 2352 1210 si
2379 1168 2619 1229 prorsus
2641 1149 2741 1211 illa
2773 1151 3104 1212 necessario
3139 1152 3376 1232 publice
3400 1150 3766 1212 enuntianda

2117 1238 2524 1318 edicendaque
2557 1238 2684 1301 est?
2732 1259 2924 1319 neque
2956 1239 3114 1300 enim
3169 1239 3365 1300 Matris
3409 1239 3514 1302 Dei
3545 1239 3763 1300 oblivio

388 1329 592 1389 σθέντες
645 1329 741 1397 τῆς
789 1331 1148 1408 Θεομήτορος.
1207 1329 1354 1384 Διατί
1399 1329 1445 1384 οἱ
1512 1330 1632 1384 κατ’
1680 1331 1862 1391 αὖτοὺς
1910 1331 2032 1385 aut?)

2119 1327 2248 1387 illus
2281 1336 2543 1406 ceperat.
2581 1327 2767 1406 Quam
2797 1327 2871 1388 ob
2902 1347 3136 1388 cansam
3198 1337 3329 1407 post
3361 1327 3600 1390 eosdem
3634 1327 3760 1404 alii,

385 1415 612 1496 δεύτεροι
717 1419 852 1494 μετᾶ
935 1417 1265 1496 προσθέσεως
1356 1418 1736 1496 ἂπαρτίσαντες
1834 1419 2030 1493 ὁμοίως

2119 1416 2217 1496 qui
2251 1415 2304 1477 id
2333 1416 2488 1477 idem
2521 1435 2654 1477 cum
2687 1416 2991 1478 additione
3023 1417 3082 1476 in
3127 1417 3435 1478 meliorem
3475 1435 3762 1496 prospec-

388 1507 822 1580 ἁπεσιώπησανς
889 1507 1022 1564 Εἶτα
1079 1505 1168 1563 δύο
1222 1507 1401 1587 φύσεις
1445 1505 1530 1563 ἐπὶ
1573 1507 1663 1564 τοῦ
1704 1507 2034 1586 θεανθρώπου

2119 1514 2241 1565 tum
2275 1505 2766 1585 dedcrunt,aequa
2782 1505 3010 1566 ratione
3042 1505 3280 1566 silentio
3315 1504 3764 1586 praeterierunt?

390 1599 560 1675 Λόγου
615 1599 676 1655 οὔ
715 1595 886 1666 δήπου
916 1601 992 1670 τῷ
1019 1597 1152 1674 ἁγίῳ
1183 1593 1440 1671 Κύμϐολνρ
1499 1595 1931 1676 ἑμπεριέχονται,
1978 1597 2034 1653 οὔ

2121 1597 2413 1656 Praeterea
2441 1593 2574 1655 duae
2602 1595 2907 1657 naturaein
2939 1593 3062 1657 Deo
3093 1602 3152 1656 et
3180 1595 3423 1656 homine
3453 1593 3648 1656 Verbo
3704 1595 3765 1655 in

390 1683 476 1742 δύο
551 1685 830 1765 ὶνέργειαι,
892 1683 924 1740 ἂ
988 1684 1283 1748 συνέλευσις
1355 1685 1691 1759 οἷκουμενικὴ
1767 1685 2034 1763 θεηγόρων

2119 1691 2321 1744 sancto
2346 1683 2623 1764 Symbolo
2657 1702 2944 1764 nusquam
2977 1685 3276 1763 leguntur,
3316 1703 3434 1744 non
3457 1684 3590 1745 duae
3611 1701 3759 1764 ope-

388 1772 714 1830 διδασκάλων
753 1772 1030 1850 ἐκρατυνεν
1064 1791 1078 1806 ·
1127 1774 1185 1829 οὔ
1217 1771 1303 1828 δύο
1360 1771 1519 1828 πάλιν
1566 1771 1654 1828 ἐπ’
1685 1777 1842 1831 αὗτοῦ
1870 1772 2033 1842 θελή-

2119 1771 2400 1848 rationes,
2454 1790 2582 1852 quas
2610 1771 2958 1832 universalis
2983 1771 3196 1833 divinil
3238 1790 3490 1852 quorum
3527 1777 3762 1833 Patrum

390 1886 531 1937 ματα
570 1863 623 1919 ἐν
684 1864 847 1937 αύτῷ,
907 1860 940 1917 ἃ
987 1862 1310 1941 συνάθροισις
1355 1860 1504 1940 ἑτέρα
1547 1861 1880 1940 παγκόσμιος
1921 1866 2034 1919 θεο-

2121 1878 2476 1940 congressus
2505 1859 2894 1921 constabilvit
2929 1879 2942 1923 :
2977 1880 3092 1921 non
3125 1860 3258 1921 duae
3278 1877 3483 1921 rursus
3515 1860 3591 1921 de
3628 1861 3762 1935 ipso

387 1955 567 2012 σόπων
625 1951 982 2030 μυστσιπόὶων
1049 1951 1339 2013 ἐθέσπισεν,
1412 1954 1508 2010 Καὶ
1551 1955 1731 2033 πόθεν,
1787 1952 1916 2033 ἔσχε
1976 1957 2034 2009 τὸ

2121 1950 2469 2022 voluntates,
2498 1968 2643 2029 quas
2673 1949 2788 2009 alia
2819 1949 3165 2010 universalis
3197 1949 3527 2009 divinorum
3552 1957 3761 2028 mysta-

392 2041 899 2120 προϐληματίζεσθαι
955 2042 1226 2120 σύστασιν,
1311 2062 1335 2096 α
1374 2042 1521 2096 Διατί
1590 2043 1668 2116 μη
1740 2043 2034 2120 εἰρήκεισαν

2121 2056 2248 2098 rum
2281 2038 2656 2116 congregatio
2689 2037 2973 2098 deﬁnivit.
3015 2041 3080 2100 Et
3116 2038 3410 2098 undenam
3458 2037 3766 2116 problema

388 2135 434 2187 οἱ
502 2130 730 2209 Πατέρες
791 2152 846 2186 εν
913 2137 990 2204 τῷ
1060 2127 1340 2204 Σύμϐολῳ,
1400 2129 1535 2186 ἀλλὰ
1591 2131 2028 2208 παρεσιώπησαν,

2121 2135 2286 2186 tuum
2318 2126 2459 2186 illud
2494 2126 2758 2186 subsistit
2793 2147 2805 2186 :
2847 2150 2867 2178 ι
2899 2125 3046 2198 Quia
3077 2145 3193 2186 non
3229 2127 3504 2186 dixerunt
3561 2127 3765 2187 Patres

387 2221 664 2278 κάντεῦθεν
736 2221 942 2277 ἀθετεῖν
1013 2219 1144 2297 ἅπερ
1206 2221 1350 2275 αὒτοὶ
1401 2217 1682 2296 διαρῤήδην
1743 2218 2031 2296 ὲθεολόγη-

2119 2217 2172 2276 in
2205 2214 2616 2294 Symbolo.sed
2645 2214 3766 2295 reticuerunt,pr0ptereaimprobanda

389 2335 485 2368 σαν
518 2331 534 2391 ;
571 2335 598 2366 ι
636 2313 693 2368 Εἰ
721 2309 774 2367 δέ
821 2332 899 2373 τις
933 2311 1045 2387 ἐρεῖ
1086 2309 1226 2367 τοῦτ’
1259 2312 1384 2368 αὐτὸ
1415 2311 1475 2365 τὸ
1508 2308 1787 2372 συνοδικῶς
1833 2309 2034 2387 δόγμα-

2119 2313 2273 2377 sunt,
2294 2323 2422 2384 quae
2463 2303 2548 2364 illi
2583 2303 2768 2384 palam
2800 2304 3218 2366 edocuerunt?
3250 2331 3276 2360 η
3333 2304 3505 2377 Quod
3535 2304 3585 2365 si
3628 2304 3764 2382 quis

386 2423 450 2456 τα
508 2401 573 2456 τὰ
630 2398 980 2475 διειλημμένα
1034 2398 1445 2477 κραταιωθῆναι,
1524 2400 1732 2474 βεϐαιοῖ
1789 2403 1929 2479 σφίσι
1973 2400 2034 2454 τὸ

2119 2391 2350 2463 dixerit,
2381 2394 2491 2453 hoc
2515 2392 2704 2471 ipsum
2729 2393 2885 2472 quod
2935 2411 3114 2472 supra
3152 2394 3278 2472 jam
3310 2393 3578 2472 apposita
3608 2392 3759 2471 dog-

387 2489 778 2567 ἀναντίῤῥητον,
821 2490 882 2544 τὸ
935 2487 986 2552 ἐξ
1041 2489 1160 2543 1⁸ἱοῦ
1215 2485 1294 2560 δὲ,
1365 2487 1400 2556 ἢ
1461 2485 1526 2542 δι’
1590 2490 1708 2543 Υἱοῦ
1748 2485 2029 2551 συνοδικῶς

2119 2490 2268 2540 mata
2300 2481 2560 2560 synodali
2593 2481 2832 2542 decreto
2892 2482 3270 2542 cm-roborala
3300 2488 3461 2551 sunt.
3487 2481 3766 2542 conciliat

386 2576 648 2657 οωαμῶς,
711 2583 918 2656 πρῶτον
951 2577 1048 2651 μὶν
1091 2578 1120 2632 ὁ
1169 2583 1406 2638 τοιοῦτος
1457 2575 1827 2655 μεγαλήγορος
1887 2575 2030 2632 ἔσται

2119 2569 2208 2630 his
2237 2568 2449 2630 iisdem
2485 2569 2849 2648 ﬁrmitatem,
2885 2570 2979 2631 cui
3012 2569 3205 2630 nullus
3235 2569 3764 2642 eontradixerit,ex

383 2665 544 2744 κήρυξ
571 2669 668 2734 τῆς
714 2663 1090 2742 ματαιολογίας
1133 2671 1225 2722 τοῦ
1253 2662 1338 2720 διὰ
1378 2671 1471 2720 τοῦ
1529 2661 1804 2739 Συμϐόλου
1859 2686 2029 2720 κατα-

2119 2657 2262 2719 Filio
2294 2676 2432 2717 vero
2465 2659 2588 2718 sive
2641 2676 2747 2738 per
2791 2658 3000 2721 Filium
3053 2659 3214 2720 nu!lo
3257 2658 3433 2719 modo
3472 2679 3506 2718 a
3536 2659 3761 2737 synodo

387 2754 754 2816 σκευασθέντος
844 2753 1273 2830 ἆκαταγωνίστου
1357 2751 1733 2830 προϐλήματος
1768 2769 1782 2783 ⁶
1853 2753 2031 2809 ἔπειτα

2119 2748 2420 2808 deﬁnitum
2457 2764 2470 2809 :
2509 2747 2760 2826 primum
2793 2749 3030 2827 quidem
3067 2747 3164 2808 hic
3195 2747 3420 2824 ingenti
3449 2764 3588 2809 voce
3621 2764 3762 2825 pro-

386 2843 474 2898 καὶ
525 2840 712 2899 τούτου
770 2843 832 2898 τὸ
876 2843 1098 2916 μάταιον
1153 2843 1188 2908 ἦ
1247 2841 1505 2905 Θεοτόκος
1551 2841 1766 2921 ἐλέγχει
1798 2842 1969 2922 φωνὴ,
2002 2845 2034 2910 ἡ

2120 2837 2391 2898 blematis
2423 2846 2754 2916 expugnatu
2787 2836 3243 2916 dilﬁcilis,cnjus
3271 2835 3536 2915 probatio
3557 2855 3588 2896 e
3609 2835 3768 2916 Sym~

395 2932 523 3010 πρὸς
583 2929 924 3008 ἀναγόρευσιν
981 2928 1364 3008 ἀναμφίλεκτος
1398 2947 1414 2962 ⁶
1461 2929 1575 2986 ἐπεὶ
1618 2931 1694 3002 μὴ
1753 2929 2034 2996 συνοδικῶς

2119 2925 2254 2986 bolo
2287 2927 2468 3005 petita
2497 2925 3146 3005 est,stultiloquentiam
3179 2923 3761 3003 deprzedicabit,tum

394 3021 534 3084 παρὰ
586 3025 692 3076 τῶν
741 3020 965 3098 πρώτως
1025 3017 1362 3094 μνησθέντων
1401 3021 1508 3083 τὼς
1556 3018 1892 3090 ὑπερενδόξου
1948 3018 2034 3075 δε-

2119 3015 2281 3076 illius
2309 3033 2542 3094 quoque
2575 3013 2888 3074 vanitatem
2953 3013 3215 3092 Deipara
3255 3030 3363 3074 vox
3419 3014 3759 3091 redarguet,

391 3111 610 3175 σποίνης
669 3109 825 3184 ἡμῶν
870 3107 1281 3186 Θεογεννητρίας
1338 3108 1498 3184 ἁγίων
1555 3110 1626 3174 ὡς
1671 3107 1730 3164 ἐκ
1757 3115 1851 3164 τοῦ
1883 3116 2034 3185 Συμ-

2123 3124 2251 3188 puae
2278 3106 2428 3167 citra
2458 3105 2636 3166 ullam
2670 3104 3095 3166 htesitationem
3131 3103 3421 3166 edicenda
3452 3113 3542 3165 est
3575 3125 3590 3164 :
3627 3122 3762 3164 cum

389 3196 548 3255 ϐόλου
592 3197 922 3276 παρίσταται.

2119 3214 2233 3258 non
2265 3194 2532 3274 synodali
2563 3194 2804 3255 decreto
2827 3212 2861 3254 a
2892 3194 3142 3273 primum
3169 3194 3292 3272 jam
3323 3210 3761 3253 commemora-

2116 3284 2188 3345 tis
2235 3281 2676 3364 gloriosissimae
2733 3281 3002 3344 Dominae
3050 3292 3266 3342 nostra:
3310 3281 3418 3342 Dei
3447 3277 3767 3342 Genitricis

2116 3373 2338 3435 sanctis
2368 3373 2452 3433 uti
2483 3391 2551 3433 ex
2579 3369 2856 3451 Symbolo
2886 3379 3374 3450 repraesentatur.

2199 3463 2300 3525 97.
2329 3459 2445 3524 Sed
2478 3459 2866 3539 compendio,
2887 3460 2969 3518 uti
3001 3462 3116 3520 ista
3139 3477 3276 3520 vere
3297 3477 3361 3518 se
3375 3455 3637 3518 habeant
3661 3474 3764 3518 ex-

2119 3548 2731 3632 plicemusQuzelibet
2749 3554 3029 3627 synodus,
3055 3566 3188 3608 cum
3219 3546 3426 3607 sedulo
3449 3544 3768 3607 incumbe-

2118 3649 2208 3702 ret
2239 3639 2512 3700 traditam
2537 3637 2712 3698 nobis
2734 3655 2767 3697 a
2787 3639 3004 3697 sanctis
3033 3635 3315 3716 apostolis
3330 3635 3505 3697 ﬁdem
3529 3651 3768 3696 conser-

2122 3747 2285 3796 vare,
2318 3736 2494 3808 atque
2527 3727 2786 3800 ﬁrmare,
2821 3725 2896 3786 de
2927 3725 3044 3786 illis
3069 3724 3499 3798 tantummodo,
3546 3741 3676 3804 quae
3707 3721 3769 3784 in

2120 3835 2366 3878 examen
2399 3813 3164 3894 vocabantur,quaastionem
3197 3812 3535 3892 exercebat,
3555 3830 3766 3891 respu-

393 3912 490 3986 μὲν
533 3910 737 3979 ἐκεῖνα,
798 3907 871 3963 ὢν
913 3907 978 3974 ἦν
1037 3909 1072 3974 ⁵η
1142 3908 1444 3987 ἀποτροπὴ,
1497 3907 1708 3988 ἔστεργε
1765 3910 1818 3965 δε
1875 3918 2034 3967 ταῦτα

2121 3925 2227 3968 ens
2251 3905 2487 3986 quidem
2508 3902 3374 3984 respuenda,excipiendavero
3399 3901 3769 3982 amplecten-

389 4002 475 4056 καὶ
531 3999 810 4072 ᾡκοιοῦτο,
872 3999 945 4051 ὧν
987 3998 1022 4063 ἡ
1064 3999 1262 4074 στοργὴ
1307 3999 1500 4075 γνησία
1543 4001 1628 4054 καὶ
1671 4001 1705 4066 ἡ
1750 4000 2034 4073 οἰκείωσις,

2121 3995 2312 4076 daque
2343 3993 2740 4073 excipiens,et
2771 4001 3040 4072 utraque,
3068 3993 3278 4052 borum
3311 4009 3523 4071 nempe
3552 4006 3765 4069 repro—

395 4087 656 4166 ὲκατέρων
711 4087 847 4141 κατὰ
911 4086 1003 4148 τὰς
1079 4084 1433 4148 ὰποστολικὰς
1489 4085 1799 4164 παραδόσεις
1859 4087 2042 4142 ἐπικυ-
2127 4080 3771 4158 ὺδιὶοηθηῌιιοτυῐηεοηεθτνδιίοηθιη,ιιτειίιὶιὶοηιιῐηδρο-

395 4185 552 4258 ροῦσα
595 4175 681 4230 καὶ
724 4171 1174 4254 ἐξασφαλιζομένη
1239 4175 1343 4230 τῶν
1399 4175 1494 4249 μὲν
1553 4176 1648 4242 τὴν
1708 4176 2034 4254 ἀποτροπὴν³

2125 4173 2466 4234 stolicarum
2521 4170 2783 4249 vestigiis
2822 4170 3124 4243 insistens,
3175 4170 3470 4230 deﬁniens
3496 4175 3553 4227 et
3581 4167 3768 4227 stabi-

388 4273 494 4322 τῶν
545 4261 599 4320 δὲ
657 4261 756 4328 τὴν
825 4263 1163 4341 συντήρησιν,
1224 4264 1310 4318 καὶ
1367 4265 1427 4318 τὸ
1492 4267 1686 4320 σεπτὸν
1744 4266 1830 4320 καὶ
1890 4265 2034 4341 ἅγιοι

2126 4261 2279 4321 liens
2310 4259 2674 4338 admittebat,
2706 4267 2762 4318 et
2791 4259 3194 4318 venerandum
3226 4266 3616 4333 sanctumque
3641 4254 3767 4333 pri-

387 4352 660 4428 Σύμϐολον
705 4351 802 4418 τῆς
848 4349 1064 4429 πρώτης
1107 4352 1194 4406 καὶ
1252 4349 1493 4430 δευτέρας
1539 4353 1737 4414 ἔκθεσις
1796 4354 1853 4408 ὃν
1912 4375 2034 4407 συν-

2126 4368 2237 4411 mze
2266 4358 2324 4410 et
2351 4347 2630 4409 secundae
2659 4345 2867 4426 synodi
2898 4345 3241 4424 Symbolum
3276 4363 3410 4404 cum
3468 4343 3544 4403 sit
3583 4360 3769 4421 expo-

389 4442 530 4517 ὁδου,
590 4447 696 4497 τῶν
739 4439 792 4495 ἐι
839 4440 1022 4501 αὖταῖς
1094 4439 1474 4514 ἆνακυψέντων
1530 4442 1853 4516 ζητημάτων
1923 4442 2034 4521 ἔχει

2121 4439 2256 4518 sitio
2288 4438 2677 4519 quaestionum
2701 4453 2831 4516 qua
2861 4435 2922 4496 in
2953 4435 3068 4495 illis
3111 4443 3329 4496 exorta;
3375 4441 3534 4508 sunt,
3569 4450 3769 4521 veram

387 4532 484 4598 τὴν
527 4529 700 4596 ἆληθῆ
758 4529 844 4585 καὶ
886 4524 1099 4604 βεϐαίαν
1150 4525 1503 4598 διευλύτωσιν,
1580 4532 1667 4585 καὶ
1723 4520 2034 4609 φανέρωσιν,

2122 4531 2469 4607 "certamque
2499 4525 2852 4587 solutionem
2878 4533 2935 4585 et
2965 4523 3428 4584 declarationem
3477 4520 3764 4595 continet,

385 4623 470 4676 καὶ
531 4619 640 4676 ἔστι
704 4618 795 4685 ti};
857 4613 1214 4682 ἀποστολικῆς
1274 4617 1562 4695 ὁμολογίας
1593 4619 1764 4698 σαφὴς
1790 4621 1876 4675 καὶ
1907 4620 2034 4674 σύν..

2123 4624 2329 4696 estque
2354 4613 2639 4675 doctrinai
2668 4613 3005 4693 apostolis-aa
3054 4621 3110 4673 et
3159 4611 3551 4674 confessionis
3594 4610 3772 4690 plena

467 3454 572 3536 κζ’,
624 3453 732 3522 ”ιν’
787 3466 876 3518 οὖν
933 3461 1310 3542 κεφαλαιωδῶς
1385 3466 1458 3524 ὡς
1530 3462 1775 3530 ἀληθείας
1847 3465 2032 3544 ἔχουσι

389 3561 550 3612 ταῦτα
589 3555 818 3633 φαίημεν
867 3568 880 3582 ⁸
943 3551 1140 3619 ἑκάστη
1215 3551 1426 3616 σύνοδος
1470 3551 1701 3621 σπουδὴν
1743 3555 2034 3630 ποιουμένη

388 3647 484 3712 τὴν
545 3644 686 3722 παρὰ
721 3649 826 3698 τῶν
884 3643 1046 3720 ἁγίων
1105 3641 1414 3698 ἀποστόλων
1473 3641 1897 3722 παραδεδομένην
1939 3645 2034 3700 πί-

391 3757 502 3791 σ.ιν
566 3744 776 3810 τηρεῖν,
823 3732 911 3787 καὶ
963 3732 1234 3808 κρατύνειν
1303 3733 1419 3809 περί
1469 3737 1573 3786 τῶν
1643 3733 2035 3812 προσκειμένων

389 3825 460 3886 εἰς
512 3820 741 3887 ἐξέτασιν
774 3820 949 3893 μόνων
993 3820 1122 3899 εἶχε
1165 3821 1262 3887 τὴν
1292 3822 1538 3892 ζήτησιν,
1584 3823 1670 3876 καὶ
1711 3821 2034 3894 ἀποτρέπετο

390 4730 551 4784 τομος
596 4703 932 4784 ἇνακήρυξις.
984 4695 997 4717 ”
1023 4713 1257 4767 Εκαστος
1300 4703 1352 4760 δὲ
1385 4707 1473 4762 καὶ
1515 4712 1620 4761 τῶν
1649 4705 2036 4786 θεοϐραϐεύτων

389 4795 714 4854 διδασκαλων
783 4800 880 4861 τῆς
938 4791 1200 4854 εὗσεϐείας
1254 4808 1378 4858 ταῖς
1433 4808 1643 4858 κοιναῖς
1701 4803 1845 4876 σφῶν
1901 4797 2036 4853 ἁκο-

385 4886 580 4950 λούθως
659 4881 1015 4946 διδασκαλίαις
1086 4881 1213 4948 ἰδίας
1271 4883 1574 4964 συγγραφᾶς
1647 4887 2034 4963 συγγραψάμε-

390 4998 491 5044 νοι,
555 4977 651 5030 καὶ
696 4974 762 5029 τὰ
805 4981 994 5034 κοινῶς
1043 4969 1142 5042 ἰδίᾳ
1185 4972 1272 5027 καὶ
1303 4971 1753 5048 πεπλατυσμένως
1784 4975 1900 5051 περὶ
1941 4974 2036 5042 τῆς

391 5067 548 5143 ὀρθῆς
616 5063 705 5119 καὶ
760 5061 1058 5135 ἀμωμήτου
1120 5059 1390 5140 θεολογίας
1460 5059 1905 5142 διασαφήσαντες,
1964 5065 2035 5126 εἷς

389 5155 573 5220 κοινὴν
616 5149 874 5229 ὠφέλειαν
917 5161 1032 5211 τοῖς
1079 5149 1184 5205 ἀπὸ
1231 5158 1454 5228 Χριστοῦ
1510 5151 1859 5225 κεκλημένοις
1920 5151 2036 5218 ἐξέ-

387 5248 554 5301 θεντο.
621 5239 917 5318 Στέργουσα
976 5240 1144 5294 τοῖνυν
1189 5241 1222 5306 ἡ
1277 5238 1567 5307 Ἐκγλησία
1611 5243 1696 5296 καὶ
1742 5240 1774 5297 ἂ
1829 5240 2036 5298 συνοδι-

389 5339 498 5396 κῶς
554 5332 602 5387 οἱ
658 5332 794 5385 θεῖοι
853 5327 1078 5402 Πατέρες
1136 5326 1449 5407 παρέδοσαν,
1525 5329 1894 5407 ἐνστερνίζεται
1950 5332 2038 5386 καὶ

388 5421 420 5477 ἃ
462 5420 578 5477 καθ’
641 5419 824 5473 ἑαυτὸν
865 5414 1125 5494 θεολογῶν
1168 5415 1388 5480 ἕκαστος
1445 5417 1800 5498 διηυκρίνησε,
1853 5421 1950 5476 Καὶ
1980 5421 2039 5475 οὖ

391 5511 454 5564 τὰ
497 5509 596 5584 μὲν
640 5509 950 5579 οἱκοιοὺται,
996 5505 1058 5559 τὰ
1117 5503 1171 5559 δὲ
1233 5505 1630 5582 ἀποπέμπεται,
1678 5505 1800 5563 ἀλλ’
1853 5509 1925 5572 ὡς
1986 5506 2038 5572 ἐξ

393 5597 667 5660 ἐπιπνοίας
721 5605 812 5653 res
852 5594 988 5650 θείού
1032 5595 1335 5669 Πνεύματος
1394 5595 1727 5673 προηγμένα,
1758 5598 1845 5652 καὶ
1874 5603 2038 5652 ταῦτα

385 5689 611 5744 κάκεῗνα
663 5684 889 5763 γεραίρει
943 5683 1030 5738 καὶ
1074 5683 1460 5752 κατασπαζεται
1505 5685 1591 5738 καὶ
1648 5684 1745 5740 ὅσα
1803 5685 1857 5740 ἐν
1908 5707 2034 5740 συν-

2120 4719 2178 4766 et
2213 4703 2641 4784 compendiosa
2671 4701 3304 4780 denuntiatio.Singuli
3329 4719 3565 4782 quoque
3591 4717 3624 4759 a
3646 4698 3770 4760 Deo

2120 4793 2426 4855 constituti
2459 4791 2690 4872 pietatis
2720 4791 3008 4871 magistri,
3039 4810 3157 4852 non
3211 4799 3374 4852 extra
3423 4806 3772 4851 communes

2121 4901 2326 4944 earum
2358 4890 2800 4962 consequenter
2851 4881 3154 4942 doctrinas
3185 4879 3423 4959 propria
3456 4895 3767 4939 commen-

2122 4971 2269 5032 taria
2298 4971 2833 5050 conscribentes,et
2853 4971 3190 5031 communia
3211 4983 3270 5030 et
3295 4970 3561 5050 privatim
3595 4976 3652 5027 et
3672 4967 3770 5028 fu-

2121 5060 2267 5123 siori
2291 5078 2566 5122 sermone
2596 5077 2748 5120 verae
2775 5069 2950 5140 atque
2969 5059 3283 5140 inculpatae
3317 5056 3629 5136 theologia;
3648 5075 3743 5136 my

2122 5150 2305 5211 steria
2329 5149 2980 5229 declarantespublicaa
3009 5167 3212 5211 eorum
3228 5145 3770 5226 commoditati,qui

2121 5237 2397 5300 aChristo
2427 5255 2644 5298 nomen
2679 5235 3542 5310 habent,ediderunt.Eccleaia
3574 5237 3768 5314 itaque

2122 5326 2531 5388 exosculansa
2573 5324 2790 5386 divinis
2841 5325 3111 5386 Patribus
3168 5325 3435 5406 synodali
3493 5324 3768 5386 consulto

2124 5414 2483 5487 tradita,non
2513 5413 2709 5475 minus
2731 5414 2952 5492 apertis
2982 5413 3140 5475 ulnis
3167 5413 3548 5495 amplectitur
3562 5421 3618 5474 et
3641 5431 3772 5493 quae

2121 5501 2339 5581 singuli
2385 5501 2624 5581 privatis
2673 5501 3232 5581 pectractationibus
3285 5502 3684 5582 explicarunt,
3713 5507 3773 5562 et

2121 5595 2205 5653 sic
2233 5609 2302 5652 ea
2333 5591 2446 5651 sibi
2474 5589 2760 5652 benevole
2791 5592 3223 5669 accommodat,
3270 5592 3372 5653 illa
3399 5593 3472 5653 ab
3503 5611 3568 5652 se
3604 5594 3765 5653 rele-

2121 5688 2217 5760 gat
2249 5680 2538 5760 longeque
2569 5677 2930 5761 amandat,et
2949 5699 3117 5762 mque
3134 5701 3200 5744 ac
3223 5683 3272 5744 si
3299 5683 3495 5745 alllatu
3518 5680 3770 5763 Spiritus
