4206 6292
330 364 478 451 ιιοι

1358 365 1665 431 CONTRA
1705 364 2135 440 MANUELEM
2184 367 2664 434 CRETENSEM.

3545 367 3701 432 14.02

327 499 646 564 δικαιοῦσθαι
689 505 833 562 θεῖον
888 500 1166 584 ’1γνάτιον,
1237 505 1294 561 ὃν
1323 506 1384 568 iv,
1422 503 1592 582 ἁγίοις
1647 503 1682 571 ἡ
1737 498 1956 577 ἢμετέρσ

2041 504 2210 572 runt.
2235 497 2397 562 Hanc
2424 499 2692 566 Photium
2724 500 2990 566 dividere
3023 502 3306 583 potuisse,
3327 513 3386 565 et
3413 500 3475 564 in
3505 506 3702 582 partes

328 587 619 658 Ἐκκλησία
674 595 762 649 καὶ
804 599 963 667 τιμᾷν
1018 595 1104 650 καί
1169 590 1400 664 δοξάζειν
1469 593 1559 650 καὶ
1639 591 1968 671 ἀριθμεῖσθαι

326 676 640 760 παρέλαϐεν,
687 679 818 736 αὐτὰ
858 682 957 756 βοᾷ
989 681 1054 738 τὰ
1103 681 1410 760 πράγματα,
1472 681 1560 736 καὶ
1619 686 1724 736 τῶν
1778 676 1972 752 ἡμετέ-

326 787 431 842 Ρων
487 759 764 846 μαρτυρίαι
820 771 908 825 καὶ
960 770 1279 848 συγγραφαί.
1326 759 1456 826 ζἰ)τί
1518 767 1572 824 δὲ
1628 768 1716 824 καὶ
1771 767 1968 846 προφα·

2049 585 2345 665 inciclere,
2374 601 2434 652 at
2465 611 2579 652 non
2604 592 2728 654 zelo
2779 593 3002 666 divino,
3037 593 3140 654 sed
3185 593 3342 672 quod
3373 611 3407 654 a
3437 590 3701 653 Romana

2052 676 2352 745 cathedra.
2377 699 2508 762 quae
2529 681 2749 762 primas
2779 692 2974 762 partes
3003 681 3695 754 obtinet.amandaretur,

2054 773 2110 824 et
2139 779 2459 848 oc0upatus
2489 770 2564 830 ab
2594 770 2694 832 illo
2751 772 3000 832 thronus
3053 770 3481 851 patriarchicus
3532 787 3698 848 inquo

327 875 436 920 σεις
472 853 533 918 ἃς
565 855 871 936 ἐσχεδίασεν
905 857 1114 913 οἴκοθεν
1144 858 1236 922 τὰς
1268 857 1322 913 ἐν
1350 855 1580 937 δόγμασι
1610 861 1707 922 τῆς
1739 855 1803 922 ἧς
1832 852 1956 910 ἰάλο

2046 853 2184 932 jure
2214 855 2412 917 divino
2444 859 2858 922 restitueretur
2879 858 3310 939 Ignatio,quem
3345 859 3499 918 inter
3518 876 3695 918 sanc-

325 941 613 1025 ςιλαρχίας
656 945 1068 1025 ἀποτυγχάνων,
1113 947 1285 1008 καθὼς
1348 947 1396 1001 οἱ
1450 946 1636 1002 τούτου
1692 945 1821 1022 πρὸς
1872 943 1970 1009 τὴν

326 1022 636 1104 Ῥωμαῒκὴν
698 1022 1018 1098 Ἐκκλησίαν
1077 1031 1470 1107 ἔπιστολιμαϊοι
1529 1036 1828 1108 παριστὼσι
1871 1027 1970 1084 λό-

323 1141 432 1197 γοι,
478 1118 838 1186 ἆπειλητικῶς
889 1122 1324 1200 ὑπεμφαίνοντες,
1358 1120 1394 1186 ἢ
1455 1120 1563 1194 μὴν
1612 1117 1888 1199 δεχθῆναι,
1935 1118 1970 1185 ἢ

319 1209 449 1282 πρὸς
505 1209 711 1287 σχίσμα
771 1211 1044 1289 χωρῆσαι,
1102 1211 1300 1289 φθάσας
1344 1212 1371 1265 6
1414 1212 1512 1275 τὴν
1556 1206 1840 1285 ὁμολογίαν
1883 1227 1973 1284 φε-

320 1295 556 1374 ρώνυμος
630 1295 868 1372 Μάξιμος
940 1296 1258 1378 ἀπελέγχει,
1314 1295 1474 1364 δῆλον
1541 1295 1601 1352 ὲκ
1656 1296 1755 1362 τὴς
1813 1294 1971 1351 αὐτοῦ

319 1385 451 1462 πρὸς
509 1383 859 1462 πρεσϐύτερον
917 1387 1125 1462 Κύπρου
1186 1394 1419 1465 Μαρϊνον
1490 1383 1774 1452 ἐπιστολῆς
1834 1383 1969 1461 γράο

317 1493 506 1550 φοντος
551 1472 605 1528 ἐν
637 1474 770 1542 αὗτῆ
813 1475 947 1530 κατᾶ
1003 1474 1149 1550 ῥῆμα
1199 1477 1329 1554 πρὸς
1361 1475 1482 1537 τοὺς
1510 1476 1731 1529 ενταῦθα
1763 1491 1782 1506 ⁶
1815 1491 1846 1526 α
1877 1472 1967 1530 Ἐν

315 1561 624 1634 τοῖςαῦτοῦ
650 1563 740 1618 τὸν
771 1563 992 1624 πάππαν
1037 1564 1257 1643 φάσκειν
1305 1561 1597 1627 συνοδικοϊς
1641 1564 1727 1617 καὶ
1776 1562 1835 1618 ἐκ
1875 1570 1966 1620 τοῦ

317 1653 437 1708 Υἱοῦ
483 1650 850 1728 ἐκπορεύεσθαι
894 1653 954 1708 τὸ
997 1655 1208 1728 Πνεῦμα
1251 1655 1311 1709 τὸ
1355 1653 1528 1730 ἅγιον,
1588 1653 1674 1708 καὶ
1729 1649 1965 1731 δεχομέ-

315 1761 406 1798 νου
462 1741 668 1796 καὶτὸν
723 1740 852 1819 ὑπὲρ
901 1742 1088 1800 τούτου
1136 1741 1453 1816 ποιουμένου
1480 1739 1766 1817 ἀπολόγον.
1806 1761 1831 1798 1
1871 1734 1968 1797 Καὶ

2055 949 2142 1002 tos
2175 953 2374 1006 nostra
2407 947 2668 1008 Ecclesia
2698 947 2991 1009 collocare
3024 957 3082 1008 et
3111 945 3377 1008 venerari
3415 945 3701 1024 etgloriﬁ-

2052 1047 2186 1090 care
2210 1048 2244 1091 a
2274 1034 2600 1112 majoribus
2619 1034 2742 1096 suis
2771 1046 3020 1116 accepit,
3044 1054 3141 1096 res
3167 1034 3310 1115 ipsae
3333 1034 3608 1102 clamant.
3641 1043 3699 1095 et

2052 1128 2387 1183 nostrorum
2412 1125 2836 1184 commentaria
2859 1133 2914 1185 et
2943 1124 3506 1204 scriptazpraatextus
3521 1122 3695 1183 etiam

2053 1205 2493 1272 inconsiderate
2523 1211 2810 1274 effutiisse
2840 1232 2907 1274 ex
2942 1214 3199 1293 prapriis
3228 1212 3385 1273 circa
3426 1211 3699 1287 dogmata

2051 1295 2392 1359 dominatus
2450 1298 2698 1361 lbidine
2747 1301 3012 1370 ductum,
3075 1302 3244 1381 cujus
3292 1317 3534 1378 compos
3566 1298 3692 1358 fieri

2054 1402 2170 1444 non
2205 1396 2456 1465 poterat,
2495 1388 2578 1448 uti
2611 1389 2878 1468 ejusdem
2911 1390 2980 1450 ad
3013 1387 3337 1450 Romanam
3370 1386 3692 1448 Ecclesiam

2052 1474 2317 1552 epistolae.
2345 1486 2636 1558 astruunt,
2672 1496 2788 1543 non
2810 1477 3036 1558 absque
3066 1477 3246 1539 minis
3275 1479 3692 1538 demonstran—

2051 1569 2164 1637 tes,
2192 1564 2241 1624 si
2277 1582 2393 1626 non
2426 1567 2825 1645 eXciperetur,
2855 1566 2928 1627 ad
2961 1566 3222 1628 schisma
3251 1581 3692 1646 processurum,

2048 1661 2184 1712 ante
2213 1653 2404 1732 ipsum
2437 1654 2807 1716 confessione
2860 1673 2966 1716 sua
3014 1653 3384 1734 cognominis
3413 1651 3697 1715 Maximus

2047 1739 2443 1819 redarguit,et
2475 1743 2849 1803 manifestum
2883 1754 2974 1803 est
3013 1761 3081 1804 ex
3112 1741 3379 1822 ejusdem
3411 1741 3482 1801 ad
3515 1739 3695 1802 Mari—

316 1826 397 1883 ὅτι
455 1829 587 1904 πρὸς
645 1841 760 1892 τοῖς
816 1828 1064 1908 ἐλέγχοις
1101 1829 1207 1887 τῶν
1250 1828 1584 1906 δ.γματικῶν
1613 1829 1816 1884 Φωτίου
1843 1850 1956 1905 προ-

2049 1845 2192 1888 num
2243 1827 2412 1909 Cypri
2466 1829 2871 1911 presbyterum
2903 1830 3176 1911 epistola,
3223 1833 3351 1891 hinc
3397 1827 3695 1906 ipsissima

314 1917 524 1996 φάσεων
567 1916 978 1996 συνελέγχονται
1038 1920 1168 1994 πρὸς
1226 1927 1318 1975 τοῦ
1388 1915 1624 1994 μεγάλου
1677 1914 1826 1973 τοῦδε
1877 1917 1966 1972 τὸν

312 2007 456 2061 θετον
486 2002 648 2075 ζῆλον
701 2006 789 2060 καὶ
845 2008 893 2062 οἱ
937 2003 1524 2083 μεγαλορῥημονουντες
1581 2006 1648 2060 τα
1676 2006 1849 2060 οἱκετα
1875 2005 1966 2059 τὸν

317 2083 528 2165 Ῥώμης
587 2091 641 2146 ὲν
685 2091 915 2156 ἀπάσαις
945 2106 1066 2155 ταῖς
1115 2097 1509 2168 οἱκουμενικατς
1554 2089 1785 2155 συνόδοις
1815 2090 1965 2171 ἔχειν

312 2181 598 2258 προνόμια,
659 2179 742 2236 διὰ
785 2183 844 2237 τὸ
897 2183 974 2256 μὴ
1018 2189 1329 2248 τηνικαῦτα,
1383 2182 1518 2256 μετὰ
1561 2179 1614 2236 δὲ
1656 2184 1753 2248 τὴν
1785 2185 1957 2238 αὑτῶν

310 2267 657 2347 παραῖρηαὴν
697 2271 756 2325 τὸ
788 2270 1020 2326 τοιοῦτον
1079 2267 1250 2348 δόγμα
1304 2271 1605 2349 κηρύττειν,
1671 2271 1766 2326 οὒκ
1819 2267 1952 2336 ἄδη-

311 2357 404 2413 λον
449 2357 553 2414 οὐδ’
600 2358 920 2437 ἀπόκρυφον,
969 2359 1086 2437 εἴγε
1130 2358 1367 2432 Μάξιμος
1412 2361 1439 2414 6
1481 2358 1754 2420 θεσπέσιος
1786 2359 1954 2432 ἀκμα-

309 2454 410 2516 ζων
457 2448 520 2514 ἦν
565 2450 666 2524 πρὸ
724 2453 821 2513 τῆς
866 2446 1023 2514 ἕκτης
1081 2446 1314 2519 συνόδου,
1363 2447 1450 2504 καὶ
1493 2448 1629 2521 μετᾶ
1669 2446 1768 2512 την
1825 2449 1954 2522 πρὸς

310 2537 494 2611 Κίριον
555 2535 748 2590 ἐκείνου
820 2535 1138 2610 μετλστασιν
1202 2537 1336 2602 αὕτη
1393 2536 1770 2614 συνεκροτήθη,
1829 2534 1958 2613 ὑπὲρ

308 2624 368 2679 οὗ
431 2623 694 2701 δόγματος
755 2624 958 2686 ἐκεῖνος
1037 2627 1287 2698 γενναίως
1345 2621 1643 2702 ἡνδρίσατο,
1704 2625 1792 2679 καὶ
1839 2623 1956 2698 μετ’

307 2711 470 2780 αὐτὴν
540 2715 602 2768 τὸ
675 2711 978 2768 τελευταῖον
1041 2711 1262 2786 ἒῦδομυν
1331 2714 1689 2786 οἷκουμενικὸν
1743 2710 1958 2788 γέγονεν

307 2801 552 2878 ὰθρισμα.
603 2801 703 2858 Καὶ
745 2808 838 2857 τοῦ
884 2800 1093 2878 λοιποῦ,
1153 2803 1225 2864 ὡς
1285 2799 1480 2872 ἔοικεν,
1527 2801 1840 2878 αἱρετώτερα
1893 2801 1958 2856 τα

305 2892 532 2962 Φωτίου,
592 2892 679 2946 καὶ
737 2887 864 2968 δίχα
906 2897 1000 2945 τοῦ
1054 2887 1316 2967 προϐῆναι
1349 2891 1420 2951 ὡς
1447 2886 1807 2967 προϐεϐήκασι
1851 2893 1956 2943 τῶν

307 2978 557 3056 μεγάλων
615 2979 926 3057 ἀμφοτέρων
978 2980 1134 3034 τοῦτο
1203 2974 1427 3033 συνόδων
1473 2979 1694 3055 στερκτὰ
1744 2977 1810 3032 τὰ
1863 2986 1956 3034 τοῦ

303 3069 496 3124 πάππα
545 3065 926 3144 λογιζομένων,
996 3069 1085 3122 καὶ
1153 3066 1229 3140 μὴ
1301 3063 1462 3136 ζῆλον
1549 3062 1953 3136 ἐνδεικνυμένων

2051 1916 2232 1978 verba
2259 1918 2750 1980 continentenAt
2774 1919 2834 1980 in
2867 1923 2990 1980 suis
3020 1937 3229 1999 papam
3266 1915 3564 1997 synodicis
3593 1934 3693 1976 as-

2047 2007 2456 2077 serere,etiam
2490 2025 2557 2069 ex
2581 2006 2727 2070 Fil;o
2752 2006 3036 2087 Spiritum
3064 2015 3331 2068 sanctum
3345 2003 3690 2086 procedere,

2047 2101 2106 2152 et
2121 2093 2485 2173 recipere,et
2505 2096 2578 2156 de
2598 2096 2705 2157 hoc
2729 2098 2904 2157 etiam
2929 2095 3378 2176 responsionem
3408 2091 3649 2154 azldere.
3667 2117 3687 2147 ι

2045 2179 2116 2241 Ει
2149 2190 2536 2263 praeterquam
2569 2185 2722 2263 quod
2758 2184 3088 2262 dogmatica
3121 2182 3314 2246 Photii
3337 2192 3560 2244 asserta
3590 2200 3691 2242 re-

2039 2269 2341 2341 felluntur,
2375 2291 2490 2333 una
2513 2272 2687 2333 simul
2717 2274 3067 2334 refelluntur
3095 2271 3168 2334 ab
3202 2272 3314 2333 hoc
3345 2271 3555 2332 eodem
3587 2289 3688 2332 ze-

2040 2358 2095 2418 lo
2122 2359 2362 2438 pietatis
2395 2380 2572 2440 quam
2601 2363 2883 2437 maximo,
2916 2362 3016 2442 qui
3041 2361 3265 2439 ingenti
3297 2378 3437 2421 vocc
3475 2360 3688 2421 clami-

2038 2455 2141 2527 tat,
2175 2449 2415 2528 propria
2445 2453 2776 2512 Romanum
2832 2452 2890 2512 in
2940 2450 3219 2510 omnibus
3261 2448 3688 2510 universalibus

2041 2538 2278 2616 synodis
2311 2537 2611 2617 privilegia
2639 2539 2878 2619 habere,
2912 2539 3067 2620 quod
3105 2556 3222 2598 non
3254 2546 3400 2609 tum,
3435 2536 3538 2599 sed
3564 2544 3692 2616 post

2043 2643 2248 2686 eorum
2310 2635 2715 2688 transcursum
2760 2628 2957 2690 simile
2989 2627 3200 2702 dogma
3234 2625 3540 2706 praedicat,
3571 2644 3689 2686 non

2040 2713 2358 2790 incertum,
2409 2734 2601 2795 neque.
2644 2717 2979 2797 occultum;
3030 2717 3080 2776 si
3127 2715 3360 2778 divinus
3406 2711 3691 2776 Maximus

2039 2813 2176 2863 ante
2232 2812 2457 2864 sextam
2518 2804 2808 2885 synodum
2879 2803 3168 2877 ﬂorebat,
3231 2813 3290 2863 et
3343 2811 3472 2884 post
3529 2802 3688 2864 illius

2037 2891 2108 2951 ad
2135 2892 2448 2952 Dominum
2483 2892 2793 2952 transitum
2829 2892 2930 2953 illa
2958 2891 3257 2953 calebrata
3288 2899 3397 2962 est,
3434 2908 3538 2970 pro
3569 2909 3686 2971 quo

2037 2979 2311 3057 dogmate
2354 2979 2456 3041 ille
2507 2999 2799 3059 generose
2853 2979 3196 3059 decertavit,
3230 2987 3292 3039 et
3348 2990 3479 3058 post
3523 2978 3683 3038 illam

2036 3076 2334 3147 postrema
2359 3067 2706 3130 universalis
2735 3068 3110 3147 congregatio
3142 3081 3344 3130 coacta
3373 3077 3484 3145 est,
3519 3067 3686 3127 ideo-

304 3155 390 3211 ἐπὶ
430 3167 547 3218 τοῖς
590 3155 776 3210 τούτου
832 3154 1337 3230 καταπεμπομένοις
1384 3153 1520 3210 οὕτω
1550 3151 1842 3216 συνοδικοῖς
1901 3153 1953 3209 ἒν

2040 3173 2172 3236 que,
2205 3165 2267 3217 ut
2296 3157 2544 3233 videtur,
2597 3157 2782 3236 magis
2843 3156 3252 3237 amplectenda
3300 3162 3436 3216 sunt
3471 3154 3684 3236 l’hotii,

305 3246 494 3306 αὐταῖς
537 3242 909 3322 κροτουμέναις
964 3245 1054 3298 καὶ
1099 3245 1200 3322 πρὸ
1268 3247 1461 3322 αὒτῶν,
1504 3243 1592 3298 καὶ
1648 3239 1958 3320 διατρανοῦ-

306 3354 413 3409 σιν,
471 3332 545 3393 ὼς
601 3329 836 3408 εἴρηται,
894 3332 1031 3386 κατὰ
1099 3333 1160 3386 τὸ
1226 3335 1494 3408 κρατῆσαν
1569 3329 1799 3408 ἀρχῆθεν
1844 3327 1955 3393 ’ἐθος

302 3421 531 3494 πέμπειν
568 3419 908 3498 ἁπανταχοῦ,
955 3418 1010 3474 ἐν
1069 3422 1153 3481 οἷς
1215 3419 1385 3476 αἰτῶν
1434 3421 1469 3486 ἡ
1525 3421 1658 3474 κατὰ
1702 3416 1954 3497 διαδοχὰς

304 3507 670 3586 ἂναγόρευσις,
716 3510 994 3586 καὶμέχρι
1050 3515 1142 3564 τοῦ
1195 3513 1283 3562 νῦν
1328 3508 1400 3571 εἷς
1443 3508 1561 3567 τοὺς
1593 3507 1813 3569 οἰκείους
1870 3508 1958 3563 καὶ

299 3595 388 3653 ὑπ’
418 3597 597 3656 αυτόν.
645 3593 794 3654 Ἀλλ’
855 3598 889 3662 ἡ
948 3595 1046 3662 τῆς
1105 3594 1354 3661 ἀληθείας
1413 3593 1612 3669 μᾶλλον
1639 3595 1702 3650 ὲκ
1755 3595 1956 3650 τούτων

303 3683 699 3765 ἀναφαινομένη
784 3681 1062 3761 διάγνωσις
1162 3685 1474 3763 παρίστησιν
1549 3683 1806 3762 ἐναργῶς,
1879 3685 1953 3746 ὡς

302 3774 439 3847 μετὰ
468 3772 565 3838 τὴν
605 3773 1042 3850 κοσμοσωτήριον
1083 3773 1304 3851 φρικτὴν
1347 3771 1670 3846 οἱκονομίαν,
1745 3772 1832 3826 καὶ
1888 3773 1952 3827 τὰ

299 3858 625 3916 ἀποστολικα
680 3861 996 3937 κηρύγματα
1073 3862 1161 3916 καὶ
1238 3857 1617 3934 σπουδάσματα
1676 3857 1726 3924 ἐξ
1788 3862 1862 3914 ὧν
1916 3861 1951 3927 ἡ

304 3947 595 4014 Ἐκκλησία
654 3950 748 4024 μία
791 3948 1038 4019 σσνὲστη,
1093 3950 1181 4005 καὶ
1212 3947 1349 4005 οῧτω
1390 3947 1761 4023 τεθεμελίωτο,
1819 3949 1950 4004 ταύ-

297 4057 398 4103 την
454 4035 809 4112 διαδεξάμενοι
867 4039 912 4092 οἱ
963 4044 1070 4094 τῶν
1099 4041 1349 4114 μαθητῶν
1394 4045 1485 4094 τοῦ
1533 4038 1714 4116 Κυρίου
1770 4035 1950 4094 διάδο-

299 4146 395 4201 χοι
474 4124 725 4199 ποιμένες
823 4127 1162 4204 μυσταγωγοὶ
1252 4124 1657 4204 θεοπρόϐλητοι,
1745 4128 1790 4181 οἱ
1870 4124 1952 4181 διὰ

295 4213 402 4268 τῶν
454 4215 748 4269 καθολικῶν
791 4212 1058 4290 ᾀδομένων
1118 4212 1412 4271 ἑπταδικῶν
1452 4213 1800 4273 συνελεύσεων
1852 4214 1949 4269 αὗ-

295 4300 392 4367 τῆν
461 4299 598 4356 οὕτω
657 4303 1028 4381 κρατύναντες,
1087 4305 1174 4359 κυιὶ
1230 4310 1406 4378 πᾶσαν
1465 4301 1668 4381 αἵρεσιν
1725 4302 1951 4358 ἀπωσά-

295 4410 466 4464 μενοι,
529 4391 616 4445 καὶ
667 4392 760 4446 τὸν
813 4395 910 4457 τῆς
983 4389 1244 4454 εὐσεϐείας
1302 4391 1356 4445 ἐν
1411 4391 1545 4467 αὐτῇ
1603 4389 1760 4468 λόγον
1792 4390 1950 4470 ἒδρά-

2041 3249 2100 3307 et
2129 3245 2351 3325 absque
2375 3265 2446 3306 eo
2481 3247 2636 3327 quod
2661 3247 3054 3308 successerint
3091 3244 3264 3306 modo
3296 3263 3411 3325 quo
3441 3261 3688 3305 succes-

2039 3336 2227 3394 serint
2255 3352 2352 3394 res
2381 3353 2723 3413 magnarum
2781 3335 2988 3395 barum
3048 3332 3405 3414 synodorum
3431 3350 3684 3393 exoscu-

2040 3420 2216 3482 landa
2243 3423 2315 3482 ab
2346 3421 2422 3482 iis
2473 3423 2575 3504 qui
2617 3441 2714 3484 res
2747 3441 2909 3503 papa;
2940 3423 3297 3490 examinant,
3353 3439 3463 3482 nec
3492 3420 3684 3481 zelum

2039 3511 2378 3587 ostendunt,
2413 3530 2516 3591 pro
2539 3511 2699 3572 illius
2729 3512 2816 3572 sic
2849 3511 3044 3573 missis
3084 3509 3542 3591 synodicis,cum
3569 3509 3686 3571 illae

2039 3609 2480 3680 cogerentur,et
2509 3609 2646 3662 ante
2669 3618 2873 3661 earum
2907 3599 3394 3674 celebrationem,
3431 3602 3685 3677 etplane

2037 3686 2324 3762 indicant,
2358 3697 2419 3749 ut
2448 3689 2667 3750 dictum
2702 3697 2814 3768 est,
2847 3690 2930 3749 uti
2953 3690 3026 3748 ab
3051 3688 3217 3748 initio
3243 3705 3370 3747 mos
3403 3685 3685 3748 obtinue-

2035 3786 2150 3852 rat,
2184 3795 2650 3857 quaquaversum
2683 3776 2849 3838 islum
2903 3777 3158 3850 mittere,
3195 3775 3332 3837 dum
3371 3793 3682 3836 novacon-

2039 3873 2291 3927 tinuaret
2322 3865 2666 3928 eorumdem
2701 3866 3026 3927 secundum
3058 3864 3498 3926 successionem
3524 3881 3688 3925 crea-

2039 3953 2140 4026 tio,
2171 3963 2229 4017 et
2250 3955 2323 4015 ad
2359 3955 2482 4016 haec
2514 3972 2698 4035 usque
2724 3963 2990 4035 tempora
3012 3954 3082 4014 ad
3111 3953 3226 4014 sibi
3245 3952 3683 4028 subjectos,sed

2037 4043 2303 4105 veritatis
2353 4045 2538 4122 magis
2586 4062 2654 4106 ex
2709 4043 2799 4104 his
2857 4043 3150 4104 in'adians
3198 4042 3464 4120 dignatio
3513 4042 3686 4122 plane

2036 4131 2406 4211 comprobat,
2433 4140 2563 4211 post
2613 4131 2929 4192 salutarem
2961 4130 3091 4191 orbi
3123 4131 3396 4191 universo
3429 4130 3684 4190 horren-

2036 4218 2293 4297 damque
2317 4219 2799 4290 wconomiam,et
2835 4218 3282 4299 praedicationes
3306 4217 3682 4297 apostolicas,

2035 4316 2095 4366 et
2123 4314 2394 4379 conatus,
2430 4307 2646 4387 quibus
2703 4326 2820 4368 una
2879 4305 3141 4366 Ecclesia
3201 4305 3486 4378 substitit,
3518 4315 3576 4365 et
3607 4305 3686 4366 ita

2033 4394 2272 4456 fundata
2307 4394 2445 4469 fuit,
2516 4395 2944 4476 discipulorum
2990 4392 3227 4455 Domini
3281 4410 3682 4467 successores,

295 4496 500 4550 σαντες,
552 4476 651 4541 ἕως
709 4481 848 4534 οὗτοι
892 4484 1159 4557 παρῆσαν,
1209 4481 1254 4535 οἱ
1314 4477 1468 4548 τήνδε
1504 4479 1798 4556 θεαρέστοις
1856 4478 1947 4558 ἕρ-

2040 4482 2135 4562 qui
2159 4483 2460 4544 subsecuti
2491 4492 2928 4564 suntpastores,
2954 4492 3011 4543 et
3040 4501 3072 4542 a
3100 4485 3219 4545 Deo
3253 4481 3504 4562 promoti
3537 4501 3684 4562 mys-

294 4586 411 4642 γοις
455 4566 544 4622 καὶ
599 4564 778 4643 λόγοις
848 4567 1131 4646 ἱθύνοντες,
1191 4565 1432 4642 οὖδαμιῖκ
1484 4567 1710 4646 ἴσχυσεν
1767 4569 1795 4622 6
1850 4572 1949 4634 τῆς

295 4653 483 4716 κακίας
539 4653 818 4732 ἐφευρετὴς
881 4656 943 4710 τὸ
997 4655 1332 4730 συνημμένον
1399 4653 1814 4734 παρασαλεῦσαι,
1861 4656 1950 4711 καὶ

295 4742 358 4797 τὸ
419 4741 470 4796 ἕν
501 4744 664 4809 αὐτῆς
709 4741 846 4806 ὅλως
897 4741 1252 4824 λυμήνασθαι,
1311 4746 1400 4800 καὶ
1459 4752 1620 4800 ταῦτα
1659 4741 1750 4798 διά
1792 4766 1950 4800 τινων

294 4832 579 4908 πειραθεὶς,
639 4834 699 4889 οὔ
751 4829 893 4908 λέγω
947 4834 1063 4911 περὶ
1118 4839 1193 4887 ων
1224 4837 1258 4900 ἡ
1286 4833 1506 4910 ρηθετσα
1567 4830 1818 4898 ἑπισεολὴ
1860 4840 1953 4888 τοῦ

294 4916 730 4996 μεγαλοκήρυκος
814 4919 1152 4997 ὁμολογητού
1218 4919 1586 4996 διαλαμϐάνει,
1647 4921 1839 4998 ἑτέρων
1895 4920 1948 4976 δὲ

291 5008 423 5082 πρὸς
480 5003 686 5081 τοῖσδε,
739 5005 858 5064 ἀλλ’
937 5010 1262 5089 ἐκκρουσθεὶς
1343 5009 1580 5089 ταχέως,
1658 5010 1830 5070 καθὼς
1887 5009 1949 5064 ἂν

291 5091 399 5173 ἔχῃ
459 5097 657 5173 γνῶναι
715 5098 743 5152 6
797 5096 1124 5162 ἐξεταστικὸς
1163 5117 1176 5132 ⁸
1235 5097 1519 5177 ἐπειδήπερ
1560 5098 1694 5164 ἦσαν
1747 5100 1794 5153 οἱ
1851 5103 1946 5165 τῆς

286 5185 472 5246 κακίας
515 5183 811 5260 ῥιζοτόμοι,
861 5187 949 5241 καὶ
989 5192 1087 5253 τῆς
1130 5188 1264 5244 τατα
1329 5189 1458 5243 Θεὸν
1506 5187 1718 5265 εἰρήνης
1771 5185 1946 5263 φύλα-

286 5290 376 5335 κες
434 5275 522 5327 καὶ
577 5270 836 5346 θεμέλιοι,
892 5271 1012 5354 Ἀφ’
1073 5277 1132 5330 οὗ
1160 5272 1206 5330 δ’
1250 5276 1298 5329 οἰ
1342 5281 1567 5333 τοιοῦτοι
1612 5273 1942 5350 μετέστησαν

286 5359 360 5421 εἰς
418 5358 588 5438 ἀγαθὰ
631 5361 699 5415 τὰ
756 5359 964 5440 αἰώνια,
1010 5363 1127 5418 τότε
1201 5364 1288 5419 καὶ
1343 5363 1547 5427 Φώτιος
1616 5364 1704 5418 καὶ
1767 5360 1941 5422 λοιποὶ

283 5445 504 5514 καθεξῆς
565 5449 658 5504 τὸν
737 5446 1026 5525 σύνδεσμον
1097 5449 1366 5530 διαρρῆξαι
1450 5452 1798 5531 κατίσχυσαν,
1853 5457 1940 5510 καὶ

282 5533 540 5593 διελέσθαι
609 5537 696 5593 καὶ
750 5552 1074 5614 κατατεμεῖν
1147 5539 1525 5620 ὑπερίσχυσαν.
1615 5541 1735 5596 Ἐπὶ
1818 5543 1940 5615 ποίᾳ

281 5622 534 5704 ὡφελειᾳ,
591 5625 626 5695 ἢ
669 5625 792 5698 ποίᾳ
835 5623 978 5704 λύμῃ
1016 5649 1031 5705 ;
1066 5628 1245 5686 ἴσασιν
1295 5632 1340 5686 οἷ
1385 5628 1600 5704 εἰδότες,
1638 5629 1798 5685 εἶκαὶ
1832 5638 1937 5687 τῶν

2035 4571 2253 4650 tagogi,
2285 4574 2383 4650 qui
2409 4590 2514 4654 per
2548 4571 2910 4634 universales
2939 4581 3164 4651 septem
3199 4570 3285 4631 sic
3313 4569 3504 4631 dictos
3534 4589 3682 4630 con-

2034 4677 2272 4738 gressus
2303 4679 2432 4722 eam
2465 4664 2622 4722 hunc
2663 4659 2722 4720 in
2755 4660 2993 4720 modum
3047 4657 3589 4726 constabiliverunt,
3629 4670 3684 4720 et

2035 4767 2275 4810 omnem
2310 4751 2580 4811 liaaresmi
2613 4749 2976 4828 relegarunt,
3013 4757 3071 4808 et
3119 4746 3349 4825 pietatis
3377 4747 3434 4806 in
3475 4747 3681 4807 eadem

2036 4855 2273 4898 causam
2307 4839 2636 4913 ﬁrmarunt,
2671 4838 2864 4898 donec
2896 4839 2955 4898 hi
3001 4844 3323 4917 praesentes
3362 4843 3552 4915 erant,
3585 4838 3682 4915 qui

2037 4944 2164 4986 eam
2198 4929 2318 4989 Deo
2368 4926 2737 5008 complacitis
2790 4926 3069 5006 aperibus
3119 4934 3176 4984 et
3209 4923 3583 4984 sermonibus
3604 4925 3686 4984 di-

2037 5014 2333 5095 rigebant,
2361 5016 2522 5076 nullo
2571 5015 2750 5076 modo
2801 5013 2991 5096 potuit
3049 5011 3445 5092 improbitatis
3477 5023 3686 5072 auctor

2033 5104 2514 5183 conjunctionem
2545 5105 2932 5172 dimovere,et
2961 5103 3237 5162 unitatem
3263 5101 3419 5161 illius
3446 5118 3685 5181 prorsus

2033 5190 2275 5264 laedere,
2329 5193 2469 5255 licet
2526 5192 2824 5254 nonnullis
2854 5192 2912 5253 id
2947 5198 3360 5272 pertentasset,
3395 5208 3513 5250 non
3551 5189 3682 5250 dico

2033 5279 2315 5362 illis,quaa
2339 5283 2494 5344 dicta
2525 5281 2764 5344 maximi
2796 5278 3085 5360 praeconis
3117 5279 3510 5356 homologetae
3526 5277 3671 5359 epis-

2025 5369 2174 5430 stola
2205 5370 2683 5451 comprehendit,
2719 5370 2824 5431 sed
2858 5387 2977 5450 prae
3026 5367 3120 5430 bis
3175 5366 3305 5428 aliis
3335 5366 3537 5439 etiam,
3574 5384 3680 5428 ve-

2023 5467 2359 5520 rumtamen
2407 5460 2690 5540 expulsus
2720 5476 2898 5539 quam
2927 5454 3144 5531 subito,
3176 5455 3262 5516 uti
3305 5473 3504 5518 rerum
3538 5473 3682 5516 exa-

2023 5545 2283 5608 minator
2312 5549 2658 5626 cognoscit;
2693 5566 2826 5608 cum
2878 5552 3080 5607 essent
3133 5544 3235 5624 qui
3293 5542 3682 5624 improbitatis

2021 5635 2255 5698 radices
2287 5638 2657 5713 exciderent,
2693 5644 2753 5698 et
2804 5634 2965 5717 pacis
3015 5634 3341 5696 serundum
3370 5632 3550 5694 Deum
3584 5650 3679 5697 cu-
