4184 6300
344 416 365 481 1
377 415 496 483 405

1781 416 2273 485 FRAGMENTA.

3561 415 3710 480 1406

339 553 480 626 ἡμῖν
531 553 594 609 τὸ
635 553 873 633 γράφειν,
935 553 1279 630 κακουμένων
1335 553 1533 634 σφὸδρα
1572 560 1680 611 τῶν
1734 554 2032 629 ὀμμάτων]

2082 549 2327 626 ruerint,
2363 550 2554 632 parati
2592 568 2821 625 sumus,
2851 548 3066 610 virtute
3092 547 3383 611 delassata
3410 555 3589 631 atque
3620 551 3716 612 in-

340 639 654 718 ἀφίστασθαι
711 649 803 700 τοῦ
859 641 1016 722 ἔργου
1057 645 1146 698 καὶ
1199 643 1348 717 μύειν
1405 642 1557 714 aura,
1620 643 1712 699 καὶ
1755 641 1893 700 οὕτω
1933 642 1993 698 τὸ

339 728 533 786 πλεῖον
614 733 712 798 τῆς
780 731 983 810 ἡμέρας
1065 730 1260 802 ἀνύειν,
1352 731 1428 807 μή
1483 737 1629 811 σφῶν
1685 753 1994 809 τοπαραπαν

338 816 714 897 ἀνεῳγμένων,
778 817 964 878 ἔπειτα
1019 820 1318 900 κεκύφαμεν
1374 820 1548 887 πάντη
1607 820 1683 895 μὴ
1714 826 1782 896 τῇ
1817 820 1996 877 ἐπιτά-

338 927 418 963 σει
475 914 568 964 τοῦ
597 912 704 964 τῶν
747 913 948 988 νεφρῶν
1006 907 1199 985 ἄλγους
1252 908 1516 983 ἀνακύψαι
1561 905 1860 988 δυνάμενοι,
1907 910 1994 964 καὶ

339 993 562 1075 ἀπραξίᾳ
614 1002 682 1072 τῇ
749 1003 855 1052 τῶν
917 994 1091 1053 ποδῶν
1152 996 1570 1076 συνεσχέθημεν.
1620 999 1716 1055 Καὶ
1759 996 1816 1054 οὗ
1855 1021 1992 1078 φημι

337 1084 432 1151 τὴν
477 1084 613 1140 κατά
654 1085 720 1141 τὰ
743 1087 895 1149 ἱκτὸς
927 1084 1203 1160 ἀκινησίαν
1248 1089 1346 1146 τὴν
1403 1086 1462 1142 ἐκ
1504 1093 1594 1142 τοῦ
1650 1085 1987 1165 ἑγκλεισμου,

339 1171 477 1230 ἀλλά
534 1174 631 1242 τὴν
687 1175 823 1232 κατά
846 1175 912 1230 τὰ
942 1173 1112 1253 ἐντὸς,
1161 1176 1246 1230 καὶ
1275 1175 1371 1241 τὴν
1416 1173 1477 1230 ἔκ
1504 1181 1603 1251 τῇς
1634 1176 1860 1254 φύσεως.
1896 1175 1992 1233 Καὶ

2077 639 2250 700 ﬁrma
2303 637 2751 701 corroborantis
2809 637 3038 699 conﬁsi.
3095 638 3318 700 Sumus
3367 637 3526 698 enim
3558 639 3717 716 gravi

2076 735 2251 809 atque
2280 727 2514 789 infirma
2541 726 2878 789 valetudine
2909 743 3045 789 vere
3095 725 3373 800 confecti,
3409 734 3468 788 et
3508 727 3716 788 oculo-

2076 834 2210 878 rum
2229 817 2388 879 acies
2408 816 2557 878 adeo
2578 824 2778 878 retusa
2799 822 2911 887 est,
2936 823 3000 875 ut
3040 814 3179 876 dum
3207 813 3546 889 scribimus,
3580 834 3718 878 ocu-

2078 906 2168 966 los
2182 906 2258 966 im
2269 905 2588 967 becillitate
2599 903 2914 965 admodum
2935 902 3306 983 perturbatos
3324 922 3432 964 nos
3447 902 3520 964 ab
3535 923 3714 982 opere

2076 1004 2377 1056 cessantes
2399 994 2765 1066 claudamns,
2800 993 3003 1073 sicque
3054 990 3335 1053 continuo
3366 990 3484 1053 illis
3532 992 3712 1052 obsc-

2073 1083 2218 1144 ratis
2246 1083 2557 1144 maximam
2591 1081 2709 1143 diei
2741 1089 2968 1163 partem
3020 1099 3280 1159 agamus.
3343 1081 3712 1160 postmodum

2072 1172 2340 1252 resupini
2395 1171 2666 1234 inclinati
2724 1189 2788 1232 ex
2839 1189 3051 1233 renum
3084 1169 3366 1249 gravitate
3393 1168 3715 1249 doloreque

337 1272 502 1320 ταῦτα
555 1264 692 1330 ἡμῖν
737 1261 796 1320 ἔκ
838 1284 895 1318 τε
938 1272 1030 1322 τοῦ
1082 1264 1286 1340 γήρως,
1325 1265 1411 1318 καὶ
1453 1264 1558 1320 τῶν
1605 1263 1690 1320 ἐπὶ
1719 1265 1991 1328 τοσούτοις

2082 1279 2290 1341 corpus
2322 1260 2552 1340 erigere
2573 1279 2691 1321 non
2713 1259 2993 1331 valemus,
3020 1261 3235 1339 pedum
3269 1275 3502 1338 quoque
3535 1256 3716 1318 imbe-

338 1349 508 1407 ἔτεσιν
567 1349 1046 1432 ἀλληλοδιαδόχων
1089 1350 1423 1431 καθείρξεων,
1459 1353 1548 1408 καὶ
1587 1351 1984 1431 ταλαιπωριῶν,

2082 1349 2629 1424 cillitatetenemur,
2663 1367 2794 1410 cum
2819 1349 2935 1409 sint
2957 1349 3040 1408 illi
3063 1348 3132 1408 ad
3165 1366 3297 1408 sese
3329 1346 3716 1406 dimovendos

337 1440 427 1496 καὶ
459 1442 780 1518 στερήσεων,
841 1441 932 1504 οἷς
963 1440 1016 1496 ἐν
1050 1443 1259 1507 νεὸτητι
1312 1443 1542 1519 χρῆσθαι
1587 1442 1857 1516 εἰώθειμεν
1885 1444 1988 1497 τῶν

2082 1439 2452 1520 ineptissimi.
2489 1457 2600 1500 nec
2632 1457 2828 1500 sermo
2860 1447 2948 1499 est
2978 1439 3054 1497 de
3087 1436 3491 1498 membrorum
3525 1449 3715 1495 exter-

337 1525 390 1594 ἐξ
445 1529 672 1606 ἱατρείας
757 1529 1191 1608 θεραπευμάτων,
1271 1530 1358 1585 καὶ
1415 1528 1615 1586 λοιπῶν
1671 1537 1789 1586 ’τῶν
1857 1531 1984 1610 πρὸς

2082 1547 2282 1588 norum
2309 1536 2466 1589 motu
2490 1526 2925 1608 difﬁcili,quem
2958 1545 3026 1587 ex
3059 1524 3400 1587 carceribus
3429 1523 3716 1585 contraxi-

341 1614 673 1694 ἐπιμέλειαν,
707 1617 781 1674 ὦν
830 1620 890 1673 τὸ
921 1615 1171 1683 δῦστηνον
1203 1616 1372 1673 δεῖται
1405 1623 1582 1692 σῶμα,
1629 1621 1716 1675 καὶ
1759 1618 1990 1695 μα’λιστα

2082 1636 2232 1692 mus,
2265 1637 2371 1679 seu
2394 1615 2880 1691 deinternorum,
2913 1625 2971 1676 et
2992 1633 3166 1695 quam
3187 1623 3395 1674 natura
3414 1612 3539 1693 ipsa
3565 1610 3714 1692 parit

346 1706 400 1760 τὸ
459 1703 734 1782 ἑπιῤῥεπὲς
793 1706 863 1767 εἰς
936 1707 1241 1780 νοσήματα,
1289 1704 1522 1781 ΟὛδαμεν
1561 1704 1614 1762 δὲ
1651 1709 1737 1763 καὶ
1769 1710 1841 1772 ὡς
1885 1713 1987 1778 ζῆ-

2082 1706 2509 1785 aegritudinem.
2535 1705 2603 1766 Et
2626 1704 2750 1766 haec
2763 1703 2934 1764 nobis
2956 1703 3254 1764 obvenere
3277 1721 3344 1764 ex
3365 1702 3532 1765 senio
3555 1701 3707 1780 ipso,

340 1791 472 1895 Iov“
516 1793 808 1860 ἀκηκοότες
880 1795 927 1850 οἱ
987 1793 1098 1895 ,ἐπΞ
1171 1795 1319 1867 ζήλῳ
1376 1793 2032 1895 μεγαλοῤ,;3ημονοῡντες,Ι

2082 1803 2130 1856 et
2154 1814 2450 1876 nunquam
2474 1792 2845 1856 cessantibus
2890 1791 3140 1852 vinculis
3179 1799 3238 1853 et
3266 1790 3568 1864 aerumnis,
3602 1808 3712 1850 nec

343 1879 546 1956 μᾶλλον
601 1884 736 1957 ἡμῖν
810 1895 933 1946 ταῖς
987 1879 1268 1959 λοιδορίαις
1324 1883 1742 1955 ἑπιτεθήσονται,
1795 1885 1855 1949 ἀς
1907 1878 2032 1940 εὶ-³

2082 1905 2190 1947 non
2213 1885 2779 1946 medicamentorum
2813 1889 2870 1942 et
2903 1879 3329 1953 remediorum,
3364 1888 3420 1940 et
3445 1878 3710 1959 reliquo-

339 1969 577 2046 θισμένοι
635 1971 892 2049 στέργειν,
969 1969 1248 2051 στέρξομεν
1292 1975 1392 2051 οὐχ
1464 1971 1645 2045 ἧττον,
1717 1974 1805 2029 καὶ
1847 1975 1987 2036 αὖθις

2082 1992 2204 2035 rum
2231 1991 2362 2054 qua:
2390 1972 2461 2034 ad
2495 1989 2697 2032 curam
2755 1967 3160 2041 conferebant,
3198 1976 3483 2050 erantque
3505 1967 3566 2028 in
3600 1985 3707 2027 isu

340 2059 408 2114 τὲ
449 2061 602 2132 ἡμῶν
660 2066 976 2138 συνορῶντες
1021 2060 1148 2138 ὑπὲρ
1204 2067 1306 2116 τῶν
1338 2059 1616 2139 ὁμοφύλων
1646 2061 1697 2116 ἕν
1741 2083 1797 2118 τε
1855 2083 1986 2141 πρε-

2082 2081 2204 2125 cum
2254 2062 2559 2141 juventam
2605 2059 2894 2138 integram
2963 2075 3298 2137 ageremus,
3356 2055 3704 2138 privatione.

342 2145 538 2210 σϐείαις
595 2162 716 2211 ταῖς
777 2148 831 2204 ἐν
859 2148 1091 2224 νεότητι,
1152 2151 1238 2205 καὶ
1278 2155 1347 2226 τῇ
1375 2156 1463 2206 νῦν
1491 2151 1545 2205 ἓν
1588 2163 1705 2214 τοῖς
1735 2155 1987 2213 τοιούτοις

2082 2151 2285 2232 quibus
2310 2150 2590 2211 miserum
2617 2166 2853 2228 corpus,
2882 2157 2940 2208 et
2972 2147 3270 2225 przecipue
3300 2146 3348 2206 si
3378 2145 3436 2206 in
3471 2143 3708 2205 morbos

342 2234 507 2291 ὅντων
541 2234 764 2293 διαθέσει
798 2259 853 2293 τε
888 2238 972 2293 καὶ
1007 2237 1272 2310 προθέσει.

2082 2240 2296 2301 declive
2327 2239 2423 2319 sit,
2450 2238 2695 2317 indiget,
2731 2235 2849 2297 Nec
2901 2253 3009 2295 nos
3043 2235 3208 2313 fugit.
3244 2234 3344 2315 qui
3373 2233 3565 2295 zelum
3595 2252 3703 2294 au-

339 2322 530 2395 diunt,
563 2325 637 2386 de
665 2325 791 2386 zelo
821 2343 953 2388 sese
982 2324 1293 2406 gloriosius
1316 2326 1616 2405 jactantes
1649 2347 1756 2389 nos
1785 2329 2133 2391 fmdioribns
2163 2329 2434 2392 convitiis
2467 2327 2895 2408 proscissuros,
2927 2324 3143 2403 quibus
3181 2343 3312 2385 cum
3345 2322 3468 2402 jam
3503 2340 3704 2384 assue-

342 2411 532 2474 vimus
563 2414 966 2494 acquiescere,
1012 2433 1128 2474 non
1162 2415 1359 2475 minus
1388 2418 1872 2495 acquiescemns:
1906 2418 1993 2480 sic
2065 2420 2245 2482 etiam
2297 2426 2497 2480 nostra
2527 2435 2657 2496 quae
2706 2433 2810 2496 pro
2844 2423 3042 2474 nostra
3075 2413 3310 2473 natione
3358 2412 3708 2491 pertulimus

341 2501 807 2576 considerantes,
862 2511 920 2564 et
975 2502 1034 2564 in
1093 2503 1486 2582 legationibus
1530 2505 1842 2582 obeundis,
1903 2527 2036 2570 cum
2069 2518 2239 2570 aetate
2285 2509 2652 2578 ﬂoreremus,
2691 2513 2753 2568 et
2798 2511 2999 2564 nostra
3043 2501 3191 2577 haec,
3224 2502 3285 2562 in
3310 2499 3525 2582 quibus
3554 2517 3710 2561 nunc

344 2607 673 2672 versamur,
704 2591 1112 2672 dispositionis
1142 2601 1199 2654 et
1228 2593 1515 2674 propositi
1541 2595 1758 2673 studia,

1073 2923 1833 3052 ΓΕΩΓΙΟΥ
1933 2925 2979 3056 ΜΕΤΟΧΙΤΟΥ

1902 3175 1987 3226 ΕΚ
2033 3177 2163 3226 ΤΟΥ

987 3331 1136 3382 ΠΕΡι
1181 3330 1314 3381 ΤΗΣ
1359 3332 1496 3382 ΤΟΥ
1540 3329 1735 3382 ΛΓΙΟΥ
1779 3331 2188 3386 ΠΝΕΥΜΑΤΟΣ
2235 3335 2728 3388 ΕΚΠΟΡΕΥΣΕΩΣ
2763 3332 2982 3386 ΛΟΓΟΥ
3027 3318 3089 3383 Δ’

1221 3637 1788 3745 GEORGII
1883 3637 2731 3749 METOCHIF/E
2799 3614 2888 3691 (⁸)

1016 3852 1146 3932 (EX
1204 3850 1424 3916 LIBBO
1480 3849 1558 3914 IV
1611 3851 1708 3916 DE
1761 3852 2266 3920 PROCESSIONE
2333 3847 2676 3916 SPIRITUS
2733 3847 3032 3914 SANCTI.

1316 4019 1659 4092 (Comfebis.
1707 4025 1946 4088 Auctar.
1985 4042 2116 4085 nov.
2156 4031 2299 4086 tom.
2334 4019 2406 4103 II,
2451 4039 2507 4100 p.
2549 4019 2698 4082 1017
2733 4021 2751 4100 )

429 4263 526 4320 Καὶ
583 4265 890 4342 παραφθορᾷ
974 4263 1070 4338 μὲν
1155 4262 1369 4340 ῥηθείσῃ
1427 4263 1824 4340 τεθαρρηκότες,
1901 4266 2032 4327 mu

2153 4261 2402 4326 Praefata
2429 4278 2569 4320 vero
2601 4259 3022 4338 depravatione
3058 4259 3215 4336 freti,
3247 4277 3315 4322 ac
3339 4257 3553 4338 quibus
3583 4255 3722 4318 inde

345 4356 422 4423 τῷ
478 4349 712 4409 ἒντεῦθεν
753 4349 1075 4425 δελεάσματι
1119 4352 1223 4406 τῶν
1282 4351 1657 4428 ἀκροωμένων,
1717 4354 1803 4408 καὶ
1861 4355 1990 4409 ταύ-

431 4509 510 4585 (1)
534 4507 666 4590 Fuit
683 4508 778 4571 hic
799 4507 1118 4572 Metochita
1139 4523 1291 4568 unus
1311 4526 1379 4590 ex
1403 4508 1661 4588 illis,per
1679 4528 1827 4590 quos
1850 4510 1997 4572 facta

349 4597 438 4650 est
461 4589 599 4650 unio
631 4587 967 4653 Graecorum
1028 4606 1162 4649 cum
1205 4587 1450 4658 Latinis,
1484 4587 1596 4650 sub
1627 4587 1910 4664 Gregorio
1944 4593 1993 4654 Χ

348 4668 638 4750 serioque
657 4667 952 4733 consensit
978 4669 1036 4750 in
1061 4667 1398 4750 Satinorum
1432 4669 1734 4750 dogmade
1753 4688 1995 4750 proces-

352 4747 796 4830 sioneSpiritus
817 4748 1004 4830 sancti
1029 4767 1098 4830 ex
1130 4747 1302 4830 Filio,
1334 4749 1492 4828 quod
1529 4747 1776 4830 perinde
1801 4750 1876 4810 sit
1905 4760 1997 4811 at-

352 4846 466 4908 que
491 4827 924 4909 perFilium,ut
948 4827 1486 4909 imlesibiconﬂata
1514 4827 1820 4909 gentilium
1856 4849 1996 4891 suo-

353 4907 1028 4990 rum'invidia,carcet'e_s
1048 4907 1119 4990 ab
1145 4907 1261 4990 illis
1282 4907 1596 4990 perpessus
1612 4910 1686 4971 sit
1706 4929 1774 4971 ac
1799 4928 2001 4990 pinnas

352 4985 532 5050 alias:
555 4987 614 5048 in
645 4987 862 5064 quibus
880 4987 1130 5069 scripsit
1155 4985 1340 5069 libros
1361 4985 1622 5068 quinque
1651 4991 1749 5069 qui
1771 4985 2003 5052 exstant

353 5085 423 5148 eo
441 5077 810 5148 argumento,
836 5068 1008 5148 plane
1028 5068 1291 5129 eruditos
1323 5078 1384 5130 ut
1407 5069 1552 5130 nihil
1573 5068 1855 5130 hactenus
1872 5071 1997 5130 exi-

354 5145 588 5229 stimem
620 5145 913 5229 prodiisse
943 5147 1003 5208 in
1045 5165 1114 5208 eo
1145 5167 1366 5229 genere
1396 5148 1514 5210 illis
1545 5151 1787 5229 aequale.
1821 5148 2004 5228 Urget

353 5227 651 5308 praecipue
677 5228 1143 5300 traditionem,et
1175 5238 1236 5290 ut
1269 5227 1426 5308 olim,
1454 5227 1716 5292 Romana
1738 5227 2003 5291 Ecclesia

354 5324 483 5388 eam
517 5307 800 5388 profitens
831 5308 1035 5388 fidem.
1062 5308 1284 5368 nullam
1315 5327 1348 5368 a
1401 5307 1622 5388 Graecis
1653 5309 1781 5388 ejus
1806 5311 2004 5387 gnaris

349 5386 428 5468 sit
459 5386 628 5468 passa
659 5387 1017 5468 calumniam
1051 5396 1186 5448 ante
1206 5386 2002 5468 Photium,subindequeMi-

353 5467 620 5529 chailem
652 5467 1022 5529 Cerularium
1055 5485 1068 5529 :
1117 5469 1337 5542 quietis
1386 5467 1697 5546 utriusque
1721 5467 2006 5531 Ecclesiae

353 5547 555 5628 rebus,
589 5548 743 5626 quod
776 5547 848 5608 ad
881 5565 1015 5628 eum
1044 5547 1358 5609 articulum
1388 5555 1615 5628 spectat
1646 5547 2006 5611 Gravissima

356 5626 495 5688 item
527 5626 866 5691 Griecorum
884 5627 1400 5689 schismaticorum
1423 5626 1774 5689 solutionem
1792 5629 2006 5691 confu-

356 5713 454 5768 tat.
486 5724 600 5787 qua
629 5725 694 5766 se
737 5710 968 5768 l'atrum
1001 5709 1130 5768 loca
1156 5708 1400 5768 eludere
1425 5709 1784 5781 existimant,
1817 5719 1879 5770 ut
1907 5710 2002 5770 di-

355 5796 522 5870 catur
547 5787 804 5868 Spiritus
833 5795 1072 5870 sanctus
1103 5804 1233 5851 esse
1265 5807 1297 5850 a
1326 5787 1476 5870 Filio
1511 5788 1598 5870 vel
1632 5807 1736 5870 per
1764 5787 2002 5870 Filium,

356 5867 839 5931 rationeitantum
865 5868 1107 5931 effectus
1138 5867 1648 5949 temporalis,sive
1673 5869 2009 5932 donationis

2077 4351 2382 4413 auditores
2404 4348 2641 4430 capiunt
2672 4348 2994 4425 illecebris,
3028 4349 3180 4410 hanc
3211 4365 3448 4430 quoque
3473 4344 3720 4426 rcliqnis

2080 4519 2138 4571 et
2161 4506 2650 4570 manifestationis
2673 4528 2690 4582 ;
2713 4526 2829 4568 non
2854 4508 2990 4569 item
3015 4509 3243 4569 ratione
3279 4505 3624 4568 substantiae
3653 4524 3722 4565 ac.

2081 4589 2443 4650 exsistentiaa
2475 4605 2490 4649 :
2525 4595 2624 4668 τῆς
2666 4589 2929 4666 ὑπάρξεως
2972 4589 3137 4666 λόγῳ·
3175 4587 3392 4668 quibus
3411 4586 3716 4650 confectis.

2079 4689 2177 4730 res
2217 4669 2387 4748 plane
2413 4667 2678 4729 confecta
2703 4668 2800 4730 sit.
2833 4671 3020 4730 Locus
3038 4667 3212 4748 quem
3241 4669 3616 4748 depravatum
3638 4669 3724 4748 in:

2081 4745 2256 4810 dii-at.
2293 4768 2361 4810 ac
2385 4748 2585 4808 multis
2611 4759 2780 4808 vexat
2806 4750 2866 4809 in
2915 4748 2988 4808 iis
3035 4745 3168 4810 dum
3198 4745 3541 4810 nimi-edunt
3569 4745 3720 4805 istud

2082 4767 2256 4810 (ιιι-ει.
2293 4768 2361 4810 ac
2385 4767 2585 4808 mutus
2611 4767 2780 4808 vexat
2806 4767 2866 4809 in
2915 4768 2988 4808 ns
3077 4767 3168 4809 uie
3239 4767 3541 4808 vasi-eoum
3569 4767 3720 4805 nsum

2082 4837 2422 4919 ercet-ptum
2450 4828 3012 4919 nogrum,t}regoi'ii
3033 4767 3315 4919 ’(llhenologi
3335 4837 3427 4919 est
3442 4835 3572 4918 orat
3619 4825 3721 4895 ιρι,

2082 4905 2484 4989 ubihabetnr,
2532 4905 2765 4981 Omnia,
2800 4927 2928 4989 quae
2972 4919 3107 4970 sunt
3141 4905 3345 4984 Patris,
3379 4907 3558 4968 etiam
3595 4923 3724 4964 esse

2082 4988 2237 5061 Filii,
2262 4988 2403 5055 πλὴν
2432 4989 2526 5056 τῆς
2558 4991 2748 5060 αἰτίας,
2780 4988 3024 5066 excepta
3047 4991 3278 5050 ratione
3297 5005 3491 5049 causa
3525 5007 3537 5045 :
3572 5003 3720 5066 quo-

2087 5069 2259 5130 modo
2279 5067 2598 5128 etiamnum
2622 5067 2778 5129 edita
2801 5065 3365 5130 habent.Contendit
3386 5067 3483 5128 ille
3507 5065 3719 5144 proba—

2086 5158 2174 5209 tos
2204 5147 2440 5228 codices
2488 5147 2732 5228 habere,
2781 5147 2922 5216 πλὴν
2998 5149 3093 5216 τῆς
3120 5149 3510 5228 ,ἀγεννησίαςξ
3547 5163 3721 5228 quam

2086 5227 2402 5320 lectionem
2435 5247 2503 5287 ex
2535 5227 2665 5320 aliis
2693 5226 3248 5320 confirmat,quibus
3269 5227 3368 5320 ille
3392 5226 3721 5320 ubiq‘tie.=nv

2086 5309 2399 5387 ἀγεννησίαν
2439 5307 2696 5387 excipit;
2747 5305 3190 5387 nunquam'r‘qv
3263 5309 3450 5364 αἰτίαν.
3506 5305 3618 5366 Sed
3656 5323 3721 5362 ex
3772 5323 3776 5326 ’

2085 5388 2259 5449 editis
2279 5388 2947 5466 habetur,Anglicanum
2975 5406 3152 5448 unum
3173 5387 3437 5449 codicem
3461 5405 3528 5447 ac
3554 5403 3725 5523 qnes-

2085 5469 2222 5523 dam
2275 5465 2592 5523 Vaticanus
2648 5467 2867 5523 habere
2902 5467 3236 5523 ἀνεννησίαν.
3297 5466 3482 5523 Valde
3537 5483 3572 5523 η
3599 5471 3725 5523 aci-t

2085 5469 2222 5529 dam
2275 5465 2592 5555 VaticanOS
2648 5467 2867 5530 habere
2902 5467 3236 5555 saansaan.
3297 5466 3482 5528 Valde
3537 5465 3731 5555 placet

2087 5566 2259 5628 quam
2291 5549 2645 5609 solutionem
2688 5566 2756 5608 ex
2789 5547 3045 5627 propriis
3064 5545 3332 5628 adhibet,
3357 5545 3729 5628 cumsilentii

2091 5623 2344 5708 plurium
2360 5707 2365 5708 ί
2381 5630 2640 5708 Patrum.
2666 5623 3026 5708 tum'div'ersi
3046 5627 3201 5687 modi
3224 5626 3501 5708 loquendi
3523 5625 3580 5708 in
3616 5623 3726 5708 lfa-

2090 5702 2177 5768 tre
2211 5726 2260 5767 ei
2289 5705 2524 5779 Filio,in
2545 5707 2810 5787 subjecta
2856 5709 3098 5768 materia
3123 5702 3730 5787 processuonisSpirif

2092 5797 2182 5879 tus
2239 5789 2422 5879 sancti
2461 5795 2588 5879 :“ut
2641 5784 3730 5879 nimirum_peculiareﬁaliquidl’atri

2091 5867 2384 5930 voluerint
2406 5867 2696 5942 indicare,
2723 5885 2791 5930 ac
2812 5863 2987 5950 quale
3015 5866 3087 5929 ab
3109 5867 3237 5950 ipso
3275 5863 3524 5929 Domino
3552 5863 3728 5924 intel-
