4206 6292
495 297 638 361 Mli

1773 301 2087 364 GEORGII
2139 301 2599 367 METOCHIT/E

3737 302 3911 367 14ίῖ

496 433 679 523 prelis
709 432 949 497 Maximi
981 431 1332 494 sententiam
1377 432 1687 514 proferunt
1717 444 1994 515 tanquam
2028 451 2118 494 no-

2224 437 2472 519 καθόλου,
2503 442 2590 497 καὶ
2647 440 2764 498 κατ’
2809 441 3069 519 ἐπιτομὴν
3130 443 3261 523 πρὸς
3319 447 3438 507 τοῦς
3491 445 3558 501 τὰ
3615 453 3727 503 τοῦ
3795 446 3917 498 θεο-

492 521 584 584 bis
607 522 674 583 ad
686 532 1039 585 versantem.

569 610 735 684 Quod
766 630 903 673 vero
929 611 1000 673 ad
1034 611 1180 673 illud
1215 619 1470 692 spectat,
1519 619 1579 672 ut
1611 630 1726 672 non
1764 629 2028 689 causam,
2069 629 2138 674 ac

491 719 664 760 unam
709 701 866 762 dicat
899 719 1160 771 causam.
1196 699 1607 781 objiciuntque
1639 711 1700 764 ut
1734 699 2135 774 ineluctabile,

491 790 871 868 peculiariter
895 789 1525 870 respondemus,quod
1565 789 1678 864 ii-si
1706 789 2130 869 gratissimum,

490 877 779 960 habeant;
807 878 1111 958 nimirum,
1135 896 1329 958 neque
1374 897 1443 940 ex
1466 879 1612 941 Filio
1634 878 1970 957 signiﬁcare
2003 897 2135 941 esse

487 967 773 1046 Spiritum
805 981 1101 1046 sanctum,
1140 986 1333 1047 neque
1357 984 1461 1047 per
1485 967 1722 1041 Filium,
1758 966 1910 1047 quod
1930 967 2004 1027 ad
2029 986 2133 1028 ex—

491 1055 742 1117 sistendi
773 1056 1060 1118 rationem
1095 1055 1304 1116 attinet
1335 1078 1346 1114 :
1387 1054 1491 1117 sed
1543 1055 1697 1136 quod
1721 1056 1792 1116 ad
1815 1055 2131 1132 rationem,

489 1163 692 1204 eorum
725 1145 1043 1206 sententia.
1073 1144 1233 1204 il.ius
1251 1144 1704 1224 peremptricem
1733 1143 2134 1223 ;nempesub-

490 1233 957 1302 ministrationis,
985 1233 1240 1302 dationis
1260 1251 1328 1294 ac
1360 1232 1875 1295 manitestationis.
1913 1232 2134 1305 Quam-

486 1322 691 1383 obrem
716 1322 894 1384 etiam
928 1322 1095 1396 illud,
1127 1321 1290 1383 solus
1323 1339 1522 1396 causa,
1560 1321 1838 1382 traditum
1863 1329 2138 1384 asserunt

486 1410 561 1473 ad
594 1410 1054 1482 excludendum,
1086 1417 1149 1471 ut
1198 1410 1522 1490 productor
1565 1428 1799 1471 causam
1837 1409 2132 1472 diversam

488 1497 824 1577 signiﬁcare
845 1498 1353 1577 intelligatur.qua
1373 1515 1478 1576 per
1500 1496 1761 1559 Verbum
1779 1498 1978 1560 divina
2003 1517 2133 1579 pro~

487 1585 686 1647 ductio
708 1587 835 1646 ﬁeri
861 1587 1224 1666 explicatur:
1257 1586 1744 1666 illudque.solum
1778 1586 2026 1659 fontem,
2063 1587 2135 1648 ad

486 1675 630 1736 illm!
666 1675 1873 1756 confutandummtprocedere,diversum
1897 1676 2136 1737 modum

2221 525 2474 606 φάντορος
2506 526 2742 604 Μαξίμου
2773 531 3214 609 προτεινομένους
3244 532 3317 597 ὡς
3349 533 3466 590 καθ’
3501 533 3694 608 ἡμῶν.

2303 617 2439 695 Πρὸς
2499 615 2552 672 δὲ
2609 620 2696 698 16,
2742 619 2835 676 οῦκ
2890 620 3080 696 αἰτίαν,
3127 622 3216 678 καὶ
3261 623 3384 695 μίαν
3429 623 3594 678 αἰτίαν
3637 621 3712 678 τὸ
3776 640 3910 698 προσ

2217 703 2544 780 ϐαλλόμενον
2600 708 2674 772 ὡς
2717 707 3170 788 ἀκαταγώνιστον.
3233 707 3332 782 ἰδία
3390 709 3562 790 φαμὲν
3599 711 3799 790 -σφίσι
3844 707 3906 764 16

2219 793 2664 874 περισπούδαστον
2700 814 2714 830 ⁶
2776 796 2860 878 τό,
2921 795 3053 873 μὴτ’
3121 795 3173 864 ἐξ
3230 800 3372 871 Υἱοῦ,
3434 801 3571 874 μήτε
3615 796 3902 855 δεικνύναι

2215 879 2284 938 δι’
2328 885 2450 941 Υἰοῦ
2489 886 2550 940 τὸ
2593 891 2802 960 Πνεῦμα
2844 887 2905 942 τὸ
2945 886 3096 964 ἅγιον
3153 887 3289 944 κατᾶ
3343 885 3502 966 λόγον
3576 884 3896 965 ὑπάρξεως,

2217 969 2352 1026 ἀλλὰ
2395 973 2530 1028 κατὰ
2585 974 2685 1041 τὴν
2742 976 2907 1041 αὐτῆς
2950 977 3289 1056 ἀναιρετικὴν
3330 975 3452 1032 κατ’
3481 975 3674 1039 αὖτοὺς
3709 996 3902 1054 χορη-

2217 1059 2356 1139 γίαν,
2418 1059 2561 1117 δόσιν
2618 1083 2674 1119 τε
2732 1063 2820 1118 καὶ
2858 1053 3170 1143 φανέρωσιν,
3221 1053 3389 1123 ’Ὀθεν
3445 1067 3533 1122 καὶ
3587 1065 3651 1120 τὸ
3715 1053 3896 1138 μόνος

2217 1146 2391 1213 αἴτιος
2455 1151 2588 1229 πρὸς
2647 1149 2974 1218 ἀποσόόησιν
3044 1152 3420 1234 ἀποφαίνονται
3490 1149 3892 1232 παραδεδόσθαι

2215 1244 2308 1294 τοῦ
2361 1239 2422 1292 τὸ
2478 1237 2725 1318 διάφορον
2777 1240 2952 1296 αἴτιον
3021 1242 3300 1316 σημαίνειν
3345 1243 3405 1297 τὸ
3450 1238 3779 1321 προϐολεὺς,
3833 1236 3891 1293 ἒν

2217 1328 2302 1390 οἷς
2333 1323 2417 1381 διὰ
2441 1326 2613 1406 Λόγου
2655 1327 3055 1407 τεθεολόγηται’
3079 1331 3166 1386 καὶ
3195 1330 3256 1386 τὸ
3289 1329 3459 1404 μόνην
3489 1329 3698 1408 πηγὴν,
3734 1328 3884 1406 πρὸς

2218 1414 2512 1482 ἇνασκευὴν
2569 1423 2662 1473 τοῦ
2718 1419 2778 1474 τὸ
2842 1417 3182 1497 ἐκπορεῦσθαι
3233 1420 3324 1475 τὸν
3368 1416 3610 1498 διαφορον
3675 1417 3888 1492 τρόπον

2217 1507 2314 1566 τῆς
2345 1509 2437 1560 τοῦ
2495 1505 2796 1581 Πνεύματος
2838 1505 3105 1586 δπαὶρξεως
3162 1507 3523 1586 παριστάνειν,
3578 1505 3633 1562 ἑν
3675 1506 3777 1570 οἷς
3813 1501 3888 1560 δι’

2220 1593 2340 1650 Υἰοῦ
2379 1591 2798 1670 καταγγέλλεται
2867 1596 3040 1659 καθὼς
3109 1597 3144 1663 ἡ
3223 1595 3532 1670 θεσμοθεσία
3583 1590 3882 1672 διαῤῥήδην

2218 1676 2561 1755 διαλαμϐάνει
2603 1688 2696 1738 τοῦ
2739 1680 2985 1748 κώδικος.
3039 1683 3308 1741 Κάνταῦθα
3360 1681 3748 1762 παραπλησίως
3840 1681 3878 1748 ὴ

488 1763 814 1826 exsistendi
837 1763 1095 1844 Spiritus
1129 1763 1390 1840 denotet,
1425 1781 1536 1844 qua
1573 1783 1676 1843 per
1696 1763 1907 1825 Filium
1931 1763 2118 1843 perhi‘

2219 1769 2350 1835 αὐτὴ
2410 1769 2818 1851 περισπέρχεια,
2870 1769 2936 1827 δι’
2988 1771 3102 1836 ἑνὸς
3139 1771 3460 1850 ἀναστρέψαι
3515 1773 3578 1828 τὸ
3632 1768 3816 1848 ἕτερον
3854 1783 3872 1800 ⁸

487 1852 681 1927 betur,
713 1853 1212 1935 quemadmodum
1244 1853 1431 1934 palam
1452 1852 1675 1914 codicis
1699 1854 1845 1914 ratio
1865 1871 2132 1932 compre-

485 1942 717 2004 hendit.
749 1943 938 2006 Simili
978 1961 1114 2004 vero
1147 1943 1242 2004 hic
1272 1945 1522 2015 ratione,
1558 1960 1658 2003 sus
1712 1942 1905 2022 deque
1936 1942 2135 2002 omnia

487 2031 658 2113 ﬁunt,
682 2041 743 2093 ut
769 2051 947 2094 unum
974 2032 1222 2092 alterum
1248 2040 1472 2093 evertat
1499 2049 1515 2107 ;
1543 2050 1610 2093 ac
1643 2030 1921 2092 secundis
1939 2032 2135 2111 priora

485 2119 870 2183 destruantur
904 2142 916 2182 :
955 2120 1265 2195 nimirum,
1313 2138 1419 2200 per
1465 2139 1642 2182 unam
1677 2137 1939 2194 causam,
1974 2121 2131 2199 quod

487 2218 577 2272 est
603 2231 670 2274 ex
697 2210 846 2273 Filio
872 2233 887 2292 ;
914 2211 1070 2292 quod
1095 2211 1328 2272 divinus
1374 2211 1470 2272 hic
1491 2211 1722 2286 doctor,
1756 2229 1871 2291 qua
1902 2210 2132 2272 ratione

2215 1854 2299 1913 διὰ
2348 1863 2454 1914 τῶν
2511 1857 2763 1938 δευτέρων
2807 1861 2871 1916 τὰ
2906 1859 3135 1940 πρότερα
3169 1878 3183 1893 ·
3235 1857 3319 1916 διὰ
3371 1867 3464 1916 τοῦ
3519 1859 3640 1936 μίαν
3667 1859 3867 1932 αἰτίαν,

2213 1947 2276 2027 τὸ
2332 1944 2383 2010 ἐξ
2453 1947 2597 2022 Υἰοῦ,
2668 1947 2797 2027 ὅπερ
2869 1951 2896 2005 6
2964 1953 3108 2013 θεῖος
3165 1945 3264 2005 ὦδε
3318 1949 3684 2026 κυσταγωγὸς,
3728 1948 3868 2002 καθὰ

2218 2025 2495 2110 Ῥωμαίοις
2578 2035 2718 2094 ἐστὶν
2771 2025 2779 2027 ἡ
2829 2037 3251 2118 ἐκφωνούμενον,
3347 2025 3516 2118 μηδὲν
3582 2025 3866 2115 διαφέρειν

2211 2130 2306 2180 τοῦ
2361 2121 2428 2180 δι’
2499 2126 2620 2182 Υἰοῦ
2675 2127 2878 2194 τίθησιν
2906 2115 2993 2192 εἰς
3050 2124 3340 2204 ἀπόλογον,
3377 2115 3435 2184 Ὀ
3465 2131 3590 2204 γοῦν
3617 2127 3674 2180 ὶν
3716 2123 3860 2198 ὲκεί-

2212 2234 2322 2276 νοις
2353 2211 2579 2295 ἔλεγχος
2610 2216 2696 2271 καὶ
2726 2216 2930 2280 τούτοις
2961 2212 3377 2294 ἆρμοδιώτατος.

484 2301 734 2362 Romani
766 2300 909 2363 illud
958 2301 1308 2381 proﬁtentur
1350 2319 1420 2362 ac
1452 2301 1728 2372 eﬁ‘erunt,
1763 2299 1908 2360 nihil
1939 2299 2012 2360 ab
2045 2318 2112 2360 eo
2145 2299 2409 2382 diﬁ'erre,
2443 2301 2599 2382 quod
2632 2310 2722 2365 est
2748 2321 2858 2383 per
2881 2302 3140 2384 Filium,
3174 2301 3544 2366 defensionis
3571 2299 3697 2364 loco
3742 2317 3848 2380 po-

484 2389 589 2454 nit.
625 2388 766 2462 Quae
796 2409 936 2469 ergo
969 2389 1028 2450 in
1061 2389 1177 2450 illis
1227 2387 1577 2454 conf-datio.
1616 2389 1676 2449 in
1711 2389 1836 2450 istis
1888 2407 2122 2469 quoqne
2151 2407 2326 2470 quam
2358 2391 2613 2454 maxime
2643 2393 2940 2473 congruit.

563 2478 960 2551 Quamobrem
993 2477 1174 2539 etiam
1217 2476 1434 2540 iterum
1493 2477 1772 2550 dicimus,
1807 2496 1876 2538 ea
1905 2477 2132 2538 ratione

483 2586 614 2646 quae
636 2566 877 2647 proiirie
897 2566 1051 2628 Patri
1077 2566 1319 2628 deﬁnita
1338 2576 1448 2635 est.
1484 2586 1592 2627 nec
1620 2566 1739 2628 ullo
1773 2567 1944 2627 modo
1976 2570 2132 2627 inest

482 2654 669 2727 Filio;
704 2675 820 2716 non
852 2673 967 2735 qua
1015 2654 1075 2715 in
1106 2653 1395 2716 ambobus
1425 2654 1775 2732 intelligitur
1799 2656 1937 2734 hoc,
1965 2653 2123 2734 quod

483 2753 571 2805 est
593 2743 906 2814 declarari,
939 2759 1006 2806 ac
1025 2743 1360 2805 annuntiari
1389 2761 1404 2816 ;
1433 2762 1549 2804 non
1573 2743 1690 2804 dici
1709 2741 1921 2804 Filium
1945 2745 2127 2804 abso-

481 2832 600 2893 lute
630 2849 866 2893 causam
896 2853 911 2912 ;
965 2831 1316 2911 Patremque
1348 2851 1522 2892 unam
1552 2851 1621 2893 ac
1662 2832 1849 2893 solam
1881 2849 2118 2893 causam

2301 2483 2394 2537 Διὸ
2453 2483 2540 2539 καὶ
2583 2481 2742 2543 πάλιν
2798 2481 3024 2560 λέγομεν
3083 2483 3157 2546 ὡς
3209 2481 3330 2539 κατ’
3374 2481 3581 2538 ἐκεῖνον
3628 2477 3724 2558 ἄρα
3763 2477 3849 2533 τὸν

2213 2567 2394 2647 λόγον,
2431 2571 2487 2633 ὃς
2526 2568 2667 2637 ἰδίως
2699 2572 2987 2650 ἀφώρισται
3016 2578 3092 2645 τῷ
3123 2572 3308 2648 Πατρὶ,
3339 2573 3426 2627 καὶ
3453 2574 3530 2643 τῷ
3560 2571 3665 2642 Υἱῷ
3694 2567 3851 2645 πρόσ-

2211 2678 2352 2714 εστιν
2409 2657 2676 2740 οῦδαμῶς,
2733 2662 2822 2716 καὶ
2878 2660 2937 2717 οῦ
2981 2657 3148 2730 δήπου
3186 2658 3302 2716 καθ’
3346 2660 3403 2715 ὃν
3431 2657 3855 2736 8:31.?0‘tv6v05w-

2207 2761 2378 2825 ρεϊται
2459 2750 2521 2806 τὸ
2603 2752 2908 2823 τρανοῦσθαι
2983 2749 3071 2805 καὶ
3139 2745 3557 2826 διαγγέλλεσθαι,
3619 2745 3852 2822 καθαρῶς

2205 2837 2299 2893 οῦκ
2349 2837 2516 2893 αἰτίαν
2569 2835 2813 2917 λέγεσθαι
2869 2839 2959 2893 τὸν
3004 2838 3125 2892 Υἱὸν
3160 2857 3173 2870 ·
3235 2837 3323 2892 καὶ
3365 2837 3454 2891 τόν
3499 2833 3697 2912 Πατέρα
3731 2833 3851 2908 μίαν

479 2921 622 3001 dici,
678 2940 746 2982 ex
793 2923 1027 2984 Patrum
1088 2919 1259 2981 nobis
1289 2920 1574 2999 all'ulgere
1605 2920 1922 2999 theologia.
1969 2919 2118 2992 Quia

2204 2924 2370 2981 αἰτίαν
2422 2925 2480 2982 ἐκ
2535 2932 2631 3002 τῇς
2687 2929 2792 2982 τῶν
2839 2926 3083 3004 Πατέρων
3147 2924 3459 3004 θεολογικῆς
3516 2920 3850 2984 διδασκαλίας

482 3028 622 3088 ergo
654 3009 928 3071 universa
957 3028 1089 3090 quae
1122 3012 1320 3070 insunt
1368 3009 1541 3084 Filio,
1575 3027 1644 3070 ac
1693 3028 2060 3091 quaecunque
2089 3027 2118 3070 a

2205 3015 2717 3095 ὲναπαστράπτεται.
2788 3022 3075 3092 Τοιγαροῦν
3158 3014 3274 3071 ἐπεὶ
3339 3015 3513 3074 πάντα
3588 3014 3667 3084 τῷ
3746 3012 3854 3085 Υἰῷ

478 3097 652 3174 Filio,
691 3117 759 3160 ac
791 3115 898 3178 per
927 3098 1143 3161 Filium
1194 3097 1482 3159 discimus
1531 3117 1700 3169 esse;
1735 3101 1876 3178 quin
1909 3109 1966 3162 et
2000 3101 2125 3178 ipse

478 3205 653 3267 quem
677 3187 977 3268 proprium
1001 3187 1076 3249 de
1099 3187 1226 3267 ipso
1250 3195 1307 3248 et
1327 3205 1432 3266 per
1452 3187 1674 3267 ipsum,
1697 3189 1979 3266 Spiritum
2014 3188 2120 3248 do-

478 3283 636 3357 cent,
665 3295 734 3338 ex
765 3277 939 3340 Patre
969 3283 1126 3351 sunt,
1159 3284 1440 3356 tanquam
1479 3295 1553 3338 ex
1581 3277 1804 3350 radice,
1842 3295 1908 3338 ac
1935 3277 2124 3356 prima

477 3383 676 3434 causa,
711 3364 1074 3444 minimeque
1105 3383 1212 3444 per
1228 3383 1365 3426 eum
1401 3365 1641 3426 modum
1670 3375 1894 3426 suntex
1917 3365 2065 3427 Filio
2101 3385 2116 3440 ;

478 3456 632 3534 quod
659 3453 709 3514 is
734 3471 848 3516 non
874 3452 950 3516 sit
971 3452 1135 3514 radix
1169 3473 1280 3515 nec
1314 3471 1489 3514 causa
1506 3453 1747 3515 omnino
1769 3455 1980 3534 prima,
2012 3454 2116 3515 sed

476 3543 579 3604 illa
604 3543 838 3622 proprie
859 3560 927 3603 ac
957 3541 1212 3604 seorsim
1248 3543 1488 3604 exsistat
1505 3541 1701 3618 Pater,
1720 3543 1779 3604 in
1798 3561 1916 3624 quo
1937 3543 2114 3605 etiam

475 3631 632 3692 inest
655 3631 872 3692 radicis
902 3629 1074 3706 ratio,
1099 3630 1156 3691 id
1181 3639 1366 3692 totum
1402 3631 1804 3711 complectens
1835 3633 1989 3713 quod
2025 3643 2112 3695 est

472 3718 720 3781 rationis
748 3739 960 3801 causae,
1012 3722 1166 3800 quod
1200 3729 1425 3802 spectat
1458 3722 1528 3783 ad
1565 3722 2016 3804 primalitatem;
2053 3733 2114 3786 ut

475 3817 534 3872 et
559 3808 758 3883 Filius,
793 3810 889 3889 qui
916 3829 1078 3871 suam
1112 3811 1246 3872 inde
1285 3809 1482 3872 inesse
1515 3813 1950 3891 processionem
1983 3813 2110 3892 glo-

473 3898 682 3978 rietur,
715 3898 1000 3979 quidquid
1037 3907 1146 3973 est,
1181 3918 1250 3959 eo
1272 3899 1490 3960 referat
1517 3901 1709 3980 :juxta
1732 3903 1854 3963 hzec
1884 3902 2108 3983 utique,

473 3997 606 4067 apte
627 4004 1008 4066 congrueque
1042 3996 1260 4067 mystes
1283 3988 1384 4050 ille
1415 3991 1702 4052 maximus
1725 3991 1891 4072 juxta
1915 3991 2110 4052 nomi-

474 4073 567 4134 nis
586 4073 912 4155 notionem,
946 4074 1160 4136 Filium
1204 4076 1401 4138 docuit
1432 4097 1544 4138 non
1574 4077 1692 4139 dici
1727 4098 2003 4160 causam;
2045 4099 2113 4142 ac

472 4163 688 4243 reliqui
720 4163 903 4224 divini
945 4165 1218 4227 doctores
1267 4165 1476 4228 crebro
1513 4169 1569 4227 in
1603 4169 1839 4230 Patrem
1873 4185 2110 4230 causam

2205 3103 2493 3182 προσόντα,
2567 3106 2652 3160 καὶ
2705 3104 2857 3161 πάνθ’
2929 3103 3028 3160 ὅσα
3079 3105 3220 3182 παρὰ
3280 3105 3400 3161 Υἰοῦ
3468 3101 3553 3157 καὶ
3607 3097 3674 3155 δι’
3731 3101 3854 3155 Υίοῦ

2202 3207 2638 3272 ιιοστκγωγεϊται
2673 3209 2686 3222 ·
2736 3195 2824 3250 καὶ
2867 3195 2992 3250 αὒτὸ
3035 3195 3095 3249 τὸ
3131 3191 3254 3270 παρ’
3311 3195 3466 3250 αὐτοῦ
3495 3190 3584 3246 καὶ
3624 3187 3691 3244 δι’
3749 3189 3855 3244 αὖ·

2205 3289 2297 3339 τοῦ
2356 3281 2803 3363 δογματιζόμενον
2858 3281 2994 3339 ἴδιον
3069 3289 3302 3361 Πνεῦμα,
3385 3282 3458 3344 ὡς
3516 3279 3621 3334 ἀπὸ
3677 3277 3851 3354 ῥίζης,

2201 3373 2274 3435 ὡς
2335 3370 2438 3429 ἀπό
2481 3371 2696 3451 πρώτης
2740 3373 2908 3434 αἰτίας
2967 3373 3066 3428 εἰσὶ
3107 3374 3196 3428 τοῦ
3240 3371 3468 3450 Πατρὸς,
3514 3369 3602 3424 καὶ
3657 3365 3853 3433 ἥκιστα

2200 3463 2619 3540 τοιουτοτρόπως
2665 3461 2726 3518 ἐκ
2794 3467 2888 3518 τοῦ
2931 3463 3053 3517 Υἰοῦ
3086 3480 3099 3495 ⁶
3133 3460 3212 3516 ὅτι
3257 3459 3334 3535 μὴ
3361 3458 3496 3536 ῥίζα,
3555 3453 3692 3531 μηδὲ
3750 3455 3852 3540 ἆρτ

2199 3552 2360 3630 χικὸν
2417 3535 2596 3608 αἴτιον
2631 3567 2645 3580 ⁸
2708 3549 2826 3608 ἀλλ’
2870 3549 2971 3608 ἰδία
3011 3551 3100 3607 καὶ
3141 3535 3670 3626 ἆποκεκληρωμένως
3701 3535 3852 3600 ταῦθ’

2200 3643 2227 3697 6
2272 3641 2480 3721 Πατὴρ,
2539 3637 2620 3720 ἐφ’
2664 3643 2710 3714 ᾧ
2749 3641 2836 3696 καί
2905 3644 3005 3706 τῆς
3060 3638 3204 3716 ῥίζης
3260 3638 3320 3694 τὸ
3374 3643 3479 3693 πᾶν
3527 3632 3623 3702 τῆς
3680 3631 3850 3697 αἰτίας

2195 3720 2436 3810 ἐχούσης
2469 3730 2604 3786 κατὰ
2645 3728 2892 3808 ἀρχικὸν,
2952 3729 3024 3792 ὡς
3069 3728 3156 3784 καί
3198 3733 3288 3783 τοῦ
3340 3727 3461 3782 Υἰοῦ
3512 3724 3611 3790 τὴν
3652 3720 3849 3777 οἰκείαν

2195 3820 2268 3883 εἰς
2311 3821 2372 3875 16
2432 3818 2573 3875 εἶναι
2631 3815 2850 3897 πρόοδον
2896 3815 3097 3872 ἐκεῖθεν
3153 3817 3466 3895 αὖχοῦντος,
3511 3817 3616 3869 πᾶν
3669 3810 3847 3867 ἐκεῖσε

2193 3910 2254 3964 16
2321 3903 2440 3965 κατ’
2498 3907 2653 3963 αὐτὸν
2732 3905 3060 3984 ἀνάγεσθαι·
3145 3905 3282 3961 κατὰ
3357 3909 3520 3960 ταῦτα
3567 3900 3845 3980 προσφυῶς

2193 3996 2292 4076 ἄρα
2348 3997 2436 4053 καὶ
2511 3994 2844 4074 ἁρμοζόντως
2905 3996 2933 4050 6
2990 3995 3128 4051 κατὰ
3208 3993 3539 4074 φερωνυμίαν
3597 3989 3843 4076 μέγιστος

2193 4075 2514 4164 μῦστιπόλος
2595 4085 2673 4160 μὴ
2728 4085 2970 4163 λέγεσθαι
3034 4085 3127 4140 τὸν
3183 4084 3301 4138 Υἱὸν
3357 4080 3526 4136 αἰτίαν
3584 4075 3776 4142 ἐδίδαξε
3825 4095 3840 4110 ⁸

2190 4178 2277 4233 καὶ
2333 4177 2380 4232 οἱ
2421 4172 2597 4232 λοιποὶ
2621 4173 2864 4252 θεηγὸροι
2892 4173 3089 4239 ταύτην
3119 4172 3192 4237 εἰς
3217 4171 3328 4244 ζτὸν
3386 4167 3593 4246 Πατέρα
3634 4165 3843 4245 συχνῶς

467 4253 772 4314 referunt:
800 4273 917 4343 non
967 4273 1060 4336 eo,
1096 4267 1159 4314 ut
1202 4273 1270 4315 ex
1294 4254 1442 4316 Filio
1469 4273 1535 4317 ac
1574 4276 1676 4336 per
1701 4257 1910 4319 Filium
1930 4257 2112 4338 Spiri-

2204 4263 2535 4343 Ξιναφέρουσιν
2567 4279 2581 4292 '
2642 4266 2736 4322 οὐκ
2791 4263 2864 4325 εἰς
2906 4261 3174 4341 ἄφαίρεσιν
3215 4259 3252 4328 ἢ
3321 4257 3602 4316 ἀλλοίωσιν
3655 4261 3746 4312 τοῦ
3790 4253 3844 4319 ἐξ

469 4348 562 4402 tus
579 4344 765 4403 sancti
787 4342 1039 4404 divinam
1067 4350 1504 4421 processionem
1523 4345 1729 4406 tollant
1753 4364 1767 4408 :
1793 4347 2109 4426 perspicue

469 4431 626 4493 enim
651 4432 764 4493 hoc
787 4431 940 4506 loco,
988 4450 1138 4495 vera;
1168 4433 1472 4513 sapientia:
1495 4434 1704 4514 plenus
1721 4435 1816 4496 hic
1841 4453 1911 4497 ex
1937 4445 2104 4499 utro-

469 4539 585 4600 que
604 4519 770 4582 iIlum
796 4520 1176 4600 praedicat,ac
1197 4521 1460 4584 dilucide
1483 4523 1763 4585 Romanis
1780 4527 2107 4604 patrocina-

469 4617 586 4681 tur,
637 4610 806 4689 juxta
858 4610 1013 4691 quod
1069 4629 1274 4672 eorum
1308 4621 1568 4674 mentem
1594 4613 1856 4694 exponit.
1910 4616 2105 4677 Palam

466 4698 876 4780 quoque,nibi|
921 4717 992 4760 ea
1037 4698 1278 4761 diﬁ‘erre
1327 4718 1405 4763 ea:
1430 4700 1606 4782 Filio,
1632 4710 1690 4764 et
1705 4721 1817 4781 per
1840 4703 2102 4782 Filium;

467 4787 554 4849 uti
579 4805 687 4849 nec
711 4788 1067 4870 procedere,
1093 4807 1164 4851 ac
1197 4790 1460 4870 prodire,
1493 4791 2102 4873 ostenditzsiquidem

465 4879 594 4957 ejus
613 4895 683 4939 ea
699 4875 876 4939 verba
895 4885 1030 4939 sunt
1056 4899 1069 4936 :
1093 4879 1310 4942 Dicere
1320 4897 1433 4961 per
1451 4879 1698 4955 Filium,
1714 4881 1927 4960 quibus
1945 4883 2105 4946 dixit

464 4983 546 5031 ολ)
564 4966 745 5040 Filio;
766 4984 839 5030 ac
850 4969 1123 5048 prodire,
1146 4968 1362 5048 quibus
1393 4970 1554 5032 dixit
1569 4972 1890 5050 procedere
1916 4991 1930 5032 :
1953 4971 2099 5046 Sed,

465 5055 678 5138 inquit,
696 5065 762 5119 ut
777 5075 886 5138 per
902 5075 1039 5119 eum
1050 5057 1303 5138 prodire
1318 5058 1448 5135 sign
1459 5058 1677 5137 iﬁccnt.
1706 5059 1840 5121 Alio
1866 5079 2103 5142 quoque

460 5144 593 5206 loco
622 5145 808 5208 dicit:
846 5145 1118 5226 Spiritus
1164 5155 1405 5209 sanctus
1429 5148 1535 5228 qui
1555 5165 1632 5210 ea:
1657 5149 1837 5210 Patre
1856 5168 1961 5228 per
1985 5150 2100 5212 Fi-

461 5233 1922 5317 lium.quigenitusest,iueﬁ‘abilirationrproa'dit
1952 5238 2102 5311 Quo-

460 5321 618 5385 circa
670 5324 906 5405 propria
953 5325 1107 5388 ratio
1157 5333 1244 5386 est
1264 5325 1430 5405 juxta
1457 5343 1631 5405 quam
1663 5325 1848 5387 Filius
1879 5346 1995 5388 non
2018 5335 2106 5389 est

458 5429 632 5472 causa
669 5431 682 5476 :
729 5431 1084 5495 rursumque
1135 5415 1401 5494 propria,
1427 5413 1597 5495 juxta
1631 5433 1810 5495 quam
1843 5415 2098 5496 Spiritus

459 5510 697 5586 sanctus
725 5511 904 5566 estex
927 5512 1199 5584 utroque,
1221 5503 1334 5564 hoc
1358 5512 1466 5580 est,
1512 5521 1585 5566 ex
1615 5502 1784 5566 Patre
1838 5524 1944 5586 per
1992 5505 2096 5567 Fi-

2175 4617 2468 4699 sumam

2191 4356 2312 4411 Υἱοῦ
2365 4354 2454 4410 καὶ
2495 4350 2560 4408 δι’
2608 4355 2730 4408 Υἱοῦ
2765 4351 3130 4430 θεολογεῖσθαι
3171 4351 3233 4406 16
3276 4354 3486 4422 Πνεῦμα
3527 4347 3589 4403 τὸ
3635 4344 3788 4423 ἅγιον
3823 4361 3842 4378 ο

2187 4442 2241 4510 εξ
2295 4443 2497 4522 ἀμφοῖν
2526 4441 2626 4520 γὰρ
2669 4440 2794 4497 αὖτδ
2848 4438 3114 4519 διαφανῶς
3165 4436 3341 4495 ὶνθάδε
3390 4437 3488 4504 τῆς
3531 4437 3696 4497 ὅντως
3740 4454 3841 4490 σο-

2187 4532 2307 4611 φίας
2388 4521 2810 4609 πεπληρωμένος
2900 4529 3050 4611 οὗτος
3138 4527 3321 4607 Πατὴρ
3387 4526 3630 4603 κηρύττει
3661 4537 3677 4555 ⁸
3753 4521 3841 4577 καὶ

2578 4618 2919 4699 ὑπερηγορῶν
3019 4609 3320 4693 Ῥωμαίοις,
3420 4615 3592 4678 καθὼς
3695 4611 3840 4691 σφίσι

2187 4708 2538 4790 τρανούμενον
2598 4707 3078 4787 ἐγκαταστρωννύει
3130 4707 3218 4762 καὶ
3285 4705 3346 4761 τὸ
3401 4701 3678 4782 ἀδιάφορον
3745 4705 3840 4757 τοῦ

2186 4797 2238 4864 ἐξ
2285 4799 2406 4856 Υἱοῦ
2452 4798 2584 4876 πρὸς
2640 4799 2702 4853 τὸ
2731 4795 2799 4854 δι’
2843 4800 2986 4869 Υἱοῦ,
3032 4805 3125 4856 τοῦ
3174 4794 3225 4852 τ’
3279 4794 3643 4872 ἐκπορεύεσθαι
3704 4791 3837 4869 πρὸς

2185 4888 2247 4944 1‘0
2290 4884 2533 4965 προϊέναι
2616 4884 2868 4942 δείκνυσιν
2951 4885 3183 4964 ἐναργῶς
3216 4901 3230 4916 ·
3317 4881 3471 4961 εἴπερ
3523 4881 3702 4954 αὖτοῦ,
3778 4880 3840 4935 16

2185 4976 2402 5056 φάσκειν
2487 4971 2555 5029 δι’
2653 4977 2775 5032 Υἱοῦ
2867 4977 2950 5038 οἷς
3034 4972 3250 5054 εἴρηκεν
3343 4968 3396 5036 ἐξ
3495 4968 3616 5026 Υίοῦ
3646 4987 3698 5056 ⁸-
3746 4977 3841 5056 καὶ

2185 5053 2430 5144 προϊέναι
2513 5062 2602 5128 οἷς
2673 5061 2887 5143 εἴρηκεν
2970 5061 3328 5141 ἐκπορεύεται,
3388 5057 3560 5137 λέγων
3595 5073 3608 5088 ³
3684 5053 3837 5113 Ἀλλ’

2184 5152 2278 5209 ἵνα
2333 5153 2394 5208 τὸ
2446 5150 2512 5208 δι’
2556 5154 2715 5212 αὐτοῦ
2755 5152 2998 5232 προϊέναι
3028 5149 3331 5218 δηλώσωσι,
3395 5149 3491 5206 Καὶ
3545 5144 3704 5202 πάλιν
3780 5149 3839 5204 ιν

2186 5240 2366 5306 ἂλλοις
2407 5261 2418 5274 ·
2479 5243 2539 5298 τὸ
2596 5247 2807 5317 Πνεῦμα
2875 5243 2936 5300 τὸ
3003 5240 3180 5318 ἅγιον,
3243 5239 3306 5295 ὲκ
3358 5245 3451 5296 τοῦ
3518 5236 3722 5314 Πατρὸς
3765 5233 3835 5292 δι’

2187 5332 2308 5411 Υίοῦ
2470 5329 2808 5408 γεννηθέντος
2953 5330 3231 5411 ἀφράστως
3395 5324 3835 5401 ἓκπορευόμενον,

2185 5402 2335 5478 ῃΟθεν
2396 5402 2532 5484 ἴδιος
2567 5424 2594 5478 6
2637 5419 2792 5501 λόγος
2829 5419 2945 5479 καθ’
3004 5402 3061 5479 δν
3119 5423 3147 5478 6
3200 5417 3319 5483 Υἱὸς
3377 5418 3472 5475 οῦκ
3513 5417 3648 5471 αἰτία
3681 5429 3696 5444 ⁸
3745 5419 3841 5474 καί

2179 5506 2316 5574 ’ίδιος
2375 5509 2492 5567 καθ’
2537 5511 2596 5567 ὃν
2640 5509 2692 5576 ἔξ
2735 5512 2936 5587 ἀμφοῖν
2978 5513 3040 5569 16
3098 5516 3309 5585 Πνεῦμα
3343 5524 3359 5540 ⁶
3418 5505 3582 5582 ἤγουν
3628 5502 3689 5561 ἐκ
3719 5509 3840 5564 Πα-

459 5585 602 5648 lium
630 5607 642 5648 :
669 5589 960 5672 longeque
983 5592 1153 5654 abest
1180 5609 1213 5652 a
1239 5600 1399 5653 recto
1419 5609 1621 5673 sensu,
1642 5601 1704 5654 ut
1723 5585 1974 5656 alterum
2003 5593 2096 5657 al-

2204 5600 2302 5678 πρὸς
2359 5597 2429 5655 δι’
2489 5601 2610 5657 Υἶοῦ
2643 5617 2660 5636 ·
2716 5585 2804 5658 καὶ
2846 5601 3026 5682 πόρρῳ
3082 5603 3180 5668 τῆς
3235 5597 3392 5677 ὁρθῆς
3463 5592 3693 5658 διανοίας
3765 5595 3839 5655 δι’
