4184 6300
315 266 494 332 ...1413
1785 235 2318 337 ινξιΑθΜΕΝΤΑᾙ
3563 269 3711 333 1414

335 402 507 479 ἑτερου
593 404 653 459 τὸ
732 403 904 481 ἕτερον
963 405 1291 484 ἀνατρέπειν*
1366 407 1452 461 καὶ
1506 406 1629 470 τοὺς
1698 407 1970 485 θεόφρονας

2067 413 2193 466 tero
2225 404 2520 481 destruas,
2574 406 2892 487 divinoque
2937 425 3115 469 sensu
3162 410 3390 481 Patres,
3454 406 3706 469 invicem

327 491 554 568 εἰσάγειν
634 489 1055 572 ιναντιόφρονας’
1129 495 1217 551 καὶ
1271 495 1334 550 τὸ
1376 501 1585 569 μεῖζον,
1659 495 1790 574 πρὸς
1850 496 1970 555 ἑαυ-

2060 494 2355 554 ronlraria
2410 497 2736 556 sentientes
2778 495 3047 569 inducas,
3075 496 3350 578 quodque
3383 498 3575 576 majus
3607 497 3706 571 sit,

333 578 478 642 τούς.
987 593 992 598 ’

2058 581 2174 642 sibi
2195 582 2339 658 ipsis
2369 583 2677 646 adversos.

1803 898 2029 984 ΤΟΥ
2092 901 2468 986 ΑΥΤΟΥ

752 1087 838 1139 ΕΚ
882 1090 1016 1142 ΤΩΝ
1061 1088 1213 1142 ΠΕΡΙ
1269 1091 1400 1142 ΤΗΣ
1456 1091 1588 1143 ΤΟΥ
1632 1089 1830 1143 ΑΓΙΟΥ
1909 1090 2319 1143 ΠΝΕΥΜΑΤΟΣ
2381 1094 2871 1146 ΕΚΠΟΡΕΓΣΕιὶΣ
2931 1096 3148 1146 ΛΟΓΟΥ
3204 1089 3282 1152 Ε’.

1755 1417 2208 1514 ΕᾸΠΞΒΕ
2230 1421 2303 1510 Μ

1047 1614 1150 1682 EX
1204 1613 1430 1680 LIBRO
1484 1617 1534 1678 V
1581 1613 1680 1678 DE
1734 1612 2242 1679 PROCESSIONE
2317 1613 2660 1680 SPIRITUS
2717 1618 2988 1682 SANCTI

325 1773 504 1851 Quod
548 1790 743 1856 neque
797 1783 1047 1857 propter
1098 1780 1474 1852 sententiam,
1534 1793 1733 1857 neque
1785 1781 2035 1857 propter
2080 1775 2452 1839 additionem
2509 1763 2829 1842 natumst!
2885 1779 3309 1844 Erclesiarum
3341 1779 3696 1846 dissidium.

1351 1935 1546 2017 (Apud
1574 1934 1859 1998 Allatium
1890 1934 1978 1998 De
2005 1936 2366 2018 purgatorio,
2401 1958 2455 2019 p.
2508 1939 2676 2018 668.)

329 2277 465 2354 Πρὸς
535 2283 698 2333 ταῦτα
749 2275 847 2351 μὲν
903 2275 990 2332 οὖν
1072 2275 1581 2353 ἀντιπαραθιὶσουσιν
1651 2279 1699 2332 ot
1753 2277 1821 2333 τὰ
1873 2275 1970 2342 τῆς

2137 2275 2226 2336 Ad
2253 2276 2377 2338 haec
2409 2277 2646 2357 quidem
2681 2288 2888 2342 contra
2919 2289 3245 2359 apponent,
3271 2278 3699 2360 quiepistolam

329 2363 619 2432 ἕπιστολῆς
687 2365 1038 2445 πεφθακότες,
1106 2362 1316 2439 εἰδέναι,
1385 2362 1420 2432 ἦ
1489 2366 1578 2422 καὶ
1628 2362 1851 2422 διελθεῖν
1921 2365 1968 2420 οἰ

2055 2364 2288 2446 callent,
2322 2375 2420 2425 aut
2450 2365 2680 2443 integre
2711 2376 3158 2448 percurrere,ct
3189 2369 3290 2448 qui
3320 2369 3579 2430 studium
3601 2388 3703 2448 po-

328 2451 561 2520 σπουδὴν
589 2452 970 2528 ποιησάμενοι,
1001 2454 1063 2510 τὸ
1092 2454 1183 2509 τὸν
1235 2451 1512 2528 ἑκθέμενον
1555 2453 1608 2508 ἐν
1662 2453 1842 2518 αὒτοῖς
1873 2452 1970 2519 τὴν

2055 2471 2231 2514 suere
2256 2473 2422 2514 suum
2448 2454 2519 2515 ad
2545 2455 2941 2535 probandum,
2975 2455 3134 2516 illius
3163 2464 3463 2518 auctorem
3489 2456 3699 2533 videri,

326 2543 632 2619 προσθήκην
685 2544 995 2619 καθορᾶσθαι
1047 2541 1344 2612 κακίζοντα.
1395 2543 1548 2609 Γνοίη
1601 2540 1649 2596 δ’
1709 2537 1769 2597 ἄν
1811 2544 1840 2598 ὁ
1895 2541 1970 2618 μὴ

2055 2541 2418 2603 adllitionem
2453 2542 2704 2604 similem
2731 2544 3160 2605 accusare.Se~l
3192 2545 3364 2624 plane
3389 2545 3700 2625 intelliget,

328 2628 648 2706 παροδικᾶκ,
697 2625 817 2685 ἀλλ’
868 2629 1283 2704 ἐπσσκεμμένως
1321 2632 1410 2686 καὶ
1439 2632 1499 2686 τὸ
1528 2632 1735 2706 σύμπαν
1763 2631 1970 2707 ἀπροσ-

2063 2631 2162 2710 qui
2197 2649 2311 2690 non
2328 2631 2955 2708 aliudintendens,sed
2989 2631 3267 2695 meditate
3284 2651 3410 2694 rem
3433 2634 3702 2696 conside-

329 2721 509 2781 παθῶς
583 2717 796 2774 διελθών
852 2719 919 2773 τὰ
973 2725 1210 2797 τοιαῦτα,
1270 2723 1400 2776 καθὸ
1441 2721 1749 2798 προσθήκην
1808 2719 1862 2773 ἐν
1903 2726 1970 2792 τῷ

2061 2737 2222 2792 rans,
2259 2728 2316 2780 et
2345 2722 2498 2799 quod
2533 2731 2704 2800 caput
2727 2740 2922 2782 rerum
2948 2721 3144 2801 fuerit,
3178 2724 3334 2783 nullo
3357 2723 3702 2783 animiaffe-

329 2803 612 2887 Συμϐόλῳ,
685 2807 788 2886 οὔχ
856 2809 928 2872 ὡς
997 2808 1059 2862 τὸ
1110 2813 1210 2874 τῆς
1267 2806 1529 2871 εὖσεόείας
1585 2808 1970 2883 λυμαινομένηι

2061 2813 2154 2867 ctu
2185 2807 3701 2887 imp‘ici!.us,epistoltevcrl-alegerit,eumdemaddi-

327 2894 550 2973 καθαρόν
623 2894 1016 2970 ἀπωθούμενον.
1077 2899 1255 2954 Καίτοι
1312 2905 1475 2953 ταῦτα
1529 2899 1658 2975 πρὸς
1715 2898 1780 2952 τὰ
1833 2919 1974 2973 πρα-

327 2983 525 3064 χθέντα
583 3006 672 3058 μοι
717 2985 1024 3064 προσεχῶς,
1070 2985 1106 3053 ἢ
1161 2989 1248 3042 καὶ
1299 2988 1429 3065 πρὸς
1473 2984 1595 3042 ὅλον
1651 2989 1857 3065 γραφῆς
1885 3009 1974 3061 μοι

328 3075 389 3128 τὸ
459 3071 891 3146 σκοπιμώτατονο
950 3071 1104 3149 εἴπερ
1159 3077 1188 3130 ὁ
1255 3074 1532 3152 εἰρημένος
1589 3074 1643 3130 ἐν
1707 3073 1841 3150 αὒτῇ
1909 3080 1976 3151 τῇ

2061 2895 2281 2955 tionem
2313 2895 2395 2954 uti
2427 2896 2484 2955 in
2517 2896 2790 2976 Symbolo
2817 2898 3245 2970 factam,etnon
3279 2902 3356 2959 uti
3393 2900 3702 2977 puritatem

2061 2983 2295 3058 pietatis
2327 2984 2732 3063 inquinantcm
2766 2986 3140 3066 reprobasse.
3167 2989 3235 3048 Et
3254 2988 3540 3065 haec,qu:e
3557 3008 3702 3050 con-

2059 3073 2280 3132 tinuate
2310 3081 2622 3134 exsecutus
2647 3076 2881 3144 sum,ad
2915 3075 3255 3155 scriptionis
3286 3093 3434 3136 mea}
3458 3076 3703 3156 potissi-

2058 3179 2218 3221 mum
2243 3179 2484 3241 scopum
2521 3161 2773 3225 faciant:
2809 3163 2855 3224 si
2879 3165 3002 3244 jam
3037 3165 3228 3225 dictus
3252 3164 3564 3226 inlaudata
3587 3166 3708 3245 ιθῃὶ-

2057 3250 2205 3312 stola
2233 3251 2512 3312 haesitans
2529 3253 3153 3334 asserit,quomodo,et
3183 3272 3355 3334 quam
3376 3253 3450 3314 ob
3465 3273 3700 3314 causam

326 3159 585 3236 ὶπιστολῇ
626 3161 812 3240 φάσκει
876 3159 1307 3238 διαπορούμενος,
1342 3163 1511 3241 ὅπως,
1543 3163 1631 3220 καὶ
1682 3162 1752 3218 δι’
1778 3163 1844 3229 ἢν
1875 3165 1974 3230 τὴν

329 3250 496 3306 αἰτίαν
549 3250 583 3316 ἡ
629 3249 863 3329 ἀναφορά
889 3257 983 3308 τοῦ
1028 3250 1288 3326 ὀνόματος
1343 3249 1568 3320 ἐξεκόπη
1598 3253 1692 3308 τοῦ
1751 3253 1968 3327 πάππα,

329 3338 416 3395 καὶ
471 3336 689 3418 ἀγνοεῖν
747 3337 1078 3402 διατείνεται,
1132 3341 1187 3397 Εἰ
1245 3341 1344 3420 γάρ
1387 3343 1459 3407 ὡς
1487 3343 1522 3410 ἡ
1556 3342 1783 3416 Κυπρίου
1811 3363 1970 3418 τομο·

2056 3340 2540 3400 commemoratio
2557 3341 2813 3401 nominis
2835 3360 2998 3421 papae
3015 3342 3706 3416 ces3av01~it;contendit-

327 3427 542 3506 γραφία,
597 3425 824 3494 τάληθές
870 3425 1090 3485 δἐἰπεῖν
1118 3428 1501 3509 ἀνομογραωία,
1537 3431 1654 3509 περὶ
1681 3429 1780 3496 τῆς
1811 3451 1970 3508 προσ-

2057 3447 2171 3508 que
2192 3446 2256 3489 se
2280 3428 2334 3488 id
2369 3429 2864 3492 nescireEtenim
2898 3429 2968 3510 si,
3006 3439 3067 3490 ut
3101 3440 3316 3503 tomus,
3349 3430 3474 3492 sive
3506 3431 3702 3492 verius

325 3515 496 3584 θήκης
524 3514 676 3592 φησὶ,
721 3514 855 3593 πέρα
893 3517 1090 3582 ταύτην
1120 3514 1360 3583 ἀσεϐείας
1388 3516 1752 3590 ἀποκαλοῦσαι,
1783 3519 1872 3574 καὶ
1901 3520 1970 3581 ὡς

2058 3516 2521 3608 dixeris,ventus
2537 3537 2568 3579 a
2587 3519 2795 3599 Cyprio
2817 3519 3176 3608 scriptus,de
3205 3519 3508 3582 additione
3527 3520 3703 3581 verba

328 3604 376 3658 οἱ
417 3600 593 3659 λοιποὶ
623 3605 708 3658 νῦν
751 3604 939 3660 τούτου
965 3605 1256 3684 σύμφρονες
1285 3605 1688 3684 ἀποφαίνονται,
1725 3607 1970 3671 κάκεῖνος

2059 3606 2422 3669 facit.omnis
2447 3608 2768 3687 impietatis
2785 3607 3291 3687 complementum
3309 3627 3438 3670 eam
3463 3627 3700 3683 vocans,

329 3690 562 3771 ἐφρόνει,
629 3698 744 3757 πῶς
801 3691 863 3749 εἰν
933 3692 1267 3774 διηπορεῖτο,
1325 3697 1415 3752 καὶ
1456 3695 1534 3770 μὴ
1579 3694 1726 3775 ἔχειν
1779 3698 1970 3773 γνῶναι

2061 3704 2120 3756 et
2146 3695 2230 3755 uti
2260 3695 2475 3775 reliqui
2510 3715 2664 3757 nunc
2696 3697 2781 3756 illi
2812 3696 3200 3757 addictissimi
3221 3699 3609 3778 contendunt,
3642 3697 3704 3758 in

327 3780 425 3849 τὴν
454 3781 624 3837 αἰτίαν
668 3779 818 3859 ἔλεγε
848 3787 945 3851 τῆς
975 3782 1211 3850 ὲκκοπής
1239 3786 1331 3840 τοῦ
1370 3785 1616 3862 ῥηθέντος
1660 3782 1920 3860 ὀνόματος
1958 3810 1970 3864 ς

2059 3781 2213 3844 hanc
2241 3782 2340 3844 illo
2370 3784 2718 3845 sententiam
2749 3786 3307 3865 propendissetqua
3337 3786 3562 3847 ratione
3586 3785 3701 3846 du-

329 3869 450 3931 Πῶς
506 3865 552 3925 δ’
583 3867 644 3924 ὂίν
675 3868 834 3926 πάλιν
876 3871 964 3927 καὶ
992 3871 1091 3948 μᾶ“¹
1103 3870 1194 3927 λον
1239 3870 1375 3928 οὕτω
1403 3869 1520 3928 κατ’
1570 3872 1695 3936 ἔπος
1727 3871 1970 3951 διήγγελ-

2061 3869 2326 3945 bitasset,
2359 3875 2850 3953 asseruissetque,
2884 3892 2947 3934 se
2977 3875 3236 3934 nondum
3269 3892 3482 3948 cupere
3529 3892 3702 3952 posse

327 3955 440 4031 λεν,
503 3953 805 4043 Ἀγαξπητὸν
864 3960 909 4014 εἰ
938 3957 1062 4038 παρ’
1107 3962 1286 4026 αὐτοῖς
1312 3962 1374 4016 τὸ
1401 3961 1550 4018 θεῖον
1580 3962 1970 4039 ὀρθοτομεῖται,

2057 3961 2318 4021 nominis
2347 3961 2732 4023 abscissionis
2772 3981 3007 4023 causam
3029 3963 3060 4022 ?
3112 3961 3408 4043 quomodo
3442 3961 3607 4033 item,
3645 3972 3704 4022 et

329 4043 573 4114 δηλονότι
621 4036 923 4123 Ῥωμαίοις,
981 4036 1070 4105 καὶ
1110 4050 1246 4106 κατὰ
1317 4051 1406 4106 τὸν
1453 4056 1560 4114 τῶς
1597 4036 1844 4117 ἆληθείας
1874 4049 1970 4106 λό-

2059 4048 2462 4129 maximopere
2492 4051 2910 4112 adhortabatur
2938 4051 3029 4112 his
3061 4036 3203 4131 ipsis
3228 4050 3446 4112 verbis.
3475 4049 3704 4111 Sullicit

325 4157 420 4214 γον
472 4135 780 4216 ὁμοφρόνως
837 4137 972 4211 ἡμῖν
1045 4135 1426 4217 ὑμνιλογεῖται
1515 4140 1604 4195 καὶ
1661 4136 1970 4213 δοξάζεται;

2057 4137 2108 4198 si
2135 4138 2286 4217 apud
2322 4141 2751 4212 eos,Romam:s
2779 4159 3015 4220 nempe,
3041 4157 3137 4200 res
3163 4139 3358 4198 divina
3383 4149 3544 4200 recte
3564 4156 3702 4216 pcr-

328 4225 428 4282 Κᾶὶ
487 4223 654 4287 αὖθις·
720 4222 894 4282 Καλὸν
954 4226 1054 4304 γὰρ
1108 4227 1236 4305 πρὸς
1298 4228 1361 4282 τὸ
1414 4224 1695 4291 καλοθελὲς
1742 4229 1970 4306 ὁρῶντας

2057 4233 2357 4302 tractatur,
2394 4237 2452 4289 et
2483 4237 2545 4288 ot
2576 4229 2785 4289 veritas
2814 4230 3090 4308 postulat,
3117 4227 3328 4289 eodem
3359 4246 3561 4301 sensu,
3581 4247 3701 4308 quo

327 4314 494 4389 ἡμᾶς,
547 4311 665 4369 ἔνθα
733 4313 812 4388 μὴ
871 4315 1025 4391 Θεὸς,
1074 4311 1110 4382 ἤ
1167 4315 1339 4381 πίστις
1409 4317 1472 4372 τὸ
1522 4313 1970 4391 κινδυνευόμενον,

327 4403 490 4460 νεύειν
534 4402 614 4460 ἀεὶ
639 4403 771 4481 πρὸς
803 4404 864 4458 τὸ
920 4403 1181 4482 εἰρηνικόν
1231 4425 1289 4461 τε
1346 4405 1435 4461 καὶ
1466 4401 1804 4484 φιλάδελφον.
1842 4395 1972 4462 HOsi.

325 4489 380 4550 δέ
406 4512 545 4554 τινες
603 4491 691 4548 καὶ
745 4493 917 4548 αὖτῶν
945 4498 1052 4550 τῶν
1108 4494 1172 4550 τὸ
1225 4493 1434 4574 σχίσμα
1475 4493 1577 4574 πρό
1634 4495 1789 4567 ἡμῶν
1834 4515 1972 4568 κρα-

2056 4325 2112 4377 et
2143 4316 2298 4396 apud
2334 4335 2442 4378 nos
2474 4317 2529 4378 id
2563 4326 2876 4398 peragutur,
2911 4317 3184 4378 laudatur
3213 4325 3270 4377 et
3299 4315 3700 4394 gloriﬁcatur?

2057 4404 2130 4466 Et
2159 4423 2384 4479 rursus,
2422 4405 2652 4467 Bonum
2685 4407 2844 4468 enim
2878 4415 3103 4480 est,nos
3125 4405 3196 4466 ad
3230 4403 3566 4484 aequitatem
3599 4404 3698 4465 in-

2055 4491 2325 4562 clinatos,
2359 4493 2462 4556 ubi
2492 4495 2580 4556 vel
2613 4493 2768 4557 Deus
2819 4496 2971 4577 ipse,
3015 4495 3107 4556 vel
3158 4493 3306 4554 ﬁdes
3338 4493 3397 4553 in
3431 4491 3697 4572 periculo

326 4581 589 4640 τυνάντων
630 4578 685 4637 ἓν
745 4583 895 4657 μόνῳ
941 4588 1017 4655 τῷ
1071 4579 1334 4656 Συμϐολῳ
1404 4581 1817 4662 κατηγοροῦντες
1872 4582 1970 4650 τὴν

2055 4599 2174 4644 non
2205 4583 2474 4655 vertitur,
2509 4601 2750 4664 semper
2780 4593 2841 4647 et
2871 4583 2942 4645 ad
2995 4601 3226 4665 pacem,
3264 4590 3322 4644 et
3351 4582 3422 4643 ad
3454 4581 3697 4643 fratrum

324 4671 634 4750 προσθήκην
689 4669 1028 4751 όπτάνονται,
1085 4670 1264 4750 μέρεσι
1321 4668 1368 4728 δ’
1395 4670 1450 4728 ἰν
1505 4671 1701 4748 ἑτέροις
1729 4669 1970 4730 058mm-

2055 4687 2319 4733 amorem
2348 4673 2662 4734 voluntatis
2700 4672 3089 4735 inclinatione
3121 4671 3517 4753 propendere.
3550 4675 3698 4733 Cum

327 4766 472 4832 σοῠν,
517 4758 902 4830 ζητησάτωσαν
957 4761 1004 4816 οἱ
1045 4761 1200 4818 τοὺτο
1213 4783 1257 4825 ις
1319 4758 1532 4817 ἕπεσθαι
1574 4759 1970 4840 θρασυνόμενοι,

2055 4776 2194 4822 vero
2220 4761 2490 4822 nonnulli
2520 4779 2588 4824 ex
2617 4761 2692 4823 iis
2713 4761 2812 4843 qui
2841 4770 2978 4824 ante
3000 4779 3106 4822 nos
3135 4759 3446 4822 dissidium
3468 4769 3701 4822 consta-

324 4847 410 4903 καὶ
439 4847 530 4902 τὸν
556 4844 652 4914 τῆς
680 4845 1109 4926 ἆρχιεπισκοπῆς
1156 4845 1572 4928 προεδρεύσαντα
1608 4838 1968 4926 ἽΒουλγαρίας,

2058 4845 2470 4925 biliverunt,in
2493 4851 2619 4912 solo
2635 4838 2913 4930 Symbolo
2931 4849 3296 4912 additionem
3325 4849 3696 4927 improbasse

326 4936 414 4993 καὶ
442 4934 622 5013 λόγοις
653 4935 930 5016 περικλεῆ,
963 4938 1063 5006 τὴν
1091 4935 1280 5006 κλῆσίν
1309 4958 1366 4994 τε
1392 4935 1781 5018 Θεοφύλακτον,
1811 4938 1970 5017 εὑρή-

2057 4936 2165 4998 visi
2194 4947 2355 5014 sunt,
2390 4937 2568 5000 rebus
2601 4956 2735 5001 vero
2765 4939 2827 5000 in
2855 4939 2988 5000 aliis
3015 4955 3410 5019 nequaquam,
3447 4936 3692 5018 perqui-

328 5045 504 5082 σουσιν
546 5022 664 5081 ἔνθα
705 5025 794 5082 καί
847 5023 1091 5085 λέλεκται
1146 5026 1335 5107 μόνον,
1365 5027 1464 5096 τὴν
1511 5025 1812 5106 ὶκφὼνησιν
1840 5026 1970 5083 ταύ-

324 5135 424 5184 της
469 5112 908 5188 ἆπαναινόμενον,
959 5115 1202 5198 mare
1259 5114 1312 5173 δὲ
1355 5129 1586 5196 γραφαῖς
1619 5115 1673 5171 ὲν
1716 5115 1966 5192 ἀπάταις,

326 5202 381 5259 ἒν
438 5200 691 5278 ὁμιλίαις,
752 5201 806 5258 ἐν
866 5200 1141 5286 διαλέξεσι,
1198 5208 1549 5286 ὶκφωνεῖσθαι
1599 5201 1827 5285 διδόντα,
1883 5208 1971 5262 καὶ

325 5289 590 5370 παῤῥησίᾳ
617 5290 982 5367 κηρύττεσθαι,
1034 5297 1130 5352 Καὶ
1189 5292 1352 5362 δῆλον
1395 5297 1468 5358 ὡς
1500 5293 1598 5352 οὒκ
1631 5291 1694 5349 ἅν
1731 5295 1759 5351 ό
1786 5294 1969 5352 τοιοῦ-

327 5402 416 5445 τος
468 5380 634 5443 οὕτως
663 5378 908 5458 ἐμφανῶς
950 5383 1335 5462 ἑγνωμάτευεν,
1397 5384 1441 5440 εἰ
1487 5385 1548 5439 τὸ
1575 5387 1675 5450 τῆς
1701 5382 1970 5462 θεολογίας

328 5467 604 5547 εἰλικρινὲς
658 5467 889 5525 ἰντεῦθεν
946 5469 1059 5547 ᾔδει
1128 5470 1660 5553 παραϐλαπτὸμενον.
1718 5462 1776 5530 ’0
1834 5472 1967 5548 μέν-

324 5579 406 5618 τοι
446 5558 544 5628 τῆς
589 5555 875 5636 Ἀντιοχου
922 5559 1021 5627 τὴν
1075 5565 1174 5629 τῆς
1231 5562 1538 5642 προσθήκης
1594 5559 1962 5640 ἀναγόρευσιν,

2059 5032 2214 5100 rant,
2243 5027 2347 5104 qui
2373 5025 2590 5087 similia
2609 5027 2775 5106 sequi
2797 5026 3083 5088 audacter
3113 5033 3498 5106 praesumunt,
3531 5042 3694 5098 eum,

2055 5116 2153 5197 qui
2181 5114 2712 5195 archiepiscopatui
2751 5113 3038 5193 Bulgaria;
3079 5113 3332 5194 praefuit,
3365 5113 3552 5174 virum
3605 5112 3698 5174 di-

2053 5213 2274 5266 sertum
2305 5222 2372 5264 ac
2397 5203 2896 5284 eloquenlem,illi
2914 5221 3130 5264 nomen
3153 5201 3552 5283 Thephylacto
3569 5202 3699 5283 fuit,

2053 5309 2144 5353 nae
2177 5310 2310 5353 eum
2351 5291 2654 5353 invenient
2677 5291 3102 5365 tantummodo,
3125 5290 3323 5372 inquo
3340 5291 3564 5352 dictum
3584 5300 3696 5364 est,
3761 5293 3765 5296 ’

2051 5382 2695 5445 illiusenuntialionem
2716 5383 3107 5464 improbasse:
3125 5382 3185 5443 in
3202 5383 3334 5444 aliis
3346 5400 3480 5444 vero
3499 5384 3696 5464 scrip-

2052 5471 2312 5535 tionibus
2327 5471 2554 5533 scilicet
2583 5473 2882 5548 omnibus,
2908 5472 3241 5554 colloquiis,
3266 5471 3697 5534 disserlationi-

2052 5560 2164 5625 bus
2192 5560 2664 5644 pronuntiari,et
2685 5562 2875 5644 palam
2898 5571 2955 5625 et
2979 5561 3167 5626 libere
3197 5579 3398 5625 coram
3419 5561 3697 5626 omnibus
