4206 6292
23 450 158 523 sim,
169 477 182 505 :

107 547 178 597 πεί

24 634 113 683 crit:
141 655 173 686 :-

24 741 92 772 ,πῑν
119 727 171 774 ὲᾶη

40 812 121 869 r315;
138 831 161 863 ιε

24 923 39 952 ν
67 923 160 965 πρε

27 995 123 1052 ηνῖιὲν
142 1015 154 1043 ζ

23 1101 112 1144 713;,
138 1103 150 1132 ε

24 1191 145 1223 ἰνττηε

24 1261 137 1317 enim

325 278 489 342 1417

1767 263 2231 334 FRAGMENTA
2245 315 2260 329 .

3563 261 3712 326 1418

319 409 472 468 οὕτω
526 409 742 489 γράφειν
797 430 854 464 τε
909 409 997 463 καὶ
1036 406 1337 484 κηρύττειν,
1370 407 1458 462 καὶ
1497 415 1594 464 τοῦ
1635 403 1714 479 μὴ
1756 401 1972 458 δυνατὸν

2064 399 2150 460 nis
2167 397 2488 489 objectant,
2515 406 2573 461 et
2601 417 2735 489 cum
2763 416 2833 460 ea
2849 399 2974 489 jam
2997 397 3264 489 rediviva
3291 395 3711 489 dissidii,quod

315 495 508 561 ἄλλως
567 497 626 554 ἔκ
679 502 786 554 τῶν
827 497 900 560 εἷς
968 501 1122 552 τοῦτο
1173 493 1638 573 παραδειγμάτων,
1702 491 1840 548 ὥστε
1897 491 1974 566 μὴ

320 586 520 664 χώραν
575 587 636 642 τὸ
692 583 1022 660 παλίμϐολον
1074 581 1221 662 ἔχειν
1274 582 1513 662 έκείνοις,
1553 579 1689 637 ἀλλὰ
1742 581 1830 636 καὶ
1885 585 1978 635 τοῦ

316 675 429 742 τὴν
483 672 768 752 ὁμολογίαν
848 674 1164 752 ὑπερφεροῖκ
1235 667 1494 746 Μαξίμου,
1563 668 1710 733 ’έθους
1795 668 1978 730 αύτοτς

325 762 726 841 κεκρατηκότος
783 759 921 818 οὕτω
975 773 1151 817 ποιεῖν
1219 761 1306 815 καὶ
1375 759 1590 838 γράφειν
1646 756 1981 837 διαγορεύον-

331 874 451 913 τος.
513 841 570 908 Ὀ
621 856 746 928 γοῦν
791 847 940 912 εἰδὼς
982 855 1146 905 ταῦτα
1198 848 1371 912 καθὼς
1428 847 1643 928 ἔχουσιν
1737 845 1986 913 ἀληθείας

327 938 732 1018 ἀνύογίσαιτο,
792 939 908 999 πῶς
965 933 1087 993 ποτ’
1143 935 1206 991 ἂν
1261 937 1479 1015 φήσειεν
1546 932 1875 1014 ὁρθοποδετν,
1925 938 1986 990 τὸ

329 1028 542 1108 σχίσμα
603 1024 720 1083 κατ’
793 1025 958 1093 αὐτὴν
1025 1025 1125 1092 τὴν
1185 1030 1293 1080 τῶν
1335 1023 1660 1103 πραγμάτων
1702 1027 1802 1090 τῆς
1845 1021 1988 1088 ἀλη-

329 1118 474 1179 θείας
527 1115 845 1192 συντήρησιν
879 1129 894 1144 ⁶
939 1113 1055 1176 πῶς
1099 1111 1162 1168 ἂν
1217 1111 1380 1184 ὅλως,
1411 1109 1532 1168 ἔνθα
1559 1111 1784 1177 τοιαύτη
1812 1132 1894 1172 τις
1950 1111 1985 1178 ἡ

328 1204 395 1261 ἐκ
452 1207 745 1281 μαρτυριῶν
787 1200 1102 1274 ἀξιοπιστία,
1167 1199 1287 1256 ἔνθα
1343 1201 1442 1267 τῆς
1497 1205 1602 1255 τῶν
1650 1199 1814 1276 ἁγίων
1872 1196 1985 1254 διτ-

328 1299 438 1350 τῶν
490 1293 864 1366 οἱκουμενικῶν
949 1289 1110 1356 ἕκτης
1173 1309 1231 1345 τε
1289 1289 1376 1344 καὶ
1460 1286 1688 1362 ἑϐδόμης
1745 1285 1980 1366 ἔγεγόνει

334 1379 686 1442 συνελεύσεως
755 1380 791 1446 ἡ
875 1377 1248 1456 συγκρότησις,
1334 1373 1418 1430 διὰ
1486 1376 1663 1452 μέσων
1727 1375 1976 1431 ἐνιαυτῶν

329 1473 425 1525 τοῦ
477 1468 572 1535 τὴν
656 1467 962 1545 προσθήκην
1035 1465 1126 1521 καὶ
1198 1463 1482 1543 γράφεσθαι
1557 1472 1834 1542 πανταχοῦ
1888 1462 1977 1519 καὶ

331 1557 676 1636 κηρύττεσθαι
732 1556 867 1613 κατὰ
944 1553 1038 1613 τὰς
1095 1558 1200 1610 τῶν
1285 1551 1574 1630 εἰρημένων
1634 1552 1976 1630 περιωνύμων

333 1645 642 1719 πιστώσεις,
699 1650 791 1700 τοῦ
835 1643 933 1717 μὲν
983 1641 1069 1698 ἰπὶ
1111 1640 1370 1719 ὁμολογίᾳ
1398 1641 1494 1696 καὶ
1515 1642 1679 1716 λοιπῇ
1706 1639 1949 1717 ἁγιότητι
1961 1693 1979 1721 ,

334 1733 427 1790 τοῦ
483 1731 538 1788 δὲ
587 1731 674 1788 ἐπὶ
725 1734 1092 1809 πατριαρχικῇ
1148 1730 1234 1785 καὶ
1287 1727 1512 1804 φιλοθέῳ
1555 1725 1930 1804 μεγαλειοτητι
1966 1745 1980 1758 ·

333 1823 421 1880 καὶ
490 1821 663 1883 καθώς
724 1818 1086 1898 εντελέστερον
1159 1818 1296 1874 κατά
1349 1839 1408 1873 τε
1463 1817 1562 1883 τὴν
1632 1816 1985 1894 ἀπαρίθμησιν

333 1917 439 1969 τῶν
487 1909 644 1984 ἑτῶν,
688 1909 776 1964 καὶ
817 1905 1009 1974 λοιπὴν
1065 1905 1290 1985 ἴκθεσιν,
1337 1905 1384 1960 οἱ
1439 1909 1540 1970 τῆς
1593 1903 1854 1982 ἡμετέρας
1898 1905 1984 1980 βί-

330 1997 456 2054 ϐλου
511 1997 662 2073 λόγοι
706 1993 1106 2073 παρατιθέασιν.
1169 1991 1256 2058 Ἐξ
1312 1994 1389 2046 ὧν
1431 1991 1531 2070 ἄρα
1560 1993 1650 2048 καὶ
1683 1993 1852 2070 χωρὶς
1880 1998 1986 2047 τῶν

339 2084 730 2161 διειλημμένων
795 2081 1055 2162 ἀκραιφνῆ
1133 2082 1298 2161 σχοίη
1372 2080 1434 2138 ἂν
1510 2083 1538 2136 ὁ
1597 2077 1986 2156 βεϐουλημένος

338 2175 654 2254 φανέρωσιν,
688 2173 759 2234 ὡς
791 2173 850 2227 οὐ
876 2169 961 2230 διὰ
990 2169 1147 2249 λόγον
1209 2168 1497 2248 δόγματος,
1557 2168 1594 2235 ἢ
1650 2169 1982 2254 προσθήκης,

333 2253 369 2332 ἦ
427 2263 524 2330 τῆς
580 2259 904 2321 διαστάσεως
974 2258 1359 2337 περεισεφθάρη
1423 2255 1707 2334 σκαιότης,
1750 2253 1869 2311 ἀλλ’
1926 2257 1988 2313 ἐκ

333 2351 654 2426 σωματικῶν
708 2349 772 2403 τὸ
806 2347 1019 2423 σύμπαν
1060 2347 1241 2402 αἰτιῶν
1309 2345 1397 2401 καὶ
1439 2341 1828 2419 συμπτώσιων,
1887 2347 1984 2412 τῆς

333 2440 431 2514 μὲν
484 2437 737 2517 προτέρας
779 2435 839 2491 ἐκ
879 2435 976 2502 τῆς
1030 2441 1122 2492 τοῦ
1164 2435 1371 2490 Φωτίου
1417 2432 1704 2513 φιλαρχίας
1749 2434 1838 2490 καὶ
1881 2439 1984 2489 τῶν

331 2527 563 2586 ἐντεῦθεν
644 2521 1217 2603 παρηκολουθηκότων,
1302 2522 1402 2587 τῆς
1472 2519 1528 2576 δὲ
1603 2517 1844 2599 δευτέρας
1900 2521 1986 2577 καὶ

334 2612 768 2694 ἑπικρατησάσης
825 2610 888 2667 ἔκ
915 2632 973 2666 τε
1016 2615 1121 2665 τῶν
1149 2609 1287 2667 κατά
1315 2611 1415 2677 τὴν
1457 2609 1698 2665 Σικελίαν
1755 2608 1985 2685 ἐπισυμ-

328 2701 636 2770 ϐεϐηκότων
702 2708 781 2774 τῷ
838 2705 1122 2777 στρατηγῷ
1206 2698 1450 2773 Μανιάκῃ
1527 2696 1861 2776 διεγερτικῶν
1913 2699 1986 2761 είς

331 2791 679 2863 ἀποστασίαν,
725 2787 787 2844 ’ἐκ
816 2808 874 2844 τε
907 2792 1038 2867 τῶν,
1085 2789 1160 2842 ὧν
1208 2785 1260 2851 ἐξ
1311 2786 1492 2858 ἑτέρου
1533 2784 1723 2861 μέρους
1767 2788 1794 2840 ὁ
1839 2786 1985 2842 ἰτα-

339 2880 431 2942 λὸς
491 2877 747 2957 Ἀργυρὸς
789 2873 976 2938 δολίως
1032 2876 1122 2930 καὶ
1151 2874 1438 2953 περιέργως
1471 2871 1983 2951 ἐδραματούργησεν,

2057 487 3133 579 @cclesiasoccupavit,negotiumjam
3147 487 3709 579 renovatumfuisse:

2060 574 2201 648 Quae
2258 576 2458 637 omnia
2508 585 2734 639 temere
2763 595 2830 636 ac
2864 575 3124 637 inaniter
3150 575 3309 637 dicta
3358 574 3714 638 Antiocheni

2063 663 2392 724 doctissimi
2413 664 2681 745 praesulis
2703 663 2926 744 scripta
2941 663 3003 726 in
3025 663 3274 744 epistola
3291 663 3565 745 probant,
3588 673 3711 728 tum

2065 753 2260 828 annis,
2320 772 2470 834 quos
2521 753 2624 814 ille
2653 762 2974 833 computat,
3024 759 3150 814 tum
3186 771 3258 816 ex
3311 752 3713 816 Romanorum

2067 841 2408 903 continuata
2428 841 2960 916 consuetudine,ea
2983 841 3213 903 ratione
3233 840 3536 903 scribendi
3557 858 3714 920 pras-

2067 929 2450 1011 dicandique,
2485 939 2608 991 tum
2649 930 2848 1005 etiam,
2882 928 3039 1010 quod
3070 930 3200 992 ﬁeri
3231 937 3510 1012 nequeat,
3563 938 3626 991 ut
3657 937 3716 992 et

2067 1015 2342 1079 adductis
2368 1018 2652 1099 exemplis
2669 1017 3027 1092 constabilit,
3050 1017 3397 1080 eorumdem
3419 1018 3716 1082 sententia

2070 1107 2461 1188 immutetur;
2495 1107 2598 1169 sed
2631 1115 2692 1169 et
2739 1107 3132 1170 assertionem
3163 1105 3420 1170 celebris
3447 1107 3711 1184 Maximi,

2067 1212 2170 1256 eos
2201 1213 2306 1275 pro
2337 1213 2444 1258 suo
2471 1214 2639 1258 more
2667 1196 2994 1258 inveterato
3018 1195 3100 1258 ita
3117 1196 3312 1258 facere
3333 1197 3716 1278 scribereque

2065 1283 2377 1350 tradentis.
2400 1283 2512 1358 Qui
2528 1303 2666 1363 ergo
2689 1287 2800 1346 ista
2819 1284 3074 1346 similem
3099 1285 3524 1349 firmitudinem
3545 1291 3718 1350 nacta

2062 1371 2419 1447 considerat,
2472 1391 2728 1454 quanam
2759 1391 3019 1455 unquam
3072 1373 3303 1437 ratione
3329 1375 3712 1452 asseverabit,

2059 1457 2373 1527 dissidium
2400 1471 2562 1522 recte
2592 1461 2956 1530 incedere,si
2975 1460 3049 1524 ad
3078 1480 3202 1542 res,
3231 1461 3317 1524 uti
3345 1473 3526 1543 gestae
3553 1471 3712 1540 sunt,

2059 1549 2405 1610 conferatur
2434 1549 2465 1610 ‘l
2493 1549 2619 1622 Quo
2647 1551 2791 1612 item
2822 1549 3024 1627 modo,
3057 1550 3159 1612 ubi
3187 1552 3325 1614 talis
3352 1571 3422 1615 ac
3444 1561 3602 1616 tanta
3632 1561 3716 1617 te-

2007 1691 2045 1740 Β
2065 1635 2242 1740 εμίυη)
2263 1635 2608 1718 incorrupta
2625 1638 2781 1737 fides
2809 1637 3148 1740 intercedit,
3171 1649 3237 1699 ut
3267 1647 3356 1700 est
3375 1649 3712 1704 sanctarum

2068 1723 2316 1785 duarum
2347 1726 2846 1787 mcumenicarum
2878 1725 3236 1806 synodorum
3266 1746 3382 1790 una
3401 1747 3716 1809 congrega-

2069 1819 2261 1873 tarum
2296 1813 2686 1893 conspiratio,
2740 1831 2999 1891 quarum
3029 1814 3203 1874 annis
3226 1813 3719 1895 interjacentibus

2068 1899 2294 1960 additio
2318 1908 2375 1961 et
2395 1900 2769 1963 scribebatur
2792 1900 2939 1963 locis
2959 1901 3020 1962 in
3043 1901 3319 1964 omnibus
3345 1909 3406 1966 et
3424 1904 3714 1984 praedica-

2069 1986 2265 2068 batur,
2297 1988 2472 2050 sicuti
2508 1989 2633 2069 jam
2664 1989 3041 2051 laudatorum
3075 1991 3410 2052 testimonia
3437 1992 3710 2074 probant,

2069 2075 2230 2137 illius
2259 2077 2501 2156 quidem
2547 2087 2604 2138 et
2633 2079 3011 2141 confessione
3040 2087 3100 2142 et
3151 2079 3382 2161 reliqua
3410 2083 3716 2145 sanctitate

2069 2163 2530 2244 praeclarissimi,
2557 2165 2734 2245 hujus
2763 2167 3154 2248 patriarcbica
3169 2168 3452 2248 dignitate
3481 2177 3541 2231 et
3566 2169 3718 2232 reli-

2067 2251 2232 2331 giosa
2247 2252 2659 2331 magnitudine
2671 2253 3060 2318 illusu'issimi
3081 2275 3095 2316 :
3115 2264 3172 2317 et
3185 2257 3358 2318 annis
3375 2257 3712 2338 recensitis,

2070 2350 2128 2402 et
2158 2340 2291 2401 aliis
2320 2340 2605 2421 expositis
2635 2341 2825 2404 nostri
2855 2344 3270 2406 commentarii
3297 2344 3455 2407 dicta
3481 2344 3715 2408 absolu-

2073 2429 2187 2490 tius
2209 2428 2506 2509 digerunt,
2534 2438 2747 2510 praeter
2768 2431 2894 2511 jam
2915 2431 3095 2509 dicta,
3128 2441 3330 2513 aperte
3354 2433 3715 2515 cuicunque,

2071 2517 2123 2578 si
2137 2516 2524 2591 libuerit,non
2542 2518 2790 2600 patebit,
2805 2537 2924 2580 non
2938 2521 3168 2583 ratione
3180 2521 3602 2600 dogmatis,aut
3619 2521 3720 2586 ad-

2069 2605 2333 2678 ditionis,
2349 2607 2745 2686 separationis
2765 2607 3094 2671 fatuitatem
3108 2611 3499 2673 introductam
3513 2610 3716 2686 fuisse,

2068 2693 2175 2756 sed
2198 2712 2266 2754 ex
2297 2693 2678 2756 saecularibus
2700 2713 2882 2775 prope
2911 2696 3106 2760 causis
3125 2705 3184 2759 et
3205 2697 3539 2779 eventibus,
3563 2698 3718 2779 prio-

2069 2783 2155 2843 ris
2184 2781 2424 2862 quidem
2471 2801 2544 2843 ex
2599 2782 2926 2848 ambitione
2971 2785 3191 2864 Photii,
3228 2793 3288 2848 et
3314 2786 3389 2848 iis
3419 2805 3550 2867 quas
3577 2786 3718 2849 inde

2067 2869 2385 2932 subsecuta
2411 2876 2550 2958 sunt
2575 2887 2591 2945 ;
2624 2871 2926 2954 secundas,
2951 2879 3011 2932 et
3030 2891 3162 2954 qua;
3181 2874 3307 2954 jam
3327 2874 3446 2936 vim
3467 2873 3716 2958 obtinet,

337 2977 459 3028 tum
493 2965 592 3044 iis,
623 2981 754 3044 quae
782 2962 845 3024 in
874 2960 1068 3023 insnla
1115 2959 1332 3024 Sicilia
1363 2960 1689 3037 contigere,
1722 2958 1969 3022 ductore
1997 2961 2362 3022 exercituum
2392 2957 2680 3034 Maniace,
2712 2959 2774 3020 in
2801 2959 3196 3024 rebellionem
3227 2961 3556 3042 incitantia,
3592 2957 3717 3024 tum

331 3055 431 3130 iis,
487 3070 619 3134 quae
648 3069 720 3113 ex
768 3049 884 3112 alia
912 3056 1080 3130 parte
1130 3049 1390 3130 Argyrus
1437 3047 1617 3110 Italus
1645 3046 2053 3111 fraudulenter
2108 3045 2431 3111 admodum
2463 3056 2642 3128 atque
2691 3046 3006 3112 ambitiose
3039 3066 3110 3112 ex
3137 3049 3375 3129 ingenio
3402 3067 3714 3113 commen-

331 3151 427 3206 tus
455 3149 547 3205 est
565 3145 594 3202 ’ἔ

1240 3490 2112 3590 FRAGMENTUM
2200 3491 2801 3589 ALTERUM

1679 3685 1785 3750 EX
1827 3683 2078 3750 EODEM
2119 3685 2372 3754 LIBRO.

1253 3855 1454 3938 (Apud
1482 3852 1766 3918 Allatium
1801 3853 2030 3916 Contra
2061 3855 2517 3936 Hotu’ngerum,
2552 3875 2614 3937 p.
2647 3856 2815 3938 5H.)

413 4189 514 4245 Τὸν
574 4185 728 4244 αὐτὸν
798 4184 993 4262 τρόπον
1057 4181 1318 4239 κάνταῦθα
1373 4181 1492 4238 ἔνθα
1560 4183 1620 4236 τὸ
1677 4201 1982 4260 πραγματι-

2146 4179 2270 4241 Hoc
2299 4181 2508 4242 eodem
2540 4199 2778 4262 quoque
2808 4178 2984 4245 modo
3011 4199 3148 4242 cum
3190 4181 3310 4244 illis
3337 4183 3714 4250 considerate

332 4281 438 4341 κῶς
495 4273 806 4353 ἀποφαίνειν
848 4274 1031 4334 αὐτοῖς
1082 4272 1144 4326 τὸ
1206 4271 1308 4336 τῆς
1369 4267 1691 4330 διαστάσεως
1733 4268 1982 4346 κραταιὸν

334 4362 678 4441 ἀντιῤῥητικὴ
734 4361 797 4417 τὸ
838 4360 1052 4434 σύμπαν
1093 4359 1449 4438 θρασυστομία
1505 4358 1636 4436 πρὸς
1678 4357 1799 4419 τοὺς
1857 4358 1980 4411 θεο-

2065 4268 2298 4330 dissidii
2321 4269 2658 4331 ﬁrmitatem
2678 4270 3090 4332 demonstrare
3107 4269 3374 4351 nitimur,
3398 4274 3714 4336 temeraria

2063 4356 2417 4438 loquacitate
2430 4374 2566 4420 sese
2576 4365 2946 4438 opponentes
2965 4357 3180 4420 divinis
3200 4359 3420 4422 nostris
3437 4361 3714 4426 Patribus

333 4453 592 4533 φάντορας
635 4448 996 4527 ἀποτείνεται,
1040 4445 1094 4504 εἴ
1135 4468 1196 4524 γε
1254 4453 1487 4511 τοιοῦτος
1519 4448 1546 4501 ὁ
1575 4445 1642 4502 τὰ
1668 4448 1787 4501 θεῖα
1817 4441 1979 4533 πολὺς

2064 4445 2444 4507 insolescunt.
2477 4445 2969 4526 Quandoquidem
3016 4445 3197 4508 rebus
3227 4447 3446 4510 divinis
3477 4457 3709 4530 pertra-

333 4529 570 4616 Πάξιμος
628 4541 719 4594 καὶ
760 4537 1080 4616 φερωνύμως
1133 4537 1224 4591 τὸν
1277 4533 1440 4605 ζῆλον
1487 4535 1577 4590 καὶ
1630 4534 1730 4600 τὴν
1773 4529 1976 4608 ὁμολο-

2064 4533 2290 4596 ctandis
2317 4533 2692 4616 praecelebris
2731 4534 3023 4598 Maximus
3079 4553 3187 4596 suo
3217 4535 3462 4616 nomine
3484 4529 3709 4616 dignus

329 4630 446 4707 γίαν
505 4630 535 4684 ὁ
576 4625 850 4704 μέγιστος,
902 4624 961 4688 ὃς
1003 4622 1222 4683 συνόδου
1261 4628 1360 4690 τῆς
1412 4621 1572 4690 ἕκτης
1628 4623 1730 4701 πρὸ
1772 4625 1982 4700 χρόνων

326 4718 520 4773 ἱκανῶν
577 4712 820 4788 ἀκμάσας
895 4713 985 4770 καὶ
1040 4715 1130 4770 τὸν
1172 4713 1300 4791 ὑπὲρ
1363 4709 1625 4775 εὐσεϐείας
1681 4709 1982 4776 ἀθλητικῶς

332 4802 538 4862 δίαυλον
605 4801 876 4871 διανύσας,
931 4802 960 4858 ὃ
1011 4823 1170 4882 φασιν
1244 4803 1411 4877 οὗτοι,
1470 4801 1604 4877 μετά
1674 4798 1983 4879 παρέλευσιν

330 4890 552 4947 ἀπασῶν
634 4888 1014 4964 οἱκουμενικῶν
1101 4887 1329 4946 συνόδων
1396 4889 1519 4953 τοὺς
1600 4893 1699 4954 τῆς
1769 4887 1982 4962 Ῥώμης

331 4979 610 5055 κηρύττειν
678 4977 994 5055 παρίστησιν
1065 4975 1300 5056 ἐναργῶς
1353 4979 1410 5035 εν
1465 4974 1759 5040 συνοδικοϊς
1813 4975 1984 5054 γράμ-

331 5087 464 5142 μασι
519 5076 637 5127 τοῖς
698 5071 792 5121 τοῦ
845 5064 1040 5123 πάππα
1096 5071 1384 5132 τηνικαῦτα
1425 5065 1562 5121 κατά
1615 5061 1752 5130 λέξιν
1792 5063 1984 5141 ἀναγο-

332 5153 504 5232 ρεύειν
530 5153 603 5216 ὡς
668 5153 810 5208 ἐστιν
869 5151 1052 5216 αὐτοῖς
1115 5153 1348 5232 σήμερον
1423 5152 1836 5231 κηρυττόμενον,
1895 5147 1986 5208 καὶ

329 5243 403 5299 τὰ
452 5241 550 5308 τῆς
605 5239 957 5318 ὑπερηγορίας
1013 5239 1286 5296 ἐπιπλέκει
1329 5242 1554 5320 τρανῶς,
1601 5241 1663 5297 οὖ
1715 5241 1802 5296 καὶ
1843 5240 1980 5315 μετά

2065 4614 2340 4703 tanquam
2372 4623 2471 4704 qui
2494 4634 2552 4686 et
2580 4623 2706 4684 zelo
2746 4622 3052 4686 catholica:
3081 4623 3223 4684 fidei
3252 4614 3710 4692 et'confessione

2064 4712 2354 4773 maximus
2376 4711 2616 4786 exstitit,
2667 4711 2717 4774 is
2745 4719 2882 4773 ante
2912 4719 3138 4773 sextam
3171 4715 3458 4793 synodum
3491 4715 3709 4779 multos

2063 4817 2250 4861 annos
2261 4807 2564 4862 aetateacta
2582 4806 2640 4862 et
2659 4798 2892 4880 pietatis
2909 4799 3104 4861 studio
3125 4801 3418 4863 athleticae
3437 4821 3705 4884 emenso,

2064 4885 2223 4966 quod
2256 4886 2371 4967 ipsi
2399 4885 2587 4966 aiunt,
2621 4894 2753 4966 post
2788 4905 2996 4948 omnes
3025 4888 3425 4950 mcumenicas
3455 4891 3710 4970 synodos

2065 4983 2333 5055 peractas
2357 4975 2654 5038 Romanos
2685 4976 3009 5057 praedicare
3030 4977 3224 5058 palam
3257 4977 3624 5042 demonstrat
3649 4980 3711 5043 in

2063 5063 2361 5144 synodicis
2379 5063 2591 5127 litteris
2609 5081 2774 5144 papas
2793 5063 2896 5144 qui
2929 5071 3049 5126 tum
3080 5073 3327 5145 praaerat
3340 5065 3522 5128 verbo
3539 5075 3711 5131 tenus

2065 5152 2365 5214 enuntiari
2393 5161 2456 5214 ut
2481 5152 2662 5214 hodie
2693 5170 2929 5232 quoque
2986 5155 3341 5233 praedicatur
3383 5173 3711 5238 eorumque

2064 5239 2242 5320 plane
2255 5239 2664 5302 defensionem
2675 5241 2938 5304 adnectit
2952 5251 3082 5321 post
3093 5244 3260 5322 cujus
3273 5253 3536 5305 exactam
3558 5263 3712 5309 mar.

333 5331 435 5398 τὴν
493 5329 816 5407 μαρτυρικὴν
873 5325 1188 5402 ἀποϐίωσιν,
1240 5329 1372 5407 ὑπὲρ
1432 5328 1493 5385 οὗ
1544 5329 1796 5408 γενναίως
1825 5330 1977 5392 οὗτος

2064 5327 2208 5407 tyrio
2240 5329 2444 5403 vitam,
2489 5345 2594 5409 pro
2626 5347 2742 5409 quo
2774 5327 2908 5407 ipse
2932 5330 3208 5406 dogmate
3235 5331 3559 5394 decertavit
3581 5335 3706 5414 jam

333 5419 636 5497 ἡγωνίσατο
692 5415 959 5494 δόγματος
1015 5416 1103 5473 καί
1157 5418 1219 5474 τὸ
1248 5416 1404 5494 ῥηθὲν
1431 5418 1768 5496 παγκόσμιον
1823 5415 1978 5475 ἕκτον

2064 5416 2216 5478 dicta
2245 5417 2599 5480 universalis
2641 5417 2901 5497 synodus
2930 5417 3229 5481 celebrata
3255 5430 3346 5482 est
3374 5426 3496 5482 tum
3530 5421 3704 5485 dein-

331 5507 691 5586 συνεκροτήθη
790 5502 1077 5584 συνέδριον,
1157 5505 1247 5561 καὶ
1313 5505 1526 5585 προσέτι
1612 5507 1674 5564 τὸ
1757 5502 1974 5583 ἔὸδεμον

2064 5522 2199 5586 ceps
2221 5506 2477 5588 septima
2497 5523 2604 5588 pro
2622 5523 2649 5567 ι
2663 5505 3096 5568 enerandarum
3117 5507 3438 5590 imaginum
3462 5511 3706 5574 restitu-

547 5669 807 5736 PsrnoL.
851 5671 969 5735 Gn.
1011 5670 1217 5735 CXLI.

3139 5674 3219 5738 45
