4184 6300
473 258 629 323 1419

1747 257 2061 322 GEORGII
2103 256 2571 320 METOCHIT/E

3704 246 3870 313 1420

475 391 635 453 tione
659 399 717 452 et
735 400 970 472 tempus
1000 410 1116 472 quo
1141 389 1548 453 divinissimus
1572 388 1855 452 Maximus
1882 389 1943 451 in
1975 387 2119 450 vivis

2203 386 2562 467 ἐφεξῆς’.ὒπέρ
2615 391 2714 455 τῆς
2772 394 2878 445 τῶν
2929 391 3136 442 σεπτῶν
3180 381 3397 440 εἰκόνων
3429 381 3870 449 ἀναστηλώσεως

472 489 598 543 erat
625 479 698 541 ad
729 479 1224 542 irreconciliabile
1256 480 1367 541 hoc
1395 479 1657 541 schisma
1679 496 1867 558 usque
1898 477 2120 540 decur-

467 585 610 632 rens
641 576 867 631 tantum
897 587 1040 642 non,
1073 567 1597 649 qu‘adragintorum
1629 567 1884 648 spatium
1925 567 2122 647 explet

465 656 560 720 vel
589 651 740 720 nihil
770 655 841 719 ab
873 677 944 720 eo
987 655 1382 718 imminuitur.

2203 480 2291 535 καὶ
2335 479 2530 558 χρόνος
2589 480 2617 534 ὁ
2672 480 2877 534 ἐκεῖθεν
2907 475 2960 531 ἐν
3003 479 3050 549 ᾧ
3091 478 3281 552 περιῆν
3332 475 3409 547 τῷ
3462 472 3560 548 βίῳ
3619 469 3873 545 Μάξιμος

2201 569 2230 622 'o
2297 568 2589 639 θειότατος,
2653 565 2753 629 ἕως
2835 571 2928 622 τοῦ
2999 561 3363 623 ἀδιαλλάκτως
3406 560 3873 639 ἐπεισφρήσαντος

2200 656 2498 736 σχίσματος
2542 656 2616 719 εἰς
2671 653 3020 732 τετρακοσίων
3066 651 3199 706 ἐτῶν
3239 647 3479 728 περίοδον
3549 647 3635 704 ἐπ’
3680 646 3874 726 ὀλίγον

2189 743 2555 816 ἐλλείπουσαν,
2601 743 2637 812 ἢ
2668 741 2812 802 οὐδὲν
2844 741 3195 818 περιίσταται.

463 918 2701 950 πω

1465 1084 1986 1180 GEORGII
2072 1081 2852 1178 METOCHITzE

1342 1290 1440 1354 DE
1495 1287 1778 1354 UNIONE
1827 1286 2362 1354 ECCLESIABUM
2417 1282 2963 1354 FBAGMENTUM.

1437 1448 1634 1530 (Apud
1667 1449 1951 1512 Allatium
1985 1423 2219 1515 Contra
2247 1448 2583 1529 Hom'nger,
2615 1466 2674 1527 p.
2709 1442 2881 1524 429.)

551 1792 624 1855 Et
651 1791 899 1855 Photius
927 1810 1060 1853 cum
1088 1791 1357 1853 obtinere
1378 1793 1702 1856 admodum
1720 1795 1970 1858 licenter
1998 1813 2125 1856 non

470 1882 918 1962 permitteretur
940 1899 1010 1942 ea
1039 1897 1175 1960 qum
1200 1881 1498 1943 ambiebat
1523 1901 1628 1963 pro
1660 1883 1851 1959 libito,
1877 1883 2120 1962 indigne

470 1971 608 2051 fert,
645 1978 704 2032 et
734 1968 1422 2032 eiiervescitiracundia:
1455 1970 1847 2034 nihilominus
1875 1974 2118 2034 iracun-

468 2058 626 2122 diam
659 2057 948 2130 moderat,
978 2058 1092 2120 alia
1120 2059 1211 2119 via
1241 2058 1368 2119 suis
1390 2059 1706 2139 providere
1732 2060 1912 2122 rebus
1935 2079 2120 2123 exco-

470 2148 748 2228 gitans,et
777 2146 1011 2208 meliori
1033 2164 1140 2226 spe
1161 2146 1555 2222 sublatus,aut
1576 2147 1881 2212 Nicolaum
1901 2168 2119 2229 praesu-

470 2237 925 2298 lemRomanum
944 2234 1015 2296 ad
1030 2235 1087 2294 id
1108 2235 1265 2315 quod
1280 2235 1513 2314 optabat
1529 2255 1835 2298 assensum
1855 2237 2119 2318 praebere

471 2320 836 2385 illectatione
852 2339 1194 2383 sermonum
1214 2322 1640 2397 inducere,aut
1660 2329 1709 2386 si
1738 2325 1798 2385 id
1823 2343 1942 2386 nou
1965 2325 2120 2386 obti-

2283 1795 2382 1852 Καὶ
2437 1794 2466 1849 ὃ
2502 1777 2724 1852 ’Φώτιος
2767 1789 2982 1866 ἐπείπερ
3033 1784 3314 1842 ἀπολαύειν
3378 1785 3437 1840 οὗ
3492 1795 3860 1861 συνεχωρεῖτο

2200 1888 2306 1938 τῶν
2349 1883 2424 1938 ὧν
2452 1880 2556 1958 ἤρα
2609 1878 2746 1934 κατά
2787 1875 2996 1942 πολλὴν
3049 1872 3248 1947 ἄδειαν,
3295 1873 3368 1935 ὡς
3421 1868 3689 1946 ἐϐούλετο,
3734 1868 3861 1925 δυσ-

2201 1955 2502 2050 ανασχετεϊ-
2520 1969 2651 2046 πρὸς
2680 1973 2869 2038 ταῦτα,
2912 1965 2999 2019 καὶ
3025 1960 3339 2041 χαλεπαίνει
3371 1955 3605 2037 σφοδρῶς
3640 1973 3656 1987 ⁹

2200 2056 2276 2114 ἔτι
2333 2045 2424 2116 τδν
2478 2045 2639 2132 θυμὸν
2688 2052 2952 2120 ἐκπλῆσαι
3007 2049 3227 2129 κατέχει
3285 2050 3343 2103 εὖ
3382 2047 3558 2104 θέσθαι
3611 2047 3679 2101 τά
3733 2045 3859 2101 κατ’

2200 2148 2354 2204 αὺτὸν
2409 2143 2602 2225 ἑτέρως
2658 2140 3026 2216 διανοούμενος
3109 2139 3199 2195 καὶ
3250 2148 3374 2198 ταῖς
3431 2135 3688 2213 κρείττοσι
3743 2138 3856 2189 τῶν

2200 2234 2424 2292 ἐλπίδων
2501 2223 2884 2311 Ἴπτερούμενος,
2943 2230 2981 2304 ᾖ
3049 2227 3156 2303 μὴν
3196 2223 3458 2283 Νικόλαον
3513 2223 3711 2278 πείσειν
3761 2223 3858 2277 τὸν

2203 2319 2417 2397 Ῥώμης
2474 2319 2729 2401 ἀρχιερέα
2784 2317 3054 2374 συνθέσθαι
3110 2316 3156 2371 οἱ
3209 2315 3340 2379 πρὸς
3386 2313 3448 2368 τὸ
3505 2311 3852 2401 ποθούμενον

472 2409 695 2484 nuerit,
720 2409 1047 2471 secundum
1063 2409 1378 2483 intentare,
1395 2396 1660 2490 apertam
1677 2412 1904 2474 scilicet
1923 2414 2120 2474 amba-

2203 2412 2247 2466 εἱ
2303 2396 2359 2467 δὲ
2413 2411 2492 2486 μὴ
2512 2396 2521 2400 ⁷
2544 2396 2738 2464 τούτου
2807 2405 2991 2495 ὀιρθείη
3030 2401 3346 2495 -ἐπιτῦχὴς,
3389 2401 3468 2495 -τὸ
3505 2396 3855 2495 γεμδεύτερον

472 2515 608 2561 rum
639 2498 940 2558 nationum
968 2484 1601 2576 separationemCQum
1630 2519 1766 2561 cum
1797 2509 1998 2563 mente
2015 2501 2120 2563 ob-

2203 2501 2275 2562 εἷς
2362 2484 2608 2578 λαμπρὰν
2692 2484 2955 2572 ἑκατέρων
3025 2493 3185 2549 ἐθνῶν
3263 2489 3511 2569 χωρ-ἧσαι
3578 2484 3851 2557 διάζευξιν.

469 2585 769 2660 volvisset,
792 2585 865 2645 ad
899 2584 1159 2665 primum
1189 2603 1422 2647 summo
1456 2587 1585 2648 nisu
1617 2586 1957 2669 cogebatur,
1979 2589 2123 2653 licet

473 2673 534 2736 id
556 2673 730 2735 facile
760 2673 821 2734 in
851 2676 1069 2734 exitum
1101 2673 1318 2735 deduci
1367 2694 1484 2736 non
1514 2676 1838 2739 videretur.
1873 2675 1972 2741 Sic
2019 2677 2122 2740 ille

473 2762 628 2825 datis
658 2763 877 2824 litteris
901 2762 1072 2824 valde
1103 2761 1174 2822 ad
1210 2763 1684 2842 persuadendum
1717 2766 1998 2846 appositis
2013 2785 2119 2828 va-

471 2850 697 2930 riisque
721 2851 912 2911 modis
941 2852 1012 2911 ad
1036 2851 1391 2912 movendum
1411 2851 1672 2914 animum
1705 2866 1880 2935 atque
1900 2854 2120 2935 impel-

471 2938 715 3002 lendum
766 2937 1095 3015 instructis,
1155 2940 1367 3019 partim
1399 2949 1693 3005 structura
1721 2961 1790 3004 ac
1841 2943 2121 3004 methodo

474 3027 933 3090 multiformium
959 3035 1470 3106 argumentorum,
1507 3033 1718 3108 partim
1745 3031 1965 3105 missis,
1991 3050 2123 3111 qua;

470 3116 615 3179 inde
637 3115 1057 3178 exoriebantur
1075 3117 1366 3197 suspectis
1391 3127 1451 3180 et
1467 3118 1780 3180 dissidium
1801 3121 2122 3182 minitanti-

468 3203 606 3280 bus,
641 3203 861 3284 quibus
892 3204 946 3265 si
974 3223 1091 3265 non
1118 3205 1531 3284 persuasisset,
1559 3207 1764 3268 saltem
1782 3209 2125 3288 apostolica:

470 3290 631 3352 sedis
655 3291 969 3372 praesidem
997 3291 1109 3353 sibi
1136 3293 1476 3368 conciliare,
1499 3304 1557 3356 et
1585 3294 1658 3355 ad
1682 3296 1980 3375 proposita
2009 3304 2122 3358 tra-

469 3378 616 3441 here
640 3379 984 3442 conabatur.
1003 3381 1078 3442 At
1099 3380 1202 3441 ille
1221 3381 1412 3442 leonis
1427 3381 1617 3444 instar
1643 3383 2121 3464 adversnsﬁusti-

471 3469 613 3530 tiam
655 3467 961 3543 frendens,
999 3469 1162 3529 nullo
1193 3467 1307 3530 sibi
1367 3488 1504 3531 eum
1537 3470 1714 3532 modo
1749 3472 2122 3534 tolerandum

470 3557 849 3638 adjudicabat
877 3579 893 3636 ;
924 3558 1191 3639 quinimo
1215 3567 1272 3620 et
1299 3560 1670 3639 gravioribus
1692 3562 1856 3623 illum
1875 3563 2124 3625 vinculis

469 3645 917 3724 astringendum
975 3665 1108 3708 esse
1167 3647 1552 3710 decernebat.
1595 3651 1671 3713 Et
1728 3669 1848 3711 non
1879 3653 1974 3713 hic
2009 3653 2125 3714 hoc

471 3733 689 3811 modo;
719 3732 1016 3795 Adrianus
1045 3752 1209 3810 vero,
1243 3736 1402 3798 illius
1432 3755 1762 3814 successor,
1798 3737 1996 3801 Photii
2024 3759 2122 3802 res

471 3829 668 3895 gestas
697 3820 1064 3908 approbabat
1097 3823 1188 3884 vel
1249 3822 1449 3884 mitior
1479 3825 1667 3886 factus
1697 3833 1799 3888 aut
1841 3827 2122 3908 placatior

469 3909 774 3972 intentatis
799 3928 832 3971 a
862 3907 1069 3970 Photio
1091 3927 1404 3973 assensum
1427 3907 1863 3993 quodammodo
1896 3916 2120 3996 praebe-

469 3997 590 4061 bat.
626 3997 742 4059 Sed
762 3997 950 4078 magis
979 4015 1051 4060 ac
1073 3998 1258 4078 magis
1287 4018 1355 4062 ac
1375 4002 1787 4063 vehementius
1809 4023 2118 4085 exaspera-

469 4095 564 4149 tus
579 4085 945 4148 arctioribus
959 4087 1212 4148 vinculis
1228 4106 1368 4149 eum
1385 4089 2118 4171 colligat,quibusPhotius

468 4174 631 4238 exiis
654 4192 784 4255 quae
806 4174 921 4236 sibi
939 4174 1322 4237 fortunatiore
1343 4176 1534 4257 primo
1557 4180 1808 4242 consilio
1829 4199 2114 4260 sperave-

466 4271 560 4326 rat
614 4263 926 4344 decidens,
981 4263 1288 4325 iracundia
1328 4264 1534 4346 iraque
1590 4269 1987 4331 exardescens
2041 4270 2115 4331 ad

468 4351 797 4414 secundum
823 4351 1087 4414 animum
1120 4369 1362 4431 prorsus
1382 4352 1659 4434 applicat,
1687 4363 1841 4418 totus
1871 4357 1946 4418 ad
1980 4375 2118 4420 con-

467 4440 798 4502 tentionem
825 4440 1211 4515 convertitur,
1257 4449 1315 4501 et
1363 4440 1586 4503 bellum
1620 4443 2118 4508 irreconciliabile

469 4527 726 4602 excitat;
759 4536 818 4589 et
846 4527 1155 4590 circularis
1175 4528 1248 4590 ab
1277 4529 1486 4592 eodem
1515 4531 1767 4611 epistola
1796 4533 2122 4595 concinna-

469 4625 587 4692 tur,
626 4625 685 4678 et
713 4617 925 4696 sagitta
951 4617 1113 4678 omni
1132 4617 1390 4679 velocius
1416 4619 1634 4681 emissa
1663 4627 1764 4681 aut
1789 4621 2122 4684 volantibus

471 4705 676 4767 avibus
709 4705 875 4767 ocior
903 4708 1162 4781 avolans,
1188 4712 1483 4769 terrarum
1513 4708 1719 4770 orbem
1751 4710 2116 4788 universum,

471 4803 532 4858 et
559 4794 954 4857 universalem
993 4802 1241 4856 martem
1274 4796 1567 4872 accendit,
1602 4798 1874 4860 nationes
1907 4807 2122 4880 poten-

470 4883 729 4945 tissimas
777 4882 1086 4945 adversum
1120 4902 1251 4946 sese
1306 4886 1706 4950 committens.
1741 4888 1932 4949 Causa
1981 4905 2120 4953 vero

468 4979 528 5036 et
587 4971 1034 5034 criminationes
1114 4992 1234 5034 non
1290 4973 1421 5034 alia;
1505 4993 1679 5054 quam
1739 4993 1884 5056 quas
1954 4976 2120 5056 prius

465 5060 714 5123 Photius
743 5060 806 5121 in
854 5059 973 5121 illis
1003 5069 1322 5138 agnoverat
1355 5068 1414 5121 et
1443 5061 1570 5142 ipse
1623 5062 1820 5124 sciens
1849 5064 2116 5143 amplec-

465 5148 700 5210 tebatur
755 5155 814 5210 et
844 5150 1228 5212 concordiam
1291 5150 1768 5216 indissolubilem
1817 5152 2118 5231 poscebat.

465 5235 845 5318 Objiciuntur
873 5245 931 5299 et
981 5238 1277 5301 dictorum
1318 5257 1457 5300 vera
1491 5239 1843 5321 sinceraque
1896 5239 2035 5302 tuba
2065 5251 2126 5304 et

467 5325 642 5405 plane
664 5344 880 5388 sonora
908 5327 1226 5408 aliaipsius
1255 5328 1508 5409 epistola
1537 5347 1713 5407 quam
1735 5329 1864 5410 ipse
1886 5331 2126 5411 scripsit

469 5413 542 5474 ad
573 5413 882 5475 Nicolaum
912 5417 1106 5479 adhuc
1138 5436 1244 5498 spe
1275 5416 1726 5498 approbationis
1756 5417 2028 5499 Iactatus,
2057 5437 2125 5480 ex

467 5520 582 5580 qua
599 5501 941 5582 planissime
966 5505 1293 5567 addiscitur
1310 5524 1342 5566 a
1363 5524 1718 5587 quocunque
1741 5507 2122 5570 consuetudi-

2205 2579 2296 2651 Ὠς
2354 2587 2442 2644 οὖν
2497 2575 2662 2643 ταῦτα
2716 2585 2934 2659 θέμενος
2990 2580 3127 2638 κατά
3181 2585 3300 2634 νοῦν
3369 2579 3499 2652 πρὸς
3541 2577 3604 2631 τὸ
3646 2575 3853 2651 πρώτον

2202 2675 2508 2755 ὁλοσχερῶς
2563 2674 2941 2749 κατηπείγετο,
2987 2689 3176 2747 μικρου
3231 2666 3321 2722 καὶ
3367 2663 3637 2727 ἀδυνάτοις
3685 2661 3856 2718 ἐδόκει

2203 2747 2524 2842 ἐπιχειρεῖν.
2584 2753 2642 2819 Ὀ
2700 2747 2927 2836 μὲνήγάρ
2970 2757 3201 2842 ῥήμασιν
3243 2749 3661 2842 ἐπιστολιμαίοις
3717 2747 3856 2806 πολὺ

2203 2853 2264 2908 τὸ
2297 2831 2602 2928 ’ἐπαγωγὸν
2653 2851 2901 2926 αὖχοῦσι,
2964 2841 3311 2921 πολυτρόπως
3378 2838 3562 2918 ἔχουσι
3610 2839 3672 2894 τὸ
3725 2857 3852 2893 πει-

2202 2941 2406 3016 θήνιον,
2439 2924 2450 2928 ⁷
2478 2924 2540 2994 rb
2597 2937 2694 3013 μὲν
2725 2924 3051 3008 κατασκευῇ
3126 2931 3217 2986 καὶ
3302 2926 3508 3004 μεθόδῳ
3558 2924 3854 2983 πολυειδῶν

2204 3027 2667 3107 ἐπιχειρημάτωιι,
2726 3024 2788 3079 τὸ
2844 3019 2899 3077 δέ
2940 3022 3028 3076 καὶ
3068 3016 3318 3107 ἀπειλαῖς
3365 3016 3594 3107 ἐντεῦθεν
3653 3017 3858 3107 ipsopr

2205 3101 2400 3190 {Liv-nite
2453 3101 2539 3170 καὶ
2624 3110 2896 3167 διάστασιν
2975 3104 3403 3181 ὑποτεινομέναις
3496 3106 3570 3165 ὡς
3643 3103 3689 3157 εἰ
3773 3101 3856 3174 μὴ

2202 3189 2438 3261 πείσαιεν
2520 3200 2945 3270 ὑποποιήσασθαι
3013 3197 3104 3253 τὸν
3170 3194 3255 3250 ἐπὶ
3328 3194 3428 3259 τῆς
3492 3189 3854 3256 ἀποστολικῆς

2203 3289 2454 3370 καθέδρας
2485 3290 2615 3368 πρὸς
2658 3288 2720 3342 τὸ
2763 3285 3084 3361 ζητούμενον
3138 3279 3405 3370 ἔσπευδεν,
3428 3270 3554 3370 Α’ολ
3595 3277 3650 3370 δέ
3706 3277 3856 3370 λεόν-

2202 3367 2371 3437 τειονή
2400 3367 2538 3457 ἑώρα
2595 3377 2733 3433 κατά
2786 3374 2881 3441 τῆς
2936 3371 3166 3444 ἀδικίας,
3224 3371 3312 3426 καὶ
3362 3367 3469 3425 οὔδ’
3525 3367 3586 3423 ἂν
3618 3367 3853 3445 ἀνασχέ-

2203 3473 2320 3525 σθαι
2369 3456 2568 3533 ταύτης
2625 3461 2976 3531 ὁπωσδήποτε
3049 3457 3389 3537 κατεφαίνετο
3421 3476 3435 3490 ’
3498 3456 3574 3512 ἔτι
3629 3476 3692 3533 γε
3745 3456 3855 3528 μὴν

2203 3559 2290 3613 καὶ
2351 3540 2694 3635 βαρυτέραις
2741 3551 2935 3630 ἄγχειν
3030 3553 3216 3604 τοῦτον
3297 3557 3607 3635 κανονικατς

2203 3628 2497 3724 προ-ᾕρητο.
2543 3628 2660 3700 ⁷Καὶ
2715 3628 3028 3700 οὒκηαῦτὸς
3071 3635 3170 3711 μὲν
3223 3632 3411 3697 οὕτως.
3469 3630 3739 3711 Ἀδριανὸς
3795 3628 3853 3686 δὲ

2205 3720 2256 3790 ὁ*
2290 3720 2476 3790 τούτου
2555 3727 2803 3808 διάδοχος
2861 3723 3155 3782 ἐπευδοκῶν
3225 3721 3482 3776 ἐδείκνυτο
3551 3721 3683 3795 πρὸς
3762 3720 3853 3774 τὸν

2202 3829 2409 3878 Φωτιον
2452 3820 2490 3889 ἢ
2549 3805 2837 3891 ἀνειμένως
2891 3813 3036 3894 ἔχων
3066 3811 3103 3880 ἢ
3176 3805 3854 3894 ὁπωσοῦνμαλθακώτερον

2201 3907 2525 3984 διακείμενος
2554 3921 2570 3936 ⁸
2635 3902 2820 3976 πολλῷ
2868 3891 2960 3980 γε*
2983 3900 3073 3956 καὶ
3112 3896 3316 3975 μᾶλλον
3373 3894 3710 3984 σφοδρότερον
3767 3891 3852 3948 δι-

2201 3980 2477 4076 εγείρεται,
2537 3994 2626 4050 καὶ
2676 3989 2895 4067 δεσμοῖς
2929 3992 3334 4066 σθεναρωτεροις
3372 3980 3679 4076 ξμπεδῶσαι
3736 3988 3854 4038 τοῦς

2197 4072 2690 4162 τον-διερεθίζεται,
2735 4079 2824 4142 οἷς
2880 4076 3087 4141 Φώτιος
3137 4081 3243 4130 τῶν
3285 4073 3513 4151 πρώτων
3548 4072 3650 4162 ,καὶ
3677 4091 3853 4162 κρειτ-

2197 4176 2363 4231 τόνων
2418 4159 2644 4228 ἐλπίδων
2675 4159 2913 4247 σφαλεὶς
2983 4166 3071 4221 καὶ
3150 4169 3227 4237 τῷ
3308 4165 3456 4236 θυμῷ
3540 4159 3853 4238 ὕπερζέσας,

2200 4261 2386 4330 ἐπειδὴ
2437 4263 2499 4318 τὸ
2555 4259 2793 4337 δεύτερον
2845 4253 3211 4327 κατελείπετο,
3289 4250 3428 4314 ὅλως
3484 4250 3684 4328 γὶνεται
3733 4250 3854 4304 τού-

2199 4375 2291 4411 του
2344 4353 2433 4408 καί
2485 4349 2616 4426 πρὸς
2685 4335 2963 4424 διαμάχην
3007 4353 3206 4422 χωρεῖ,
3283 4341 3372 4395 καὶ
3425 4339 3557 4426 πρδς
3616 4335 3856 4426 πόλεμον

2200 4441 2495 4519 ἀκήρυκτον
2529 4423 2897 4507 διανίσταται,
2953 4434 3041 4519 γαὶ
3088 4433 3124 4497 ἡ
3180 4426 3456 4506 ἐγκύκλιος
3497 4423 3561 4519 δῖ
3590 4424 3718 4503 παρ’
3765 4425 3856 4479 αὖ.

2201 4514 2321 4587 τοῦ-
2351 4524 2766 4607 λογογραφεῖται
2823 4518 3078 4587 ἐπιστολὴ
3125 4519 3212 4607 καὶ
3258 4520 3447 4607 θᾶττον
3490 4514 3852 4607 δ’ίστοῡῇπαν-

2202 4619 2292 4681 τὸς
2348 4603 2607 4698 ἀφεθεῒσα-
2657 4612 2695 4681 ἢ
2762 4611 2851 4667 καὶ
2904 4606 3244 4698 τεχυπτέρων
3319 4606 3548 4698 ὀρνίθωνΔ
3589 4603 3853 4698 ὠκύτερον

2203 4691 2471 4764 διαποιάσα
2517 4699 2838 4780 κατατρέχει
2873 4698 2974 4764 τὴν
3031 4693 3342 4771 οἱκουμένην
3399 4691 3616 4772 σχεδὸν,
3649 4694 3735 4750 καὶ
3778 4694 3854 4747 02-

2203 4795 2516 4871 κουμενικὸν
2573 4789 2705 4869 ἅρην
2760 4789 2880 4858 ἱστᾷ
2919 4789 3024 4841 τῶν
3082 4788 3182 4850 τῆς
3239 4781 3552 4871 οίκουμένης
3607 4780 3700 4837 ἆτε
3755 4803 3856 4858 γε-

2203 4870 2310 4941 νῶν
2361 4885 2428 4940 τὰ
2470 4881 2722 4960 κράτιστα
2761 4875 2880 4932 κατ’
2911 4871 3158 4944 ἀλλήλων
3203 4870 3488 4929 ὁπλίσασα.
3523 4873 3622 4960 Καὶ
3651 4873 3687 4938 ἡ
3716 4871 3856 4928 αἰτία

2201 4976 2288 5031 καὶ
2367 4974 2434 5028 τὰ
2506 4947 2828 5047 ,ἐγκλήματα
2905 4962 3011 5042 οὐχ
3079 4961 3230 5038 ἕτερα
3285 4959 3499 5022 πάντως
3570 4947 3854 5034 Ῥωμαίοις

2201 5060 2317 5120 ἀλλ’
2370 5061 2408 5130 ἣ
2455 5058 2589 5135 ἅπερ
2617 5056 2704 5112 καὶ
2743 5052 2930 5132 πρώην
2973 5051 3130 5115 αὑτὸς
3185 5054 3394 5110 Φωτιος
3423 5047 3614 5104 ἐνόντα
3640 5049 3854 5135 τούτοις

2203 5151 2342 5230 ᾔδει,
2387 5151 2477 5206 καὶ
2517 5134 2753 5223 ἔστεργε,
2814 5143 2904 5199 καὶ
2959 5141 3021 5197 τὸ
3071 5143 3170 5206 τῆς
3218 5135 3509 5212 συμπνοίας
3537 5134 3856 5215 ἐπρέσϐευεν

2205 5222 2570 5318 ἀδιάρρηκτον.
2633 5222 2730 5290 Καὶ
2782 5234 2888 5287 τῶν
2945 5222 3438 5318 λεγομένων
3488 5222 3697 5318 ἀληθὴς
3735 5229 3854 5318 ,αὖ-

2205 5314 2461 5408 τόχρήμα
2518 5326 2606 5380 καὶ
2657 5321 2896 5392 διάτορος
2957 5317 3092 5408 absit
3161 5318 3238 5408 ip
3279 5314 3432 5408 ἑτέρα
3485 5316 3675 5408 τούτου
3729 5317 3858 5408 Est-c.-

2207 5403 2399 5491 στολὴ,
2457 5415 2523 5483 ἦν
2578 5413 2776 5493 φθάσας
2806 5405 3124 5488 ἐγχαράττει
3154 5406 3288 5485 πρὸς
3313 5403 3411 5493 τὸν.
3456 5403 3721 5462 Νικόλαον
3777 5405 3853 5464 Et:

2208 5512 2314 5564 τῶν
2375 5491 2620 5578 ἐλπίδων,
2674 5504 2747 5565 ὡς
2813 5498 3076 5577 προέφην,
3146 5491 3579 5570 ἀπαιωρούμενος
3610 5509 3626 5525 ⁸
3688 5495 3858 5561 ’έξεστι
