4184 6300
332 258 482 373 ἰιρι
1779 308 1970 370 FRAG

2049 306 2273 367 EXTA.
3562 296 3712 360 1422

335 444 434 525 γὰρ
491 444 551 501 ἐκ
594 445 790 513 ταύτης
854 443 1115 524 ἆριδὰλως
1171 446 1497 518 καταμαθεῖν
1544 449 1621 516 τῷ
1675 440 1970 518 βουλομένῳ

2061 456 2176 498 nec
2203 455 2410 497 omnes
2445 427 2925 514 llomhnas,quas
2953 436 3077 513 ipse
3110 435 3165 495 in
3190 432 3485 514 encyclica
3508 432 3709 492 crimi-

334 522 491 590 παντὶ
546 536 619 598 ὡς
679 532 835 608 ἔθιμα
877 522 1048 590 πάντα
1106 531 1384 608 Ῥωμαίοις
1423 530 1676 607 ἐπιστολῇ
1716 538 1786 606 τῇ
1829 530 1970 608 ἐγκυ·

2062 533 2232 585 nalur
2263 524 2431 603 plane
2484 523 2686 585 Pholio
2746 524 3070 584 inuoluisse
3123 532 3179 584 et
3226 522 3386 602 pacis
3443 531 3711 608 tempore

336 621 469 693 κλίῳ
524 606 933 698 διαϐαλλύμενος
1001 606 1221 699 γνωστᾶ-
1265 621 1597 690 καθειστήκει
1652 606 1970 691 Φωτίῳνκαῖ

2061 612 2238 674 nullis
2269 612 2581 699 calumniis
2600 612 2891 674 obnoxius
2920 613 3100 671 fuisse
3131 621 3186 671 et
3217 612 3342 690 ipse
3367 628 3464 671 cas
3489 609 3569 669 uti
3601 606 3711 668 cri-

338 692 631 778 ἆδιάόλητα
689 692 789 784 τῷ.
832 715 932 776 τῆς
985 692 1198 787 είρήνης
1280 713 1470 785 καιρῷ,
1529 708 1616 763 καὶ
1671 708 1746 770 ὡς
1789 705 1866 761 ἀεὶ
1918 706 1970 761 τί

2062 702 2220 761 mine
2246 702 2405 762 omni
2426 692 2766 780 superiores
2791 708 3157 781 acceplasset
3174 699 3627 776 admisissetque
3657 696 3707 756 si

335 796 550 875 στέργον
594 796 654 855 ἂν
684 798 813 878 εἶχε
841 799 929 854 καὶ
970 799 1031 854 τὸ
1084 795 1430 873 ἀνέγκλητον,
1481 792 1597 869 εἴγε
1628 796 1705 870 μὴ
1747 794 1853 851 τῶν
1906 796 1970 849 ὧι

2062 808 2193 870 qua:
2218 789 2515 850 ambiebat
2538 790 2903 851 obtinuisset.

337 885 606 965 ἐφιέμενος
639 887 957 966 ἐντύγχανεν
986 886 1244 962 ἀμοιρῶν.

1410 1227 1862 1313 GEORGII
1951 1228 2623 1311 METOCHI'I‘E

916 1412 1014 1475 DE
1056 1410 1372 1476 DlSSlDlO
1424 1406 1936 1474 ECCLESIARUM
1984 1406 2459 1472 FRAGMENTA
2505 1409 2654 1474 Ι)υο
2698 1408 3131 1475 IlISTORlCA.

1407 1569 1610 1651 (Apud
1639 1569 1918 1632 Allatium
1951 1564 2100 1629 ibid.
2136 1586 2197 1648 p.
2226 1568 2344 1633 458
2372 1576 2429 1630 et
2456 1566 2620 1645 462.)

410 1846 510 1903 Καὶ
562 1843 627 1913 δὴ
670 1843 875 1901 στέλλει
929 1846 1058 1924 πρὸς
1100 1845 1191 1900 τον
1233 1849 1333 1911 τῆς
1376 1840 1720 1922 πρεσϐυτέρας
1765 1832 1970 1915 Ῥώμης

2139 1839 2343 1921 Neque
2360 1847 2625 1904 moratus
2643 1850 2751 1919 est;
2778 1840 2847 1900 ad
2864 1839 3115 1901 senioris
3136 1840 3335 1900 Rumm
3355 1838 3696 1918 pontificem

330 1933 581 2014 ἀρχιερέα
655 1934 721 1990 τὸ
794 1931 966 2013 δρᾶμα
1026 1939 1131 1990 πᾶν
1200 1930 1575 2010 ἀπαγγέλλων,
1632 1931 1729 1998 τὴν
1775 1928 1970 1985 ἀδικίαν

2058 1929 2255 2008 mittil,
2290 1929 2515 1992 facinus
2564 1929 2944 2000 denuntians,
2996 1927 3339 2007 inju-stitinm
3382 1945 3695 2005 accusans,

329 2020 638 2100 ἑπεγκαλῶν
703 2029 795 2079 τοῦ
850 2023 1288 2101 τυραννήσαντος,
1332 2021 1395 2077 τὸ
1445 2020 1642 2075 οἰκεῖον
1694 2015 1970 2074 καταϐοώ-

2058 2018 2159 2097 qui
2184 2035 2290 2078 sua
2322 2026 2700 2098 tyrannorum
2733 2035 2898 2077 more
2928 2024 3311 2093 usurpaverat
3339 2016 3701 2078 clamoribus

330 2132 516 2186 μενος,
572 2111 661 2166 καὶ
722 2109 846 2189 παρ’
919 2112 1075 2168 αὖτοῦ
1143 2133 1244 2167 τινι
1302 2108 1484 2188 τρόπῳ
1550 2107 1649 2173 τὴν
1711 2104 1974 2172 ἐκδίκησιν

328 2198 715 2273 ἐκκαλούμενος
771 2197 863 2254 ἅτε
904 2200 993 2254 καὶ
1021 2197 1080 2254 ἐκ
1106 2197 1357 2276 γειτόνων
1390 2197 1541 2260 ὄντος
1569 2200 1646 2268 τῷ
1687 2191 1969 2267 ἀδικοῦντι,

327 2289 500 2362 τούτῳ
556 2285 611 2342 δὲ
675 2288 776 2355 τὴν
833 2286 1002 2367 φυλὴν
1073 2283 1260 2361 ἰταλῳ
1313 2287 1402 2342 καὶ
1457 2284 1599 2364 παρὰ
1653 2282 1820 2357 τούτῳ
1874 2282 1972 2339 τὴν

2056 2106 2356 2186 deferens,
2392 2115 2447 2166 et
2476 2105 2549 2165 ab
2583 2123 2652 2166 eo
2687 2124 2921 2184 quoque
2950 2105 3125 2165 modo
3162 2104 3480 2166 vindictam
3510 2124 3698 2185 expo-

2053 2213 2249 2261 scens,
2288 2201 2561 2273 tanquam
2592 2193 2688 2273 qui
2721 2202 2779 2254 et
2806 2192 3104 2271 proximus
3127 2192 3213 2255 illi
3238 2199 3395 2254 esset
3418 2193 3517 2272 qui
3542 2191 3703 2273 inju-

2053 2280 2203 2342 riam
2235 2282 2452 2342 fecerat
2474 2300 2695 2358 genere
2716 2279 2885 2355 Italo,
2912 2289 2970 2342 et
2997 2282 3069 2342 ad
3093 2300 3208 2360 quo
3237 2280 3309 2341 ad
3331 2281 3531 2341 omnia
3553 2282 3700 2345 obe-

327 2378 458 2455 πρὸς
514 2375 655 2433 ἅπαν
711 2376 949 2444 ὑπακοὴν
1006 2374 1147 2448 αύτῷ
1192 2373 1353 2430 πλέον
1405 2378 1511 2429 τῶν
1581 2370 1753 2430 ἄλλων
1821 2370 1970 2450 ὀφεί-

2057 2369 2339 2431 dientiam
2352 2369 2463 2430 sibi
2478 2367 2733 2431 debitam
2748 2368 2984 2446 exigere
2999 2369 3439 2447 posset.Ethaec
3458 2368 3699 2449 quidem

328 2464 494 2526 λοντι,
558 2471 733 2523 Ταῦτα
776 2467 881 2520 τῶν
938 2462 1179 2521 Δῦσόνων
1231 2465 1259 2519 ὁ
1314 2463 1377 2519 τά
1446 2462 1687 2540 σκῆπτρα
1742 2464 1970 2539 κρατῶν.

2060 2456 2303 2518 Ausonii
2355 2456 2592 2536 imperii
2645 2456 3131 2529 moderator.Qui
3163 2476 3300 2519 vero
3335 2474 3407 2519 eo
3439 2465 3707 2537 tempore

332 2545 390 2611 Ὀ
443 2551 497 2609 δὲ
554 2560 652 2630 τῇς
713 2544 1021 2629 Ῥωμαϊκῆς
1074 2550 1394 2619 Ἐκκλησίας
1422 2552 1542 2608 τότε
1598 2552 1695 2617 τὴν
1746 2569 1970 2627 προστα-

2057 2543 2338 2606 Romanae
2406 2545 2690 2607 Ecclesiae
2741 2555 2989 2626 przeerat
3042 2564 3179 2608 cum
3220 2547 3378 2607 circa
3408 2544 3704 2625 postulata

329 2643 442 2698 σίαν
513 2640 702 2720 λαχὼν
762 2643 879 2720 περὶ
946 2642 1046 2709 τήν
1107 2639 1323 2706 αἴτησιν
1382 2639 1695 2717 νωθρότερος
1740 2636 1970 2715 γεγονὼς

2058 2652 2232 2714 quam
2261 2652 2367 2714 par
2396 2642 2522 2695 erat
2551 2633 2789 2713 segnior
2817 2633 3199 2695 dilationibus
3230 2639 3614 2708 uteretur,et,
3641 2639 3707 2694 ut

327 2731 416 2786 καὶ
457 2728 746 2793 ἀναϐολαῖς
791 2732 888 2788 οὒκ
921 2727 1029 2785 οἶδ’
1060 2727 1205 2793 ὅπως
1260 2727 1628 2807 χρησάμενος,
1685 2726 1970 2798 πέπεισμαι

2058 2720 2209 2782 mihi
2237 2721 2482 2800 suadeo,
2516 2721 2590 2781 ob
2619 2723 2905 2801 quasdam
2938 2740 3070 2802 qua;
3097 2731 3520 2801 praecesserant
3551 2740 3698 2782 cau-

326 2816 381 2873 δέ
421 2819 496 2881 ὥς
551 2816 641 2873 διά
690 2838 842 2881 τινας
907 2814 1345 2894 προηγησαμένας
1388 2817 1578 2885 αἰτίας,
1638 2817 1801 2871 ὁποῖα
1830 2811 1970 2893 (pale!

2057 2825 2152 2867 sas
2182 2809 2265 2868 uti
2294 2809 2449 2869 inter
2480 2810 2761 2890 prmsules
2793 2824 2851 2871 e'.
2877 2811 3265 2888 imperatores
3286 2810 3523 2871 evenire
3550 2808 3704 2870 solet

329 2904 630 2982 συμϐαίνειν
689 2904 851 2980 μέσον
902 2907 1167 2984 ἱεραρχῶν
1234 2905 1323 2960 καὶ
1388 2904 1627 2959 ἀνάκτων
1700 2901 1970 2967 τοιούτων,

2059 2904 2119 2958 et
2146 2896 2300 2957 inter
2336 2914 2439 2957 eos
2470 2897 2836 2976 potissimum
2859 2899 3075 2977 quibus
3096 2897 3342 2959 alterius
3358 2896 3700 2958 dominatus

332 2995 421 3051 καὶ
477 2992 711 3069 μάλιστα
763 2992 861 3061 τὴν
945 2982 1211 3071 ἑκατέροις
1281 2991 1579 3061 ἀνήκουσαν
1645 2989 1801 3068 ίσχὺν
1868 3009 1962 3043 πε-

2055 2982 2117 3043 in
2163 2983 2499 3063 suspicione
2540 2992 2716 3057 est,et
2758 2985 3029 3064 plurimis
3083 2984 3697 3062 interdistinguuntur

330 3086 563 3159 ριόπτων
618 3082 708 3137 καὶ
761 3079 987 3145 πολλοῖς
1051 3078 1423 3158 διειργομέθων
1478 3077 1615 3135 ῗθεσι
1670 3080 1757 3134 καὶ
1814 3097 1970 3132 τοπι-

2056 3071 2831 3153 consuetudinibus,elquos
2859 3074 3125 3135 locorum
3154 3073 3459 3134 intervalla
3479 3072 3699 3133 discri-

326 3193 444 3234 κοις
499 3168 844 3244 διαστήμασι,
890 3170 981 3224 τὸν
1033 3173 1127 3223 τοῦ
1180 3166 1438 3243 βασιλέως
1482 3166 1772 3223 ὑπανάπτει
1814 3164 1970 3238 θυμὸν

2059 3161 2306 3235 minant,
2339 3160 2597 3221 furorem
2643 3161 3023 3242 imperatoris
3052 3162 3363 3224 succendit
3389 3161 3490 3242 qui
3518 3158 3701 3222 rebus

325 3260 386 3315 τὸ
428 3230 705 3338 ⁷σφέτερον
774 3230 1207 3333 ω’μὸαλλομένοῦ
1265 3257 1352 3311 καὶ
1413 3230 1548 3332 μηδὲ
1611 3256 1741 3333 πρὸς
1799 3230 1970 3330 ὀλίγον

2058 3247 2182 3308 suis
2212 3230 2427 3338 auxilia
2449 3230 2817 3328 poscebat'et
2847 3268 2959 3329 ope
2988 3268 3163 3329 quam
3219 3249 3368 3338 nihil
3406 3230 3699 3310 luesitans

324 3351 423 3414 τῆς
487 3335 865 3409 ἆνενδοιάστως
945 3349 1089 3419 αὗτῷ
1165 3341 1610 3422 προσδοκωμένης
1668 3340 1970 3420 ἐπιτυγχά-

2059 3335 2456 3414 exspectabat,
2516 3354 2759 3416 prorsus
2806 3338 3216 3399 lrustrabatur.
3250 3335 3443 3409 Quare
3486 3354 3697 3397 rursus

326 3456 506 3497 νοντος
550 3432 910 3509 ἀντιλήψεως.
968 3439 1253 3511 Τοιγαροῦν
1296 3430 1618 3507 μελετῶνται
1686 3432 1774 3486 καὶ
1817 3427 1970 3485 πάλιν

2058 3423 2235 3484 unius
2255 3423 2475 3486 Christi
2489 3424 2754 3504 corporis
2766 3424 3356 3487 Ecclesiasectiones
3374 3424 3693 3503 agitantur,

329 3524 626 3600 κατατομαὶ
720 3544 814 3581 του
893 3525 989 3589 τῆς
1085 3519 1405 3587 Ἐκκλησίας
1474 3513 1693 3578 ’ἐνιαίου
1783 3517 1970 3591 σώμα-

2058 3520 2117 3573 et
2147 3512 2497 3592 populorum
2530 3513 2631 3594 qui
2658 3532 2694 3575 a
2722 3514 2953 3577 Christo
3002 3533 3221 3576 nomen
3253 3512 3369 3575 sibi
3393 3512 3699 3574 vindicant

324 3630 417 3676 τος
469 3621 562 3670 τοῦ
629 3616 856 3689 Χριστοῦ
911 3608 1334 3682 συσκευάζονται,
1413 3608 1501 3664 καὶ
1568 3606 1635 3663 αὖ
1710 3605 1970 3685 χωρισμοῖ

2056 3600 2350 3689 separatio
2375 3600 2572 3689 denuo
2601 3603 2998 3680 constituitur,
3031 3612 3090 3665 et
3122 3621 3244 3684 pra;
3267 3602 3400 3664 aliis
3422 3600 3554 3683 quit
3590 3618 3692 3662 um

326 3700 436 3756 τῶν
495 3700 603 3756 ἀπὸ
678 3687 908 3777 Χριστοῦ
972 3696 1320 3773 κεκλημένων
1400 3694 1707 3776 ἄμφοτέρων
1787 3693 1970 3753 ἐθνῶν.

2055 3687 2448 3777 patriarchale
2467 3690 2680 3751 solium
2709 3690 2971 3766 tenebat,
3005 3692 3278 3768 Michael,
3300 3696 3691 3770 cognomento

326 3776 735 3867 Συνεφαπτεται
779 3793 871 3843 τοῦ
941 3784 1096 3864 ’έργου
1167 3783 1514 3864 διαφερόντως
1585 3785 1614 3840 ὁ
1681 3783 1970 3848 τηνικαῦτα

2054 3776 2415 3859 Cerularius,
2447 3778 2615 3859 operi
2673 3799 2882 3842 manus
2926 3781 3029 3844 dat
3058 3780 3160 3863 qui
3189 3788 3249 3842 et
3278 3780 3525 3841 multum
3555 3786 3693 3839 ante

325 3876 417 3931 τὸν
458 3875 848 3954 πατριαρχικὸν
901 3874 1083 3952 θρόνον
1124 3873 1374 3953 κατέχων
1429 3872 1656 3954 Μιχαὴλ
1682 3868 1970 3938 τοῦπίκλην

2052 3872 2338 3954 tempusa
2351 3884 2497 3947 papa
2517 3884 2650 3929 sese
2681 3868 3033 3931 abscindere
3059 3866 3692 3948 meditabatur,utipse

325 3965 354 4018 ὁ
415 3952 772 4041 Κηρουλάριος
855 3960 1020 4023 πάλαι
1105 3962 1203 4037 μὲν
1260 3952 1483 4019 ίῶδίνων
1535 3952 1617 4018 τὸ
1700 3960 1806 4017 ἀπὸ
1877 3969 1970 4019 τοῦ

2051 3952 2166 4014 sibi
2194 3952 2305 4015 soli
2336 3953 2652 4034 primatum
2703 3966 3005 4038 usuparet,
3041 3958 3143 4039 qui
3174 3957 3260 4019 uti
3290 3955 3528 4038 optabat
3569 3970 3690 4017 non

324 4051 519 4106 πάππα
569 4047 934 4131 διαρραγῆναι,
963 4052 1037 4114 ὡς
1080 4051 1142 4107 τὸ
1170 4063 1422 4128 προτετον
1475 4047 1772 4121 ἰδιαζόντως
1828 4046 1967 4115 κλη-

2052 4041 2496 4131 concedebatur
2512 4043 2653 4105 dum
2668 4063 2930 4109 unacum
2944 4047 3044 4108 illo
3064 4064 3422 4125 congressus
3433 4044 3693 4125 unioque

325 4132 578 4218 ρῶσαιτο,
619 4138 698 4214 μὴ
738 4130 1227 4219 παραχωρούμενος
1284 4138 1468 4196 τούτου
1522 4140 1744 4196 καθόσον
1798 4137 1970 4217 ἐφίετο

2054 4130 2406 4219 procederet
2431 4138 2491 4192 et
2537 4150 2773 4212 quoquo
2813 4133 2987 4195 modo
3017 4135 3089 4195 ab
3120 4135 3235 4196 alio
3251 4132 3514 4213 judicari
3543 4150 3698 4211 aegre

324 4224 620 4283 συνελεύσει
649 4227 737 4283 καὶ
781 4217 1061 4304 ἒνώσειντῇ
1090 4229 1221 4307 πρὸς
1277 4228 1434 4286 αὐτὸν
1488 4229 1575 4284 καὶ
1616 4228 1677 4283 τὸ
1728 4229 1970 4285 ὁπωσοῦν

2051 4217 2272 4289 ferens,
2297 4238 2366 4282 ac
2396 4221 2773 4284 intolerabile
2803 4222 3487 4288 ducens.Circumfertur
3515 4223 3695 4285 etiam

325 4316 688 4394 ἅνακρίνεσθαι
757 4314 812 4372 ἒν
888 4314 1040 4390 δεινῳ
1114 4315 1387 4390 τιθέμενος
1448 4317 1537 4372 καὶ
1591 4316 1650 4372 οὔ
1700 4320 1918 4395 φορητῷ
1951 4330 1968 4346 ⁶

325 4404 439 4462 ἐπεὶ
494 4402 653 4482 λόγος
709 4405 799 4461 καὶ
852 4403 1033 4483 λόγοις
1084 4404 1327 4479 ματαίοις
1380 4404 1435 4460 ἐν
1505 4404 1761 4484 φαντασίᾳ
1824 4402 1969 4480 γενέ-

322 4459 438 4550 si;
494 4459 585 4549 ac;
606 4459 614 4460 ί
637 4459 1031 4549 ternas;
1076 4459 1533 4572 gnatam“:
1560 4459 1705 4556 at,
1741 4459 1966 4569 ’έρυὸρο-
1991 4459 2035 4509 θ

322 4579 540 4662 ϐαφέσιν
583 4581 836 4661 ἆπήχθη.
882 4581 1011 4639 Τόνε
1068 4579 1124 4637 δὲ
1166 4583 1267 4649 τὴν
1322 4579 1489 4638 ὠδῖνα
1529 4579 1692 4645 λύσας
1718 4582 1806 4637 καὶ
1834 4601 1966 4636 κυο-

322 4671 556 4750 φορήσας
597 4671 660 4727 τὸ
702 4668 998 4751 συλληφθὲν
1026 4676 1118 4727 τοῦ
1144 4676 1329 4750 καιροῦ
1373 4669 1658 4749 μονονουχὶ
1711 4668 1965 4725 ἐπιστάν-

321 4779 411 4822 τος
467 4764 566 4825 τῆς
609 4760 683 4824 εἷς
752 4762 864 4839 φῶς
932 4764 1025 4814 τοῦ
1079 4755 1410 4835 ὠδινωμένου
1478 4758 1962 4836 παρεισφορήσεως,

319 4846 473 4914 ἡνίκα
525 4848 613 4902 καὶ
662 4848 698 4914 ἡ
766 4846 903 4902 κατᾶ
955 4845 1049 4903 τοῦ
1100 4846 1293 4903 πάππα
1345 4845 1611 4923 βασίλειος
1654 4846 1963 4925 ἀγανάκτη-

321 4954 403 4999 σις
470 4932 612 4990 ἔνθεν
688 4936 1077 5012 ’ωοφορηθεῖσα
1146 4934 1495 5013 καταφέρεται
1573 4934 1712 5013 ῥύμῃ
1789 4933 1968 5011 πολλῇ

320 5026 419 5089 τῆς
493 5024 752 5088 ἒνωτικῆς
836 5020 1202 5102 ἀλληλουχίας
1273 5022 1533 5102 ἑκατέρων
1605 5020 1963 5095 Ἐκκ)ησιῶν,

319 5109 424 5168 κᾶκ
463 5131 624 5166 τινων
692 5110 1101 5186 συμπτωμάτων
1171 5111 1579 5189 κοσμικωτέρων
1647 5112 1741 5175 τὰς
1792 5111 1967 5191 ἀρχὰς

320 5196 552 5258 λαϐοῦσα
605 5202 712 5254 τῶν
762 5198 967 5277 αἰτιῶν,
1007 5198 1075 5255 τὰ
1129 5197 1545 5267 ἐκκλησιαστιώ
1572 5198 1751 5256 τέλεον
1796 5197 1967 5272 διιστᾷ

318 5289 407 5344 καὶ
463 5288 535 5352 εἷς
578 5284 818 5353 παντελῆ
876 5283 1176 5343 συνελαύνει
1218 5285 1476 5369 διαλύσιν,
1533 5289 1622 5345 καὶ
1650 5285 1684 5344 ἂ
1725 5285 1964 5365 σύνοδος,

317 5376 392 5439 ὥς
450 5373 673 5455 ἐλέχθη,
718 5374 983 5432 τοσούτων
1036 5374 1328 5456 ἀρχιερέων
1374 5377 1630 5456 ὁμηγῦρει
1659 5398 1963 5456 συγκροτη-

317 5465 470 5545 θεῖσα
526 5462 731 5520 Φωτίου
796 5463 864 5520 τὰ
930 5469 1116 5541 πρῶτα
1188 5463 1437 5544 φέροντος
1511 5467 1606 5523 οῦκ
1673 5464 1963 5545 ἐπέρρωσεν

316 5541 849 5628 ἒτιοικοδομίιισιπιμέἐντι
899 5551 987 5609 καὶ
1035 5541 1373 5629 βεϐαιώσασα
1433 5554 1523 5611 καὶ
1577 5560 1682 5612 πᾶν
1722 5541 1814 5613 τοῦ
1864 5553 1965 5629 μέ-

2053 4325 2271 4382 sermo,
2300 4326 2434 4371 eum
2464 4310 2654 4371 stultis
2675 4311 3193 4386 imaginationibus
3222 4312 3534 4389 fretum,in
3559 4311 3697 4375 faci-

2051 4414 2164 4457 nus
2193 4396 2513 4459 adductum
2543 4416 2679 4460 cum
2700 4399 2877 4461 vellet
2896 4419 3063 4481 aque
3078 4411 3255 4483 atque
3272 4401 3375 4463 ille
3394 4400 3589 4462 rubris
3610 4399 3700 4461 in-

2050 4484 2351 4547 dumentis
2380 4485 2646 4549 uti.Tum
2680 4505 2816 4549 vero
2872 4489 3031 4569 quod
3086 4491 3284 4552 animo
3333 4496 3690 4569 conceperat

2050 4574 2385 4653 parturiens
2431 4576 2526 4636 vix
2567 4575 2764 4637 oblata
2794 4576 2910 4638 sibi
2938 4579 3256 4641 occasione
3300 4578 3455 4641 utin
3498 4578 3695 4641 lucem

2048 4662 2255 4749 foetum
2275 4662 2483 4725 ederet
2504 4682 2640 4726 cum
2665 4674 2724 4726 et
2745 4667 3121 4748 imperatoris
3141 4668 3456 4731 adversum
3483 4685 3694 4749 papam

2046 4748 2381 4839 indignatio
2410 4752 2556 4814 inde
2585 4762 2788 4816 exorta
2819 4765 3054 4819 tumens
3082 4757 3267 4820 multo
3299 4748 3521 4839 impetu
3543 4748 3695 4819 fere-

2047 4837 2305 4900 baturin
2335 4841 2555 4903 unione
2603 4844 2917 4925 utriusque
2964 4845 3247 4910 Ecclesia:
3291 4837 3689 4927 dissolvenda,

2049 4946 2182 4990 cum
2216 4945 2284 4990 ex
2322 4930 2626 4994 nonnullis
2660 4932 3071 4996 accidentibus
3115 4953 3280 4999 mere
3309 4933 3691 4998 saacularibus

2048 5034 2256 5078 causas
2284 5017 2589 5082 divisionis
2613 5028 2672 5082 et
2694 5041 2901 5084 earum
2934 5024 3229 5105 principia
3261 5022 3689 5096 habuisset,res

2049 5106 2490 5169 ecclesiasticas
2538 5127 2781 5189 prorsus
2812 5111 3097 5193 disjungit
3147 5121 3206 5176 et
3250 5112 3326 5176 ad
3356 5112 3690 5175 absolutam

2048 5193 2504 5257 dissolutionem
2537 5198 2928 5279 compellit,et
2947 5221 3080 5283 quae
3098 5202 3449 5283 synodus,ut
3463 5201 3688 5263 dictum

2048 5290 2251 5372 est,tot
2278 5285 2595 5365 praesulum
2614 5305 2935 5367 congressu
2957 5291 3251 5353 celebrata
3271 5292 3411 5354 dum
3426 5290 3689 5372 primum

2048 5371 2243 5433 locum
2276 5372 2593 5457 obtineret,
2618 5375 2863 5439 Photius
2889 5398 3009 5441 non
3040 5380 3300 5444 ﬁrmavit
3326 5371 3600 5442 astruens
3628 5387 3688 5441 et

2048 5461 2443 5523 corroborans
2474 5471 2532 5524 et
2561 5483 2740 5527 omne
2770 5475 3009 5529 enatum
3036 5468 3193 5531 inter
3222 5487 3325 5532 eos
3344 5468 3687 5533 scandalum

2047 5549 2655 5616 dirimenscanonicis
2669 5554 2844 5618 editis
2871 5555 3229 5635 decretis,ea
3257 5574 3686 5623 commemora-
