1936 3078
172 128 211 162 43

693 128 827 161 ΙΟΑΝΝ.
851 126 960 159 VECCI
982 125 1039 158 GP.
1063 126 1331 159 PATRIARCH/E.

1817 126 1859 159 44

170 195 294 228 vocibus
308 195 723 238 hisceprocedere,progredi,
728 193 854 232 effundi,
861 195 934 228 (nam

1094 205 1112 226 ις
1144 193 1316 233 καταλλαγὴν
1342 198 1395 223 τῶν
1423 193 1589 228 Ἐκχλησιῶν
1617 195 1742 235 θεοφιλῶς
1769 195 1858 233 ἀπειρ-

171 248 231 270 una
245 249 350 272 omnes
364 240 557 273 essentialiter
571 248 636 270 esse
647 247 682 269 ex
698 239 760 270 Deo
774 238 916 278 Spiritum
933 246 989 267 no—

171 287 242 321 tant)
249 286 384 325 juniores
393 284 532 324 theologi.
547 288 586 322 et,
603 287 636 314 ut
649 282 706 313 sibi
728 282 875 321 videntur,
894 281 989 312 l’atri-

170 327 226 360 bus
241 329 421 370 dogmatistaa
434 329 613 366 securiores,
623 337 658 359 ex
673 337 705 359 se
719 327 792 368 ipsis
807 326 990 357 differentias

169 373 357 413 conﬁngunt;
375 378 404 404 et
418 373 495 404 ﬁctis
507 373 590 405 hisce
603 372 779 403 differentiis
791 381 858 402 cum
877 372 987 402 Roma-

168 426 206 447 na
219 416 350 449 Ecclesia
363 418 611 458 contendente,ex
622 418 706 447 Patre
722 421 751 447 et
765 415 839 447 Filio
854 415 914 446 dici
923 414 988 455 Spi-

165 462 267 498 ritnm,
279 462 358 502 quod
373 463 524 503 opinatur,
540 461 653 492 nullum
670 460 830 492 discrimen
845 459 988 496 esse,sive

164 504 297 547 dicas,ex
310 506 398 538 Patre
407 511 438 538 et
448 506 523 538 Filio
539 505 681 546 Spiritum
693 508 824 536 sanctum
838 503 985 544 progredi,

162 549 225 582 sive
240 559 276 583 ex
290 551 378 582 Patre
393 555 422 582 et
433 550 509 582 Filio
521 550 646 589 eﬁ'undi,
661 554 691 581 et
706 549 862 589 provenire
877 549 938 579 sive
953 557 987 579 ex

161 592 249 626 Patre
277 600 306 626 et
332 594 408 626 Filio
434 595 519 625 illum
546 594 720 635 procedere,
736 603 804 624 cum
828 602 915 624 voces
943 593 989 623 hae

162 638 319 676 universae,
344 639 545 671 essentialiter
569 648 636 670 esse
664 638 808 679 Spiritum
833 647 868 669 ex
883 637 945 668 Deo
961 642 990 668 et

161 681 248 714 Patre
278 683 456 723 significent,
472 683 746 715 reconciliationem
777 686 930 722 respuunt.
956 681 991 713 Et

161 736 254 758 unum
269 727 326 759 hoc
341 728 523 769 potissimam
540 728 656 759 dissidii
669 736 788 760 eausam
813 731 987 763 statuentes,

161 771 236 802 duas
249 771 363 804 scilicet
379 782 484 804 causas
499 782 566 804 esse
582 774 703 804 Patrem
715 776 743 802 ct
754 771 873 812 Filium,
891 771 988 811 siquis

1034 238 1151 276 γάσατο.
1186 238 1312 266 Ἐνταῦθα
1338 238 1365 266 δὲ
1399 241 1442 267 καὶ
1471 239 1604 277 μηδεμιᾶς
1641 241 1762 279 ῥηϐεέσης
1788 238 1859 278 διοφο

1032 285 1078 320 ρᾶς
1093 284 1164 323 παρά
1191 295 1262 315 τινος
1297 287 1349 312 τῶν
1379 284 1501 324 Πατὲρων
1531 286 1568 317 εἰς
1592 286 1642 313 τὶν
1673 284 1788 320 δήλωσιν
1815 283 1860 312 τοῦ

1031 331 1144 366 φυσικῶς
1158 329 1202 356 καὶ
1227 327 1510 370 οὖσιωδῶςρπάρχειν
1532 331 1563 357 τὸ
1593 331 1701 367 Πνεῦμα
1732 330 1762 357 ἐκ
1783 332 1859 367 Θεοῦ,

1030 370 1072 399 ἐπὶ
1112 379 1173 403 ταῖς
1214 371 1298 405 λέξεσι
1339 374 1457 408 ταύταις,
1500 381 1562 406 ταῖς
1597 379 1641 402 τοῦ
1670 374 1853 413 ἐκπορεύεσθαι

1029 414 1143 452 δηλαδὴ,
1185 418 1228 445 καὶ
1269 417 1456 457 προέρχεσθαι,
1501 419 1544 446 καὶ
1585 420 1747 459 προχεῖσθαι
1784 419 1852 453 (κοι-

1030 463 1079 492 νῶς
1114 462 1164 500 γὰρ
1198 461 1310 501 ἅπασαι)
1347 463 1378 490 τὸ
1418 462 1550 495 ονῖισιωδῶς
1587 464 1718 503 ὑπάρχειν
1746 461 1856 495 δηλοῦσι

1028 505 1058 532 τὸ
1086 507 1191 542 Πνεῦμα
1226 505 1257 534 ἐκ
1284 509 1360 542 Θεοῦ,
1384 507 1408 534 οἱ
1430 506 1482 534 νέοι
1508 506 1643 546 Θεολόγοι,
1667 508 1711 535 καὶ
1741 507 1808 534 κατὰ
1829 506 1859 534 τὸ

1029 546 1120 576 δοκοῦν
1148 550 1238 581 αὐτοῖς
1278 550 1466 589 ἀσφαλέστεραι
1504 555 1559 579 τῶν
1599 552 1725 591 Πατέρων
1761 550 1861 590 δογμα-

1029 594 1126 634 τισταὶ,
1163 593 1288 634 διαφορὰς
1318 595 1363 635 ἀφ’
1400 595 1499 624 ἑαυτῶν
1533 595 1745 624 ἀναπλάττουσιν
1762 604 1768 611 ·
1799 595 1860 623 xit-tri

1029 644 1090 670 ταῖς
1114 638 1313 676 πεπλασμέναις
1339 639 1447 672 ταύταις
1471 639 1609 680 διαφοραῖς
1633 641 1682 674 τὴν
1714 642 1763 673 τῆς
1793 635 1859 668 ’ρω-

1031 682 1131 719 μαϊκῆς
1175 682 1333 717 Ἐκκλησία(
1388 683 1562 723 καταλλαγὴν
1613 686 1644 714 οὐ
1697 685 1856 724 προσίενται,

1030 726 1251 766 διισχυριζόμενοι
1267 728 1297 756 ἐκ
1326 729 1427 768 Harpe;
1459 729 1504 756 καὶ
1534 730 1593 756 rio-3
1620 728 1714 768 λέγειν
1728 730 1759 757 τὸ
1775 728 1856 756 Πιιεῦ-

1031 782 1079 808 μα,
1118 771 1160 799 διὰ
1194 772 1225 800 τὸ
1259 773 1381 811 ἡγεῖσθαι
1414 771 1498 809 μηδὲν
1533 772 1662 813 διαφέρειν
1706 774 1792 801 εἰπεῖν
1828 771 1856 800 ἐκ

160 825 195 847 ex
206 815 291 848 Patre
306 821 336 848 et
345 816 420 848 Filio
434 817 512 848 dicat
524 817 669 857 Spiritum
685 820 820 847 sanctum
838 825 924 855 proce

1091 816 1130 847 ab:
1160 816 1203 844 καὶ
1226 818 1285 844 ι’ἱοῦ
1309 817 1339 844 τὸ
1368 816 1444 855 ἅγιον
1477 820 1584 854 Πνεῦμα
1608 817 1796 857 προέρχεσϐειι¹
1828 817 1855 844 ἐκ

159 868 204 898 re,
222 860 360 891 omnibus
375 861 498 901 reliquis
521 861 700 892 sententiam
717 861 793 891 hanc
808 869 923 900 oppugn

1090 861 1131 899 ρος
1153 861 1197 888 καὶ
1234 862 1293 888 ι’ἱοῦ
1319 863 1492 901 προχεῖσθαι,
1523 863 1566 890 καὶ
1596 862 1730 900 προϊέναι,
1756 863 1799 890 καὶ
1827 862 1854 889 ἐκ

159 907 205 936 tes
216 913 303 936 aures
315 905 535 945 substringunt.
546 905 610 936 Itali
628 905 653 936 si
669 905 789 945 quidem
802 914 860 934 non
876 909 987 934 tantum

157 947 249 986 illius,
267 950 443 990 procedere,
456 954 486 981 et
497 949 646 990 progredi,
664 949 820 989 provenire
832 953 861 980 et
875 949 987 979 eﬁ‘undi

159 992 334 1025 indiﬂ'erens
348 998 490 1034 quantum
506 995 541 1026 ad
554 994 745 1030 sententiam,
758 993 794 1023 ad
814 993 986 1032 signiﬁcan-

158 1036 240 1075 dum,
257 1038 456 1070 essentialiter
469 1047 535 1069 esse
551 1037 694 1078 Spiritum
717 1047 752 1068 ex
767 1038 840 1074 Deo,
858 1046 985 1077 respon-

158 1081 263 1113 dentes
283 1090 468 1123 proponunt,
494 1092 527 1114 se
552 1091 660 1122 nempe
686 1091 744 1112 non
771 1082 844 1112 dcas
859 1082 986 1121 Spiritus

157 1135 262 1157 causas
276 1127 505 1168 asserere,quod
516 1127 593 1167 apud
604 1136 658 1157 nos
672 1129 790 1158 braacos
805 1125 834 1156 in
848 1125 984 1156 confesso

156 1170 205 1208 sit,
223 1171 297 1202 duas
312 1180 379 1202 esse
390 1180 497 1202 causas
523 1171 664 1212 Spiritus,
691 1171 761 1201 dum
790 1171 934 1201 asseritur
948 1180 983 1201 ex

158 1216 245 1247 Patre
269 1220 298 1246 et
324 1216 399 1247 Filio
422 1215 564 1256 Spiritum
589 1215 730 1256 progredi
759 1221 789 1246 et
815 1215 981 1256 provenire.

156 1259 297 1296 Quinimo
312 1264 341 1291 et
354 1260 453 1300 magni
467 1260 569 1291 Basilii
593 1260 789 1300 theologicam
808 1259 888 1290 illam
910 1269 981 1290 sen-

157 1304 324 1342 tentiam,in
340 1305 429 1345 hujus
444 1304 589 1335 orationis
603 1305 726 1335 exordio
741 1304 982 1344 appositam,om—

155 1348 204 1379 nia
218 1349 501 1390 insinuantem,qute
516 1349 583 1380 Filii
594 1349 712 1386 sunt,ad
727 1349 851 1388 primam
864 1358 982 1379 causam

153 1393 271 1424 Patrem
297 1394 414 1425 referri.
449 1399 586 1433 tanquam
607 1393 736 1424 validum
764 1393 979 1424 ﬁrmamentum

154 1437 286 1478 propriae
295 1439 499 1479 responsionis
509 1438 763 1475 collocantes,non
775 1438 848 1468 duas
860 1447 982 1478 proces-

154 1483 246 1513 sionis
261 1492 364 1514 causas
381 1483 482 1515 dicere
489 1482 764 1522 contendunt,quod
777 1491 882 1521 magno
896 1483 980 1513 Basi-

153 1526 193 1558 lio
220 1532 332 1565 actore,
360 1528 502 1568 quidquid
519 1537 537 1558 a
553 1527 625 1557 Filio
640 1527 748 1557 dicitur
764 1536 840 1562 esse,
871 1526 900 1556 in
917 1529 980 1566 pri-

158 1580 238 1602 mam
252 1581 372 1602 causam
389 1572 506 1603 Patrem
519 1572 682 1603 reducitur.
695 1571 791 1602 Latini
806 1571 904 1610 itaque
920 1581 979 1601 non

153 1615 265 1656 absque
290 1617 418 1656 ratione,
455 1616 496 1646 ita
523 1615 767 1656 responsionibus
791 1615 976 1656 comparatis,

155 1659 388 1691 ecclesiasticam
415 1669 519 1700 pacem
541 1660 675 1690 ambiunt
702 1670 709 1689 :
742 1659 794 1689 sed
818 1664 979 1690 sectatores

154 1704 333 1742 schismatis,
349 1706 386 1736 ad
400 1705 515 1735 nullum
532 1714 569 1736 ex
593 1704 664 1742 illis,
691 1713 756 1742 qua!
780 1713 846 1734 cum
863 1704 978 1735 ratione

152 1753 369 1788 proponuntur,
385 1749 516 1780 animum
528 1748 684 1779 advertunt
700 1748 733 1779 Et
749 1753 846 1778 tamen
858 1748 977 1779 divinis-

150 1792 244 1824 simus
254 1793 433 1825 Athanasius
455 1795 596 1824 Romana:
617 1793 757 1824 Ecclesia:
784 1793 870 1825 ﬁlios.
888 1803 976 1824 unam

152 1837 331 1878 hypostasim
352 1843 556 1870 asseverantes
584 1839 700 1868 Patrem
717 1842 746 1868 et
761 1838 880 1875 Filium,
896 1838 975 1877 quod

153 1891 187 1913 ex
200 1883 329 1913 essentia
340 1882 433 1914 Patris
448 1883 539 1915 Filius
551 1887 640 1921 esset,
657 1888 685 1913 et
700 1886 819 1923 propter
832 1883 973 1913 unitatem

151 1931 274 1961 natura).
293 1932 322 1958 et
333 1929 375 1959 uti
389 1928 435 1968 pie
447 1928 610 1958 sentientes
621 1928 804 1967 complexus,
823 1932 851 1957 et
864 1927 906 1957 uti
922 1937 971 1957 or-

150 1970 293 2002 thodoxos
308 1974 495 2003 exosculatus
506 1977 560 2003 est.
579 1971 649 2007 Quis
663 1972 807 2002 Jeremias
821 1971 878 2001 hoc
893 1977 971 2002 tem—

149 2015 230 2055 poris
245 2018 386 2058 ploraret,
403 2021 432 2047 et
448 2016 610 2057 plangeret,
625 2025 684 2046 non
696 2020 727 2045 ut
744 2015 792 2045 ille
808 2024 898 2055 super
907 2020 971 2046 tur—

146 2059 224 2090 rium
242 2064 270 2091 et
282 2070 432 2093 murorum
448 2062 574 2100 disjectu
589 2061 717 2100 antiqua:
732 2061 907 2096 Jerusalem,
919 2060 972 2092 sed

146 2112 237 2144 super
251 2105 382 2136 vastitate
397 2110 483 2145 atque
507 2105 675 2145 direptione
703 2103 830 2134 ﬁliarum
863 2109 972 2135 nostra;

145 2148 321 2186 Jerusalem,
340 2150 537 2181 Ecclesiarum
555 2158 661 2189 nempe
677 2148 881 2184 subversione,
898 2158 909 2189 (ε

736 2149 881 2184 versione,
898 2158 970 2189 quas
983 2154 1063 2180 Βνων
1105 2153 1246 2191 ἀνέχονται
1287 2152 1496 2192 επιστρέφεσθαι.

143 2193 175 2223 in
184 2194 381 2233 perditionem
392 2194 586 2234 rapinamque
598 2194 703 2232 Agaris
715 2202 807 2233 nepos
823 2194 966 2233 exposuit,

145 2238 257 2269 nullam
272 2239 359 2270 aliam
376 2239 413 2270 ob
426 2248 544 2270 causam
561 2248 647 2279 quam
663 2238 758 2268 solum
775 2238 812 2269 ob
836 2240 893 2269 hoc
910 2239 967 2270 Ec-

144 2283 302 2314 clesiarum
318 2285 486 2316 dissidium.
504 2283 560 2315 Sed
573 2284 646 2314 heus
662 2283 757 2323 tu,qui
769 2283 863 2314 zelum
876 2285 967 2315 Atha-

144 2328 232 2368 nasii,
245 2330 324 2369 quod
339 2329 452 2360 utinam
469 2337 620 2368 nunquam
637 2327 690 2358 tibi
711 2337 888 2367 arrogasses,
915 2338 967 2360 su-

144 2375 241 2412 peras!
258 2373 437 2404 Athanasius
450 2372 613 2404 Romanam
628 2370 804 2410 Ecclesiam,
816 2381 904 2403 unam
919 2373 967 2413 hy-

143 2416 284 2456 postasim
313 2417 475 2456 dicentem,
502 2418 619 2448 Patrem
641 2420 670 2447 et
692 2416 811 2455 Filium,
828 2417 905 2457 quod
933 2427 968 2449 ex

145 2462 277 2493 essentia
287 2462 381 2492 Patris
394 2462 486 2493 Filius
502 2464 718 2501 est,etpropter
727 2471 814 2492 unam
831 2466 967 2493 naturam

141 2505 173 2536 in
185 2506 426 2539 communionem
440 2506 556 2547 recipit,
574 2511 603 2537 et
617 2506 648 2536 in
659 2507 735 2537 hanc
758 2508 891 2538 eamdem
909 2509 967 2538 Ec-

141 2550 263 2582 clesiam
273 2551 387 2592 rejicis,
403 2561 438 2582 ex
453 2553 539 2582 Patre
554 2555 584 2582 et
597 2549 672 2582 Filio
687 2556 869 2582 asserentem
896 2551 965 2591 Spi-

139 2595 229 2626 ritum
245 2597 421 2638 procedere,
437 2596 516 2637 quod
540 2599 640 2626 teneat
666 2595 780 2626 nullum
805 2596 965 2628 discrimen

139 2648 218 2678 esse,
232 2641 295 2672 sive
309 2641 392 2673 dicas
406 2651 441 2673 ex
458 2643 543 2673 Patre
559 2647 588 2672 et
604 2639 680 2671 Filio
697 2649 764 2671 eum
782 2642 920 2681 pregredi
938 2647 967 2673 et

138 2686 296 2726 provenire
307 2687 369 2718 sive
380 2696 415 2718 ex
428 2688 514 2718 Patre
522 2690 551 2717 et
565 2684 639 2717 Filio
652 2685 826 2725 procedere,
844 2691 966 2727 propter

139 2739 225 2762 voces
251 2741 343 2763 unum
369 2731 509 2773 idemque
524 2730 735 2769 signiﬁcantes,
753 2730 804 2770 qui
820 2732 965 2762 universae

134 2776 168 2807 in
182 2777 228 2809 his
248 2779 449 2811 communiter
464 2779 602 2815 innuunt,
629 2776 827 2808 essentialiter
853 2788 888 2808 ex
903 2778 964 2810 Deo

1030 906 1129 943 Πατρὸς
1158 906 1202 933 καὶ
1239 907 1299 934 Υἰοῦ
1334 906 1396 933 αὐτὸ
1426 905 1620 946 ἐκπορεύεσθαι,
1650 906 1697 934 ἅτε
1730 907 1784 935 τῶν
1813 905 1856 934 λέ-

1029 947 1093 980 ξεων
1107 949 1208 977 τούτων
1228 950 1337 977 ἁπασῶν
1352 948 1486 983 ὃηλουσῶν
1515 951 1545 978 τὸ
1567 949 1698 983 οὖσιωόὦς
1726 951 1855 990 ὑπάρχειν

1028 995 1058 1021 τὸ
1081 997 1185 1031 Πνεῦμα
1201 994 1230 1022 ἐκ
1256 996 1357 1033 [ἰατρὸς
1379 995 1422 1022 καὶ
1451 996 1522 1024 Υἱοῦ,
1547 994 1619 1023 Ἀλλ’
1651 995 1679 1022 ἓν
1707 997 1784 1023 τοῦτο
1813 996 1855 1023 αἱ-

1027 1037 1154 1066 τιώτατον
1168 1041 1217 1071 τῆς
1241 1037 1403 1071 διαστάσεως
1425 1038 1648 1080 προϐαλλόμενοι,
1677 1041 1709 1068 τὸ
1738 1039 1783 1068 δύο
1810 1039 1854 1067 tu;

1028 1082 1179 1119 Πνεύματος
1221 1083 1305 1114 αἰτίας
1347 1083 1378 1111 ἂν
1414 1085 1547 1123 φαίνεσθαι
1582 1085 1628 1112 τὸν
1666 1085 1773 1124 Πατέρα
1813 1085 1856 1112 καὶ

1026 1128 1072 1154 τὸν
1094 1128 1164 1165 Υἱον,
1181 1127 1225 1155 ἐάν
1241 1138 1281 1159 τις
1295 1127 1325 1156 ἐκ
1339 1129 1442 1167 Πατρὸς
1467 1129 1512 1156 καὶ
1537 1129 1597 1156 Υἱοῦ
1618 1128 1684 1168 λέγῃ
1709 1130 1741 1157 τὸ
1771 1132 1855 1158 Πνεῦ-

1026 1183 1063 1209 μα
1091 1173 1122 1200 τὸ
1163 1172 1238 1212 ἅγιον
1277 1172 1472 1211 ἐκπορεύεσθαι,
1517 1174 1583 1211 πρὸς
1619 1177 1671 1201 πᾶν
1716 1173 1782 1202 ἄλλο
1825 1177 1856 1211 τῇ

1023 1217 1108 1253 ἐννοίᾳ
1140 1217 1223 1254 ταύτῃ
1253 1216 1447 1257 διαμαχόμενοι
1476 1218 1564 1255 βύουσι
1607 1218 1639 1246 τὰ
1668 1218 1728 1246 ὦτα
1760 1217 1856 1250 Ἰταλοὶ

1024 1262 1120 1301 γὰρού
1140 1262 1220 1299 μόνον
1246 1263 1277 1290 τὸ
1299 1266 1345 1290 τοῦ
1373 1263 1555 1301 ἐκπορεύεσθαι
1584 1263 1649 1301 πρὸς
1677 1264 1711 1291 τὸ
1733 1270 1853 1304 προχεῖ-

1023 1307 1093 1343 σθαι,
1116 1306 1234 1345 προιὲναι
1270 1317 1310 1346 τε,
1333 1307 1377 1334 καὶ
1398 1307 1574 1347 προέρχεσθαι
1603 1308 1759 1347 ἀδιάφορον,
1792 1307 1853 1336 ὅσον

1024 1349 1066 1378 ἐπὶ
1077 1353 1112 1389 τῇ
1140 1351 1260 1388 σημασίᾳ
1294 1355 1341 1380 τοῦ
1370 1350 1501 1384 οὒσιωδὼς
1522 1352 1652 1391 ὑπάρχειν
1683 1354 1716 1380 τὸ
1746 1356 1853 1390 Πνεῦμα

1023 1394 1054 1422 ἐκ
1080 1398 1157 1435 Θεοῦ,
1185 1396 1221 1427 εἰς
1250 1396 1398 1428 ἀπάντησιν
1425 1395 1620 1435 προϐαλλονται
1657 1402 1704 1424 τοῦ
1734 1397 1774 1435 μὴ
1809 1396 1854 1426 δύο

1024 1441 1069 1471 τὰς
1106 1441 1188 1471 αἰτίας
1230 1439 1344 1475 δοξάζειν
1382 1443 1428 1468 τοῦ
1465 1441 1628 1478 Πνεύματος,
1659 1440 1702 1468 διὰ
1738 1443 1770 1470 τὸ
1807 1443 1852 1470 καὶ

1024 1485 1093 1523 παρὰ
1134 1490 1192 1516 τοῖς
1229 1487 1353 1523 Γραικοϊς
1381 1483 1569 1524 ὁμολογεῖσθαι
1604 1486 1671 1523 ἡμῖν
1707 1485 1752 1514 δύο
1779 1487 1851 1515 εἶναι

1023 1529 1069 1560 τὰς
1105 1529 1186 1560 αἰτίας
1215 1532 1261 1556 τοῦ
1297 1529 1446 1566 Πνεύματος
1491 1529 1517 1557 ἒν
1546 1533 1584 1567 τῷ
1612 1529 1642 1558 ἐκ
1671 1532 1776 1570 Πατρὸς
1806 1532 1850 1559 καὶ

1023 1574 1082 1600 Υἰοῦ
1110 1573 1141 1601 τὸ
1182 1574 1287 1611 Πνεῦμα
1329 1573 1450 1612 προϊέναι
1491 1585 1520 1602 τε
1560 1575 1604 1603 καὶ
1640 1575 1821 1615 προέρχεσθαι
1840 1584 1846 1590 ·

1021 1616 1089 1646 ἀλλὰ
1117 1618 1159 1645 καὶ
1190 1617 1239 1651 τὴν
1277 1621 1323 1646 τοῦ
1364 1618 1480 1657 μεγάλου
1516 1618 1653 1647 Βασιλείου
1685 1619 1847 1659 θεολογικὴν

1021 1661 1122 1695 ἐκείνην
1137 1661 1249 1697 ἔννοιαν,
1279 1661 1334 1696 ἥτις
1363 1662 1391 1690 ἐν
1412 1663 1512 1702 ἀρχαῖς
1540 1667 1585 1691 τοῦ
1605 1663 1735 1697 παρόντος
1765 1664 1847 1703 λόγου

1019 1705 1178 1744 διείληπται,
1212 1707 1262 1740 τὴν
1289 1707 1375 1736 πάντα
1408 1707 1538 1740 δηλοῦσαν
1562 1709 1594 1736 τὰ
1615 1708 1662 1736 τοῦ
1683 1709 1743 1736 1⁵ἰοῦ
1778 1710 1846 1748 πρὸς

1018 1752 1067 1785 τὴν
1097 1755 1205 1791 πρώτην
1243 1753 1326 1780 αἰτίαν
1364 1753 1535 1791 ἀναφέρεσθαι
1578 1753 1623 1780 τὸν
1656 1752 1772 1792 Πατέρα,
1818 1754 1846 1781 ἑν

1017 1796 1120 1836 ἰσχυρῷ
1146 1796 1195 1830 τῆς
1212 1798 1297 1825 αὑτῶν
1334 1796 1477 1836 ἂπολογωις
1493 1797 1620 1835 τιθέασιν,
1654 1797 1692 1835 μὴ
1721 1797 1765 1826 δύο
1795 1798 1845 1832 τῆς

1017 1840 1197 1880 ἐκπορεύσεώς
1240 1841 1315 1870 αἴτια
1356 1840 1442 1880 λέγειν
1482 1840 1682 1879 διενιστάμενοι,
1724 1841 1767 1870 διὰ
1811 1845 1845 1871 τὸ

1015 1886 1083 1913 κατὰ
1099 1887 1142 1913 τὸν
1158 1885 1241 1924 μέγαν
1271 1885 1419 1926 Βασίλειον,
1442 1889 1494 1914 πᾶν
1522 1885 1548 1914 εἴ
1577 1897 1601 1914 τι
1626 1887 1697 1925 παρὰ
1718 1887 1766 1915 τοῦ
1782 1888 1845 1916 Υἱοῦ

1014 1929 1118 1969 λέγεται
1154 1930 1237 1965 εἶναι,
1270 1931 1306 1962 εἰς
1335 1931 1385 1964 τὴν
1411 1931 1519 1970 πρώτην
1547 1931 1631 1959 αἰτίαν
1668 1931 1844 1972 ἂναφὲρεσθαι

1013 1975 1058 2002 τον
1080 1974 1194 2013 Πατέρα,
1232 1978 1342 2003 Λατῖνοι
1379 1976 1428 2012 μὲν
1466 1975 1509 2003 οὖν
1537 1974 1652 2014 εὐλόγως
1681 1975 1750 2004 οὕτω
1793 1978 1842 2010 τὰς

1013 2019 1112 2047 ἑαυτῶν
1152 2017 1295 2058 ἀπολογίας
1338 2021 1480 2057 τιθέμενοι,
1519 2021 1566 2053 τήν
1597 2020 1844 2056 Ἐκχλησιαστικὴν

1013 2064 1119 2103 εἰρήνην
1142 2062 1345 2100 μεταδιώκουσιν
1362 2073 1369 2080 ·
1393 2064 1417 2092 οἱ
1444 2063 1471 2091 ὁὶ
1501 2065 1547 2092 τοῦ
1574 2066 1722 2105 σχίσματος
1752 2077 1842 2095 σπου-

1013 2106 1103 2136 δασταὶ
1126 2108 1192 2147 πρὸς
1228 2107 1300 2136 οὐδὲν
1321 2111 1374 2136 τῶν
1404 2108 1486 2140 οὕτως
1524 2108 1639 2148 εὐλόγως
1663 2113 1842 2150 προτεινομέ-

1554 2148 1583 2182 Ὀ
1632 2153 1659 2182 δὲ
1701 2155 1840 2188 θειότατος

1012 2196 1166 2227 Ἀθλνάσιος
1198 2197 1272 2228 οὗτος
1301 2197 1349 2230 τῆς
1378 2193 1532 2235 Ῥωμαϊκῆς
1566 2192 1724 2233 Ἐκκλησίας
1767 2201 1841 2233 οἱοὺς

1011 2242 1074 2279 μίαν
1095 2241 1236 2269 ὑπόστασιν
1265 2241 1391 2281 λέγοντας
1425 2243 1470 2270 τον
1493 2242 1597 2282 Πατέρα
1617 2245 1660 2271 καὶ
1688 2244 1733 2271 τὸν
1762 2245 1838 2281 I‘i‘ov,

1011 2285 1053 2314 διὰ
1069 2287 1098 2314 τὸ
1119 2286 1149 2315 ἐκ
1163 2286 1210 2320 τῆς
1226 2286 1313 2317 οὐσίας
1328 2290 1374 2314 τοῦ
1397 2287 1498 2326 Πατρὸς
1521 2287 1591 2315 εἶναι
1619 2289 1665 2316 τὸν
1690 2289 1760 2328 Υἰὸν,
1792 2291 1840 2318 καὶ

1011 2329 1052 2358 διὰ
1080 2331 1129 2364 τὴν
1164 2331 1311 2364 ταυτότητα
1339 2333 1388 2364 τῆς
1417 2331 1529 2371 φύσεως,
1565 2333 1608 2360 καὶ
1642 2333 1679 2364 ὡς
1714 2332 1838 2367 εὐσεϐεῖς

1010 2375 1184 2416 ὴγκαλίσατο,
1219 2376 1263 2404 καὶ
1295 2376 1331 2407 ὡς
1367 2375 1515 2415 ὀρθοδόξους
1557 2377 1757 2416 περιεπτύξατο,
1808 2371 1837 2407 ’ὶὶ

1009 2420 1048 2452 τίς
1076 2416 1201 2459 Ἱερεμίας
1229 2420 1300 2448 ἔσται
1335 2421 1379 2448 καὶ
1408 2423 1462 2458 νῦν,
1492 2422 1536 2449 καὶ
1556 2423 1683 2461 Θρηνήσει
1713 2423 1756 2451 καὶ
1784 2425 1841 2453 κό-

1011 2468 1101 2503 ψεται,
1122 2466 1174 2505 οὐχ
1188 2466 1225 2498 ὡς
1240 2465 1342 2497 ἐκεῖνος
1356 2465 1398 2493 ἐπὶ
1426 2468 1460 2503 τῇ
1488 2465 1624 2504 καταϐολῇ
1643 2470 1695 2495 τῶν
1722 2479 1839 2507 πυργω-

1010 2511 1113 2549 μάτων,
1143 2511 1187 2538 καὶ
1214 2513 1267 2538 τῶν
1294 2510 1395 2550 βάρεων
1423 2512 1471 2544 τῆς
1499 2510 1615 2542 παλαιᾶς
1650 2507 1842 2554 Ἰερουσαλὴμ.

1009 2554 1067 2583 ἀλλ’
1097 2555 1139 2583 ἐπὶ
1166 2557 1288 2594 προνομῇ
1322 2565 1351 2582 τε
1378 2556 1422 2582 καὶ
1460 2555 1567 2594 ἁρπαγῇ
1608 2558 1661 2583 τῶν
1696 2559 1745 2590 τῆς
1776 2560 1844 2586 καθ’

1007 2601 1078 2638 ἡμᾶς
1137 2595 1310 2638 Ἰερουσαλὴμ
1365 2599 1526 2638 θυγατέρων,
1575 2602 1609 2638 τῇ
1664 2606 1838 2642 καταστοφῇ,

1007 2646 1087 2685 φημὶ,
1114 2645 1167 2672 τῶν
1190 2643 1368 2686 Ἐκκλησιῷν,
1398 2645 1429 2676 ἃς
1451 2645 1487 2677 εἰς
1521 2644 1616 2684 φθορὰν
1644 2646 1688 2674 καὶ
1715 2645 1835 2686 διαρπα-

1008 2701 1063 2729 γμα
1084 2690 1098 2718 ὁ
1113 2687 1224 2728 ἀσεϐὴς,
1246 2691 1295 2722 τῆς
1320 2684 1411 2728 ’Ἅγαρ
1433 2688 1562 2728 ἀπόγονος
1586 2689 1657 2719 ἔθετο
1682 2689 1724 2719 ἐπ’
1747 2684 1834 2721 οὐδενὶ

1006 2734 1079 2771 ἄλλῳ
1105 2733 1191 2773 αἰτίῳ,
1214 2732 1275 2760 ἀλλ’
1304 2733 1322 2767 ἢ
1344 2733 1386 2761 ἐπὶ
1408 2733 1481 2770 μόνῳ
1508 2734 1591 2772 τούτῳ
1626 2739 1664 2774 τῷ
1700 2738 1833 2777 σχίσματι

1006 2783 1057 2808 τῶν
1084 2777 1278 2816 Ἐκκλησιῶνί
1306 2777 1394 2816 Ἀλλ’,
1424 2778 1446 2805 ὦ
1480 2778 1522 2814 σὺ,
1553 2780 1567 2806 ὂ
1601 2781 1648 2808 τὸν
1676 2780 1833 2811 Ἀθανασίον
