1936 3078
134 97 173 129 47

135 165 226 196 nomii
237 163 532 196 intentionisanctum
539 165 946 205 respondentem,dictionem
959 171 979 195 Α
991 165 1051 195 ἆ)λ’

133 209 216 240 illam
229 219 399 250 usurpasse,
417 209 499 250 quasi
517 209 631 240 diceret
645 219 651 241 :
664 209 759 240 Etiam
781 210 807 240 si
823 214 959 240 creatura

134 254 202 285 Filii
217 258 297 286 esset
309 253 483 294 Spiritus,ut
499 258 529 285 tu
544 254 653 294 inquis,
670 254 809 288 Eunomi.
828 264 886 285 non
903 254 958 284 soli

133 298 295 339 Unigeuito
302 307 390 329 causa
397 298 474 329 illius
488 298 677 338 appiugenda
694 299 867 340 esset,quod
879 298 959 329 nulla

134 343 267 384 operatio
283 343 349 374 Filii
364 346 408 374 est
419 352 436 373 a
447 342 532 373 Patre
556 342 698 380 abscissa,
715 348 744 374 et
761 343 836 384 quod
852 352 869 374 a
883 342 957 374 Filio

134 388 200 419 ﬁeri
215 386 376 425 dicitur,ad
392 387 518 427 primam
527 396 646 418 causam
663 387 840 418 relationem
857 387 956 418 habet.

133 431 168 462 Et
184 432 247 463 haec
262 431 394 472 quidem,
411 431 491 472 quod
516 431 701 472 amplissima
725 432 763 464 sit
784 432 886 463 Basilii
902 441 957 463 au-

130 476 253 507 ctoritas
265 500 272 507 .
288 475 367 507 bunc
392 475 424 506 in
454 475 587 516 modum,
618 485 682 517 quea
696 476 733 507 ad
749 486 869 507 cau5am
888 476 957 516 Spi—

128 521 203 551 ritur
245 521 373 552 attinent
405 521 604 561 explanantis,
629 521 768 552 alibunde
798 521 877 552 dicta
892 530 957 552 esse

128 564 290 602 videnlur,
314 565 352 596 ad
384 564 614 604 stabiliendum,
642 575 701 596 non
728 566 854 604 intelligi
884 565 957 596 duas

128 618 233 641 causas
260 611 376 641 Patrem
403 615 433 641 et
469 609 577 640 Filium
612 611 764 651 Spiritus,
794 620 861 642 cum
891 610 956 650 quis

129 664 165 686 ex
194 656 280 686 Patre
302 658 330 685 et
359 654 434 685 Filio
468 653 610 695 Spiritum
638 659 773 686 sanctum
814 664 880 686 esse
909 655 954 685 at—

128 700 236 731 ﬁrmat.

171 789 217 820 13.
231 788 304 820 Cum
318 797 388 820 vero
402 797 456 829 pro
480 789 679 830 responsione
701 789 840 820 Italorum
857 790 949 820 oratio

129 836 273 882 proponat
288 832 428 864 dictionis
439 834 605 882 procedere
619 843 772 882 compares
788 833 866 882 vires
882 843 949 864 cum
963 858 982 882 Β

127 876 198 914 illis,
214 878 378 917 provenire
393 881 422 908 et
434 878 585 917 progredi,
613 878 784 916 digerantur
808 878 857 909 hic
873 888 889 908 a
904 888 952 908 me

128 921 208 953 dicta
232 925 416 960 sanctorum,
431 921 538 962 quibus
553 922 729 960 innotescat,
756 932 815 953 non
840 927 952 953 tantum

129 966 329 1007 processionis
344 976 464 1003 nomen,
478 967 531 997 sed
557 970 586 998 et
600 967 672 998 alias
687 967 830 1007 quasdam
845 967 951 998 dictio—

127 1020 182 1042 nes
196 1010 392 1051 apertissime,
411 1014 441 1041 et
460 1011 524 1042 sine
539 1011 599 1042 ullo
627 1011 770 1042 velamine
785 1011 821 1042 de
837 1011 900 1051 ipsa
916 1020 952 1042 ex

127 1057 213 1086 Patre
228 1055 377 1087 essentiali
391 1055 520 1096 Spiritus
535 1055 707 1087 exsistentia
722 1056 951 1087 assumi.Stutim

128 1100 208 1132 enim
221 1109 344 1140 magnus
351 1100 477 1131 Basilius
488 1100 519 1130 in
528 1101 657 1131 secundo
669 1101 704 1132 ad
712 1101 951 1141 Amphilochium

127 1145 223 1186 capite
237 1145 319 1176 inter
343 1145 414 1176 alias
431 1144 539 1176 multas
555 1145 713 1183 dictiones,
731 1145 839 1185 quibus
855 1146 952 1185 Spiri-

129 1193 175 1221 tus
187 1200 256 1221 cum
265 1189 351 1221 Patre
363 1194 391 1221 et
405 1189 479 1221 Filio
496 1191 738 1221 communionem
754 1190 950 1230 exponit,hzec

127 1244 244 1276 quoque
254 1234 354 1266 addit:
369 1245 381 1263 «
398 1235 503 1275 Neque
519 1235 587 1265 hinc
599 1235 693 1265 solum
709 1235 852 1265 naturalis
866 1245 949 1265 com-

127 1279 277 1310 munionis
293 1278 507 1310 demonstratio
520 1304 528 1318 ,
553 1279 605 1310 sed
629 1279 717 1310 etiam
745 1279 822 1319 quod
840 1289 874 1310 ex
890 1279 949 1310 Deo

129 1333 196 1355 esse
210 1324 332 1361 dicitur,
357 1333 416 1354 non
430 1327 462 1354 ut
477 1324 576 1355 omnia
591 1333 626 1354 ex
643 1324 712 1359 Deo,
731 1324 784 1355 sed
799 1324 889 1355 veluti
915 1334 949 1355 ex

126 1369 225 1406 Patre,
243 1377 390 1408 egressus,
405 1378 463 1399 non
479 1369 597 1407 genitus
613 1373 644 1400 ut
659 1368 819 1408 Filius,sed
836 1373 867 1399 ut
879 1368 947 1408 Spi-

125 1413 200 1447 ritus
214 1413 275 1444 oris
290 1413 366 1453 ejus.
382 1413 471 1445 Hisce
487 1413 669 1444 familiaritas
681 1417 709 1444 et
719 1413 864 1444 connexio
878 1423 948 1453 ape-

126 1457 212 1496 ritur,
230 1457 283 1489 sed
299 1458 600 1489 modus-exsistentize
610 1458 729 1488 silentio
745 1458 912 1488 involvitur.
933 1470 945 1486 ι)

674 99 807 130 JOANN.
826 97 936 130 VECGI
949 99 1006 130 GP.
1024 99 1292 132 PATRIARCHE.

1788 101 1826 133 48

1094 165 1260 194 ἆκουέτωσαν
1296 167 1333 197 ὼς
1368 167 1433 205 πρὸς
1475 168 1524 201 τὴν
1561 168 1689 205 Εὖνομίου
1725 167 1826 196 ἔννοιαν

1000 211 1014 238 ὁ
1036 210 1114 249 ἅγιος
1137 210 1272 250 ἀπαντῶν,
1302 211 1350 245 τὴν
1386 211 1455 244 λέξιν
1477 212 1570 252 εἴρηκε
1603 213 1712 250 ταύτην,
1750 213 1827 241 οἱονεὶ

1000 254 1085 294 λέγων
1111 255 1161 286 ὡς.
1186 256 1215 284 Εἰ
1237 256 1279 283 καὶ
1306 256 1409 293 ποίημα
1433 257 1465 290 ἦν
1487 261 1532 285 τοῦ
1561 258 1621 287 Υἱοῦ
1649 259 1679 286 τὸ
1709 259 1825 297 Πνεῦμα,

1001 299 1122 337 Εὖνόμιε,
1139 300 1207 328 κατὰ
1222 300 1262 336 σὲ,
1279 298 1339 328 ἀλλ’
1361 301 1422 340 οὐχὶ
1455 301 1528 339 μόνῳ
1555 305 1593 339 τῷ
1609 305 1753 342 Μονογενεῐ
1775 300 1826 330 ἔδει

999 344 1165 383 προστιθέναι
1207 344 1258 377 τὴν
1297 345 1380 372 αἰτίαν
1421 345 1511 383 αὐτοῦ,
1548 345 1590 374 διὰ
1624 348 1655 375 τὸ
1694 345 1826 385 μηδεμίαν

1000 387 1131 427 ἐνέργειαν
1153 391 1198 416 τοῦ
1220 389 1280 418 Υἱοῦ
1307 389 1530 427 ὰποτετμημένην
1557 394 1602 419 τοῦ
1631 392 1732 430 Πατρὸς
1754 391 1826 419 εἶναι

1034 431 1041 442 κ
1067 431 1078 441 '\
1094 432 1099 440 π
1188 435 1201 440 ~
1375 434 1381 442 ι
1442 439 1453 443 ..
1488 435 1505 446 ,9
1524 438 1534 442 «ι
1636 437 1649 441 -
1801 435 1806 445 ν

999 442 1043 459 και
1065 439 1106 459 om
1122 433 1151 460 τὸ
1165 443 1227 469 παν,
1259 433 1289 461 τὸ
1317 444 1388 473 παρα
1409 445 1455 463 του
1477 438 1537 462 ιιου
1557 438 1713 474 γεγενησθαι
1743 435 1825 474 λεγο-

1000 486 1090 514 μενον,
1113 477 1179 516 πρὸς
1200 477 1249 510 τὴν
1271 480 1380 517 πρώτην
1406 479 1488 507 αἰτίαν
1517 480 1567 513 τὴν
1584 480 1716 520 ἀναφορὰν
1737 480 1821 520 ἔχειν.

1001 521 1050 549 Καὶ
1071 521 1152 549 ταῦτα
1177 522 1225 559 μὲν
1245 520 1287 550 διὰ
1313 523 1344 550 τὸ
1370 526 1415 551 τοῦ
1444 523 1560 564 μεγάλου
1589 524 1727 554 Βασιλείαν
1755 525 1824 557 ὰΞιό-

998 575 1102 601 πιστον,
1146 565 1215 593 οὕτω
1243 566 1275 594 τὰ
1316 568 1374 606 περὶ
1409 570 1458 601 τῆς
1487 571 1532 596 τοῦ
1561 569 1712 606 Πνεύματος
1740 569 1822 600 αἰτίας

997 608 1184 648 ἐξηγουμένου,
1222 610 1371 649 ἀρκούντως
1402 612 1450 649 μὲν
1471 611 1545 640 δοκεῖ
1574 612 1647 653 ἔχειν
1676 614 1712 645 εἷς
1739 615 1824 653 παρά-

998 664 1089 682 στασιν
1123 659 1169 683 τοῦ
1204 655 1242 692 μὴ
1272 654 1315 683 δύο
1337 656 1420 687 αἰτίας
1448 658 1565 685 νοεῖσθαι
1597 657 1642 686 τοῦ
1672 659 1823 696 Πνεύματος

991 698 1038 726 τὸν
1057 698 1161 737 Πατέρα
1181 700 1284 727 καὶτὸν
1300 701 1371 739 Υἱὸν,
1389 700 1451 728 ὅταν
1465 712 1505 732 τις
1527 701 1557 728 ἐκ
1584 705 1630 730 τοῦ
1654 703 1763 742 ΙΙατρὸς
1778 703 1822 730 καὶ

989 745 1035 770 τοῦ
1056 744 1117 785 ζ’ἱοῡ
1138 743 1207 771 εἶναι
1229 743 1296 783 λέγῃ
1315 745 1346 772 τὸ
1361 746 1472 783 Πνεῦμα
1484 746 1515 774 τὸ
1530 746 1615 785 ὁίγιον,

1034 782 1083 825 ιγ’.
1100 786 1174 816 Ἐπεὶ
1201 787 1226 816 δὲ
1258 790 1294 821 εἷς
1324 789 1466 829 ἀπολογίαν
1495 782 1681 820 τῶν-Ἰταλῶν
1705 793 1719 820 ὁ
1740 791 1821 831 λόγος

993 830 1171 870 προϐάλλεται
1207 834 1237 861 τὸ
1274 836 1323 867 τῆς
1359 834 1542 874 ἐκπορεύεσθαι
1577 836 1670 869 λέξεως
1699 835 1823 865 ἰσοδυνα-

995 887 1045 913 μον
1075 878 1141 916 πρὸς
1176 877 1206 905 τὸ
1235 878 1357 918 προϊέναι
1378 890 1406 907 τε
1441 881 1485 908 καὶ
1516 881 1705 920 προέρχεσθαι,
1734 892 1821 909 κατα-

993 921 1136 960 στρωθήτω
1166 933 1212 959 μοι
1243 922 1292 950 ὧδε
1320 923 1364 951 καὶ
1386 924 1418 952 τὰ
1438 927 1491 952 τῶν
1520 925 1600 964 ἁγίων
1623 925 1701 965 ῥητὰ,
1724 924 1750 958 ἐξ
1783 927 1821 953 ὤν

993 976 1038 1002 μοι
1068 964 1251 1004 διαγινώσκειν
1279 967 1409 1007 ἐγγίνεται
1438 970 1474 1000 ὡς
1506 970 1567 1009 οὐχὶ
1599 970 1678 1007 μόνον
1704 971 1735 998 τὸ
1769 973 1820 1004 τῆς

993 1009 1173 1050 ἐκπορεύσεως
1210 1012 1308 1049 ὄνομα,
1346 1012 1413 1041 ἀλλὰ
1447 1014 1490 1041 καὶ
1526 1014 1602 1042 ἄλλαι
1631 1015 1701 1047 τινὲς
1737 1014 1820 1047 λέξεις

994 1053 1122 1094 λαμπρῶς
1151 1057 1195 1084 καὶ
1225 1057 1434 1090 ἀνεπισκιάστως
1464 1058 1505 1086 ἐπ’
1530 1061 1612 1092 αὐτῆς
1643 1062 1692 1093 τῆς
1717 1060 1747 1088 ἐκ
1775 1064 1822 1088 τοῦ

994 1099 1101 1138 ΙΙατρὸς
1130 1100 1267 1133 οὖσιώδους
1303 1105 1349 1130 τοῦ
1378 1103 1534 1140 Πνεύματος
1560 1103 1692 1143 ὑπαρξεως
1722 1104 1822 1142 ἐκλαμ-

994 1142 1128 1176 ϐάνονται,
1165 1147 1261 1174 Αὐτίκα
1294 1147 1343 1186 γὰρ
1381 1149 1394 1174 ὁ
1434 1148 1516 1186 μέγας
1554 1142 1690 1180 Βασίλειος
1720 1149 1746 1176 ἐν
1782 1153 1821 1186 τῷ

997 1186 1100 1232 ἑϐᾅόμῳ
1115 1193 1167 1217 τῶν
1183 1190 1259 1230 ΙΙρός
1288 1190 1424 1232 Ἀμφιλόχ
1428 1203 1465 1220 ιον
1480 1191 1641 1232 κεφαλαίων,
1659 1194 1725 1232 μετὰ
1746 1195 1776 1222 τὸ
1793 1194 1820 1222 ἐν

992 1231 1086 1264 ἄλλαις
1114 1233 1227 1267 πολλαῖς
1258 1231 1353 1267 λέξεσιν
1371 1231 1528 1276 παρατίθησι
1549 1237 1597 1270 τήν
1626 1243 1671 1267 τοῦ
1699 1238 1826 1276 ῘΙνεύμα-

991 1288 1035 1308 τος
1068 1279 1206 1306 κοινωνίαν
1234 1279 1299 1319 πρὸς
1333 1282 1378 1309 τὸν
1414 1279 1522 1321 Πατέρα
1543 1283 1586 1310 καὶ
1608 1282 1652 1310 τόν
1676 1284 1748 1322 Υἱὸν,
1775 1284 1820 1311 καὶ

991 1322 1073 1349 ταῦτά
1101 1334 1180 1362 φησιν
1199 1331 1205 1338 ·
1237 1336 1250 1351 α
1276 1325 1324 1353 Καὶ
1356 1327 1402 1354 οὒκ
1437 1325 1552 1354 ἐντεῦθεν
1573 1326 1654 1363 μόνον
1675 1329 1724 1360 τῆς
1750 1328 1819 1355 κατὰ

990 1366 1039 1399 τὴν
1054 1366 1130 1406 φύσιν
1151 1369 1287 1400 κοινωνίας
1300 1369 1317 1403 ἡ
1333 1369 1475 1410 ἀπόδειξις,
1499 1369 1559 1398 ἀλλ’
1584 1370 1626 1398 ὅτι
1644 1372 1688 1399 καὶ
1714 1371 1744 1400 ἐκ
1771 1375 1818 1400 τοῦ

991 1410 1057 1438 Θεοῦ
1078 1411 1148 1439 εἶναι
1163 1412 1279 1452 λέγεται,
1296 1413 1346 1454 οὐχ
1375 1415 1410 1447 ὡς
1432 1416 1466 1442 τὰ
1489 1415 1574 1443 πάντα
1605 1415 1635 1443 ἐκ
1662 1420 1708 1445 τοῦ
1735 1417 1813 1452 Θεοῦ,

990 1454 1049 1482 ἀλλ’
1072 1457 1108 1488 ὡς
1127 1460 1157 1484 ἐκ
1180 1462 1225 1486 τοῦ
1255 1461 1320 1487 Θεοῦ
1349 1458 1486 1499 προελθὸν,
1515 1459 1543 1488 οὗ
1571 1463 1705 1499 γεννητῶς
1734 1461 1772 1494 ὡς
1802 1463 1816 1489 ὁ

125 1502 248 1543 Eritque
260 1512 298 1534 ne
312 1503 481 1534 mortalium
495 1503 632 1543 cuiquam
649 1502 819 1538 obscurum,
836 1502 866 1532 in
882 1503 945 1533 his-

1086 1499 1146 1529 ἀλλ’
1175 1501 1212 1533 ὡς
1245 1501 1358 1540 Πνεῦμα
1388 1503 1519 1541 στόματος
1548 1503 1648 1532 αὐτοῦ·
1679 1507 1729 1539 τῆς
1766 1506 1816 1543 μὲν

126 1557 160 1578 ce
171 1547 344 1583 dictionem,
365 1559 378 1575 α
395 1547 499 1587 egredi
512 1547 652 1587 Spiritum
669 1546 780 1577 ex‘Deo
797 1556 856 1578 non
867 1547 950 1586 geni-

126 1595 188 1622 tum
203 1596 234 1622 ut
247 1591 422 1630 Filium,sed
437 1596 468 1622 ut
483 1591 625 1631 Spiritum
642 1591 702 1622 oris
718 1591 790 1630 ejus,
809 1603 819 1620 ι)
840 1600 875 1622 ex
893 1593 948 1622 Pa-

128 1639 174 1666 tre
185 1636 385 1673 essentialem,
398 1640 428 1666 et
440 1636 605 1667 naturalem
625 1636 719 1676 ipsius
744 1635 947 1667 exsistentiam

126 1680 296 1710 connotari?
311 1681 432 1719 Magnus
449 1685 477 1710 et
487 1681 728 1711 admirandurum
747 1681 869 1711 effector
878 1680 948 1712 Gre—

126 1724 225 1764 gorius
244 1724 492 1755 Neocaesariensis
518 1724 675 1765 episcopus
704 1725 848 1765 oratione,
863 1726 949 1765 cujus

125 1768 318 1809 principium,
337 1781 349 1796 α
368 1769 569 1800 Inimicissimi
584 1774 613 1800 et
629 1769 718 1800 alieni
735 1769 771 1799 ab
788 1770 948 1810 apostolica

125 1812 314 1844 confessione
340 1818 420 1850 sunt,
447 1814 496 1854 qui
522 1814 628 1845 Filium
656 1823 690 1844 ex
720 1814 769 1848 iis.
800 1824 865 1854 quae
890 1825 947 1844 non

124 1859 659 1899 exstant,assuerunt,inquit:Domini
673 1860 757 1890 Pater
769 1859 945 1899 principium

124 1906 181 1939 est,
195 1902 228 1932 sb
243 1905 353 1933 aeterno
366 1912 432 1933 eum
447 1913 604 1942 generans,
620 1907 649 1933 et
663 1903 805 1934 Dmninus
821 1909 864 1934 est
876 1913 946 1943 pro—

122 1950 243 1987 rotypus
254 1946 454 1987 Spiritus.»Et
465 1952 533 1987 post
547 1952 652 1988 paucat
663 1947 773 1978 ibidem
787 1959 794 1979 :
809 1949 945 1988 «Ingeni-

124 1995 170 2021 tus
182 2001 248 2022 cnm
265 1991 302 2022 sit
318 1994 412 2029 Pater,
429 1995 546 2032 genitus
561 2001 630 2024 vero
646 2002 681 2023 ex
698 1992 783 2024 Patre
799 1993 899 2031 Filius,
918 1997 947 2024 et

127 2034 254 2075 Spiritus
269 2046 303 2067 ex
316 2036 445 2067 essentia
460 2038 555 2068 Patris
568 2047 619 2077 per
636 2037 740 2068 Filium
765 2038 946 2078 sempiterue

122 2081 260 2112 emissus.
311 2081 382 2118 Quis
398 2082 428 2112 in
456 2081 578 2112 dubium
603 2083 734 2118 verterit,
750 2084 874 2113 emissus
890 2084 946 2114 hoc

122 2125 241 2180 inloco,
259 2135 318 2157 non
335 2130 421 2157 tanta;
444 2135 510 2157 esse
535 2126 660 2163 virtutis,
691 2127 725 2157 ad
757 2127 977 2180 essentialemD

122 2168 248 2210 Spiritus
265 2171 467 2202 exsistentiam
484 2171 788 2207 commonstrandam,
805 2177 943 2212 quantam

121 2214 255 2252 haberet,
273 2216 298 2247 si
314 2217 482 2257 oppositum
493 2217 609 2257 fuisset,
621 2216 798 2256 procedens?
811 2216 945 2248 Theodo-

121 2269 175 2299 gus
188 2259 346 2301 Gregorius
356 2261 506 2292 nonnullis
521 2270 638 2292 suarum
651 2261 843 2301 scriptionum
859 2262 943 2299 locis,

122 2305 234 2336 «Audis
249 2306 486 2345 generationem?
500 2305 620 2337 modum
635 2315 671 2337 ne
684 2307 831 2337 curiosius
846 2306 946 2337 inves-

122 2348 222 2388 tigato.
242 2350 336 2381 Audis
350 2350 492 2391 Spiritum
510 2360 544 2382 ex
561 2352 647 2382 Patre
665 2351 827 2391 progredi?
851 2352 944 2382 ratio-

121 2401 188 2423 nem
206 2403 243 2425 ne
260 2395 346 2425 anxie
361 2395 517 2435 inquirito.
541 2395 624 2431 Quod
641 2395 665 2426 si
687 2395 753 2426 Filii
768 2396 943 2434 generatio-

120 2441 148 2467 et
159 2436 288 2477 Spiritus
313 2448 502 2479 progressum
524 2440 668 2471 sollicitus
691 2441 870 2479 exterebras,
889 2451 942 2480 ego

119 2491 237 2522 quoque
252 2491 269 2513 a
282 2487 310 2513 te
325 2484 532 2524 pervestigabo
545 2484 651 2515 animae
666 2489 695 2516 et
709 2485 844 2525 corporis
867 2486 941 2516 mis-

118 2526 242 2557 tionem.
257 2539 270 2554 n
283 2527 354 2563 Quis
381 2528 429 2558 hic
453 2527 588 2560 audiens.
617 2528 760 2569 Spiritum
776 2531 942 2570 progredia

120 2572 216 2616 Fatre,
232 2571 313 2603 aliud
328 2571 489 2603 dictionem
516 2577 618 2604 notare
643 2574 834 2613 existimabit,
854 2585 940 2616 quam

117 2615 190 2646 illud
202 2616 323 2655 idem,si
334 2618 398 2648 loco
414 2617 493 2648 illius
509 2618 699 2649 substitutum
712 2615 940 2660 fuisset,proce-

117 2659 197 2701 dere.
214 2660 307 2701 ipsam
324 2662 438 2693 scilicet
453 2672 488 2693 ex
506 2663 592 2694 Patre
605 2664 791 2695 essentialem
807 2659 938 2697 etinatu-

116 2700 209 2730 ralem
228 2700 370 2741 Spiritus
395 2702 716 2734 exsistentiam?ldem
746 2707 878 2736 oratione
904 2707 940 2737 ml

115 2743 264 2775 Heronem
286 2747 495 2788 philosophum
508 2748 549 2778 ait
566 2759 572 2778 ε
594 2748 686 2784 ιΟυίη
704 2749 821 2789 pietatis
832 2757 940 2783 nostra:

990 1544 1152 1578 οἰκειότητος
1168 1544 1333 1583 δηλουμένης
1363 1546 1482 1584 ἐνταῦθα,
1513 1551 1559 1576 τοῦ
1585 1547 1612 1576 δὲ
1644 1549 1741 1588 τρόπου
1766 1550 1817 1584 τῆς

990 1587 1122 1627 ὒπάρξεως
1157 1589 1269 1628 ἀρρήτου
1304 1590 1513 1631 φυλασσομένου.
1551 1593 1605 1621 Τίνι
1633 1587 1686 1621 τῶν
1707 1595 1815 1623 πάντων

990 1632 1087 1666 ἄδηλον
1117 1635 1153 1666 ὡς
1176 1634 1284 1663 ἐνταῦθα
1305 1637 1322 1670 ἡ
1352 1635 1421 1669 λέξις
1444 1637 1461 1671 ἡ
1493 1641 1539 1665 τοῦ
1572 1647 1583 1665 α
1609 1638 1748 1677 προελθεῖν
1785 1640 1815 1668 τὰ

990 1677 1102 1716 Πνεῦμα
1131 1678 1161 1707 ἐκ
1188 1683 1233 1707 τοὺ
1256 1684 1320 1708 Θεοῦ
1342 1682 1372 1709 οὗ
1392 1685 1528 1720 γεννητῶς
1556 1683 1592 1715 ὡς
1615 1683 1628 1710 ὁ
1658 1684 1729 1720 Υἱὸς,
1755 1683 1818 1712 ἀλλ’

991 1723 1028 1754 ὡς
1058 1724 1170 1761 Πνεῦμα
1191 1726 1322 1762 στόματος
1336 1727 1424 1762 αὐτοῦ,
1444 1737 1458 1753 ιι
1487 1727 1567 1760 αὐτὴν
1582 1727 1630 1760 τὴν
1647 1727 1676 1755 ἐκ
1707 1729 1816 1768 ΙΙατρὸς

992 1768 1104 1802 οὒσιώδη
1142 1771 1184 1798 καὶ
1227 1772 1338 1810 φυσικὴν
1373 1771 1454 1805 δηλοῖ
1490 1774 1567 1801 αὒτοῦ
1604 1773 1736 1814 ὕπαρξιν,
1787 1771 1816 1804 ὐ

991 1813 1074 1852 μέγας
1102 1815 1146 1842 καὶ
1172 1817 1372 1855 Θαυματουργὸς
1405 1816 1561 1856 Γρηγόριος,
1609 1813 1815 1858 Νεοκαισαρείας

990 1859 1142 1898 ἐπίσκοπος,
1160 1860 1185 1889 ἐν
1203 1865 1241 1897 τῷ
1263 1861 1345 1901 λόγῳ,
1373 1863 1402 1890 οὗ
1424 1863 1441 1895 ἡ
1463 1862 1547 1902 ἀρχὴ,
1581 1873 1593 1890 (ι
1614 1857 1758 1903 ’Ἐχθιστοι
1775 1867 1820 1894 καὶ

990 1904 1123 1944 ἀλλότριοι
1154 1909 1203 1939 τῆς
1233 1906 1412 1940 ἀποστολιιῆς
1441 1907 1583 1947 ὁμολογίας
1620 1910 1643 1936 οἱ
1672 1910 1716 1936 τὸν
1755 1911 1815 1938 Ι“ἱὸν

988 1949 1014 1982 ἐξ
1028 1949 1076 1978 οὐκ
1103 1950 1185 1978 ὄντων
1214 1950 1348 1990 λέγοντες,
1371 1963 1381 1979 ι
1401 1953 1480 1991 φησὶν
1495 1951 1547 1990 ὅτι,
1567 1963 1581 1979 α
1610 1957 1660 1982 Τοῦ
1687 1954 1779 1992 Κυρίου
1802 1956 1815 1983 ἱ)

988 1995 1085 2034 Πατὴρ
1107 1995 1190 2034 ἀρχὴ,
1208 1995 1300 2028 ἀτδίως
1325 1997 1401 2025 αὐτὸν
1429 1998 1577 2036 γηννήσας,
1606 1999 1650 2025 καὶ
1671 2001 1813 2037 πρωτότο-

987 2050 1036 2071 πος
1053 2042 1098 2067 τοῦ
1114 2040 1269 2078 ΙΙνεύματος
1287 2042 1300 2068 ὸ
1318 2041 1421 2080 Κύριος.
1449 2052 1461 2068 ι
1492 2042 1540 2070 Καὶ
1555 2041 1622 2078 μετὰ
1643 2053 1701 2071 τινα
1732 2043 1759 2071 ἐν
1775 2048 1813 2082 τῷ

987 2084 1057 2120 αὐτῷ
1081 2092 1088 2099 ⁸
1115 2095 1126 2112 α
1145 2083 1302 2123 Ἀγεννήτου
1330 2086 1379 2123 μὲν
1408 2085 1482 2118 ὄντος
1504 2087 1550 2113 τοῦ
1577 2087 1685 2125 Πατρὸς
1715 2099 1810 2126 γεννη‹

986 2128 1074 2159 θέντος
1099 2128 1125 2156 δὲ
1154 2133 1200 2157 τοῦ
1222 2129 1282 2157 Υἰοῦ
1311 2129 1341 2158 ἐκ
1370 2130 1489 2170 ΙΙατρὸς,
1522 2134 1567 2159 τοῦ
1596 2142 1625 2159 τε
1652 2132 1815 2170 Πνεύματος

987 2171 1017 2200 ἐκ
1031 2175 1081 2206 τῆς
1096 2174 1183 2206 οὐσίας
1208 2177 1253 2202 τοῦ
1283 2175 1392 2214 ΙΙατρὸς
1417 2173 1450 2214 ’δι6
1481 2175 1541 2204 Υἰοῧ
1568 2175 1660 2208 ἀϊδίως
1689 2176 1813 2218 ἐκπεμφ-

986 2217 1085 2249 θέντος.
1106 2228 1117 2246 ν
1135 2218 1179 2250 Τίς
1195 2218 1342 2258 ἂμφικαλεῖ
1357 2218 1396 2247 ὅτι
1426 2220 1458 2247 αὺ
1480 2219 1674 2259 ἐκπεμφθέντος
1704 2217 1813 2251 ἐνταῦθα

987 2262 1117 2296 τοσαύτην
1138 2263 1216 2302 ἰσχὺν
1237 2261 1298 2302 ἔχει
1321 2264 1357 2295 εἷς
1386 2264 1435 2296 τὴν
1483 2267 1532 2298 τῆς
1560 2263 1700 2297 οὗσιώδους
1729 2267 1814 2306 ὑπάρ-

988 2305 1047 2343 ξεω,
1071 2317 1116 2335 του
1137 2306 1294 2345 Πνεύματος
1324 2307 1450 2350 δήλωσιν,
1473 2307 1539 2342 ὅσην
1567 2307 1598 2337 ἄν
1628 2315 1705 2350 εῖχεν
1721 2311 1743 2338 εἶ
1765 2312 1809 2340 καὶ

987 2351 1017 2395 τὸ
1044 2351 1245 2391 ἒκπορευθέντος
1287 2351 1387 2393 Emito;
1430 2347 1459 2382 Ὀ
1495 2352 1627 2392 Θεολόγος
1657 2347 1809 2395 Ῠρηγόριος

987 2394 1012 2424 ἕν
1028 2406 1079 2423 τισι
1095 2396 1148 2424 τῶν
1170 2398 1249 2426 αὐτοῦ
1278 2396 1359 2429 οὕτως
1387 2397 1438 2438 ἔφη
1456 2396 1465 2413 ‘
1497 2409 1511 2425 α
1528 2396 1646 2431 ’Δκούεις
1663 2394 1784 2438 γέννηοιν
1800 2411 1808 2442 ς

984 2441 1015 2468 τὸ
1050 2443 1108 2472 πῶς
1137 2441 1175 2479 μὴ
1223 2442 1406 2481 περιεργαέζου.
1444 2441 1563 2475 Ἀκούεις
1610 2442 1650 2471 ὅτι
1701 2444 1813 2483 Πνεῦμα

983 2486 1077 2524 προϊόν
1107 2485 1136 2514 ἐκ
1159 2486 1204 2514 τοῦ
1225 2487 1358 2527 Πατρός,
1383 2487 1413 2516 τὸ
1442 2486 1514 2518 ὅπως
1552 2487 1591 2525 μὴ
1619 2487 1814 2529 πολυπραγμό-

984 2541 1033 2559 νει.
1073 2531 1101 2559 Εἰ
1135 2529 1163 2558 δὲ
1193 2530 1428 2572 πολυπραγμονεῖς
1473 2532 1533 2560 Υἷοῦ
1580 2531 1716 2573 γέννησιν,
1766 2536 1812 2564 καὶ

984 2575 1147 2613 Πνεύματος
1185 2575 1308 2615 πρόοδον,
1351 2577 1427 2616 κάγὼ
1462 2588 1508 2604 σου
1536 2575 1750 2616 πολυπραγμονῶ
1784 2580 1815 2608 τὸ

982 2623 1073 2659 κρᾶμα
1106 2623 1197 2661 ψυχῆς
1235 2623 1278 2650 καὶ
1315 2622 1451 2660 σώματος.
1496 2622 1539 2654 Τίς
1575 2621 1677 2649 ἀκούων
1706 2623 1815 2654 ἐνταῦθα

982 2666 1078 2703 προϊὸν
1104 2667 1135 2693 τὸ
1165 2667 1276 2705 Πνεῠμα
1302 2667 1333 2695 ἐκ
1354 2671 1400 2696 τοὺ
1421 2665 1542 2706 ΙΙατρὸς,
1571 2665 1636 2694 ἄλλο
1665 2677 1690 2694 τι
1718 2667 1814 2701 δῆλοῠν

981 2710 1029 2743 τὴν
1045 2709 1113 2743 λέξιν
1142 2711 1272 2748 οἰήσεται,
1302 2712 1320 2744 ἢ
1342 2711 1430 2739 ἐκεῖνο
1457 2711 1521 2750 ὅπερ
1536 2710 1568 2739 ἂν
1596 2711 1617 2738 εἰ
1646 2712 1689 2739 καὶ
1711 2713 1741 2740 τὸ
1766 2713 1814 2742 ἐκ-

981 2755 1157 2794 πορευόμενον
1194 2756 1291 2786 ἕκεϊτο.
1319 2754 1400 2789 αὐτὴν
1430 2755 1533 2789 δηλαδὴ
1568 2757 1616 2789 τὴν
1648 2755 1677 2784 ἐκ
1705 2757 1813 2799 Πατρὸς
