1936 3078
182 159 222 193 79
715 162 847 195 .IOANN.
861 160 970 194 VECGI
986 162 1045 193 GP.
1058 162 1328 197 PATRIARCH/E.
1829 170 1868 199 8t)

181 229 344 263 hilominus
357 233 426 265 licet
440 233 544 265 allatus
553 237 648 264 textus
656 240 690 263 ex
699 230 808 271 scripto
818 229 921 262 codice
928 239 944 260 e

1103 241 1106 257 ί
1141 231 1170 259 οὗ
1185 232 1228 259 καὶ
1243 232 1294 260 ἀπὸ
1322 237 1373 261 τῶν
1390 233 1533 262 ἐπιλοίπων
1555 236 1702 273 σημείωσαι
1737 236 1772 267 ὡς
1802 235 1867 264 πο).-

183 283 233 306 sus
249 280 306 313 est,
323 280 354 308 tu
369 287 404 308 ex
420 278 490 315 illis,
521 286 587 318 qua:
616 276 739 320 reliqua
751 275 947 320 sunt,radnotz

1107 273 1199 314 ἔχουσι
1221 277 1264 305 καὶ
1292 277 1373 306 ταῦτα
1397 279 1462 317 πρὸς
1490 272 1659 319 καταλλαγὴν
1681 280 1730 313 τὴν
1757 281 1834 320 ῐοχύν
1860 286 1865 292 '

182 320 300 365 quantis
317 325 346 352 et
359 321 423 362 ipsa
435 322 565 362 polleant
579 321 614 352 ad
633 319 780 361 pacandos
795 319 946 365 animos”

1101 330 1113 346 ηι
1136 320 1186 358 γὰρ
1207 322 1221 349 6
1235 322 1311 361 ἅγιος
1326 323 1399 355 οὗτος
1422 323 1447 351 ἦν
1470 330 1529 355 τοῖς
1544 323 1603 358 ἑξῆς
1617 317 1633 340 Ι·
1675 335 1686 352 ι
1708 319 1753 356 Ὠς
1781 317 1831 365 γαρ
1853 326 1865 352 6

182 363 248 395 bus.
265 365 341 397 Dicit
369 375 496 406 namque
522 366 571 397 hic
598 369 716 396 sanctus
732 366 761 395 in
777 363 946 404 sequentibi

1101 375 1108 396 :
1132 364 1201 398 τάξει
1227 367 1275 404 μὲν
1303 366 1421 407 δεύτερος
1449 371 1494 396 τού
1523 369 1636 409 Πατρδς,
1668 369 1707 397 ὅτι
1738 363 1865 398 ἀπ’ὲκεί-

184 409 453 449 «Quemadmodum
478 411 558 443 enim
575 410 669 442 Filius
684 410 790 441 ordine
802 410 880 440 Patri
896 419 946 440 sec

1099 432 1101 442 ,
1137 410 1181 437 καὶ
1209 410 1349 449 ἀξιώματι,
1387 411 1426 440 ὅτι
1455 413 1528 453 ἀρχὴ
1549 414 1592 442 καὶ
1614 414 1682 442 αἰτία
1719 416 1758 451 τῷ
1791 414 1863 442 εἶναι

179 453 325 495 dus,quod
341 454 378 485 ab
393 455 456 492 illo,
469 460 498 487 et
512 455 664 496 dignitate,
681 454 759 495 quod
776 453 943 494 principiun

1097 453 1147 493 τέρα
1181 456 1270 493 αὐτοῦ,
1293 457 1366 485 φύσει
1402 456 1429 485 δὲ
1464 458 1550 486 οὐκέτι
1579 457 1707 498 δεύτερος,
1744 458 1810 487 διότι
1845 460 1861 492 ἡ

178 506 266 528 causa
288 498 368 530 illius
394 501 483 532 Pater
504 507 562 538 est,
587 504 691 530 natura
706 507 775 530 vero
791 508 850 529 non
865 498 936 529 item

1099 509 1136 531 της
1159 499 1186 526 ἐν
1220 499 1334 540 ἐκατέρῳ
1370 502 1417 539 μία
1435 509 1442 516 ·
1468 514 1481 529 ι
1513 502 1581 531 οὕτω
1609 497 1730 537 δηλονότι
1758 503 1801 531 καὶ
1835 505 1863 532 τὸ

178 542 304 582 cundus,
320 544 398 584 quod
424 544 525 575 Deitas
541 545 571 575 in
586 543 730 575 ambobus
752 552 822 580 una,
839 555 852 570 »
871 542 934 583 pari

1101 543 1154 580 ὖμα
1167 544 1198 571 τὸ
1212 544 1299 584 ἅγιον,
1316 547 1338 574 εἰ
1352 547 1395 575 καὶ
1424 545 1573 580 ὑποϐέϐηκε
1594 548 1640 575 τὸν
1674 548 1732 576 Υίόν
1761 551 1794 586 τῇ
1815 549 1863 576 τά-

177 586 258 618 tione
274 587 388 619 scilicet
403 593 432 620 et
447 588 574 629 Spiritus
588 592 710 619 sanctus
724 588 748 618 si
765 587 840 618 Filio
855 587 940 618 ordin

1107 588 1150 615 καὶ
1175 592 1213 625 τῷ
1235 589 1375 628 ἀξιώματι,
1406 591 1492 619 οὐκέτι
1521 591 1551 619 ἄν
1579 592 1688 624 εἰκότως
1716 593 1753 624 ὡς
1781 584 1864 621 ἄλλο-

177 630 318 671 dignitate
333 632 457 664 inferior
478 637 532 671 est,
559 642 709 674 nunquam
725 636 824 663 tamen
840 631 896 662 rite
912 631 941 662 di

1100 641 1112 662 ς
1141 632 1259 673 ὑπάρχον
1295 635 1396 675 φύσεως
1432 635 1585 664 ἀκολουθεῖν
1615 635 1748 674 εἴποιμεν,
1767 638 1797 666 Τί
1824 649 1863 665 σοι

177 685 243 706 mus
256 677 426 717 sequi,eum
451 677 573 709 alterius
584 687 650 708 esse
661 681 783 707 naturaa.
798 676 874 712 Quid
891 675 941 707 tibi

1100 676 1182 704 ούτων
1197 677 1295 714 δοκεῖς
1327 681 1442 713 Πάντως
1459 680 1531 709 οὐδὲν
1558 681 1623 709 ἄλλο
1658 682 1726 709 ἐστὶν
1750 682 1863 710 ἐντευϐεν

176 720 222 751 his
238 721 376 753 videtur?
391 723 516 753 Prorsus
541 722 614 752 nihil
642 721 720 752 aliud
751 721 821 752 inde
838 720 940 760 colligi‘

1100 721 1272 760 υναγόμενον,
1289 723 1307 757 ἢ
1329 723 1381 764 ὅτι,
1403 724 1492 763 ὥσπερ
1513 726 1581 753 ἐστὶν
1607 727 1621 753 ὁ
1655 726 1714 758 Υἱός
1729 725 1798 759 τάξει
1821 728 1861 754 καὶ

181 764 294 809 nisi,uti
307 770 351 797 est
364 766 456 798 Filius
479 766 584 798 ordine
599 771 628 797 et
643 766 787 806 dignitate
803 765 881 797 Patri
893 774 941 796 sec

1096 765 1167 803 ituri
1183 766 1299 807 δεύτερος
1314 772 1360 797 τοῦ
1374 763 1508 809 ίῙΙατρὸς,
1540 769 1608 798 οὕτω
1635 771 1678 798 καὶ
1699 771 1729 798 τὸ
1752 770 1860 807 Πνεῦμα

174 808 242 850 dus,
258 809 299 841 ita
314 815 343 842 et
359 810 489 851 Spiritus
504 816 624 843 sanctus
639 811 744 842 ordine
755 814 784 840 et
798 809 938 850 dignitate

1100 821 1107 837 ι
1140 812 1184 839 καὶ
1213 812 1340 850 ἀξιώματι
1362 808 1479 854 δεύτερόν
1501 808 1555 842 ἔστι
1584 814 1630 842 τοῦ
1657 816 1727 847 Υἱοῦ,
1757 816 1785 844 El.
1812 816 1860 855 γὰρ

175 855 290 902 candus
304 860 350 887 est
363 856 449 902 Filio.
480 857 599 888 Etenim
626 856 652 886 si
666 855 807 902 res__Fi|ii
822 855 939 902 ad_Pa_ti

1094 854 1133 902 ιὲν
1147 859 1191 884 τοῦ
1212 858 1271 886 Υίοῦ
1291 859 1355 898 πρὸς
1381 859 1426 886 τὸν
1455 859 1563 898 Πατέρα
1591 858 1696 898 δεύτερα
1733 853 1858 892 εἴποι

173 899 320 931 secundas
345 900 411 941 quis
434 901 645 932 asseveraverit
668 899 773 930 ordine
795 903 823 930 et
838 899 937 938 dignit:

1097 898 1165 932 τάξει
1194 902 1236 929 καὶ
1263 903 1302 939 τῷ
1337 902 1478 942 ἀξιώματι,
1506 905 1539 931 τὰ
1574 903 1601 931 δὲ
1629 908 1676 932 τοῦ
1705 905 1859 942 ΙΙνεύματος

175 942 301 988 Spiritus
317 949 414 976 autem
434 946 470 976 ad
488 945 593 977 Filium
610 944 690 976 nullo
707 944 805 981 modo,
823 943 911 974 simul
927 954 939 973 ο

1094 955 1100 974 ἶ
1122 945 1166 972 τὸν
1201 946 1259 974 ι’ἱόν
1289 946 1421 988 οὐδαμῶς,
1451 949 1518 985 μετὰ
1545 951 1598 976 τῶν
1627 948 1714 976 ἄλλων
1744 950 1787 977 καὶ
1814 951 1858 978 τὸν

171 987 238 1032 aliis
253 993 282 1020 et
297 998 435 1030 magnum
448 990 641 1021 Athanasium
657 988 927 1028 criminabitur,his

1069 998 1119 1032 γαν
1144 988 1296 1019 Ἀθανάοιον
1325 990 1456 1029 διαϐαλεῖ,
1487 994 1580 1025 αὐταῖς
1609 992 1693 1025 λέξεσι
1722 993 1832 1032 λέγοντα

171 1031 241 1063 dem
250 1027 509 1066 verbis'dicentem
522 1044 529 1066 ;
545 1034 752 1074 «Quaecunque
762 1032 854 1077 Filius
863 1027 933 1072 erga

1094 1036 1140 1061 m
1155 1034 1168 1060 δ
1195 1035 1254 1066 Υἱὸς
1270 1036 1334 1075 πρὸς
1349 1037 1394 1064 τὸν
1410 1027 1529 1076 Πατέρα,
1559 1038 1647 1065 καὶτὸ
1669 1027 1782 1075 Πνεῦμα
1796 1038 1858 1077 πρός

172 1080 293 1116 trem,et
303 1078 432 1119 Spiritus
450 1088 520 1119 erga
532 1078 669 1110 Filium»
686 1077 714 1109 Si
729 1086 798 1108 vero
813 1076 942 1118 Spiritus
955 1077 994 1108 ad

171 1121 278 1153 Filium
294 1124 435 1155 secundae
458 1127 555 1164 partes
580 1122 771 1164 proportione
798 1121 992 1162 respondent,

171 1167 312 1199 secundis
343 1168 474 1208 partibus
498 1168 566 1199 Filii
580 1168 616 1199 ad
628 1169 757 1205 Patrem,
775 1168 839 1207 ipse
851 1166 930 1207 quod
945 1176 995 1198 se-

171 1211 282 1251 quitur,
310 1212 546 1244 ratiocinationis
575 1212 798 1252 consequentia,
829 1211 917 1242 etiam
946 1221 994 1242 me

172 1257 531 1298 tacente,deprehendere
546 1257 666 1298 poteris.
680 1255 763 1293 Quod
779 1257 804 1287 si
820 1255 925 1286 durum
939 1253 995 1286 tibi

167 1299 283 1331 videtur
304 1311 434 1343 rursum,
461 1306 489 1332 et
515 1306 655 1343 perceptu
680 1301 815 1337 difﬁcile,
846 1300 991 1340 Spiritum

166 1353 235 1376 esse
249 1346 324 1377 Filio
341 1347 505 1378 secundum
522 1350 550 1378 et
567 1346 671 1378 ordine
685 1350 714 1377 et
725 1345 992 1386 dignitate,secun-

167 1388 237 1420 dum
269 1392 490 1431 proportionem
519 1391 720 1423 secundarum
750 1391 890 1430 partium,
918 1399 991 1430 quas

167 1433 257 1466 habet
286 1435 378 1467 Filius
404 1436 442 1467 ad
457 1436 575 1467 Patrem
600 1435 705 1466 ordine
731 1439 759 1465 et
785 1434 938 1474 dignitate.
964 1431 991 1464 si

1035 1077 1080 1104 τὸν
1101 1078 1172 1108 Πόν.
1191 1090 1204 1106 ι
1224 1080 1252 1107 Εἰ
1272 1079 1299 1107 δὲ
1328 1081 1358 1108 τὸ
1387 1083 1433 1109 τοῦ
1461 1082 1620 1119 ΙΙνεύματος
1641 1082 1707 1120 πρός
1735 1083 1781 1110 τὸν
1802 1083 1859 1110 mv

1035 1120 1182 1161 δευτερεῖον
1210 1124 1339 1164 ἂναλογόν
1367 1125 1422 1153 ἐστί
1441 1127 1480 1154 τῶ
1501 1126 1566 1165 πρὸς
1586 1127 1633 1154 τὸν
1658 1126 1766 1167 Πατέρα
1795 1126 1856 1154 δευ-

1035 1169 1125 1206 τερείῳ
1139 1174 1186 1199 τοῦ
1207 1171 1275 1210 rtus,
1306 1171 1382 1203 αὐτός
1403 1173 1434 1199 τὸ
1463 1171 1604 1201 ἆκολουθον
1633 1176 1665 1208 τᾷ
1698 1173 1744 1201 τοῦ
1778 1173 1858 1212 λόγου

1038 1211 1151 1252 ἀνάγκῃ,
1173 1214 1220 1242 καί
1247 1215 1312 1252 ἐμοῦ
1336 1219 1500 1253 σιωπῶντος,
1525 1223 1595 1245 νοεῖν
1613 1216 1698 1256 ἔχεις,
1723 1217 1796 1245 ’Λ)λ“
1813 1211 1857 1245 εἴ·

1037 1266 1086 1295 περ
1114 1259 1200 1298 τραχύ
1234 1270 1258 1287 τι
1287 1260 1331 1288 καὶ
1360 1262 1431 1292 αὖθις
1459 1260 1533 1289 δοκεῖ
1553 1272 1594 1289 σοι
1630 1262 1672 1289 καὶ
1701 1260 1858 1301 δυσ-παράδε-

1035 1311 1096 1330 κτον
1111 1312 1141 1330 το
1163 1304 1234 1332 εἶναι
1256 1305 1285 1332 τὸ
1315 1305 1427 1343 Πνεῦμα
1448 1304 1566 1345 δευτέρον
1579 1309 1625 1334 τοῦ
1659 1307 1718 1335 ι’ἱοῦ
1745 1306 1814 1339 τάξει
1830 1318 1857 1335 τε

1034 1346 1077 1373 καὶ
1114 1346 1244 1384 ἀξιώματι
1277 1350 1345 1377 κατὰ
1376 1351 1425 1383 τὴν
1460 1349 1601 1389 ἀναλογίαν
1645 1354 1691 1379 τοῦ
1717 1350 1782 1390 πρός
1810 1352 1856 1378 τὸν

1035 1389 1144 1430 Πατέρα
1172 1391 1312 1433 δευτερείου
1347 1397 1392 1422 τοῦ
1427 1395 1486 1422 Υἱοῡ
1515 1394 1556 1422 ἐπὶ
1584 1397 1618 1433 τῇ
1646 1393 1716 1427 τάξει
1749 1395 1792 1422 καί
1818 1398 1856 1432 τῷ

1034 1433 1174 1477 ἀξιώματι,
1204 1437 1244 1465 ἑὲν
1272 1441 1324 1466 τῶν
1360 1439 1406 1467 τοῦ
1435 1439 1539 1471 Νύσσης
1567 1439 1693 1477 ῥημάτων
1725 1440 1853 1476 μνησθῇς,

165 1479 295 1519 Nysseni
308 1480 399 1512 verba
414 1481 444 1511 in
460 1480 636 1512 memoriam
656 1480 852 1516 revocaveris,
880 1479 929 1520 qui

1089 1481 1114 1512 ἴς
1140 1480 1214 1521 ἔλεγε
1246 1494 1256 1509 ι
1275 1483 1319 1511 τὸν
1356 1483 1465 1522 Πατέρα
1493 1483 1540 1520 μὲν
1569 1484 1780 1522 προεπινοεῖσθαι
1807 1487 1852 1511 τοῦ

168 1523 317 1556 indicabat
330 1534 336 1556 :
358 1527 493 1557 «Patrem
510 1525 583 1556 Filio
594 1524 782 1565 praeintelligi
791 1523 904 1554 ratione
913 1534 932 1554 cl

1084 1524 1094 1552 ἶ
1114 1529 1152 1562 τῷ
1180 1529 1227 1564 τῇς
1249 1527 1331 1558 αἰτίας
1359 1526 1442 1566 λόγῳ,
1465 1528 1510 1555 τὸν
1543 1526 1570 1555 δὲ
1603 1528 1662 1556 Υἱόν
1685 1529 1848 1567 προθεωρεῖ-

164 1577 216 1607 sae,
242 1569 349 1600 Filium
373 1579 442 1601 vero
472 1569 659 1611 prmintelligi
688 1569 814 1609 Spiritus
838 1568 986 1608 hypostasi

162 1614 328 1644 secundum
344 1623 439 1646 causa:
453 1615 610 1652 rationem,
631 1626 643 1642 ι
662 1613 758 1644 omnis
773 1612 828 1643 tibi
841 1612 984 1652 asperitas

161 1657 303 1696 lenietur,
320 1662 349 1689 et
362 1659 440 1699 quod
456 1659 486 1689 in
501 1658 601 1689 verbis
613 1657 711 1697 magni
725 1657 825 1688 Basilii
841 1660 983 1697 perceptu

161 1702 283 1733 difficile
297 1703 505 1741 est,similibus
517 1703 642 1743 Nysseni
657 1701 754 1734 verbis
767 1701 905 1733 facillime
917 1710 979 1741 per

162 1746 302 1786 cipietur,
320 1752 350 1778 et
364 1747 470 1779 Filium
501 1747 622 1788 quidem
637 1747 826 1778 continenter
848 1755 882 1776 ex
897 1745 983 1776 Patre

160 1792 324 1832 concipies,
342 1791 482 1833 Spiritum
498 1801 566 1823 vero
581 1802 615 1824 ex
629 1793 727 1832 eo,qui
741 1791 927 1822 continenter
939 1795 983 1821 est

163 1845 230 1867 cum
247 1836 343 1868 Patre.
354 1836 428 1873 Quid
442 1837 522 1868 enim
534 1837 614 1868 aliud
628 1838 734 1868 horum
743 1836 899 1867 verborum
909 1845 981 1879 sen-

159 1881 251 1912 tentia
267 1882 364 1922 tinuit,
379 1891 466 1923 quam
496 1883 612 1914 Patrem
636 1881 824 1923 pmintelligi
842 1880 915 1911 Filio
931 1889 981 1911 ra-

159 1925 239 1958 tione
254 1936 362 1965 causaa,
394 1928 472 1968 quod
504 1937 538 1959 ex
564 1929 649 1958 Patre
673 1927 776 1964 Filius,
793 1925 982 1967 praeintelligi

156 1980 226 2002 vero
242 1978 273 2002 et
288 1971 429 2012 Spiritum
445 1971 520 2004 Filio
536 1971 700 2004 secundum
713 1971 859 2002 rationem
872 1979 980 2009 causae,

157 2016 235 2056 quod
263 2026 297 2047 ex
321 2016 396 2048 Filio
411 2017 549 2058 Spiritus.
566 2017 608 2048 Tu
629 2017 728 2056 itaque
742 2016 866 2046 audiens
883 2014 978 2055 Spiri-

159 2065 220 2090 tum
236 2070 270 2091 ex
287 2063 373 2092 Patre
389 2071 441 2102 per
465 2061 573 2093 Filium
601 2060 775 2102 procedere,
799 2063 828 2090 et
844 2069 878 2090 ex
893 2060 979 2090 Patre

159 2104 314 2143 exsistere,
331 2110 360 2137 et
373 2116 390 2137 ιι
405 2107 491 2144 Filio,
509 2107 587 2147 quod
604 2106 651 2142 sit,
664 2105 785 2142 habere,
800 2108 828 2135 et
843 2113 878 2135 ex
892 2103 980 2134 Patre

158 2149 355 2181 essentialiter
380 2151 502 2189 etfundi,
519 2155 548 2182 et
568 2150 705 2181 similiter
720 2159 754 2180 ex
780 2148 856 2180 Filio
871 2157 978 2179 essen-

1027 1569 1084 1596 σθαι
1107 1571 1156 1604 τῆς
1183 1571 1229 1598 τοῦ
1258 1569 1412 1608 Πνεύματος
1434 1572 1603 1603 ὑποστάσεως
1624 1572 1691 1600 κατὰ
1728 1574 1774 1601 τὸν
1794 1575 1847 1604 τῶς

1026 1613 1109 1645 αἰτίας
1144 1614 1235 1654 λόγον,
1255 1626 1267 1644 ι
1305 1615 1476 1650 λεανθήσεταί
1517 1626 1557 1644 σοι
1598 1620 1669 1644 πᾶσα
1698 1617 1846 1657 τραχύτης,

1024 1659 1112 1686 καὶτὸ
1127 1659 1154 1687 ἐν
1169 1666 1228 1692 τοῖς
1256 1659 1346 1699 λόγοις
1375 1664 1420 1689 τοῦ
1443 1660 1560 1699 μεγάλου
1594 1661 1730 1690 Βασιλείου
1746 1661 1848 1691 δυσπα-

1025 1700 1148 1740 ράδεκτον
1179 1702 1220 1732 διὰ
1246 1707 1298 1732 τῶν
1324 1704 1421 1743 ὁμοίων
1448 1705 1494 1734 τοῦ
1523 1706 1626 1739 Νύσσης
1655 1705 1846 1746 εὖπαράδεκτόν

1024 1756 1065 1774 σοι
1087 1749 1238 1787 γενήσεται,
1263 1750 1307 1777 καὶ
1341 1750 1386 1778 τὸν
1409 1750 1457 1788 μὲν
1490 1751 1550 1778 Υἱὸν
1580 1754 1721 1791 προσεχῶς
1749 1751 1780 1779 ἐκ
1800 1756 1847 1780 τοῦ

1024 1791 1132 1831 ΙΙατρὸς
1149 1794 1263 1831 νοήσεις,
1287 1795 1318 1823 τὸ
1332 1793 1359 1822 δέ
1382 1793 1492 1832 Πνεῦμα
1519 1793 1561 1823 διὰ
1587 1799 1634 1824 τοῦ
1649 1798 1789 1835 ripaue-Atii;
1817 1795 1847 1823 ἐκ

1023 1839 1069 1864 τοῦ
1091 1837 1209 1878 Πατρός,
1234 1839 1277 1870 Ek
1292 1840 1316 1866 τί
1344 1839 1393 1878 γὰρ
1415 1837 1480 1867 ἄίλλο
1508 1841 1551 1867 καὶ
1579 1839 1663 1879 ἀφορᾷ
1690 1839 1708 1872 ἢ
1729 1840 1782 1868 τῶν
1796 1839 1846 1867 λό-

1023 1893 1078 1920 γων
1099 1882 1199 1911 τούτων
1214 1881 1329 1920 διάνοια,
1351 1884 1370 1916 ἣ
1384 1883 1424 1911 ὅτι
1445 1890 1642 1923 προεπινοεῖται
1674 1884 1724 1922 μὲν
1753 1884 1766 1912 ὁ
1783 1884 1846 1915 Πα-

1022 1927 1073 1966 τὴρ
1093 1930 1139 1955 τοῦ
1158 1928 1218 1957 Υἱοῠ
1232 1930 1270 1964 τῷ
1285 1927 1380 1968 ξαίτίῳ,
1410 1927 1450 1956 ὅτι
1480 1928 1510 1956 ὲκ
1533 1928 1580 1957 τοῦ
1608 1928 1715 1968 Πατρός
1731 1929 1745 1956 6
1772 1929 1843 1968 Υἱός,

1022 1972 1222 2009 προεπινοετται
1237 1971 1263 2000 δὲ
1279 1974 1293 2000 6
1313 1973 1371 2004 Υἱὸς
1386 1976 1432 2001 τοῦ
1456 1973 1613 2010 Πνεύματος
1642 1974 1710 2001 κατὰ
1735 1974 1780 2001 τὸν
1795 1976 1844 2007 τῆς

1023 2017 1106 2049 αἰτίας
1140 2015 1232 2056 λόγον,
1261 2016 1301 2045 ὅτι
1324 2015 1365 2045 διὰ
1390 2021 1436 2045 τοῦ
1463 2018 1532 2048 Υἱοῧ,
1557 2018 1594 2045 Σὺ
1621 2019 1705 2047 τοίνυν
1742 2017 1843 2046 ἂκούωψ

1020 2061 1050 2088 τὺ
1086 2060 1198 2100 Πνεῦμα
1232 2061 1262 2090 ἐκ
1283 2062 1389 2098 Πατρός
1411 2061 1445 2089 δι’
1479 2063 1538 2090 ΐίοῦ
1560 2061 1778 2102 ἐκπορευόμενον,
1801 2066 1844 2093 καὶ

1020 2104 1050 2132 ὲκ
1078 2105 1182 2145 Πατρός
1216 2106 1348 2146 ὑπάρχον,
1372 2107 1415 2134 καὶ
1443 2107 1512 2146 παρὰ
1541 2110 1588 2135 τοῦ
1624 2108 1681 2135 ι’ἱοῦ
1713 2107 1744 2135 τὸ
1772 2107 1843 2135 εἶναι

1020 2149 1097 2190 ἕχον,
1114 2151 1156 2178 καὶ
1185 2150 1215 2179 ἐκ
1240 2151 1346 2190 Πατρός
1375 2149 1509 2184 οὖσιωόὦς
1531 2152 1723 2191 προχεόμενον,
1749 2152 1793 2180 καὶ
1818 2151 1844 2184 ἐξ

159 2193 267 2226 tialiter
280 2195 405 2236 effundi,
420 2196 444 2227 si
460 2196 496 2227 ad
514 2195 690 2226 sententiam
708 2194 805 2234 magni
816 2193 917 2224 Basilii

1079 2198 1085 2222 i
1110 2195 1235 2227 ὡσαύτως
1264 2193 1399 2227 αὺσιωδῶς
1433 2196 1627 2236 προχεόμενον,
1663 2197 1684 2224 εἰ
1706 2197 1771 2235 πρὸς
1794 2196 1843 2230 τὴν

156 2238 270 2270 ctiones
285 2232 496 2281 interpretatus
524 2240 626 2277 fueris,
644 2232 820 2278 semperque
836 2247 920 2268 meml

1076 2245 1146 2267 εῖσαν
1176 2239 1276 2268 ἔννοιαν
1306 2243 1342 2276 τῷ
1370 2232 1637 2279 μεγάλῳῃβασιλείίρ
1665 2232 1840 2280 διερμηνεύεις

157 2283 320 2314 recolueris
334 2284 445 2316 dictum
462 2285 534 2315 illud
553 2294 560 2314 :
577 2283 742 2324 cQuidquid
760 2282 895 2313 dicitura
906 2283 979 2314 Filio

156 2335 234 2366 esse,
251 2328 281 2359 in
298 2329 415 2361 Patrem
445 2330 571 2369 primam
587 2337 706 2359 causam
735 2327 908 2358 relationem
925 2329 979 2358 ha-

156 2371 216 2409 bet,
237 2383 252 2402 ›
277 2382 344 2404 cum
368 2373 503 2405 Romana
532 2373 665 2405 Ecclesia
690 2371 928 2403 conciliationem
945 2382 979 2403 ex

155 2416 244 2446 corde
260 2418 460 2458 amplecteris,
477 2422 505 2448 et
521 2427 556 2449 ex
571 2418 644 2448 Filio
661 2420 825 2454 asserente,
836 2415 977 2455 Spiritum

156 2467 233 2498 esse,
250 2461 490 2503 decernenteque
510 2463 546 2494 ad
561 2461 678 2494 Patrem
694 2461 832 2492 universa
846 2460 913 2492 Filii
928 2471 978 2493 re-

155 2503 318 2537 ferri.lllud
334 2515 421 2547 porro
439 2516 540 2538 rursus
556 2505 703 2547 quomodo
721 2506 807 2536 a‘iter
825 2506 977 2546 percipere

155 2549 329 2592 poterimus,
343 2551 421 2592 quod
438 2559 563 2592 magnus
583 2550 759 2582 Athanasius
772 2549 856 2588 dixit,
870 2549 976 2581 Filium

154 2591 264 2634 Spiritu
278 2591 419 2635 majorem
430 2591 617 2636 apertissime
636 2594 805 2626 enuntians.
823 2593 877 2625 ch
896 2596 975 2626 enim

152 2638 285 2670 oratione
302 2639 397 2680 prima
409 2644 512 2671 contra
527 2639 753 2679 Arianos,cujus
769 2638 946 2679 principium
966 2650 973 2672 :

154 2693 166 2710 α
182 2681 319 2714 liereses
330 2694 513 2726 quaecunque
527 2685 680 2716 veritatem
695 2684 973 2723 apprehenderunt,

151 2727 297 2759 insaniam
314 2729 402 2765 sibi,»
418 2730 539 2762 scribit:
556 2743 569 2758 α
579 2728 706 2770 Spiritus
717 2728 810 2765 dator,
824 2728 853 2759 in
864 2729 974 2770 Spiritu

150 2771 223 2803 dicit
239 2782 319 2804 nunc
349 2774 460 2815 ejicere
483 2774 641 2812 daemonia,
659 2773 715 2804 hoc
730 2781 799 2803 vero
815 2783 874 2805 non
890 2775 976 2806 aliter

151 2815 261 2847 dictum
276 2822 331 2856 est,
355 2829 443 2861 quam
460 2824 584 2861 propter
599 2826 731 2849 carnem.
747 2815 820 2848 Nam
836 2827 902 2850 cum
919 2829 974 2851 na-

1021 2284 1068 2314 τὰς
1085 2283 1178 2321 λέξεις,
1199 2285 1243 2312 καὶ
1267 2283 1366 2312 ἐκείνου
1395 2283 1421 2312 δὲ
1456 2285 1630 2322 μνημονεύεις
1665 2285 1704 2312 ἀεὶ
1725 2288 1771 2313 τοῦ
1786 2285 1838 2323 ῥη-

1019 2331 1067 2356 τοῦ
1084 2332 1129 2356 τοῦ
1144 2327 1278 2368 λέγοντος,
1303 2339 1314 2354 ι
1333 2328 1365 2356 Εἴ
1386 2339 1410 2356 τι
1436 2328 1541 2368 λέγεται
1564 2329 1634 2367 παρὰ
1655 2332 1701 2356 τοῦ
1723 2329 1781 2356 ι·ἱοῦ
1796 2328 1842 2357 εἶ-

1020 2384 1075 2409 ναι,
1091 2373 1127 2406 εἷς
1143 2374 1188 2401 τὸν
1215 2373 1324 2412 Πατέρα
1345 2373 1394 2406 τὴν
1422 2373 1530 2412 πρώτην
1557 2373 1640 2401 αἰτίαν
1668 2373 1717 2406 τὴν
1739 2373 1841 2413 ἀναφο-

1020 2417 1152 2457 ρὰνδέχει,
1181 2430 1194 2445 ν
1224 2418 1273 2451 τὴν
1301 2420 1349 2450 τῆς
1374 2413 1528 2455 ιΙινιιιι.ι.ιπι“ίκῆς
1557 2417 1721 2451 Ἐκκλησίας
1743 2417 1843 2446 καταλ-

1020 2462 1104 2501 λαγὴν
1127 2462 1275 2502 ἐνστερνίσῃ
1291 2462 1343 2490 ἀπὸ
1363 2461 1481 2502 καρδίας,
1510 2463 1553 2491 καὶ
1582 2463 1612 2491 ἐκ
1642 2467 1687 2492 τοῦ
1721 2464 1781 2492 Υίοῦ
1796 2462 1847 2491 λε-

1019 2507 1117 2544 γούσης
1146 2514 1214 2536 εῖναι
1247 2508 1278 2535 τὸ
1317 2505 1427 2544 Πνεῦμα
1469 2508 1512 2536 καὶ
1540 2519 1606 2547 πρας
1649 2508 1695 2535 τὸν
1735 2507 1844 2546 Πατέρα

1017 2550 1103 2580 πάντα
1130 2555 1176 2580 τοῦ
1209 2553 1269 2580 Υἷοῦ
1305 2550 1512 2590 δογματιζούσης
1555 2552 1706 2591 ἀνάγεσθαι.
1737 2551 1842 2580 Ἐκεῖνο

1017 2594 1044 2623 δὲ
1078 2596 1156 2625 πάλιν
1179 2598 1236 2628 πῶς
1252 2595 1338 2629 ἄλλως
1374 2599 1467 2630 νοῆσαι
1492 2598 1604 2636 ἔχομεν,
1634 2595 1727 2636 ὅπερὸ
1756 2597 1840 2636 μέγας

1018 2640 1126 2681 ε’ἔρηκεν
1141 2640 1306 2678 Ἀθανάσιος,
1332 2642 1377 2670 τὸν
1406 2642 1465 2670 Υἱόν
1500 2642 1606 2679 μείζονα
1634 2644 1678 2669 τοῦ
1713 2639 1839 2679 Πνιύμαη

1015 2696 1060 2718 τος
1077 2685 1207 2725 ἂριδήλως
1223 2687 1303 2715 εἰπὼν
1320 2696 1328 2724 ;
1345 2687 1426 2718 οὗτος
1452 2686 1501 2725 γὰρ
1531 2685 1557 2714 ἰν
1585 2689 1624 2723 τῷ
1651 2686 1719 2714 κατὰ
1734 2685 1838 2725 Ἀρεια-

1018 2734 1069 2759 νῶν
1103 2731 1201 2770 πρώτῳ
1234 2730 1317 2770 λόγῳ,
1349 2731 1378 2759 οὗ
1398 2730 1417 2764 ἡ
1445 2730 1532 2770 ἀρχὴ,
1565 2742 1576 2758 ι
1594 2731 1624 2759 ΛΞ
1653 2730 1705 2768 μάν
1727 2730 1839 2769 αἱρέσεις

1016 2775 1074 2804 ὅσαι
1104 2779 1154 2809 τῆς
1190 2775 1313 2809 ἀληθείας
1341 2775 1514 2810 ἐπινοήσασαι
1544 2775 1637 2813 μανίην
1664 2775 1774 2806 ἑαυταῖς
1795 2785 1844 2815 (ρα-

1017 2821 1090 2860 νσραὶ
1110 2821 1288 2861 τυγχάνουσι,
1312 2826 1325 2845 ι
1347 2819 1427 2859 φηαίν
1443 2828 1450 2836 ”
1475 2830 1487 2847 α
1507 2815 1535 2848 ‘0
1556 2819 1603 2848 τοῦ
1624 2818 1781 2857 Πνιόματος
1796 2817 1843 2847 εο-
