1936 3078
96 96 128 129 81
677 101 725 132 DE
741 99 886 132 UNIONE
913 98 1185 131 ECCLESIARUM.

1749 100 1787 133 82

91 165 140 205 τὴρ
173 166 204 194 ἐκ
233 167 370 205 ῙΙνεύματι
399 167 470 207 λέγει
495 171 537 195 νῦν
566 165 703 195 ἐκϐάλλειν
725 167 758 195 τὰ
772 166 894 204 δαιμόνια
910 176 916 183 '

1002 175 1028 197 ra
1043 166 1172 198 humana
1185 167 1261 207 potis
1277 177 1336 198 non
1359 168 1408 205 sit,
1425 177 1462 200 ex
1475 177 1508 200 se
1521 168 1587 208 ipsa
1598 168 1708 208 ejicere
1719 168 1784 200 daa-

91 214 133 229 -,~
197 210 219 227 ἐλ
263 211 413 228 xv-’
513 213 520 223 ν
586 212 591 221 ι
664 210 778 221 ιδην
914 219 920 226 .

95 222 171 239 ,οδτο
194 220 221 238 οε
245 222 292 240 ουκ
314 223 382 240 εσ.ιν
399 212 484 244 αλλως
500 223 638 251 ειρημενον
654 213 672 245 ἡ
697 221 738 240 om
752 222 800 245 την
817 212 899 250 σάρκα

90 256 127 286 ὡς
160 256 212 295 γὰρ
248 259 298 290 τῆς
334 257 475 296 ἀνθρώπων
518 257 619 297 φύσεως
643 258 689 285 οὒκ
724 256 803 289 οὔσης
830 257 922 290 ἱκανῆς

90 299 137 340 {zz-9’
177 301 272 334 ἑαυτῆς
295 300 431 330 ἐκϐάλλειν
466 302 525 333 τοὺς
554 300 690 338 δαίμονας,
714 301 735 328 εὶ
769 301 806 338 μὴ
843 299 922 328 δυνα-

91 356 136 381 μει
162 349 207 373 τοῦ
224 346 387 386 Πνεύματος,
412 345 454 374 διὰ
481 351 557 375 τοῦτο
577 347 613 377 ὡς
643 345 778 385 ἅνθρωπος
808 344 897 384 ἔλεγει
913 355 920 362 ·

94 403 104 412 -
123 390 154 417 Εἰ
166 388 194 416 δὲ
210 388 264 428 ἐγὼ
275 390 301 418 ἐν
319 392 447 428 Πνεύματι
460 391 525 419 Θεοῦ
539 389 673 428 1,ἐκϐάλλω
709 390 742 418 τὰ
768 389 919 427 δαιμόνια.»

91 436 210 463 Τοιαῦτα
231 435 280 472 μὲν
304 435 348 463 οὖν
376 443 434 468 τοῖς
457 435 589 468 Ἰουδαίοις
618 437 654 467 ὡς
684 435 817 475 ἄνθρωπος
840 434 919 473 εἴρη-

89 489 136 506 κεν
154 480 170 506 ὁ
187 479 278 519 Κύριος
296 490 301 495 ·
318 487 377 512 τοϊς
406 480 433 508 δὲ
456 482 587 518 μαθηταῖς
609 481 657 514 τὴν
671 481 784 513 Θεότητα
805 480 849 508 καὶ
870 490 920 516 με·

89 523 257 561 γαλειότητα
272 523 372 557 δεικνὺς
403 526 506 561 ἑαυτοῦ,
536 524 623 554 οὐκέτι
652 524 795 553 ἐλάττοντα
828 524 920 553 ἑαυτὸν

88 571 137 595 τοῦ
167 569 329 609 Πνεύματος,
354 568 423 597 ἀλλὰ
446 570 551 607 μείζονα
572 570 615 598 καὶ
643 568 703 598 ἴσον
729 569 791 597 ὄντα
818 569 919 606 σημαί-

88 609 155 649 νων,
181 612 263 641 ἐδίδου
273 614 321 650 μὲν
336 614 366 642 τὸ
391 613 513 651 Πνεῦμα,
542 615 586 642 καὶ
607 613 708 653 ἔλεγεν,
741 625 754 640 α
773 612 845 652 Ἐγὼ
859 613 922 640 αὖτὸ

88 656 262 694 ἀποστέλλω,
286 658 409 691 κάκεῖνος
445 658 492 696 ἐμὲ
520 657 631 698 δοξάσει,
655 659 699 687 καὶ
727 657 776 686 ὅσα
804 657 921 694 ἀκούσει,

88 700 219 735 λαλήσει,
240 711 250 728 )
269 703 368 730 Σκόπει
390 704 420 731 τὸ
435 703 514 741 ῥητὸν
531 707 616 740 τοῦτο,
648 704 691 731 καὶ
719 703 783 742 πρὸς
810 702 843 730 τὰ
857 702 922 730 ἀνα-

89 746 269 786 γεγραμμέναι
304 746 456 785 συμϐίὸαζε,
503 747 547 775 ῗνο
599 754 671 787 τρεῖς
701 747 770 776 οὗτοι
822 747 922 787 ἀτταρά-

88 801 207 830 γραπτοι
242 791 418 829 λαμϐάνοιντο
460 793 599 832 μάρτυρες,
647 796 817 823 συνιστῶντες
855 785 924 820 Ῥω-

503 747 547 775 ῗνο

964 219 1078 243 mones,
1107 211 1164 242 nisi
1179 212 1284 243 virtute
1315 212 1452 252 Spiritus,
1479 217 1636 253 propterea
1649 217 1680 243 ut
1696 213 1784 244 homo

964 254 1082 286 dicebat
1100 265 1106 287 :
1124 257 1154 287 Si
1182 265 1250 287 vero
1280 266 1333 295 ego
1359 256 1389 287 in
1414 257 1525 298 Spiritu
1552 257 1606 289 Dei
1620 257 1707 297 ejicio
1723 256 1786 289 dte-

966 300 1063 330 monia
1077 301 1103 331 5.
1121 301 1188 332 Haec
1221 302 1318 342 itaque
1349 301 1459 334 Iudaeis
1485 305 1517 332 ut
1539 302 1626 332 homo
1644 301 1788 333 Dominus

964 344 1097 375 elocutus
1113 350 1158 376 est
1175 355 1182 375 :
1199 345 1353 386 discipulis
1372 355 1441 378 vero
1468 345 1610 377 deitatem
1626 350 1654 377 et
1670 346 1786 386 magni-

963 388 1097 422 tudinem
1109 399 1190 420 suam
1204 394 1429 427 ostentans,non
1436 391 1581 421 minorem
1592 390 1787 430 semetipsum

963 431 1087 473 Spiritu,
1105 434 1156 464 sed
1171 434 1315 474 majorem
1334 439 1363 465 et
1377 435 1519 475 aqualem
1535 435 1690 472 deuotans,
1708 435 1787 466 elar-

961 477 1096 516 giebatur
1109 477 1263 518 Spiritum,
1275 478 1443 520 aiebatque,
1454 479 1516 519 Ego
1528 479 1611 510 illum
1623 479 1750 519 mittam,
1760 484 1790 510 et

961 521 1011 551 ille
1021 531 1068 552 me
1079 522 1784 563 gloriﬁcabit,etquzecunqueaudietloqueturﬁu

962 566 1125 597 Considera
1132 567 1242 598 dictum
1253 568 1353 606 hoc,et
1362 577 1430 598 cum
1442 577 1531 608 supra
1543 568 1660 608 scriptis
1668 569 1783 606 confer,

965 615 995 640 ut
1004 614 1064 641 tres
1074 612 1120 642 isti
1132 614 1195 642 sine
1206 612 1382 651 exceptione
1394 612 1521 651 majores
1533 616 1620 643 testes
1631 621 1788 644 assuman-

964 659 1024 692 tur,
1041 657 1261 694 conﬁrmantes,
1278 658 1426 689 Romanos
1443 666 1502 687 non
1517 656 1618 688 dicere
1633 657 1705 688 duas
1721 667 1788 689 cau—

964 709 1011 731 sas
1027 700 1164 740 Spiritus,
1179 702 1247 732 licet
1262 702 1346 733 illum
1362 711 1397 733 ex
1411 703 1507 735 Patre,
1525 706 1554 732 et
1568 711 1604 734 ex
1618 702 1693 733 Filio
1704 697 1790 734 ass?-

964 745 1163 776 rant.Elenim
1172 747 1196 777 si
1208 756 1305 787 neque
1316 754 1439 787 magnus
1449 746 1574 778 Basilius
1580 745 1653 777 duas
1665 746 1791 787 Spiritus

966 798 1068 821 causas
1084 790 1253 822 constabilit
1265 791 1379 829 dicens,
1408 802 1419 819 α
1438 790 1580 831 Spiritum
1597 800 1632 822 ex
1647 791 1720 822 Filio
1737 791 1790 823 ha-

89 835 191 872 μαίους
228 836 266 874 μὴ
288 835 332 864 δύο
357 836 444 876 λέγειν
470 837 503 865 ταί
531 837 576 865 τοῦ
604 837 763 875 Πνεύματος
795 834 882 872 αῗτία,
900 836 920 862 εἰ

1005 844 1037 866 re
1051 844 1139 873 esse;
1157 845 1253 876 neque
1278 835 1441 877 Nyssenus,
1462 847 1473 863 ι
1490 835 1598 866 Filium
1623 835 1791 867 decernens

90 881 137 907 καὶ
178 880 208 908 ἐκ
245 881 353 920 ΙΙατρὸς
387 882 431 910 καὶ
464 883 524 910 fici)
545 885 621 910 τοῦτο
649 881 763 920 λέγουιιν
781 889 788 895 ·

821 881 842 908 εἰ
871 880 921 919 γὰρ
934 879 942 880 “
964 879 1152 919 praeintelligi
1161 879 1271 920 Spiritu
1284 880 1448 912 secundum
1456 880 1601 911 rationem
1608 888 1792 917 causae;«ne-

91 925 164 961 μήτε
191 926 205 953 ὁ
234 925 318 964 μέγας
351 925 485 958 Βασίλειος
511 926 554 954 δύο
585 927 666 958 αἰτίας
696 929 742 954 τοὺ
763 925 920 962 ΙΙνεύματος

1004 933 1020 954 e
1036 933 1161 963 magnus
1176 925 1356 956 Athanasius
1372 923 1506 956 scribens
1524 935 1531 954 :
1547 937 1560 953 α
1572 924 1680 956 Filium
1693 926 1789 965 majo-

87 969 200 1009 εἴρηκε,
231 969 320 1009 λέγων
341 971 382 1010 τὸ,
409 981 420 998 ι
438 972 552 1008 Πνεῦμα
585 971 655 1010 παρᾶ
683 974 729 998 τοῦ
762 969 821 998 Υἱοῦ
849 969 920 1009 ἔχων

1002 978 1026 998 m
1043 968 1185 1009 Spiritu,»
1205 979 1302 1010 neque
1316 969 1442 1000 Romani
1457 969 1530 1000 duas
1544 969 1671 1010 Spiritus
1683 978 1788 1001 causas

86 1014 117 1041 τὸ
141 1015 228 1042 εἶναι.
249 1026 262 1042 ιι
301 1016 369 1052 μήτε
403 1016 417 1044 ὁ
453 1016 557 1049 Νύσσης
593 1016 637 1044 τὸν
673 1017 732 1044 Υἱον
759 1013 920 1054 δογματίζων

1002 1013 1244 1050 ierunt,dicentes
1257 1014 1340 1044 illum
1354 1023 1390 1044 ex
1402 1013 1488 1045 Patre
1495 1013 1602 1045 etFilio
1612 1013 1790 1054 procedere.

86 1059 333 1098 προεπινοούμενον
354 1063 401 1088 τοῦ
413 1060 564 1098 Πνεύματος
577 1061 645 1089 κατὰ
669 1061 714 1088 τὸν
729 1062 779 1093 τῆς
808 1058 892 1090 αἰτίας
920 1057 1011 1097 λόγον,
1032 1070 1045 1086 n
1077 1059 1144 1096 μήτε
1168 1060 1181 1086 ὁ
1209 1059 1292 1098 μέγας
1327 1057 1494 1095 Ἀθανάσιος,
1524 1058 1609 1098 λέγων
1630 1069 1641 1086 ii
1661 1060 1707 1086 τὸν
1729 1061 1790 1087 Υξὸν

89 1104 203 1139 μείζονα
224 1107 271 1132 τοῦ
292 1105 455 1142 Πνεύματος,
478 1117 489 1134 ι
508 1104 565 1133 οὐδὲ
581 1101 747 1142 οἳῬωμαϊοι
776 1102 820 1132 δύο
836 1103 919 1136 αἰτίας
947 1104 994 1131 τοῦ
1024 1103 1174 1140 Πνεύματος
1203 1103 1336 1142 λέγουσιν,
1367 1102 1397 1131 ἐκ
1427 1104 1526 1142 [lat-.pr
1557 1104 1602 1132 καὶ
1635 1105 1696 1132 1⁸ἱοῦ
1725 1105 1789 1133 αὐτὸ

91 1147 221 1188 λέγοντες
243 1147 438 1188 ὶκπορεύεσθαι,

179 1187 183 1196 ¹
225 1191 232 1202 ν
329 1193 335 1201 ι
451 1194 458 1202 ι
771 1192 795 1202 ιν
910 1192 918 1202 \

131 1203 170 1226 κη
188 1217 194 1223 ,
236 1191 301 1221 Αλλ’
327 1194 369 1221 επὶ
394 1204 461 1229 τρισι
488 1194 589 1225 τούτοις
630 1194 741 1233 μάρτυσι
769 1200 850 1233 caluo
877 1203 920 1220 και

91 1237 145 1269 τας
177 1238 360 1276 ρηθησομένας
387 1238 470 1270 ἄλλοις
500 1239 640 1278 μαρτυρίας
670 1240 705 1271 εἷς
741 1238 790 1272 σὴν
811 1236 920 1265 ἀπόδει-

89 1281 130 1314 ξιν
146 1286 195 1311 τοῦ
217 1282 288 1310 εἶναι
310 1283 340 1311 τὸ
365 1283 476 1320 Πνεῦμα
491 1284 533 1311 καὶ
555 1283 584 1311 ἐκ
605 1284 651 1310 τοῦ
688 1283 755 1312 ι’ἷοῦ.
787 1278 816 1311 Ὀ
845 1282 919 1321 ἅγιος

91 1325 224 1365 Κύριλλος
240 1326 267 1354 ὲν
289 1330 323 1365 τῇ
338 1326 463 1367 ἑρμηνείᾳ
492 1330 525 1365 τῇ
540 1328 576 1360 εἰς
600 1328 645 1356 τὸν
674 1328 812 1367 προφήτην
827 1325 918 1363 ’1ωὴλ,

88 1371 151 1399 ἔνθα
167 1372 210 1409 τὸ,
232 1381 243 1398 (ι
256 1372 350 1411 jar/‘26.»
364 1372 416 1400 ἀπὸ
442 1375 487 1400 τοῦ
502 1371 658 1410 ΙΙνεύματός
675 1382 725 1409 μου
739 1383 753 1399 ι)
771 1371 918 1411 ἐξηγεῖται,

93 1416 176 1454 φησίν
201 1423 208 1430 ·
229 1428 240 1442 ι
255 1407 289 1444 Ἦ
311 1416 361 1453 μὲν
381 1418 431 1455 γάρ
447 1416 501 1444 ἐστι
517 1418 594 1452 Θεὸς,
623 1416 666 1444 καὶ
695 1416 726 1444 ἐκ
759 1419 824 1445 0ιοῦ
852 1417 919 1444 κατὰ

89 1460 170 1499 φύσιν
183 1461 196 1488 ὁ
218 1460 276 1492 Υἱός
294 1470 300 1477 ·
328 1460 483 1500 γεγέννηται
510 1461 559 1501 γὰρ
589 1461 619 1488 ὲκ
641 1464 706 1489 Θεοῦ
720 1461 765 1488 καὶ
787 1459 892 1500 Πατρός
909 1468 915 1475 ⁸

90 1503 160 1533 ἴδιον
177 1507 256 1534 αὒτοῧ
276 1516 304 1532 τε
319 1506 362 1533 καὶ
384 1505 410 1532 ἐν
435 1506 505 1539 αὐτῷ
527 1507 569 1534 καὶ
599 1504 624 1538 ἐξ
641 1506 719 1534 αὒτοῦ
749 1506 778 1533 τὸ
808 1506 954 1543 Πνεῦμάο

90 1549 159 1587 ἐστι,
200 1550 315 1589 καθάπερ
343 1549 434 1588 ἀμέλει
463 1549 505 1579 ἐπ’
533 1551 611 1579 αὺτοῦ
640 1557 740 1579 νοεῖται
781 1553 826 1578 τοῦ
855 1550 922 1578 Θεοῦ

90 1597 135 1624 καὶ
165 1596 284 1634 Πατρός,
303 1609 317 1624 ι
343 1593 371 1626 ’0
394 1597 472 1628 αὐτὸς
501 1597 528 1627 ὲν
543 1601 580 1634 τῷ
620 1597 684 1636 πρὸς
714 1595 824 1634 βασιλέα
853 1600 921 1625 Θεο-

90 1640 183 1669 δόσιον
199 1640 283 1681 λόγῳ,
306 1642 336 1669 οὗ
351 1642 370 1675 ἢ
403 1641 485 1682 ἀρχὴ,
520 1651 534 1671 α
570 1642 623 1676 Τῆς
646 1641 694 1680 μὲν
722 1641 749 1669 ἕν
777 1641 921 1681 ἀνθρώποις

90 1685 211 1717 εὐκλείας
225 1687 256 1713 τὸ
273 1685 412 1724 ἀνωτάτω,
437 1696 448 1711 ν
467 1687 532 1726 φησί
549 1695 555 1702 ·
576 1697 587 1714 ι
620 1686 781 1721 Βαπτίζοντα
810 1686 860 1726 ἔφη
879 1687 921 1714 τὸν

91 1729 196 1764 Ἰησοῦν
211 1730 253 1768 λέν
268 1731 339 1770 πυρὶ,
357 1731 386 1759 οὔ
415 1731 444 1759 τὸ
473 1730 611 1771 ἀλλοτριον
638 1737 696 1763 τοῖς
718 1730 920 1769 βαπτιζομένοις

91 1774 193 1803 ἑνιέντα
222 1775 334 1813 Πνεῦμα
370 1774 555 1816 δουλοπρεπῶς
582 1776 626 1803 καὶ
650 1776 828 1814 ὑπηρετικῶς,
858 1774 918 1803 ἀλλ’

91 1820 127 1852 ὡς
157 1820 224 1847 Θεὸν
261 1819 320 1856 μετ’
348 1820 462 1852 ἐξουσίας
492 1822 540 1853 τῆς
567 1820 705 1856 ἀνωτάτω,
736 1821 766 1848 τὸ
787 1819 812 1853 ἐξ
841 1820 919 1848 αὐτοῦ

89 1864 131 1891 καὶ
149 1862 218 1892 ἴδιον
244 1866 334 1893 αὖτοῦ,
352 1877 365 1891 n
386 1860 414 1893 ’0
444 1864 526 1904 μέγας
556 1864 710 1896 Ἀθανάσιος
741 1864 768 1892 ἔν
796 1868 834 1902 τῷ
861 1866 918 1903 περὶ

89 1910 138 1942 τῆς
169 1907 294 1948 ὲνσάρκου
325 1909 475 1949 ἐπιφανείας
509 1911 555 1937 τοῦ
603 1913 668 1938 Θεοῦ
702 1908 793 1948 λόγου,
844 1910 874 1937 οὗ
901 1911 918 1945 ἦ

92 1954 178 1993 ἁρχὴ.
200 1965 212 1981 ι
230 1955 260 1982 Οἱ
274 1954 444 1994 κακοτέχνως
460 1955 508 1986 τὰς
529 1954 598 1985 θείας
630 1954 732 1993 Γραφὰς
762 1953 918 1992 βουλόμενοι

92 2005 176 2033 ν)εϊν,
195 2009 208 2024 3
239 1999 317 2037 φησίν
376 2011 389 2025 α
408 1998 489 2031 Αὐτὸς
515 1999 565 2038 γὰρ
587 1999 649 2027 αὐτὸ
678 1998 776 2027 ἄνωοεν
802 1998 919 2035 ἔπεμπεν

93 2044 129 2073 ὡς
169 2043 246 2077 Θεὸς,
282 2043 325 2070 καὶ
354 2043 431 2074 αότὸς
470 2043 534 2070 αὖτὸ
566 2043 682 2070 κάτωθεν
706 2041 849 2083 ὑπεδέχετο
884 2044 919 2076 ὡς

95 2086 244 2127 ἅνθρωπος.
269 2087 311 2120 ἘΞ
340 2088 418 2115 αὖτοῦ
440 2087 484 2116 οὖν
514 2088 550 2119 εἷς
577 2087 654 2115 αὒθὸν
690 2088 782 2126 κατῄει
813 2088 842 2115 ἐκ
870 2089 919 2121 τῆς

94 2131 220 2166 θεότητος
256 2132 336 2160 αὖτοῦ
363 2133 399 2164 εἰς
423 2133 473 2166 τὴν
507 2132 697 2171 ἁνθρωπότητα
730 2133 819 2161 αυτοῦ.
839 2144 850 2161 ι
891 2127 919 2161 Ὀ

1002 1190 1052 1221 28.
1070 1191 1128 1222 Sed
1146 1201 1205 1231 prae
1216 1192 1262 1223 his
1281 1191 1375 1223 tribus
1385 1191 1511 1222 testibus
1522 1191 1630 1222 habeto
1644 1192 1698 1223 tibi
1712 1191 1789 1223 intra

964 1236 1101 1276 ponenda
1129 1237 1186 1267 alia
1215 1237 1398 1277 testimonia,
1419 1236 1527 1276 quibus
1554 1236 1785 1274 demonstratur,

962 1281 1104 1321 Spiritum
1134 1290 1200 1312 esse
1230 1286 1258 1312 et
1287 1291 1322 1312 ex
1352 1281 1439 1312 Filio.
1466 1280 1591 1312 Sanctus
1615 1281 1789 1322 Cyrillusin

963 1326 1147 1366 expositione
1171 1326 1264 1357 Joelis
1293 1327 1456 1367 prophetae,
1483 1335 1517 1356 eo
1542 1326 1572 1356 in
1589 1326 1666 1366 loco,
1683 1326 1713 1357 in
1728 1335 1786 1367 quo

961 1370 1035 1401 illud
1053 1381 1059 1401 :
1081 1370 1252 1401 «EtTundam
1269 1369 1405 1410 eSpiritu
1417 1379 1483 1401 meo
1496 1370 1541 1408 7,»
1553 1371 1786 1411 interpretatur:

965 1415 1108 1446 «Ratione
1120 1415 1252 1455 quidem,
1270 1424 1326 1455 qua
1337 1419 1381 1446 est
1396 1414 1487 1453 Deus,
1504 1419 1534 1446 et
1549 1425 1582 1446 ex
1598 1417 1659 1447 Deo
1675 1425 1785 1447 secun-

962 1460 1031 1490 dum
1060 1463 1193 1490 naturam
1222 1459 1333 1490 Filius:
1352 1468 1480 1500 namque
1503 1469 1540 1491 ex
1554 1459 1615 1491 Deo
1644 1464 1674 1491 et
1699 1461 1788 1492 Patre

967 1509 1124 1543 generatus
1154 1508 1216 1541 est;
1246 1503 1384 1544 proprius
1412 1504 1518 1544 ipsius,
1549 1508 1578 1536 et
1605 1504 1635 1535 in
1659 1505 1734 1545 ipso,
1761 1509 1791 1537 et

963 1558 998 1580 ex
1028 1549 1091 1589 ipso
1121 1553 1167 1580 est
1204 1549 1333 1589 Spiritus
1376 1552 1506 1586 ranctus,
1536 1549 1787 1590 quemadmodum

964 1594 1079 1625 scilicet
1092 1593 1129 1624 de
1145 1593 1209 1634 ipso
1235 1592 1410 1633 intelligitur
1433 1594 1494 1625 Deo
1517 1597 1546 1625 et
1562 1595 1658 1626 Patre.
1677 1606 1687 1622 ι
1706 1594 1788 1626 Idem

963 1639 1128 1669 orationem
1156 1638 1192 1669 ad
1222 1638 1431 1678 imperatorem
1455 1637 1670 1679 Theodosium,
1700 1640 1785 1679 cujus

963 1682 1144 1723 principium
1177 1693 1184 1712 :
1213 1695 1225 1710 ε
1258 1682 1370 1720 Gloria,
1399 1692 1464 1723 quae
1497 1683 1527 1714 in
1543 1683 1715 1714 horninibus
1729 1688 1784 1720 est,

962 1737 1147 1767 supremum,
1168 1739 1179 1754 ιι
1210 1727 1273 1757 ait:
1295 1737 1309 1757 (
1335 1727 1534 1767 Baptizantem
1552 1727 1625 1758 dixit
1638 1728 1740 1760 Jesum
1755 1728 1787 1760 in

963 1772 1041 1812 igne,
1059 1781 1118 1802 non
1144 1771 1274 1802 alienum
1300 1771 1348 1808 iis,
1365 1772 1416 1812 qui
1432 1771 1628 1812 baptizantur,
1646 1773 1786 1813 injicien-

962 1821 1020 1848 tem
1037 1816 1194 1857 Spiritum,
1225 1817 1302 1848 servi
1330 1817 1424 1847 instar
1448 1821 1477 1848 et
1491 1817 1671 1855 administri,
1688 1817 1742 1850 sed
1757 1822 1791 1848 ut

960 1862 1054 1893 Deum
1072 1871 1138 1892 cum
1155 1871 1296 1902 suprema
1326 1861 1475 1902 facultate,
1493 1861 1544 1902 qui
1559 1871 1593 1892 ex
1608 1862 1672 1902 ipso
1686 1867 1741 1901 est,
1761 1867 1790 1893 et

962 1915 1033 1936 suus
1048 1905 1349 1946 proprius.»Sanctus
1360 1906 1539 1937 Athanasius
1552 1906 1730 1938 orationede
1744 1906 1789 1937 in-

962 1955 1084 1981 carnata
1101 1950 1289 1991 apparitione
1307 1949 1360 1981 Dei
1375 1949 1477 1988 Verbi,
1495 1951 1580 1991 cujus
1596 1951 1788 1991 principium.

965 2007 975 2022 ι
982 1994 1038 2030 Qui
1046 1995 1192 2026 malitiose
1199 1993 1485 2035 divinasSCripturas
1491 1995 1769 2035 voluntintelligere.
1776 2009 1787 2025 ι

963 2039 1066 2070 tradit:
1081 2054 1091 2067 ιι
1106 2041 1172 2079 ipse
1184 2039 1263 2070 enim
1275 2039 1357 2070 illum
1370 2039 1498 2080 desuper
1507 2040 1638 2071 mittebat
1649 2044 1680 2072 ut
1689 2040 1788 2079 Deus;

963 2090 991 2114 et
1006 2084 1069 2124 ipse
1085 2084 1168 2115 illum
1183 2084 1212 2115 in
1234 2084 1294 2115 imo
1310 2083 1487 2124 accipiebat,
1505 2089 1536 2115 ut
1551 2085 1650 2116 homo.
1667 2085 1709 2116 Ex
1724 2086 1788 2126 ipso

962 2129 1059 2169 itaque
1075 2129 1105 2159 in
1122 2129 1219 2169 ipsum
1232 2128 1484 2168 descendebat,ex
1495 2129 1645 2161 divinitate
1657 2130 1788 2170 ipsiusin

96 2176 283 2215 Χρυσόστομος
306 2176 332 2204 ἐν
360 2180 398 2213 τῷ
433 2176 506 2216 λόγῳ
527 2180 566 2213 τῷ
607 2177 642 2208 εἰς
669 2176 718 2210 τιὶν
751 2176 919 2216 ἆνθρώπησιν

1007 2174 1176 2205 inanitatem
1204 2173 1308 2213 ipsius.
1326 2186 1339 2201 ι)
1359 2174 1585 2214 Chrysostomus
1608 2175 1740 2206 oratione
1755 2176 1785 2206 in

96 2222 140 2248 τοῦ
166 2220 257 2259 Κυρίου
272 2220 350 2258 ἡμῶν
374 2221 462 2255 Ἰησοῦ
494 2220 614 2259 Χριστοῦ,
643 2221 685 2248 καὶ
715 2221 751 2252 εἰς
773 2222 815 2261 τὸ,
839 2220 919 2251 Ἐκά-

97 2276 150 2301 στρ
162 2264 270 2302 κλίματι
293 2265 474 2305 ἐφεστήκεσαν
488 2264 606 2304 ἄγγελοι,
631 2265 659 2293 οὗ
683 2265 697 2298 ἣ
721 2266 804 2305 ἁρχὴ,
821 2280 832 2295 ε
852 2261 922 2295 "0v-

98 2321 147 2342 τως
163 2309 280 2349 ἐπεφάνη
296 2311 362 2348 ημῖν
378 2312 396 2346 ἡ
414 2315 459 2340 τοῦ
475 2310 539 2338 Θεοῦ
560 2310 651 2350 χάρις,
667 2313 680 2345 ᾖ
696 2310 773 2350 φησίν
791 2317 797 2324 ⁸
825 2322 836 2338 α
852 2305 921 2339 Ἠλ-

99 2355 138 2381 Θεν
159 2355 296 2393 ὁΧριστὸς
312 2355 376 2389 πρὸς
405 2355 476 2392 ίιιμᾶς
494 2363 501 2368 “
532 2353 628 2382 ἔδωκεν
657 2355 723 2392 ἡμῖν
752 2355 782 2382 τὸ
804 2354 829 2387 ἕξ
844 2355 922 2383 αὒτοῦ

101 2399 222 2436 Πνεῦμα,
253 2399 296 2427 καὶ
324 2398 466 2428 ὰνελάϐετο
495 2400 525 2427 τὸ
569 2398 696 2438 τημέτερον
725 2402 814 2434 σῶμα.
845 2411 856 2428 ο
891 2399 922 2428 Ὀ

101 2444 176 2475 αὖτός
191 2442 270 2480 ἐντῴ
285 2443 367 2483 λόγῳ,
386 2448 423 2481 τῷ
453 2445 489 2475 εἰς
518 2444 548 2471 τὸ
577 2443 719 2483 μυστηρίον
747 2448 793 2472 τοῦ
822 2445 923 2482 βαπτί-

101 2498 199 2524 σματος
231 2488 260 2516 οὗ
281 2488 299 2521 ἡ
322 2489 407 2528 ἀρχὴ,
435 2488 553 2520 «Πάλιν
579 2488 647 2526 ἡμῖν
676 2489 693 2522 ἡ
723 2488 769 2516 τοῦ
797 2490 924 2526 μακαρίου

103 2531 184 2559 Δαυ“ιδ
212 2533 377 2569 πνευματικὴ
413 2533 516 2572 κιθάρα,
538 2544 549 2560 ιι
586 2533 672 2573 φησί·
707 2544 720 2559 ι
752 2533 801 2560 Διὰ
815 2535 921 2562 τοῦτοὸ

102 2576 193 2615 Σωτὴρ
215 2576 339 2605 δείκνυσιν
356 2578 447 2607 ἑαυτὸν
476 2578 568 2616 πηγὴν
597 2580 680 2618 ζωῆς,
710 2578 753 2605 καὶ
782 2576 849 2617 ὓδωρ
870 2579 922 2614 ζῶν

101 2620 128 2647 τὸ
145 2621 256 2657 Πνεῦμα
277 2622 307 2649 τὸ
321 2622 408 2661 ἅγιον.
435 2634 445 2649 ι
467 2617 495 2650 Ὀ
523 2623 600 2653 αὐτὸς
629 2622 656 2650 ἐν
685 2625 723 2658 τῷ
738 2622 796 2660 περὶ
809 2625 861 2650 τῶν
878 2622 921 2652 δύο

104 2667 239 2698 ,διαθηκῶν
260 2665 343 2706 λόγῳ,
371 2666 401 2695 οὗ
422 2667 439 2700 ἡ
469 2666 553 2706 ἀρχὴ,
576 2678 587 2694 ιι
607 2667 671 2695 Θεὸν
697 2666 724 2694 δὲ
739 2666 784 2694 ἕνα
807 2667 851 2695 καὶ
879 2668 923 2696 τὸν

964 2220 1199 2250 incarnationem
1224 2219 1344 2250 Domini
1373 2220 1466 2250 nostri
1482 2221 1552 2251 .lesu
1574 2221 1696 2261 Christi,
1713 2226 1742 2252 et
1756 2222 1787 2252 in

964 2265 1050 2302 illud,
1082 2266 1114 2296 ln
1142 2274 1317 2305 quacunque
1344 2264 1466 2304 regione
1490 2265 1788 2305 assistebantangeli,

964 2309 1049 2349 cujus
1079 2308 1270 2349 principium,
1298 2321 1309 2336 α
1329 2308 1405 2340 Vere
1430 2310 1567 2349 apparuit
1591 2309 1677 2340 nobis
1692 2309 1790 2340 divina

963 2354 1067 2393 gratia,
1088 2367 1098 2382 ι)
1117 2354 1207 2384 refert
1224 2364 1230 2382 :
1251 2366 1262 2380 α
1281 2352 1370 2383 Venit
1387 2353 1521 2384 Christus
1535 2353 1569 2384 ad
1587 2363 1652 2394 nos,
1668 2354 1790 2385 tradidit

967 2398 1064 2436 nobis,
1093 2398 1143 2438 qui
1169 2408 1202 2429 ex
1228 2398 1293 2439 ipso
1322 2401 1379 2436 est,
1396 2397 1550 2438 Spiritum,
1579 2402 1607 2429 et
1627 2399 1789 2440 assumpsit

968 2446 1100 2473 nostrum
1131 2452 1248 2483 corpus.
1270 2455 1281 2470 »
1309 2441 1391 2472 Idem
1413 2443 1547 2474 oratione
1569 2443 1599 2474 in
1615 2443 1788 2484 mysterium

969 2488 1251 2528 baptismatis,cujus
1266 2487 1457 2528 principium,
1470 2488 1602 2520 «Rursus
1613 2488 1698 2519 nobis
1709 2492 1794 2520 sanet

968 2533 1084 2563 Davidis
1091 2533 1232 2573 spiritalis
1238 2532 1362 2564 cithara.
1375 2531 1536 2573 Propterea
1543 2532 1788 2564 Servatorosten—

965 2577 1008 2608 dit
1030 2577 1223 2618 semetipsum
1246 2577 1356 2608 fontem
1378 2578 1454 2615 vitae,
1472 2580 1503 2609 et
1518 2587 1624 2618 aquam
1641 2578 1787 2610 viventem

965 2622 1108 2662 Spiritum
1138 2626 1284 2653 sanctum.
1304 2634 1316 2650 ι
1336 2623 1417 2653 Idem
1446 2622 1580 2654 oratione
1609 2623 1647 2654 de
1673 2623 1788 2654 duobus

966 2667 1175 2707 Testamentis,
1193 2667 1277 2707 cujus
1286 2667 1480 2708 principium,
1499 2667 1607 2699 «Deum
1618 2676 1687 2699 vero
1697 2677 1788 2698 unum

142 2750 158 2775 5
172 2749 275 2781 Matth.
294 2758 347 2789 xu,
364 2749 413 2784 28.
426 2750 443 2777 σ
455 2749 542 2783 Joan.
560 2759 623 2792 xvr,
640 2751 689 2788 13,
706 2751 757 2783 t4.
772 2750 787 2775 ἰ
803 2749 880 2783 Joel.
897 2760 931 2790 ιι,
947 2752 1000 2784 28.
