1936 3078
196 113 249 144 1οἳ

729 112 862 144 JOANN.
882 110 990 143 VECCI
1004 112 1064 146 GP.
1079 114 1347 148 ΡΑΤΗΙΑΒΟΗιΕ.

1820 119 1873 153 108

195 183 272 213 bona
300 183 451 219 duntaxat,
477 191 541 222 quae
563 180 814 226 ηιιιιιτδιὶιετνὶὶιίε
826 181 938 226 insunt,
955 189 1003 210 net

1073 181 1093 207 αἱ
1109 181 1156 208 οὐκ
1191 180 1293 221 ἔξωθεν,
1321 182 1377 211 οὐδὲ
1406 183 1546 222 ἐπίκτητα,
1577 187 1614 218 ὡς
1649 188 1679 214 τὸ
1714 186 1823 226 δίκαιον,
1845 189 1873 215 τὸ

194 227 315 258 aliunde
329 227 488 258 adveniunt
511 225 668 266 acquisita.
685 229 716 255 ut
736 225 860 264 justitia,
883 225 1010 259 bonitas,

195 271 348 312 sapientia,
366 275 394 301 et
409 270 519 302 similia
537 280 543 300 :
561 273 732 310 agnoscunt
755 269 843 300 etiam
865 269 932 307 alia,
948 278 1013 309 qua;

195 316 369 347 naturaliter
401 315 503 345 insunt
536 314 616 346 Patri
645 318 673 345 et
701 313 788 347 Filio.
818 318 846 344 et
877 323 934 344 non
965 316 1012 344 in-

194 365 262 392 sunt
277 360 410 399 Spiritui,
428 369 486 390 non
502 359 579 400 quod
596 358 724 399 Spiritus
750 367 807 389 non
824 358 863 389 sit
877 358 1009 398 ejusdem

191 409 303 436 naturae
313 409 400 445 atque
415 406 501 436 Pater
513 408 542 435 et
552 403 657 443 Filius,
669 403 724 433 hoc
740 403 820 434 enim
831 403 916 442 longe
928 403 1011 434 abest

190 449 228 480 ab
244 450 325 481 omni
341 450 387 489 pia
402 449 590 488 cogitatione,
602 448 653 478 sed
670 447 747 487 quod
760 448 908 478 naturales
917 448 1012 479 Patris

189 498 220 524 ut
234 494 341 531 Patris,
368 498 397 524 et
417 493 484 524 Filii
505 496 536 523 ut
561 492 628 523 Filii
650 492 923 532 proprietates,non
952 492 1011 522 sint

192 547 368 569 communes
381 537 600 577 Spiritui.Licet
611 537 690 567 enim
705 536 838 575 ejusdem
854 541 965 567 natura;
973 536 1010 566 sit

189 582 316 623 Spiritus
329 586 448 613 sanctus
462 591 496 612 ac
511 583 597 613 Pater
626 586 655 612 et
682 581 774 612 Filius
789 586 917 611 attamen
944 585 1009 611 tan-

191 636 279 667 quam
295 627 457 667 Spiritusin
474 625 583 657 Triade
605 625 760 665 accipitur,
787 630 814 656 et
842 625 1008 656 universam

189 671 391 702 communium
412 671 590 702 naturalium
606 670 750 701 bonorum
768 669 1008 700 communionem

189 715 311 746 habebit
324 720 356 746 ut
372 715 518 756 Spiritus;
536 715 587 745 sed
605 714 780 746 naturalium
797 715 1007 754 proprietatum

188 760 283 791 Patris
298 764 327 791 et
343 760 456 796 Filii,ut
471 760 567 791 Patris
581 765 608 791 et
619 763 652 790 ut
670 759 748 794 Filii,
766 758 1006 789 communionem

187 813 246 835 non
263 804 527 840 habebit.Quanam
548 805 626 834 enim
642 804 757 835 ratione
773 803 922 834 naturales
937 813 1007 843 pro-

1056 225 1164 265 ἀγαθὸν,
1181 227 1210 254 τὸ
1225 238 1316 268 σοφον,
1335 229 1377 256 καὶ
1399 228 1430 256 τὰ
1452 233 1559 257 τοιαῦτα
1575 239 1582 246 ’
1608 230 1695 259 οἴδασι
1723 230 1750 259 δὲ
1765 232 1808 260 καί
1820 243 1875 260 τινα

1056 271 1171 316 φυτικως
1200 271 1249 308 μὲν
1284 272 1415 311 προσόντα
1444 274 1524 312 Πατρὶ
1551 275 1594 302 καὶ
1621 275 1683 312 Υἶῷ,
1714 277 1753 312 μὴ
1792 287 1874 316 προσ-

1055 313 1117 342 όντα
1132 313 1158 342 δὲ
1175 317 1213 352 τῷ
1228 317 1369 354 Πνεύματι,
1387 317 1416 345 οὗ
1439 316 1481 345 διὰ
1508 318 1539 346 τὸ
1567 319 1606 356 μὴ
1628 319 1676 353 τῆς
1706 321 1787 353 αὐτῆς
1813 313 1873 349 Πα-

1054 359 1093 396 τρὶ
1126 359 1169 387 καὶ
1199 361 1251 397 Υἷῷ
1279 361 1379 404 φύσεως
1408 361 1478 389 εἶναι
1507 363 1538 390 1‘0
1565 366 1669 400 Πνεῦμα
1697 363 1799 403 (πόῤῥω
1826 366 1874 404 γὰρ

1054 407 1130 431 τοῦτο
1156 404 1244 437 πάσης
1273 403 1392 436 εὐσεϐοῦς
1429 404 1566 446 διανοίας),
1597 406 1664 436 ἀλλὰ
1698 407 1739 437 διὰ
1774 410 1805 437 τὸ
1833 409 1870 446 μὴ

1054 446 1124 474 εἴναι
1146 448 1178 475 τὰ
1190 449 1285 487 φυσικὰ
1311 454 1357 478 τοῦ
1386 451 1485 489 Πατρὸς
1517 452 1580 478 καθὸ
1610 453 1722 491 Πατρὸς,
1759 454 1802 481 καὶ
1829 454 1875 481 τοῦ

1055 491 1114 519 Υἱοῡ
1135 492 1199 519 καθὸ
1234 494 1293 522 Υἱού
1316 492 1445 530 ἰδιώματα
1475 495 1549 521 κοινὰ
1577 495 1620 522 καὶ
1647 498 1685 532 τῷ
1728 497 1871 534 Πνεύματι,

1053 535 1080 562 1ὐί
1115 536 1164 574 γὰρ
1193 536 1304 569 καὶτῆς
1326 538 1407 571 αὐτῆς
1433 537 1488 565 ἐστι
1524 539 1604 578 Πατρὶ
1625 540 1667 567 καὶ
1699 540 1750 577 Υἷῷ
1776 541 1875 580 φύσεως

1050 579 1080 606 τὸ
1102 582 1207 618 Πνεῦμα
1234 582 1265 609 τὸ
1287 581 1373 620 ἅγιον1
1397 581 1456 609 ἀλλ’
1483 583 1519 614 ὡς
1548 586 1654 621 Πνελαμα
1678 584 1704 612 ἐν
1733 588 1766 622 τῇ
1788 585 1874 624 Τριάδι

1051 624 1296 662 παραλαμϐάνεται,
1327 627 1371 654 καὶ
1401 629 1486 655 πᾶσαν
1523 627 1572 664 μὲν
1601 629 1650 661 τὴν
1684 631 1736 656 τῶν
1780 630 1871 658 κοινῶν

1051 671 1165 707 φυσικῶν
1195 669 1299 708 ἀγαθῶν
1321 671 1457 698 κοινωνίαν
1487 670 1537 703 ἕξει
1564 671 1600 703 ὥς
1623 674 1739 712 Πνεῦμα,
1769 674 1818 707 τὴν
1845 673 1872 702 δὲ

1050 715 1101 739 τῶν
1137 716 1253 752 φυσικῶν
1293 713 1441 752 ἰδιωμάτων
1477 716 1580 755 [ἰατρὸς
1607 718 1650 744 καὶ
1689 718 1759 754 Υἱοῦ,
1809 720 1873 746 καθὸ

1051 757 1163 796 Πατρὸς,
1191 759 1234 786 καὶ
1263 760 1326 787 καθὸ
1356 761 1415 787 Υἱοῦ
1451 760 1587 788 κοινωνίαν
1622 761 1673 801 οὔχ
1710 761 1770 794 ἕξει.
1810 767 1869 794 Πῶς

1049 801 1098 839 γαρ
1134 801 1164 828 ἂν
1199 804 1294 842 φυσικὰ
1319 803 1447 841 ἰδιώματα
1486 803 1574 843 ἐῤῥέθη
1604 807 1706 845 Πατρὸς
1734 808 1777 834 καὶ
1812 809 1873 837 Υἱοῦ

188 849 328 889 prietates
342 849 405 879 haec
417 849 563 889 appellata
577 849 709 883 fuissent.
727 848 751 878 si
772 841 945 878 communia
958 856 1003 878 es-

1073 846 1139 883 t'31at,
1171 846 1247 886 εἴπερ
1268 847 1335 880 ἦσαν
1368 849 1443 876 κοινὰ
1472 850 1514 875 καὶ
1542 852 1580 885 τῷ
1603 850 1731 886 Πνεύματι
1747 860 1755 890 ς
1771 852 1873 879 Φυσικὰ

188 897 255 924 sent
269 898 298 923 et
313 893 453 933 Spiritui?
461 893 611 925 Naturalia
622 892 768 933 siquidem
784 892 939 931 hmc,quod
953 901 1005 922 na-

188 942 253 968 tura
264 937 365 969 insunt
381 938 460 969 Patri
473 942 502 968 et
517 937 590 967 Filio
604 946 610 968 :
622 937 816 976 proprietates
825 945 893 966 vero
913 935 1007 966 Patris

187 986 215 1013 et
230 982 309 1023 Filii,
326 983 403 1022 qtzod
420 992 479 1012 non
495 982 589 1013 insint
603 980 843 1021 Spiritui.Itaque
863 980 1005 1020 Spiritum

186 1036 246 1058 una
260 1027 347 1057 simul
363 1027 463 1057 haberi
474 1036 491 1057 a
505 1028 591 1058 Patre
606 1030 635 1057 et
650 1026 736 1062 Filio,
754 1025 885 1055 naturale
900 1028 944 1055 est
958 1024 1007 1054 bo-

189 1080 258 1101 num
272 1071 367 1103 Patris
382 1075 410 1102 et
424 1071 503 1108 Filii,
518 1071 570 1101 sed
597 1074 629 1101 ut
655 1070 817 1110 proprietas
833 1069 1005 1099 earumdem

187 1115 340 1147 naturalis.
366 1117 432 1147 Non
447 1115 515 1146 ideo
531 1124 601 1154 ergo
620 1115 687 1154 quia
705 1113 903 1145 communicat
916 1113 1007 1143 Filius

185 1169 251 1190 cum
270 1160 447 1200 Patre,quod
460 1169 493 1190 ex
510 1159 641 1199 utrisque
666 1158 793 1198 Spiritus
803 1158 851 1195 sit,
869 1166 1004 1188 commu-

185 1203 372 1234 nicabitcum
389 1204 500 1235 eisdem
517 1208 546 1234 et
560 1203 734 1243 Spiritus,ul
749 1207 778 1232 et.
792 1202 856 1242 ipse
871 1202 909 1232 sit
921 1210 955 1231 ex
971 1210 1002 1230 se

184 1247 249 1288 ipso
281 1246 342 1278 Hac
357 1248 546 1279 distinctione
560 1247 748 1279 considerata
763 1255 814 1286 pro
831 1246 916 1276 dictae
932 1254 1002 1285 pro-

184 1292 340 1332 positionis
366 1292 511 1329 examine,
529 1300 584 1332 que
614 1295 766 1327 assentur,
788 1303 801 1318 α
818 1289 1006 1329 Quzecunque

184 1341 254 1367 sunt
268 1336 361 1367 Patris
373 1337 541 1367 communia
556 1345 622 1367 cum
638 1334 911 1367 Filioeruntetiam
922 1343 1004 1364 com-

184 1380 284 1411 munia
299 1389 365 1410 cum
382 1379 492 1420 Spiritu
507 1384 619 1417 sancto,
638 1393 651 1408 »
679 1379 810 1419 indeque
834 1377 1002 1418 reprobato,

1048 889 1096 935 μὲν
1113 892 1161 929 γὰρ
1183 895 1273 935 ταῦτα,
1306 892 1344 919 ὅτι
1375 893 1449 932 φύσει
1477 892 1597 931 πρόσεισι
1627 895 1706 932 Πατρὶ
1734 889 1777 922 καὶ
1807 897 1872 935 Υἱῴ,

1049 933 1177 971 ἰδιώματα
1200 934 1226 963 δὲ
1242 937 1344 975 Πατρὸς
1374 937 1417 964 καὶ
1446 936 1517 974 Υἱοῦ,
1547 937 1587 965 ὃτι
1613 938 1651 974 μὴ
1682 939 1800 976 πρόσεισι
1829 933 1874 968 καὶ

1049 982 1086 1015 τῷ
1102 979 1244 1017 Πνεύματι.
1263 983 1297 1009 Τὸ
1327 984 1389 1019 γοῦν
1419 984 1512 1013 κοινῶς
1543 980 1615 1021 ἔχειν
1637 983 1667 1009 τὸ
1694 986 1800 1021 Πνεῦμα
1827 985 1873 1012 τὸν

1050 1023 1152 1062 Πατέρα
1169 1025 1211 1052 καὶ
1240 1026 1286 1052 τὸν
1323 1026 1382 1052 Υἱὸν
1412 1026 1518 1065 φυσικὸν
1553 1026 1602 1064 μὲν
1624 1026 1720 1065 ἀγαθὸν
1742 1027 1796 1056 ἐστι
1825 1033 1871 1057 τοὺ

1051 1069 1151 1106 Πατρὸς
1193 1069 1238 1096 καὶ
1272 1074 1318 1098 τοὺ
1367 1070 1437 1109 ι’ὶου,
1482 1069 1541 1097 ἀλλ’
1583 1072 1618 1103 ὡς
1653 1069 1747 1109 ἰδίωμα
1786 1073 1870 1101 αύτῶν

1048 1112 1167 1151 φυσικόν,
1185 1114 1220 1141 Οὐ
1248 1112 1313 1141 διότι
1343 1113 1405 1152 γοῦν
1433 1121 1556 1142 κοινωνεῖ
1585 1117 1598 1143 ὁ
1629 1116 1688 1146 Υἱὸς
1723 1120 1761 1144 τώ
1789 1119 1870 1156 Πατρὶ

1047 1157 1114 1184 κατὰ
1129 1161 1158 1185 τὸ
1180 1157 1310 1198 ὑπάρχειν
1331 1158 1356 1190 ἐξ
1385 1158 1485 1198 ἀμφοῖν
1500 1160 1530 1186 τὸ
1559 1158 1681 1197 Πνεῦμα¹
1713 1162 1869 1196 κοινωνήσει

1048 1202 1137 1232 αὐτοῖς
1160 1203 1202 1229 καὶ
1227 1203 1257 1230 τὸ
1286 1203 1398 1240 Πνεῦμα
1419 1203 1486 1231 κατὰ
1526 1204 1555 1231 τὸ
1583 1205 1713 1244 ὑπάρχειν
1734 1206 1777 1233 καὶ
1805 1206 1869 1234 αὐτὸ

1049 1244 1200 1278 εΞΙὲαυκτοῦ.
1239 1247 1368 1280 Τοιαύτης
1402 1251 1464 1286 γοῦν
1492 1247 1700 1286 ἐνθεωρουμένης
1727 1248 1869 1284 διαστολῆς

1047 1294 1081 1328 τῇ
1097 1289 1210 1329 λεγούσῃ
1225 1291 1362 1330 προτάσει,
1382 1301 1396 1320 ί
1414 1292 1502 1321 Πάντα
1524 1291 1573 1320 ὅσα
1599 1297 1644 1322 τοῦ
1669 1294 1777 1332 ΙΙατρὸς
1793 1296 1870 1322 κοινὰ

1046 1336 1111 1372 πρὸς
1127 1335 1171 1362 τὸν
1187 1336 1257 1371 Υἱὸν,
1281 1339 1363 1363 ταῦτα
1382 1337 1424 1364 καὶ
1441 1337 1505 1376 πρὸς
1525 1336 1555 1364 τὸ
1572 1337 1682 1374 Πνεῦμα
1695 1338 1725 1366 τὸ
1742 1338 1827 1376 ἅγιον·
1847 1351 1861 1366 ι

1046 1379 1182 1408 κάντεῦθεν
1211 1378 1387 1419 ἐληλεγμένου
1417 1381 1454 1416 μὴ
1485 1380 1571 1413 καλῶς
1599 1381 1672 1421 ἔχειν
1694 1387 1739 1411 τοῦ
1766 1382 1870 1411 οἴεσθαι

184 1433 244 1454 non
261 1425 335 1455 bene
346 1424 457 1455 sentire
473 1425 589 1465 eos,qui
601 1424 759 1464 opinantur
772 1422 913 1463 Spiritum
929 1430 1001 1461 pro—

1073 1430 1182 1452 μικωνεῖν
1197 1425 1228 1451 τὸ
1254 1425 1365 1462 Πνεῦμα
1393 1427 1442 1458 τῆς
1470 1425 1533 1456 ἰδίας
1562 1426 1692 1464 ὑπάρξεως
1728 1430 1765 1464 τῷ
1779 1427 1870 1465 Πατρὶ

183 1468 255 1508 prbe
282 1468 459 1499 exsistentiaa
483 1463 557 1499 ουιῐὶ
568 1463 654 1499 Patre
668 1472 695 1498 et
719 1467 793 1498 Filio
808 1474 998 1510 communem

1073 1469 1084 1495 ,i
1108 1470 1169 1505 Γὶᾦ,
1192 1469 1236 1496 εὰν
1258 1470 1272 1496 ὁ
1289 1470 1347 1501 Υἱὸς
1369 1476 1492 1498 κοινωνεῖ
1513 1473 1550 1507 τῷ
1579 1463 1666 1510 ΙΙατρὶ
1692 1463 1759 1499 κατᾶ
1793 1473 1824 1499 τὸ
1839 1463 1868 1505 ἔξ

182 1507 300 1543 causam
316 1522 394 1553 esse,
413 1515 438 1543 si
452 1513 542 1544 Filius
557 1521 714 1544 commune
736 1511 806 1552 quid
829 1507 917 1541 habet
932 1519 999 1541 cum

183 1555 270 1587 Patre
284 1557 313 1586 in
330 1557 459 1597 eo,quod
476 1566 510 1588 ex
520 1557 651 1597 utrisque
667 1561 712 1587 est
726 1555 852 1596 Spiritus
867 1558 997 1591 sanctus,

184 1609 243 1640 qua
257 1605 286 1630 tu
311 1601 427 1632 ratione
442 1605 471 1631 et
484 1601 573 1632 simili
593 1601 802 1631 communione
818 1608 900 1639 mque
925 1607 960 1629 ac
975 1599 998 1628 si

184 1645 354 1675 necessario
365 1645 560 1676 concluderes
573 1645 682 1685 aliquid
698 1653 811 1683 verum,
828 1644 999 1674 insinuasac

183 1688 321 1719 decernis
337 1689 491 1728 gentilium
503 1689 619 1727 fabulis,
635 1689 712 1729 quod
723 1698 740 1719 a
755 1688 866 1720 Latinis
881 1697 999 1718 asseve-

181 1739 263 1764 ratur
277 1738 308 1764 ut
324 1734 440 1774 dogma,
458 1735 674 1765 monstruosius
694 1733 780 1764 esse?
808 1733 839 1763 In
865 1732 1000 1773 syllogis—

182 1778 238 1808 mis
268 1787 337 1818 ergo
367 1779 462 1810 Photii
489 1779 717 1810 continebantur
746 1779 808 1808 haec
837 1782 865 1808 et
880 1777 999 1818 similia,

182 1826 211 1852 et
222 1822 284 1862 jam
296 1832 313 1852 a
328 1823 414 1854 nobis
436 1823 524 1853 allata
553 1823 623 1854 satis
637 1827 717 1859 sunt,
734 1827 765 1853 ut
781 1822 897 1861 opinor,
909 1822 945 1852 ad
968 1830 1001 1852 ea

182 1867 351 1897 evertenda.
372 1869 463 1898 Porro
480 1869 509 1898 in
526 1877 683 1907 progressu
710 1867 865 1903 orationis,
889 1866 1001 1896 {utilem

179 1910 339 1942 instituens
354 1912 597 1952 disputationem,
610 1913 672 1942 haec
693 1911 835 1951 prmtendi
857 1911 893 1941 ab
911 1911 1000 1948 Italis,

179 1954 231 1990 ait,
246 1956 458 1993 asserentibus,
466 1956 502 1986 ab
514 1956 684 1994 Ambrosio,
700 1957 872 1995 Augustino,
890 1959 918 1985 et
929 1955 1001 1985 Hie-

178 2007 301 2039 ronymo
317 2009 352 2030 ex
367 2000 440 2031 Filio
457 2001 678 2040 processionem
695 2001 843 2031 decretam
856 1999 958 2036 fuisse,
973 2001 1001 2029 et

178 2047 210 2073 ut
224 2043 363 2075 ruborem
380 2045 454 2076 forte
466 2045 592 2076 excutiat
604 2045 640 2076 ab
656 2045 747 2082 Italis,
764 2054 816 2085 pro
832 2045 915 2075 hisce
932 2043 1000 2074 viris

179 2088 324 2127 sapientia
336 2089 507 2120 clarissimis
522 2090 746 2130 responsionem
758 2098 840 2119 suam
857 2089 941 2119 hisce
950 2088 1001 2118 de-

178 2131 262 2166 rivat.
280 2141 388 2173 nempe
402 2144 409 2164 :

218 2176 269 2207 45.
287 2189 300 2204 ι(
317 2177 400 2208 Licet
411 2178 440 2208 id
456 2178 587 2209 dixerint
598 2179 660 2218 jam
677 2177 845 2215 memorati,
862 2177 936 2207 forte
951 2186 1000 2207 se~

179 2220 308 2251 cundum
325 2222 578 2263 dispensationem
594 2223 743 2259 dixerunt,
760 2231 818 2262 qua
841 2227 871 2252 et
883 2231 1004 2260 magnus

178 2265 307 2296 Basilius
319 2275 372 2297 suo
388 2272 521 2308 tempore
535 2277 605 2298 usus
622 2267 728 2307 est,vel
744 2267 781 2297 ab
796 2273 936 2297 accurata
952 2275 1002 2296 re-

178 2318 243 2339 rum
262 2311 364 2341 notitia
378 2311 420 2342 uti
445 2311 583 2342 homines
609 2311 793 2349 exciderunt,
819 2310 898 2350 quod
918 2309 1004 2340 multi

178 2358 355 2393 praestantes
370 2356 424 2386 viri
442 2357 575 2396 perpessi
589 2361 668 2396 sunt,
685 2355 772 2386 veluti
786 2355 1004 2386 Alexandrinus

179 2396 350 2439 Dionysius,
370 2399 536 2431 Methodius
551 2401 733 2440 Patarensis,
749 2404 778 2430 et
789 2399 864 2430 alius
877 2404 905 2430 et
917 2399 1003 2436 alius,

179 2441 230 2481 qui
256 2443 420 2475 sanctitatis
447 2445 504 2476 sibi
534 2454 643 2476 nomen
658 2444 859 2481 vendicaruut,
878 2452 1003 2484 quorum

178 2487 324 2518 nonnulla
338 2488 416 2520 dicta
436 2489 600 2520 Ecclesiam
617 2499 675 2520 non
690 2488 842 2528 recepisse
862 2500 874 2516 ν
901 2487 1003 2527 refert,

184 2541 198 2557 ι
216 2529 286 2561 licet
301 2531 331 2562 in
347 2533 413 2564 aliis
428 2534 555 2565 maxima
577 2534 607 2564 in
637 2533 831 2564 admiratione
857 2531 1003 2562 haberen-

178 2578 237 2606 tur.
259 2587 270 2605 ο

219 2621 256 2650 Ει
272 2620 328 2651 hoc
344 2625 388 2652 est
414 2622 511 2653 Photii
527 2631 579 2662 pro
595 2620 765 2658 Ambrosio,
783 2620 961 2660 Augustino,
977 2625 1006 2651 et

177 2664 204 2695 II
218 2664 370 2706 icronymo
378 2668 599 2707 responsum,in
612 2665 761 2696 intamiam
778 2666 814 2695 [οι
826 2670 853 2696 te
867 2665 1005 2696 Italorum

179 2709 240 2741 illis
256 2715 447 2749 cognatorum
474 2711 691 2750 excogitatum;
717 2719 770 2740 nos
797 2719 864 2741 vero
884 2710 914 2740 in
930 2709 1006 2740 infa-

181 2753 273 2785 miam
290 2755 387 2796 potius
402 2764 505 2786 eorum
517 2755 697 2796 judicamus,
727 2754 776 2794 qui
805 2755 958 2792 ambabus,
976 2760 1007 2786 ut

1040 1512 1140 1551 ἀμφοῖν
1154 1513 1286 1552 ὑπάρχεῖν
1301 1513 1330 1540 τὸ
1358 1514 1469 1551 Πνεῦμα
1487 1522 1494 1528 ”
1511 1517 1567 1546 πῶς
1596 1516 1626 1542 σὺ
1655 1515 1685 1544 ἐκ
1706 1518 1755 1549 τῆς
1776 1517 1868 1544 τοιαύ-

1040 1567 1088 1589 της
1123 1557 1270 1596 κοινωνίας,
1302 1558 1338 1589 ὡς
1366 1558 1437 1597 τάχα
1457 1558 1518 1586 κατ’
1540 1559 1658 1598 ἀνάγκην
1680 1560 1867 1599 συμπεραίνων

1040 1611 1065 1628 τι
1081 1600 1188 1638 ἀληθὲς,
1212 1602 1248 1633 εἷς
1263 1603 1293 1629 τὸ
1321 1601 1408 1641 λέγειν
1436 1602 1658 1643 τερατωδέστερον
1685 1607 1734 1638 τῆς
1758 1604 1864 1639 Ἐλλή-

1042 1657 1093 1673 νων
1119 1645 1271 1684 μυθολογίας
1299 1646 1444 1688 ἆπγοφαίνῃ,
1473 1649 1502 1675 τὸ
1545 1649 1615 1688 παρὰ
1657 1652 1708 1677 τῶν
1745 1649 1866 1677 Λατίνων

1042 1688 1286 1730 δογματιζόμενονς
1332 1687 1371 1719 ιΑ
1407 1692 1455 1729 μὲν
1483 1692 1526 1720 οὖν
1556 1692 1583 1720 ἐν
1611 1700 1667 1725 τοῖς
1687 1697 1732 1722 τοῦ
1760 1695 1868 1722 Φωτίου

1043 1734 1237 1773 Συλλογισμοϊς
1274 1735 1339 1763 τόσα
1378 1746 1406 1763 τε
1442 1737 1485 1764 καὶ
1524 1736 1623 1775 τοιάδε,
1647 1738 1690 1766 καὶ
1714 1737 1868 1776 ἀρκούντως

1043 1778 1115 1818 ἔχειν
1131 1779 1210 1809 οἶμαι
1244 1781 1288 1807 καὶ
1313 1780 1345 1807 τὰ
1379 1779 1441 1820 παρ’
1478 1781 1556 1818 ἡμῶν
1585 1782 1695 1820 ῥηθέντα
1744 1784 1780 1814 εἷς
1815 1784 1868 1816 τὴν

1044 1823 1148 1851 ἐκείνων
1174 1825 1323 1863 ὰνατροπήν
1342 1833 1348 1840 ’
1373 1823 1389 1851 ἃ
1408 1823 1435 1852 δὲ
1463 1826 1506 1852 καὶ
1534 1825 1627 1865 ἐφεξῆς
1663 1826 1719 1866 ἐρεῖ
1745 1829 1866 1866 προϊὼν,

1043 1867 1164 1906 λογοειδή
1200 1869 1354 1905 ποιούμενος
1382 1869 1430 1902 τὴν
1459 1867 1582 1907 διάλεξιν,
1622 1874 1703 1899 ταῦτα
1733 1873 1869 1912 προφλσί-

1043 1914 1132 1946 ζνσθαι
1169 1913 1229 1943 τοὺς
1259 1911 1375 1945 Ἰταλοὺς
1412 1925 1490 1953 φησι,
1521 1914 1644 1953 λέγοντας
1661 1915 1867 1956 πιιρὰΆμϐρο-

1044 1957 1113 1994 σίαυ,
1145 1957 1317 1995 Αύγουστίνου
1352 1969 1379 1985 τε
1426 1959 1469 1986 καὶ
1497 1958 1651 1998 Ἰερωνύμου
1679 1961 1727 1994 τὴν
1762 1961 1793 1988 ἐκ
1821 1963 1870 1990 τοῦ

1045 2001 1104 2028 Υἱου
1132 2000 1323 2040 θεολογηθῆναι
1367 2001 1518 2040 ἐκπόρευσιν
1559 2004 1603 2031 καὶ
1659 2004 1694 2035 εἰς
1735 2005 1870 2044 αἰσχύνην

1041 2044 1113 2084 τάχα
1129 2045 1302 2073 τώδίταλῶν
1325 2047 1512 2084 συστήσασθαι,
1543 2047 1609 2085 ἆπὲρ
1637 2051 1689 2076 τῶν
1717 2048 1759 2076 ἐπὶ
1787 2051 1871 2089 σοφίᾳ

1041 2088 1203 2127 περικλύτων
1231 2090 1330 2118 τούτων
1365 2089 1464 2130 ἀνδρῶν
1512 2091 1655 2131 ἀπολογίαν
1692 2088 1869 2134 βουλόμενος⁷

1013 2133 1111 2181 ῡοῦτω
1127 2134 1205 2172 φησίν
1221 2142 1228 2149 ·

1125 2173 1130 2181 .
1208 2174 1214 2181 .

1086 2173 1141 2215 με’.
1174 2189 1188 2206 α
1208 2174 1254 2210 ιΩς
1280 2179 1301 2207 εἰ
1328 2180 1372 2207 καὶ
1393 2180 1511 2218 εἰρήκασι
1539 2185 1615 2209 τοῦτο
1646 2183 1668 2209 οἱ
1691 2181 1868 2220 δηλωθέντες,

1046 2222 1113 2250 ἀλλὰ
1144 2222 1202 2251 κατ’
1229 2223 1382 2261 οἰκονομίαν
1418 2223 1485 2256 ἴσως
1514 2225 1660 2264 εἰρήκασιν,
1689 2227 1758 2263 ᾗτινι
1786 2227 1831 2255 καὶ
1855 2229 1870 2256 ὁ

1047 2268 1130 2306 μέγας
1155 2267 1291 2299 Βασίλειος
1319 2268 1346 2296 ἐν
1374 2275 1477 2308 καιροῖς
1508 2268 1578 2301 ἰδίοις
1608 2270 1754 2310 ἐχρήσατο,
1777 2271 1794 2304 ἢ
1823 2273 1872 2300 καὶ

1045 2314 1094 2345 τῆς
1117 2312 1247 2352 ἀκριϐείας
1275 2314 1312 2344 ὡς
1343 2312 1473 2353 ἅνθρωποι
1495 2314 1689 2353 παρεσύρησαν,
1723 2315 1737 2342 ὃ
1772 2314 1873 2345 πολλοὶ

1046 2357 1190 2385 πεπόνθασι
1204 2361 1257 2385 τῶν
1289 2356 1411 2396 μεγάλων
1443 2357 1470 2385 ἕν
1504 2369 1584 2398 τισιν,
1607 2360 1643 2390 ὡς
1673 2357 1875 2398 Ἀλεξανδρείας

1048 2401 1195 2438 Διονύσιος,
1226 2403 1269 2430 καὶ
1304 2401 1428 2432 Μεθόδιος
1462 2403 1476 2429 ὁ
1508 2403 1651 2439 Πατάρων,
1675 2404 1719 2431 ναὶ
1753 2404 1767 2430 ὃ
1797 2403 1882 2434 δεῖνα

1045 2446 1088 2472 καὶ
1103 2446 1116 2473 ὃ
1152 2444 1225 2474 δεῖνα
1258 2447 1311 2473 τῶν
1339 2446 1381 2474 lani.
1415 2445 1548 2484 ἁγιωσύνῃ
1586 2447 1794 2485 ὀνομασθέντων,
1833 2450 1880 2477 ὧν

1046 2500 1116 2520 τινας
1130 2490 1219 2528 ῥήσεις
1235 2491 1282 2519 οὺκ
1293 2489 1485 2529 ἆποδεχθῆναι,
1503 2502 1516 2518 ι
1534 2491 1608 2530 λέγῖι
1627 2504 1638 2519 α
1653 2495 1688 2530 τῇ
1705 2491 1857 2529 Ἐκκλησία
1870 2520 1882 2533 ,

1045 2535 1089 2562 καὶ
1104 2537 1184 2562 ταῦτα
1200 2535 1242 2563 ὲπὶ
1256 2535 1315 2566 τοῖς
1331 2534 1425 2565 ἄλλαῖς
1441 2534 1537 2574 σφόδρα
1549 2536 1764 2575 θαυμαζομένων.
1783 2549 1795 2565 »

1088 2623 1159 2656 Αὕτη
1175 2634 1224 2661 μεν
1245 2623 1289 2652 οὖν
1304 2624 1321 2658 ἡ
1342 2626 1387 2651 τοῦ
1410 2624 1512 2651 Φωτίου
1533 2624 1597 2664 ὺπέρ
1626 2625 1793 2666 Ἀμϐροσίου,
1811 2629 1877 2657 Αὐ-

1047 2668 1181 2706 γουστίνου
1204 2678 1232 2695 τε
1266 2668 1309 2696 καὶ
1336 2666 1493 2707 Ἱερωνύμου
1519 2669 1648 2710 ἀπολογία
1678 2672 1714 2704 είς
1737 2672 1878 2712 αἰσχύνην

1046 2713 1118 2752 τάχα
1146 2712 1329 2750 συντεθειμένη
1369 2712 1421 2740 τῶν
1457 2713 1592 2753 ὁμογενῶν
1632 2716 1722 2748 αὐτοῖς
1744 2715 1877 2751 Ἰταλών,

1050 2757 1144 2793 Ἡμεῖς
1161 2759 1187 2788 δὲ
1209 2758 1337 2798 αἷσχύνην
1359 2756 1459 2796 μᾶλλον
1489 2762 1568 2788 ταῦτα
1597 2758 1802 2801 διαγινώσκομεν
1815 2762 1883 2793 τῶν
