1936 3078
160 135 211 168 111
704 136 809 167 JOAN.
832 135 941 168 VECCI
965 134 1010 165 GP

159 206 361 243 nuncupatum
384 203 486 240 fuisse,
503 206 534 233 ut
548 201 626 233 scire
651 201 778 242 quisque
795 201 914 241 poterit,
929 199 978 239 qui
990 203 1011 228 Α

159 247 239 278 varia
254 247 401 278 variarum
416 247 594 288 synodorum
606 250 672 277 acta
692 245 863 286 percurrit?
878 247 912 276 Et
927 243 995 282 ego

159 300 230 322 sane
251 292 308 322 hoc
327 290 453 322 Niczeme
468 290 572 331 synodi
586 290 759 331 Symbolum
775 290 840 321 sine
861 290 921 320 ulla
936 288 982 318 sui

160 335 366 366 immutatione
378 335 469 366 robur
483 335 622 366 habuisse
637 334 753 365 afﬁrmo
760 338 787 364 et
798 335 826 365 in
839 333 980 368 secunda,

159 384 189 411 et
202 381 232 411 in
249 380 345 420 tertia,
363 385 392 411 et
405 380 436 411 in
449 380 516 411 aliis
531 389 649 420 quoque
664 379 784 420 synodis
800 377 980 410 subsecutis.

158 423 290 464 Namque
315 424 554 455 immutationem
567 433 625 454 non
641 423 804 461 additione,
818 426 869 453 aut
883 421 983 452 adem-

159 468 258 506 ptione
275 468 438 499 dictionum
453 467 679 503 circumscribo,
695 467 773 507 quod
786 476 844 497 non
861 467 890 496 in
907 465 983 496 voci-

159 512 224 548 bus,
241 512 293 543 sed
305 513 336 542 in
352 512 509 543 sententiis
520 515 621 542 nostra
637 512 730 551 pietas
745 511 914 542 deﬁniatur.
929 508 983 540 Ve-

159 565 224 586 rum
241 556 362 587 Photius
392 558 416 586 si
440 556 593 586 additione
621 560 650 586 et
674 555 864 595 ademptione
880 562 983 585 vocum

160 600 395 631 immutationem
408 600 557 631 tradilaein
568 599 690 631 Niczena
707 599 817 639 synodo
831 599 898 629 ﬁdei
910 597 984 628 deﬁ-

160 645 282 675 nitionis
295 643 470 684 praescribit,
485 643 630 683 praesules
640 652 744 674 omnes
755 653 771 673 a
783 643 914 674 secunda
933 651 982 681 sy—

161 688 240 719 nodo
250 688 433 728 reliquisque
444 688 510 718 aliis
531 692 560 718 et
571 688 699 718 audaces
719 691 846 727 reputat,
863 692 891 717 et
907 695 983 726 prae-

162 732 283 772 ccriptis
311 732 403 772 paenis
432 733 572 763 adversus
588 731 888 768 audentesobnoxios
903 730 983 760 facit.

162 776 266 808 Nullus
281 777 361 808 enim
377 785 412 807 ex
425 776 472 814 iis,
490 777 539 816 qui
550 775 768 807 ecclesiasticas
780 784 827 805 res
844 783 984 814 perscru-

164 825 272 858 tantur,
289 821 415 860 ignorat.
432 821 590 852 nonnullas
606 820 752 855 dictiones
765 819 918 850 eNicaenze
930 818 985 858 pri-

166 874 220 896 mae
233 864 485 905 synodiSymbolo
501 865 654 904 ademptas
681 864 782 899 fuisse,
801 863 873 894 alias
896 863 984 893 etiam

165 909 208 940 illi
233 909 362 940 additas.
377 908 440 939 Etsi
462 909 589 940 Romani
603 907 698 948 poenis
711 907 891 947 subjiciendi
905 911 983 946 Sunt,

166 953 244 994 quod
271 953 410 984 secundae
438 953 541 993 synodi
564 953 739 992 Symbolum
766 952 936 987 recitantes,
952 960 985 980 ex

168 999 253 1029 Patre
270 1002 300 1028 et
324 997 397 1028 Filio
413 997 555 1037 Spiritum
574 997 736 1036 procedere
754 996 876 1032 addunt,
895 995 987 1025 multo

167 1046 253 1073 antea
267 1041 415 1072 afﬁciendi
427 1046 511 1072 erant
521 1041 738 1080 accusandique
754 1040 892 1070 secundae
905 1049 989 1079 syno-

168 1086 198 1117 di
213 1087 324 1121 Patres,
338 1085 416 1116 hanc
431 1089 521 1116 totam
551 1085 734 1116 additionem
764 1085 930 1115 inserentes
951 1085 989 1115 de

168 1129 358 1170 processione
370 1129 495 1170 Spiritus
514 1129 616 1169 primm
630 1129 734 1169 synodi
751 1128 900 1168 Symbolo.
914 1127 990 1159 Sed—

170 1174 248 1206 cnim
265 1173 307 1204 illi
323 1174 390 1214 ipsi,
403 1173 453 1214 qui
469 1173 617 1204 terribiles
638 1182 741 1213 ptenas
765 1173 896 1211 irrogant
910 1173 991 1203 ‘con-

171 1223 215 1249 tra
229 1217 409 1248 additionem
419 1222 447 1248 et
459 1218 678 1257 ademptionem
694 1226 818 1247 ausuros
832 1217 861 1246 in
871 1216 992 1256 Symbo-

172 1264 200 1293 lo
212 1262 337 1293 Nicaeum
362 1262 476 1302 synodi,
492 1270 518 1292 et
536 1271 623 1292 voces
647 1271 681 1292 ex
699 1271 733 1291 eo
749 1261 940 1296 sustulerunt,
963 1265 991 1290 et

174 1306 362 1338 addiderunt.
379 1307 463 1342 Quod
475 1306 618 1336 indicium
635 1306 823 1336 manifestum
839 1305 992 1341 fuerit,ad-

172 1351 313 1382 ditionem
329 1354 357 1381 et
369 1351 590 1390 ademptionem
601 1361 616 1381 a
634 1351 770 1382 Patribus
783 1350 892 1381 nullam
905 1350 991 1380 aliam

173 1396 406 1438 reputari,quam
423 1396 502 1427 illam
519 1396 738 1436 ademptionem
755 1403 783 1427 et
799 1396 991 1433 additionem,

996 852 1016 876 B

1014 157 1020 164 .
1046 134 1303 166 PATRIARCH/E

1791 125 1846 158 119

1021 203 1069 234 τῆς
1085 201 1198 232 πίστεως
1213 202 1238 228 αἱ
1268 199 1369 229 σύνοδοι
1414 199 1513 228 ἅπασαι
1542 201 1572 227 τὸ
1615 202 1663 232 τῆς
1699 199 1726 226 ἐν
1754 197 1846 230 Νικαίᾳ

1024 256 1130 284 πρῳτης
1166 244 1272 273 συνόδου
1308 243 1443 282 Σύμϐολον
1479 244 1656 280 ἀπεκάλεσαν,
1687 244 1723 274 ὡς
1753 240 1846 269 εἰδέναι

1024 288 1081 328 ἔχει
1118 291 1202 321 ὁτοϊς
1232 288 1364 329 διαφόροις
1395 292 1447 317 τῶν
1476 288 1607 328 διαφόρων
1643 286 1755 317 συνόδων
1777 296 1845 324 πρα-

1025 340 1125 366 κτικοῖς
1141 333 1310 373 ἐντυγχάνων
1328 337 1344 370 ς’
1361 334 1408 362 Καί
1437 332 1491 372 ἐγὼ
1519 333 1567 370 μὲν
1595 333 1624 360 τὸ
1653 335 1769 360 τοιοῦτον
1797 332 1845 362 τῆς

1024 377 1051 405 ἐν
1075 379 1169 413 Νικαίᾳ
1195 376 1302 405 συνόδου
1330 376 1468 415 Σύμϐολον
1504 376 1711 414 ἀπαραποιήτως
1739 380 1846 413 κρατεῖν

1024 433 1103 461 φημι,
1120 422 1164 450 καὶ
1177 421 1204 449 ὲν
1219 424 1252 460 τῇ
1266 421 1382 461 δευτέρᾳ,
1410 422 1453 449 καὶ
1478 424 1563 460 τριτῇ,
1594 421 1638 449 καὶ
1663 427 1724 451 ταῖς
1753 418 1845 458 ἐφεξῆς

1024 469 1075 493 τῶν
1091 465 1216 496 συνόδων,
1234 467 1288 499 Τὴν
1316 466 1493 504 παραποίησιν
1508 466 1557 504 γὰρ
1587 465 1616 494 οὗ
1638 465 1776 504 προσθήκη
1801 463 1845 490 καὶ

1024 509 1156 550 ἀφαιρέσει
1185 509 1278 542 λέξεων
1307 510 1485 550 ἒπιγράφομαι
1519 508 1560 537 διὰ
1588 511 1618 537 τὸ
1646 509 1684 546 μὴ
1714 508 1740 536 ἐν
1768 507 1843 539 λέξε-

1024 565 1074 589 σιν,
1093 553 1274 587 ἁλλ’ἒννοίαις
1310 555 1359 587 τὴν
1388 554 1464 591 ἡμῶν
1493 552 1624 583 εὐσέϐειαν
1654 552 1819 592 περιωρίσθαι
1837 559 1845 566 ⁵

1024 598 1127 630 Φώτιος
1153 597 1191 638 δὲ,
1229 599 1273 626 ἐὰν
1308 599 1444 637 προσθήκῃ
1466 599 1509 626 καὶ
1531 597 1660 637 ἓφαιρέσει
1682 597 1777 630 λέξειιῆ
1798 596 1847 628 τὴν

1025 643 1202 682 παραποίησιν
1236 646 1281 670 τοῦ
1317 642 1504 681 παραδοθέντος
1527 642 1554 670 ἐν
1587 643 1680 678 Νικαίᾳ
1708 640 1768 679 ὅρου
1798 642 1846 672 τῆς

1025 688 1136 720 πίστεως
1168 687 1357 727 ἐπιγράφηται,
1390 687 1449 718 τοὺς
1480 687 1532 714 ἀπὸ
1560 689 1608 719 τῆς
1630 685 1748 725 δευτέρας
1784 696 1845 712 συν-

1026 731 1085 759 όδου
1111 733 1154 760 καὶ
1176 731 1268 771 ἐφεξῆς
1292 735 1343 759 τῶν
1369 731 1456 759 ἄλλων
1486 730 1599 759 συνόδων
1627 731 1775 770 ἀρχιερεῖς,
1805 729 1848 756 καὶ

1027 775 1171 813 τολμητίας
1194 776 1285 815 κρίνει,
1312 776 1355 803 καὶ
1389 779 1427 812 τῷ
1464 774 1589 813 ὁρισθέντι
1632 776 1755 812 ἐπιτιμίῳ
1782 773 1848 801 κατᾶ

1027 823 1080 848 τῶν
1112 819 1255 857 τολμητὼν
1284 819 1395 859 ἐνόχους
1423 820 1512 850 αὐτοὺς
1548 819 1731 858 ἀποφαίνεται.
1761 816 1847 847 Οὺδεὶς

1028 865 1077 903 γὰρ
1110 867 1162 892 τῶν
1191 865 1223 892 τα
1249 863 1451 892 ἐκκλεσιαστικᾶ
1479 864 1650 902 ἱστορούντων
1692 863 1783 901 ἀγνοεῖ
1812 863 1848 892 ὡς

1026 909 1095 940 τινὲς
1119 908 1167 946 μέν
1201 907 1282 941 λέξεις
1312 908 1479 948 ἀφῃρέθησαν
1514 912 1559 936 τοῦ
1589 907 1724 946 Συμϐόλου
1751 909 1799 940 τῆς
1822 906 1847 933 ἐν

1029 953 1122 989 Νικαίᾳ
1139 954 1181 981 καῖ
1205 953 1313 992 πρώτης
1329 952 1447 990 συνόδου,
1474 954 1544 984 τινὲς
1571 952 1598 980 δὲ
1624 955 1694 988 αὒτῷ
1719 950 1848 991 προσετέ-

1028 999 1122 1031 θησαν.
1148 999 1195 1026 Καὶ
1231 997 1289 1036 εἴγε
1313 993 1442 1035 Ῥωμαῖοι
1471 997 1609 1034 ἐπιτιμίων
1642 997 1778 1036 κρίνωνται
1808 995 1849 1023 ἐπὶ

1029 1046 1067 1079 τῷ
1095 1041 1224 1079 Συμϐόλῳ
1248 1042 1296 1075 τῆς
1332 1040 1449 1080 δευτέρας
1485 1041 1589 1071 συνόδου
1625 1041 1848 1080 ἀναγινώσκοντες

1031 1087 1060 1114 ἐκ
1082 1087 1126 1114 τοῦ
1141 1087 1248 1125 ΙΙασρὸς
1276 1087 1320 1113 καὶ
1350 1086 1460 1114 Tia-310
1489 1085 1598 1123 ΙΙπιεῠμα
1627 1085 1849 1124 ἐκπορευόμενον,

1032 1130 1123 1167 πολλῷ
1158 1131 1283 1169 πρότερον
1313 1131 1336 1158 οἱ
1371 1130 1418 1164 τῆς
1448 1129 1565 1169 δευτέρας
1596 1130 1704 1160 συνόδου
1732 1130 1850 1168 ΙΙατέρες

1031 1175 1133 1214 γραφὴν
1179 1174 1316 1211 ἐπιτιμίων
1356 1174 1521 1210 ἆπσίσονται,
1564 1175 1613 1208 τὴν
1647 1174 1712 1207 ὃλην
1755 1173 1851 1204 ταύτην

1032 1220 1185 1259 προσθήκην
1199 1219 1387 1256 ποιησάμενοι,
1418 1219 1466 1253 τὴν
1496 1220 1554 1258 περὶ
1579 1222 1626 1252 τῆς
1656 1220 1702 1246 τοῦ
1731 1219 1852 1255 Ιινεύμα-

1032 1275 1075 1294 τος
1096 1263 1286 1302 ὲκπορεύσεως,
1304 1263 1346 1290 ἐπὶ
1371 1266 1409 1300 τῷ
1436 1266 1485 1296 τῆς
1507 1265 1614 1303 πρώτης
1637 1262 1742 1291 συνόδου
1778 1266 1852 1299 Συμ-

1032 1307 1115 1344 ϐόλῳ.
1133 1307 1216 1335 Ἀλλὰ
1232 1307 1280 1344 μὲν
1295 1307 1368 1336 αὐτοὶ
1390 1307 1489 1336 ἐκεῖνοι
1517 1309 1540 1336 οἱ
1561 1308 1593 1336 τὰ
1614 1306 1710 1347 φοϐερὰ
1736 1307 1853 1344 ἐπιτίμια

1033 1352 1241 1392 ἀποφαινόμενοι
1273 1353 1340 1379 κατὰ
1368 1353 1420 1380 τιῦν
1448 1353 1600 1391 προσθήκην
1647 1353 1692 1380 καὶ
1720 1352 1854 1391 ἀφαίρεσιν

1033 1396 1223 1434 τολμησόντων
1238 1396 1280 1423 ἐπὶ
1310 1400 1349 1432 τῷ
1384 1395 1514 1433 Συμϐὀλῳ
1534 1399 1582 1430 τῆς
1612 1398 1639 1424 εν
1670 1397 1763 1432 Νικαίᾳ
1791 1406 1853 1425 συι-

174 1450 240 1482 quaa
254 1441 370 1481 pietatis
392 1441 567 1471 sententiam
585 1442 730 1472 Vulnerat.
758 1440 853 1476 Quare
871 1441 996 1472 Romani

1083 1454 1106 1480 ο,
1123 1441 1194 1468 αὔτοὶ
1222 1441 1264 1468 καὶ
1285 1440 1367 1473 λέξεις
1406 1441 1506 1469 ἐκεῖθεν
1536 1441 1683 1481 ἀφείλοντο,
1714 1442 1785 1469 αὐτοὶ
1811 1441 1854 1468 καὶ

175 1494 276 1516 vocem
290 1484 611 1523 addentes,dummodo
625 1484 703 1525 piam
720 1484 866 1515 deTriade
877 1490 996 1516 senten-

1083 1495 1118 1516 εις
1147 1484 1234 1512 ἐκεῖσε
1262 1485 1428 1520 προσέθεντο.
1453 1485 1501 1514 Καὶ
1543 1484 1640 1524 δεῖγμα
1662 1489 1740 1514 τοῦτο
1773 1485 1854 1525 σαφὲς

176 1530 246 1561 tiam
259 1534 444 1566 conservant,
462 1538 521 1559 non
535 1533 605 1559 sunt
619 1540 633 1558 τι
651 1529 736 1560 nobis
751 1529 830 1559 inter
854 1529 995 1560 schisma-

176 1574 250 1604 ticos
260 1573 600 1610 accensendi,sirectum
608 1572 754 1612 judicium
761 1574 840 1604 ferre
850 1573 996 1605 volumus.

178 1618 258 1649 Inter
269 1617 326 1647 alia
341 1625 460 1656 quoque
481 1617 513 1647 in
528 1616 639 1656 scripto
654 1616 750 1647 Photii
765 1617 972 1648 continebatur
989 1627 996 1648 :

1037 1531 1082 1557 τοῦ
1117 1529 1269 1568 προσθήκην
1310 1530 1353 1557 καὶ
1389 1530 1522 1570 ἀφαίρεσιν
1560 1531 1609 1558 ὑπὸ
1649 1534 1701 1558 τῶν
1726 1530 1854 1569 ΙΙατέρων

1039 1574 1185 1611 νομίζεσθαι
1201 1573 1302 1606 ἐκείνην
1331 1573 1380 1606 τὴν
1401 1575 1554 1613 προσθήκην
1582 1585 1610 1602 τε
1644 1575 1688 1603 καὶ
1709 1574 1855 1614 ἀφαίρεσιν,

1039 1619 1057 1652 ἢ
1092 1618 1140 1651 τὴν
1169 1617 1268 1646 ἔννοιαν
1294 1619 1343 1650 τής
1388 1618 1517 1650 εὗσεϐείας
1569 1618 1732 1655 λομαίνεται.
1774 1618 1856 1646 ’Ὡστε

180 1657 322 1698 1Ρωμαῖοι,
353 1662 507 1700 προσθήκην
551 1661 599 1698 μὲν
635 1662 810 1699 πειησῆμενοι
846 1661 952 1699 λέξεως,
981 1661 1074 1696 εὗσεϐἧ
1104 1661 1131 1689 δὲ
1159 1662 1208 1696 τὴν
1247 1662 1289 1690 ἐπὶ
1323 1665 1357 1700 τῇ
1397 1662 1484 1702 Τριάδι
1520 1665 1707 1703 περισώζοντες
1744 1664 1856 1698 ἔννοιαν,

180 1707 210 1734 οὒ
223 1705 371 1744 σχίσματος
383 1706 561 1744 κριθήσονταιι
577 1704 621 1744 ἀφ’
639 1706 715 1742 ἡμῶν
743 1713 800 1738 τοῖς
830 1706 911 1745 ὀρθῶς
936 1706 1048 1742 δικάζειν
1077 1705 1219 1736 ἐθέλουσιν.
1249 1706 1387 1746 Περικοπὴ
1415 1709 1465 1740 τῆς
1488 1711 1532 1735 τοῦ
1567 1709 1674 1746 Φωτίομ
1703 1710 1804 1748 γραφῆς
1826 1708 1859 1741 ἦν

181 1751 224 1777 καὶ
239 1749 269 1777 τό
289 1759 295 1765 '

219 1793 270 1824 47.
287 1804 301 1820 α
315 1794 445 1824 Leonem
466 1802 570 1833 papam
596 1804 662 1825 cum
679 1794 848 1834 apostolicae
865 1795 1000 1826 ecclesia

177 1837 313 1869 aerarium
341 1841 511 1872 reserasset.
528 1839 586 1869 duo
611 1843 694 1869 scuta
734 1839 811 1870 inter
848 1839 905 1870 alia
917 1849 1000 1871 sacra

180 1882 302 1913 donaria
325 1886 472 1912 asservata
501 1883 650 1918 eduxisse.
683 1883 793 1915 Graecis
809 1888 837 1914 et
853 1884 959 1914 litteris
971 1888 1000 1914 et

179 1926 278 1958 verbis
293 1925 507 1966 expositionem
524 1927 997 1968 ﬁdeicontinentia,quze,»refert,

182 1983 196 2000 ι
210 1970 335 2045 ,ῇιιδῖἱεῗο
348 1969 476 2001 Leonem
489 1980 593 2011 papam
606 1981 705 2002 coram
717 1972 854 2003 universo
866 1973 999 2004 Romano

182 2025 259 2045 noun
274 2025 290 2045 ο
318 2024 377 2045 em.
395 2027 405 2042 ι

182 2024 290 2056 popqu
306 2024 377 2055 tegi.
395 2027 405 2042 ι

222 2105 258 2134 Ει
275 2104 375 2134 nescio
389 2103 459 2143 quid
475 2104 532 2134 hoc
544 2105 675 2135 conferat
692 2105 798 2136 Photio
814 2105 849 2136 ad
875 2106 1004 2136 schisma

1081 1790 1136 1833 (ιζ’,
1169 1807 1180 1823 α
1199 1797 1248 1824 Τὸν
1277 1797 1387 1825 πάππαν
1415 1797 1514 1825 Λέοντα
1548 1799 1579 1826 τὸ
1619 1798 1860 1838 θεσαυροιρυλαιιιον

1040 1842 1088 1873 τῆς
1138 1839 1320 1874 ἀποστολικῆς
1367 1840 1508 1875 ἐκκλησίας
1549 1842 1697 1878 ἀνοίξαντα,
1749 1841 1859 1874 ἀσπίδας

1040 1883 1084 1912 δύο
1125 1891 1183 1915 τοῖς
1225 1885 1306 1926 ἱεροῖς
1349 1886 1497 1923 κειμηλίοις
1541 1887 1860 1926 ἐναποτεθησαυρισμένας

1041 1928 1198 1967 ἐξενεγκεῖν,
1238 1924 1407 1962 Ἐλλτινικοϊς
1436 1931 1479 1958 καὶ
1507 1931 1642 1970 γράμμασι
1671 1933 1714 1960 καὶ
1736 1924 1860 1970 ’ῥήμασιν

1040 1973 1156 2012 ἐχούσας
1177 1973 1224 2006 τὴν
1239 1973 1285 2006 τῆς
1299 1974 1409 2006 πίστεως
1425 1974 1534 2011 ἔκθεσιν,
1566 1976 1596 2007 ἃς
1625 1977 1668 2005 καὶ
1689 1975 1826 2004 δικαιῶσαι
1844 1987 1858 2003 n

1042 2016 1128 2060 λέγειν
1149 2028 1160 2043 ιι
1182 2017 1227 2045 τὸν
1242 2018 1352 2046 πάππαν
1367 2018 1466 2047 Λέοντα
1490 2020 1600 2048 ἐνώπιον
1628 2021 1862 2060 ὑπαναγνωσθήναι

1042 2065 1088 2089 τοῦ
1104 2056 1255 2099 Ῥωμαῖκοῦ
1272 2061 1400 2096 πλήθους.
1423 2075 1433 2090 ι

1086 2106 1133 2134 Καὶ
1154 2105 1201 2134 οὒκ
1222 2105 1320 2134 οἶδατί
1341 2106 1492 2144 συμϐάλλειν
1519 2112 1595 2137 τοῦτο
1621 2109 1715 2146 Φωτίῳ
1736 2109 1804 2138 ἐστὶν
1819 2110 1863 2137 ἐπὶ

182 2148 569 2188 canstabiliendum.Neque
577 2149 786 2180 enimRomani
794 2150 897 2189 neglex
904 2154 1000 2190 erunt,

1083 2150 1218 2200 γκροτῖςσει
1242 2151 1288 2178 τοῦ
1322 2163 1481 2192 σχισματος.
1509 2154 1544 2182 Οὺ
1566 2154 1616 2193 γὰρ
1643 2153 1766 2194 παρεῖδον
1794 2149 1863 2183 Ῥω-

182 2193 259 2234 quod
274 2202 347 2233 papa
361 2193 419 2224 Leo
434 2193 472 2223 de
486 2193 568 2224 hisce
582 2194 673 2224 scntis
689 2194 796 2234 effecit,
813 2204 879 2234 quae
894 2195 929 2225 ad
943 2195 1002 2224 haec

182 2242 317 2276 tempora
326 2237 365 2268 ita
373 2241 472 2268 erecta
483 2238 697 2275 custodiunt,et
708 2238 799 2269 certis
809 2238 1002 2278 temporibus,

183 2286 212 2314 et.
222 2281 322 2313 Graece
332 2282 430 2321 legere
438 2281 506 2312 ﬁdei
514 2282 685 2322 Symbolum
695 2292 753 2312 non
760 2283 1005 2319 abnuunt.Quare

181 2335 250 2357 vero
263 2325 292 2355 id
305 2325 465 2356 faciunt?ut
477 2326 564 2366 plane
575 2326 797 2357 ostendantnon
811 2327 1002 2367 dictionibus,

182 2370 234 2401 sed
250 2370 405 2400 sententiis
428 2369 566 2409 pietatem
589 2370 625 2401 ab
644 2371 757 2401 eisdem
772 2371 840 2401 coli.
858 2370 888 2401 Id
905 2371 929 2401 si
945 2380 1004 2401 non

184 2418 275 2452 esset,
291 2413 415 2444 fortasse
440 2413 528 2444 etiam
543 2414 574 2444 in
596 2415 700 2446 codice
716 2415 865 2455 Evangelii
880 2415 1004 2446 additio-

184 2466 252 2488 nem
262 2457 400 2488 dictionis
411 2457 442 2488 in
456 2458 588 2497 symbolo
599 2459 702 2489 factam
721 2459 831 2490 addere
843 2469 901 2489 non
913 2463 1005 2490 retar-

184 2501 357 2533 dassent.At
367 2501 396 2530 hi
409 2511 468 2531 non
480 2501 553 2532 adeo
568 2503 708 2543 pudorem
727 2504 918 2544 perdiderunt
932 2515 939 2540 ;
951 2503 1003 2535 sed

185 2549 216 2577 et
237 2545 409 2584 interrogati
424 2547 618 2589 respondent,
636 2549 676 2579 ita
691 2548 896 2589 pronuntiare,
914 2547 1005 2588 Spiri-

185 2594 247 2621 tum
263 2598 298 2620 ex
314 2590 436 2620 Patreet
447 2590 520 2621 Filio
530 2593 775 2634 procedere,cum
793 2593 863 2624 nihil
876 2593 1005 2632 ditl‘erat,

185 2634 343 2675 aliquando
358 2643 425 2664 eum
438 2635 588 2676 dicere,ex
600 2639 684 2668 Patre
699 2637 1007 2678 procedere,aliquan-

187 2679 225 2710 do
240 2688 276 2709 ex
290 2680 377 2710 Patre
400 2683 429 2710 et
454 2679 545 2710 Filio:
577 2681 666 2722 idque
691 2687 723 2712 ut
743 2681 946 2722 comprobent,
964 2681 1008 2710 in-

187 2722 303 2764 quiunt,
321 2732 380 2753 non
393 2722 423 2754 in
438 2733 473 2754 co
486 2725 548 2755 solo
565 2727 734 2767 evangelico
747 2731 825 2758 textu
842 2727 936 2758 Patris
950 2735 1008 2756 no-

188 2775 257 2798 men
269 2769 382 2808 jacere,
400 2767 488 2799 tacito
510 2771 631 2802 nomine
646 2771 712 2802 Filii
726 2782 734 2811 ;
751 2771 803 2802 sed
820 2775 848 2801 et
863 2771 892 2801 in
910 2769 1009 2801 multis

1045 2201 1133 2231 ματοι,
1151 2194 1364 2234 ὅπερὸπάππας
1393 2197 1466 2225 Λέων
1494 2197 1537 2226 ἐπί
1550 2205 1611 2230 ταῖς
1637 2199 1726 2227 ἀσπίσι
1756 2199 1863 2231 ταύταις

1046 2238 1183 2278 εἰργάσατο
1201 2247 1207 2253 ·
1238 2240 1282 2267 καὶ
1313 2241 1362 2280 γὰρ
1391 2241 1607 2280 ἆνεστηλωμένος
1637 2243 1705 2271 οὕτω
1740 2246 1863 2282 τηροῦσιν

1045 2282 1071 2328 ές
1100 2281 1172 2321 δεῦρο
1206 2283 1296 2324 αὒτὰς,
1321 2286 1364 2313 καὶ
1393 2293 1497 2325 καιροῖς
1525 2286 1609 2328 ἰδίοις,
1641 2288 1684 2316 καὶ
1714 2281 1864 2321 Ἐλληνιστὶ

1045 2327 1233 2366 ἀναγινώσκειν
1260 2329 1291 2356 τὸ
1317 2329 1365 2363 τῆς
1394 2331 1506 2364 πίστεως
1540 2331 1688 2369 Στὶμϐολον,
1714 2333 1760 2361 οὔκ
1793 2333 1862 2361 ἀνα-

1044 2370 1196 2403 ϐάλλονται,
1221 2373 1250 2400 Τί
1276 2376 1354 2402 τοῦτο
1381 2379 1538 2415 ποιοῦντες,
1576 2375 1718 2408 δεικνύντες
1758 2377 1863 2408 πάντως

1045 2416 1081 2447 ὡς
1104 2417 1150 2444 οὒκ
1165 2416 1192 2443 ἒν
1220 2415 1330 2457 λέξεσιν,
1359 2417 1419 2446 ἀλλ’
1447 2419 1557 2452 ἐννοίαις
1586 2421 1620 2454 τὴ
1648 2420 1765 2449 εὐσεϐεῖν
1778 2432 1864 2450 σπου-

1045 2459 1148 2494 δάζεσαι
1162 2459 1223 2500 παρ’
1252 2463 1353 2492 αὐτοῖς.
1379 2462 1406 2490 Εἰ
1431 2464 1480 2503 γὰρ
1509 2465 1548 2501 μὴ
1577 2464 1646 2494 τοῦτ’
1677 2465 1720 2502 ἦν,
1743 2466 1815 2504 τρίχα
1831 2464 1863 2492 ἂν

1046 2503 1092 2531 οὐκ
1121 2503 1255 2542 ὤκνησαν,
1293 2505 1341 2532 κᾶν
1421 2508 1579 2546 εὐαγγελικῇ
1606 2511 1757 2547 προσθεῖναι
1780 2503 1863 2541 πυξίδι

1045 2548 1088 2575 τὲν
1112 2547 1139 2575 ἐν
1166 2550 1204 2584 τῷ
1238 2547 1366 2586 Συμϐόλῳ
1392 2551 1536 2589 γενομένην
1571 2554 1722 2590 προσθήκην
1747 2553 1795 2586 τῆς
1821 2552 1866 2581 λέ-

1047 2591 1121 2624 Ξεως.
1138 2590 1209 2620 Οἶδὲ
1236 2591 1294 2620 οὒτε
1319 2603 1344 2620 τι
1368 2595 1485 2622 τοιοῦτον
1510 2596 1760 2637 ἁπενῃσχύντησιν,
1795 2597 1866 2626 ἄλλα

1048 2636 1090 2663 καὶ
1115 2635 1280 2674 ἐρωτώμενοι
1301 2637 1499 2678 ἀκολογοῡνται,
1525 2640 1593 2668 οὕτω
1621 2640 1707 2680 λεγειν
1734 2635 1764 2670 τὸ
1780 2643 1866 2673 ΙΙνεῦ-

1049 2690 1086 2717 μα
1100 2680 1130 2707 ὲκ
1144 2680 1252 2714 ΙΙατρὸς
1274 2681 1317 2708 καὶ
1346 2683 1406 2712 Υἱοῡ
1427 2683 1619 2723 ἐκπορεύεσθαι,
1649 2687 1685 2718 ὡς
1715 2686 1796 2724 μηδὲν
1812 2687 1867 2715 δια-

1049 2723 1125 2771 φέρον
1153 2724 1217 2752 ποτὲ
1327 2725 1413 2765 λέγειν
1444 2727 1507 2756 αὐτὸ
1533 2729 1563 2756 ὲκ
1590 2731 1697 2771 ΙΙατρὸς
1725 2731 1866 2771 ἐκπορεύε-

1050 2770 1119 2806 σθαι,
1136 2770 1199 2797 ποτά
1228 2767 1254 2796 δὲ
1281 2768 1310 2796 ἐκ
1338 2771 1445 2810 ΙΙατρὸς
1468 2773 1510 2801 καὶ
1540 2774 1610 2805 Υἱοῦ,
1642 2767 1690 2806 ιέαὶ
1718 2767 1867 2806 κατασκευ-
