1936 3078
74 175 120 207 137

643 176 692 207 DE
713 174 859 206 UNIONE
880 171 1146 207 EGCLESIABUM

1699 180 1756 214 138

72 246 169 280 Πνεῦμα
204 243 365 273 καταϐαῖνον
407 243 469 272 ὡσεὶ
504 243 669 283 περιστερὰν,
706 243 749 270 καὶ
785 242 877 279 ἔμεινεπ

959 245 1016 271 tum
1030 242 1262 275 descendentem
1279 245 1367 276 veluti
1384 246 1597 285 columbam,et
1610 248 1691 279 stetit
1702 258 1752 280 su-

69 289 105 316 ἒπὶ
126 289 171 316 τὸν
185 287 286 322 Ἰησοῦν
304 297 310 304 ·
331 301 343 316 ιι
376 289 438 317 εἶτα
474 289 508 321 ὡς
543 288 652 328 ἰσχυρόν
687 299 712 315 τι
740 291 816 315 τοῦτο
843 287 886 314 καὶ

69 330 170 372 ἄμαχον
208 334 275 362 κατά
310 336 355 361 τοῦ
384 332 485 361 Ἰταλοῦ
513 331 600 361 λαϐὼν
622 331 751 372 ἐπιφέρει,
781 333 817 363 ὡς
851 331 886 362 εἷς

66 377 201 416 πρόσωπον
221 381 277 417 τοῦ]
292 377 395 407 Ἰταλοῦ
421 377 567 424 ἀποτείνων
600 378 645 405 τὸν
674 375 752 415 λόγον
770 385 776 391 '
804 387 815 402 ι
836 375 886 402 Πό-

67 423 104 449 θεν
118 421 285 462 καταϐαίνον,
302 423 345 450 καὶ
369 427 420 451 ποῦ
439 433 446 459 ;
470 420 519 454 Ὧς
554 422 602 460 μὲν
631 421 684 460 ἐγὼ
719 432 787 461 φημι
815 420 886 459 παρὰ

65 470 108 495 τοῦ
133 468 234 506 Πατρὸς
271 467 313 495 ἐπὶ
333 467 378 496 τόν
414 468 485 499 Υἱόν,
502 468 538 495 Σῦ
564 466 601 503 δὲ,
626 468 647 494 εἰ
670 466 708 504 μὴ
744 465 815 505 παρὰ
841 470 886 494 τοῦ

67 511 162 550 Πατρός
191 512 272 549 μόνου
302 513 332 540 τὸ
363 516 469 550 Πνεῦμα
496 510 658 540 καταϐαῖνον
686 510 768 550 ἐρεῖς,
818 509 886 537 ἀλλὰ

68 556 233 595 προσθήσεις,
257 557 300 584 καὶ
318 557 389 596 παρὰ
403 562 448 586 τοῦ
472 558 543 593 Υἱυῦ,
570 555 662 593 ἆλώσῃ
689 556 733 583 τὸν
762 554 806 582 ἕνα
820 558 884 593 Χρι-

67 599 124 628 στόν
146 599 252 641 διαιρῶν
281 603 317 634 εἰς
346 601 402 638 δύο,
430 601 498 630 κατὰ
526 600 665 640 Νεπόριον
693 600 737 628 τὸν
759 597 885 627 ἰουδαιό-

67 644 206 683 φρονα,ἵν¹
233 646 264 673 ὲκ
291 649 336 673 τοῦ
372 647 433 674 Υἱοῦ
461 650 507 674 τοῦ
536 646 602 673 Θεοῦ
615 643 777 672 καταϐαῖνον
805 642 885 680 εἴπῃς

64 689 93 715 τὸ
121 691 226 726 Πνεῦμα
252 689 294 717 ἐπὶ
320 691 365 718 τὸν
393 690 452 718 Υἱὸν
482 693 527 718 τοῦ
568 689 713 728 ἀνθρώπω,
743 689 786 716 καὶ
827 693 886 718 τοῖς

67 732 192 770 ἀρνηταῖς
222 736 270 767 τῆς
298 735 423 768 θεότητος
450 739 497 763 τοῦ
538 737 651 773 Χριστοῦ
698 731 851 765 συντετάξη.
870 743 883 758 »

66 771 103 804 ’Ὠ
128 781 187 810 πῶς
217 780 264 808 οὒκ
301 778 415 819 ἕφριξας,
444 779 574 818 ἄνθρωπε,
605 781 712 806 τοιαῦτα
746 777 813 806 κατὰ
841 776 886 804 τοῦ

65 822 178 860 μεγάλου
220 822 306 861 λέγων
339 822 518 861 Ἀθανασίου;
549 827 635 852 Ταῦτα
663 822 712 861 γὰρ
740 821 825 849 πάντα
853 819 886 848 δι’

64 866 80 892 ἆ
107 867 152 894 τὸν
176 865 275 895 Ἰταλὸν
303 868 333 895 σὺ
357 868 497 907 Νεστόριον
531 867 678 898 ἀποκαλεῖς
710 865 886 905 Ἰοτδαιόφρο-

929 295 982 333 per
996 286 1146 333 Jesumrﬁ;
1163 298 1177 317 »
1199 292 1257 318 tum
1275 289 1330 320 hoc
1346 294 1484 330 tanquam
1496 291 1624 322 validum
1640 292 1710 333 quid
1724 295 1754 324 et

927 330 1156 378 inexpugnabile
1177 333 1316 364 adversus
1332 334 1438 365 Italum
1454 345 1620 373 assumens,
1648 330 1748 378 infert,

928 373 957 404 in
980 374 1201 416 ltalum'ipsum
1230 378 1393 409 oralionem
1422 384 1598 412 convertens
1616 392 1622 413 :
1642 394 1655 409 α
1669 373 1753 413 Unde

928 418 1125 464 descendens,
1143 425 1171 451 et
1185 421 1287 453 ubi?Ut
1299 423 1419 463 quidem
1432 434 1485 464 ego
1502 427 1655 461 autuino,a
1667 426 1752 457 Patre

927 463 956 493 in
975 465 1139 496 Filium.Tu
1152 474 1232 502 vero,
1246 467 1271 497 si
1283 477 1340 497 non
1353 463 1468 499 asseras
1483 479 1499 499 a
1515 471 1600 501 Patre
1614 470 1677 501 solo
1689 470 1753 511 Spi-

928 507 1015 538 ritum
1041 509 1286 547 descendentem,
1305 512 1358 542 sed
1384 512 1484 550 addas,
1503 517 1532 544 et
1551 523 1567 544 a
1590 514 1678 552 Filio,
1696 507 1752 545 de-

929 553 1123 599 prehenderis
1139 564 1231 586 unum
1247 556 1397 586 Christum
1411 556 1439 586 in
1456 557 1514 588 duo
1530 558 1754 599 dividere,sicut

928 596 1078 628 Nestorius
1095 608 1161 629 cum
1177 599 1289 631 Judaeis
1306 601 1438 631 sentiens
1455 602 1575 640 fecerat;
1588 607 1620 633 ut
1635 596 1751 634 eitFilio

928 641 979 671 Dei
992 643 1175 674 descendere
1191 644 1272 675 dicas
1289 644 1430 685 Spiritum
1443 647 1473 676 in
1487 647 1592 678 Filium
1609 648 1750 689 hominis;

929 690 958 716 et
973 696 1039 716 cum
1057 688 1232 727 negantibus
1241 689 1348 720 Christi
1365 689 1503 721 deitatem
1520 688 1748 724 collocaberisJ

927 729 1008 761 Heu!
1027 733 1075 769 mi,
1090 733 1343 771 homo,quomodo
1360 744 1418 765 non
1436 736 1628 776 exhorruisti,
1644 737 1753 768 similia

928 775 1068 822 adversus
1084 787 1220 817 magnum
1233 779 1425 810 Athanasium
1439 780 1604 820 ejaculare?
1619 775 1751 822 Namque

912 822 915 826 '
929 818 991 850 haec
1006 821 1116 856 omnia.
1130 822 1167 852 ob
1182 832 1247 863 quae
1262 827 1290 854 tu
1306 823 1412 854 Italum
1429 818 1599 855 Nestorium
1621 835 1688 856 cum
1702 818 1752 857 Ju—

929 864 1000 894 daais
1024 866 1211 904 sentientem,
1231 872 1259 898 et
1283 868 1400 899 deitatis
1424 869 1531 900 Christi
1555 870 1751 902 inﬁciatorem

64 922 102 948 να,
126 922 172 939 και
200 911 316 950 ἆρνητὴν
352 915 400 945 τῆς
437 913 561 946 θεότητος
588 913 634 939 τοῦ
665 912 787 950 Χριστοῦ,
804 911 818 938 ὁ
834 909 877 947 μέ-

959 918 1092 956 melipas,
1120 920 1243 951 magnus
1267 913 1455 950 Athanasius,
1480 914 1596 954 pietatis
1614 914 1705 956 basis,
1722 919 1752 946 et

65 966 109 993 γας
135 956 240 994 εἴρηκεν
276 956 443 996 Ἀθανάσιος,
472 958 489 991 ἡ
511 957 558 990 τῆς
587 955 718 987 εὒσεϐείας
746 956 854 994 κρηπὶς,
872 956 885 982 ὁ

64 999 180 1040 ἀῤῥαγὴς
196 1004 247 1029 τῶν
283 1002 363 1041 ὀρθῶν
398 1004 448 1034 τῆς
476 1001 636 1034 Ἐκκλησίας
672 999 811 1039 δογμάτων
838 1001 884 1027 θε-

64 1044 164 1081 μέλιος.
185 1047 233 1074 Καὶ
248 1051 298 1075 ποῦ
317 1057 324 1084 ς
341 1046 412 1085 Ἐγώ
426 1058 468 1075 σοι
485 1046 535 1082 ἐρῶ
563 1047 591 1074 ἓν
619 1046 668 1085 γὰρ
690 1048 728 1082 τῷ
756 1045 814 1084 περὶ
835 1047 883 1077 τῆς

62 1088 186 1128 ἐνσάρκου
216 1090 366 1131 ἐπιφανείας
402 1092 448 1119 τοῦ
471 1094 535 1119 Θεοῦ
565 1091 662 1129 Λόγου,
692 1089 722 1118 οὗ
749 1090 766 1122 ἡ
795 1089 880 1128 ἀρχὴ,

65 1145 74 1160 ε
105 1135 134 1163 Οἱ
164 1135 337 1176 κακοτέχνοις
376 1136 422 1167 τὰς
465 1136 533 1168 θείας
580 1135 683 1174 Γραφὰς
727 1134 880 1172 βουλόμενοι

61 1185 141 1217 νοεῖν,
163 1192 177 1207 n
211 1180 280 1208 οὕτω
307 1181 385 1220 φησίν
410 1190 417 1197 ’
453 1191 464 1208 ι
490 1180 570 1212 Αὐτός
614 1180 662 1218 γαρ
691 1179 754 1207 αὐτὸ
789 1178 885 1207 ἄνωθεν

62 1223 179 1262 ἔπεμπεν
207 1226 243 1256 ὡς
274 1226 349 1259 Θεὸς,
375 1226 418 1253 καὶ
447 1225 524 1257 αὐτὸς
554 1224 616 1252 αὒτὸ
645 1224 761 1252 κάτωθεν
790 1222 884 1252 ὑπεδέ-

58 1280 124 1308 χετο
140 1271 178 1301 ὡς
204 1268 350 1308 ἅνθρωπος.
375 1268 417 1302 Ἐξ
439 1270 517 1298 αὖτοῦ
541 1269 585 1297 οὖν
622 1269 657 1301 εἷς
686 1268 763 1296 ad)th
778 1268 883 1305 κατῄει,

60 1313 89 1341 ὲκ
103 1317 152 1347 τῆς
176 1315 300 1347 Θεότητος
317 1317 395 1344 αὐτοῦ
410 1315 446 1346 εἷς
463 1315 512 1348 τὴν
541 1314 731 1351 ἀνθρωπότητα
758 1312 847 1342 αὐτοῦ.
867 1325 880 1340 »

61 1353 137 1397 Ὀρᾷς
165 1359 250 1399 ὅπως,
287 1360 350 1399 ὃπερ
379 1358 544 1396 Ἰουδαϊσμὸν
572 1360 602 1386 σὺ
637 1359 680 1386 καὶ
715 1357 883 1396 ἀρνησιθεῖαθ

57 1402 163 1438 καλεῖς,
195 1405 212 1437 ἡ
241 1403 358 1442 διάτορος
380 1406 428 1437 τῆς
458 1402 587 1435 εὒσεϐείας
616 1401 738 1440 σάλπιγξ,
759 1403 772 1429 ὁ
801 1402 882 1434 πολὺς

55 1445 212 1480 Ἀθανάσιος
243 1449 278 1480 ὡς
301 1447 432 1477 εὒσέϐειαν
462 1447 557 1488 ἀκριϐῆ
588 1448 632 1476 καὶ
660 1447 732 1486 λέγει
760 1447 804 1475 καί
836 1445 882 1474 δο-

54 1493 203 1533 γματίζει,
228 1492 301 1521 Ἀλλ’
337 1492 418 1525 ὅντως
453 1492 550 1533 τυφλὸν
584 1493 601 1526 ἡ
630 1493 720 1529 κακία,
757 1492 800 1519 καὶ
821 1491 880 1522 τοὺς

53 1544 196 1577 νουνεχεῖς
213 1538 257 1566 καὶ
292 1538 387 1578 σοφοὺς
425 1537 534 1578 σφάλλει
562 1538 599 1568 ὡς
623 1536 754 1565 ταπολλὰ.
772 1535 830 1564 Ἐπὶ
852 1536 879 1564 δὲ

928 952 1082 984 infractum
1112 960 1259 986 rectorum
1285 956 1426 988 Ecclesiae
1451 952 1618 998 dogmatum
1648 952 1753 991 funda-

928 1006 1059 1028 men;um
1086 1001 1295 1038 pronuntiavit.
1325 1001 1459 1037 Quonam
1487 1012 1557 1034 vero
1586 1003 1675 1034 loco?
1690 1003 1750 1044 Ego

924 1041 977 1072 tibi
993 1042 1106 1080 dicam;
1133 1053 1200 1074 nam
1230 1045 1267 1075 de
1296 1045 1450 1077 incarnata
1479 1047 1666 1087 apparitione
1697 1041 1751 1079 D‘ei

924 1085 1013 1130 Verbi
1029 1087 1172 1123 oratiOne,
1194 1089 1280 1129 cujus
1292 1090 1471 1130 principium
1490 1085 1502 1122 :7
1518 1085 1591 1127 iQui
1605 1092 1751 1124 malitiose

922 1129 1037 1162 divinas
1049 1132 1210 1173 scripturas
1226 1129 1397 1174 intelligere
1410 1135 1521 1167 volunt.
1537 1146 1552 1166 ›
1572 1137 1634 1167 hinc
1643 1137 1743 1169 habet:

930 1175 1023 1215 «Ipse
1039 1177 1117 1206 enim
1144 1177 1228 1209 illum
1253 1179 1382 1219 desuper
1406 1180 1549 1218 mittebat,
1565 1181 1701 1219 utDeus,
1719 1186 1750 1213 et

926 1220 989 1266 ipse
1010 1221 1092 1251 illum
1118 1222 1194 1253 infra
1228 1224 1393 1263 excipiebat
1421 1229 1452 1256 ut
1482 1226 1581 1256 homo.
1619 1225 1659 1257 Ex
1685 1227 1749 1266 ipso

925 1264 1025 1304 itaque
1053 1266 1082 1296 in
1114 1268 1209 1307 ipsum
1239 1268 1449 1308 descendebat,
1480 1279 1515 1301 ex
1537 1270 1647 1302 deitate
1670 1264 1751 1302 illius

924 1308 954 1354 in
967 1310 1182 1354 humanitatem
1208 1312 1297 1344 illius.
1323 1325 1333 1341 ι›
1354 1312 1529 1354 Conspicis?
1543 1314 1627 1351 Quod
1648 1320 1679 1346 tu
1698 1317 1750 1346 Ju-

925 1353 1069 1400 daismum
1088 1359 1117 1386 et
1133 1356 1201 1387 ﬁdei
1218 1357 1414 1396 ejurationem
1429 1353 1573 1398 appellas,
1591 1365 1750 1400 penetrans

925 1397 1041 1437 pietatis
1056 1399 1135 1437 tuba,
1154 1410 1277 1441 magnus
1291 1397 1481 1440 Athanasius,
1499 1397 1599 1434 veluti—
1615 1404 1748 1444 exquisi—

925 1447 982 1472 tam
997 1443 1134 1483 pietatem
1147 1450 1176 1475 et
1191 1446 1351 1486 eloquitur,
1369 1451 1398 1477 et
1413 1447 1558 1480 decernit.
1586 1448 1644 1480 Sed
1661 1443 1748 1488 plane

922 1496 971 1518 res
987 1497 1064 1518 caeca
1080 1490 1320 1530 estimprobitas,
1339 1496 1367 1521 et
1379 1492 1539 1531 prudentes
1555 1496 1584 1523 et
1594 1493 1745 1533 sapientes

922 1536 954 1563 ut
970 1532 1127 1572 plurimum
1154 1534 1183 1565 in
1208 1545 1340 1566 errorem
1358 1536 1490 1568 abducit.
1504 1536 1568 1568 Prae
1579 1532 1640 1577 jam
1657 1537 1746 1569 dictis

52 1584 114 1609 πᾶσι
153 1588 217 1614 τοῖς
241 1582 500 1622 ἀναγεγραμμένοις,
530 1581 586 1610 ἐπεὶ
613 1581 742 1621 προτείνει
762 1581 799 1613 ὡς
827 1583 877 1627 τῶν

959 1578 1039 1616 piens
1055 1578 1102 1609 hic
1115 1579 1204 1616 vir,ut
1218 1580 1334 1611 cmteris
1362 1581 1500 1612 omnibus
1517 1581 1604 1621 longe
1618 1582 1744 1614 validius

51 1625 138 1655 ἄλλων
154 1620 334 1666 ἰσχυρότερον
342 1620 414 1667 τάχα
430 1628 443 1655 ὁ
459 1627 539 1666 σοφὸς
564 1620 639 1658 οὗτος
670 1626 736 1665 ἀνὴρ
763 1627 793 1653 τὺ
808 1626 877 1664 παρὰ

961 1622 1052 1661 ponit,
1069 1623 1146 1663 quod
1173 1633 1189 1654 a
1216 1625 1300 1655 tertia
1324 1626 1509 1657 (ecumenica
1537 1620 1647 1666 synodo
1673 1636 1746 1667 prae-

50 1671 98 1703 τῆς
127 1671 223 1710 τρίτης
246 1672 428 1709 οἷκουμενικῆς
465 1670 611 1710 ὡρισμένον
633 1669 751 1709 συνόδου,
782 1669 876 1709 ἤγουν,

52 1723 64 1739 ¢
88 1716 119 1743 τὸ
142 1715 237 1754 ἑτέραν
252 1717 339 1744 πίστιν
373 1715 466 1753 μηδενὶ
495 1715 590 1748 ἐξεῖναι
618 1714 785 1755 προσφέρειν,
808 1714 826 1748 ἢ
841 1715 876 1746 ὡς

54 1761 228 1800 συγγράφειν,
257 1760 274 1794 ἣ
303 1761 458 1798 συντιθέναι,
481 1760 500 1794 ἡ
530 1759 672 1796 διδάσκειν,
710 1759 728 1793 ἢ
763 1758 876 1798 παραδι-

51 1803 121 1832 δόναι
159 1805 251 1844 ἕτερον
287 1804 434 1842 Σύμϐολον,
466 1805 572 1837 τούτους
601 1804 690 1833 τοῖσδε
724 1805 768 1833 καὶ
787 1803 877 1832 τοῖσδε

51 1855 108 1880 τοῖς
138 1849 283 1887 ἐπιτιμίοις
313 1851 480 1880 ὑποκεῖσθαι.
511 1858 522 1874 ι
561 1849 640 1879 Οὺδέν
682 1850 771 1888 ἕτερον
813 1848 877 1887 πρὸς

51 1897 130 1922 ταῦτα
168 1894 281 1934 ἐροῦμεν
309 1894 326 1928 ἢ
349 1895 450 1932 ἐκεῖνα,
487 1893 520 1922 δι’
549 1895 585 1922 ὧν
601 1893 785 1931 ἀπεδείκνυμεν
820 1892 878 1932 περὶ

51 1939 93 1966 τοῦ
122 1938 261 1977 συμϐόλου
295 1942 344 1972 τῆς
367 1940 394 1967 ἓν
431 1939 526 1975 Νικαίᾳ
563 1939 670 1977 πρώτης
715 1937 820 1966 συνόδου
845 1937 878 1965 τὰ

50 1987 156 2012 τοιαῦτα
187 1985 275 2014 πάντα
290 1991 348 2016 τοῖς
378 1984 462 2023 ἅγίοις
500 1983 630 2023 εἰρῆσθαι.
661 1985 710 2012 Καὶ
732 1986 813 2011 ταῦτα
830 1982 877 2019 μὲν

49 2027 89 2056 ἐπὶ
121 2033 252 2057 τοσοῦτον
275 2029 413 2068 προήχθω.
446 2028 520 2057 Ἐπεὶ
548 2028 574 2056 δὲ
603 2029 647 2056 καὶ
671 2027 877 2066 συλλογιστικῶς

50 2073 129 2106 οὕτως
165 2073 316 2102 συντέθεικέ
346 2085 405 2101 τινα
440 2074 476 2106 εἰς
525 2073 675 2112 ἀνατροπὴν
717 2071 805 2108 δῆθεν,
841 2073 877 2099 ὧν

49 2117 246 2156 προϐαλλονται
283 2116 388 2154 ἰταλώ,
419 2117 460 2145 δεῖ
496 2118 538 2146 καὶ
573 2118 621 2151 τὴν
659 2118 758 2146 τούτων
780 2116 880 2147 ἔκθεσιν

48 2161 225 2200 ἐγκατατάξαι
248 2165 287 2199 τῷ
321 2162 404 2202 λόγῳ,
428 2163 472 2191 καὶ
500 2163 544 2191 τὸν
574 2161 616 2190 ἐπ’
646 2163 735 2193 αὐτοῖς
767 2161 879 2200 ἔλεγχον

55 2208 91 2243 μὴ
121 2207 314 2238 ἀναϐαλέσθαι,
344 2208 441 2237 Αὐτίκα
471 2208 520 2247 γάρ
562 2206 589 2234 ἐν
617 2218 655 2244 τῳ
695 2206 791 2246 πρώτῳ
829 2207 878 2233 τῶν

56 2251 246 2293 συλλογισμῷν
261 2252 329 2280 οὕτω
343 2253 433 2293 φησιν,

85 2291 148 2329 ξαϊ
175 2309 188 2324 α
217 2291 436 2336 Ὀιιολογήμένου
484 2302 529 2327 τοῦ
561 2297 601 2325 ὃτι
640 2296 671 2325 τὸ
700 2295 879 2334 ἐκπορεύεσθνι

45 2340 142 2380 ἰδίωμα
172 2345 223 2370 τοῦ
252 2341 403 2379 Πνεύματός
434 2342 490 2370 ἔστι
519 2341 716 2380 παραστατικὸν
737 2342 786 2373 τὴς
816 2340 880 2367 ὑπο-

46 2388 187 2424 πατιχῆς,
230 2386 318 2414 εἵτουν
351 2390 527 2426 προσωπικῆς
562 2388 639 2415 αὖτοῦ
667 2384 800 2424 ὑπάρξεως
816 2391 825 2400 ⁸
857 2389 878 2416 εἰ

42 2432 70 2460 τό
107 2435 223 2469 Πνεῦμα
259 2430 286 2458 ἐν
313 2431 359 2459 τοῦ
388 2433 489 2472 [ἰατρὸς
525 2431 569 2460 καὶ
590 2431 620 2459 ἐκ
649 2433 695 2459 τοῦ
724 2430 793 2465 Υἱοῦ,
834 2427 877 2457 δύο

44 2475 124 2516 ἀρχαὶ
139 2475 251 2504 ἔσονται
282 2481 327 2505 τοῦ
354 2476 423 2509 ἑνός.
454 2476 504 2506 ’Ἔν
553 2476 602 2516 γὰρ
636 2476 667 2504 τὸ
710 2477 814 2511 Πνεῦμα
846 2474 876 2501 τὸ

45 2520 130 2560 ἅγιον,
156 2522 196 2553 ὡς
212 2521 287 2549 καὶὸ
313 2522 403 2560 Πατὴρ
433 2529 483 2557 εἷς,
514 2521 558 2549 καὶ
579 2522 593 2549 ὁ
616 2521 675 2553 Υἱὸς
704 2521 756 2550 εἷς.
786 2518 876 2558 Πατὴρ

45 2564 70 2593 δὲ
97 2566 144 2594 καὶ
183 2566 248 2597 Υἱὸς
279 2567 326 2596 οὐκ
360 2567 415 2604 εἷς,
454 2566 523 2595 ἀλλὰ
551 2564 605 2603 δύο,
637 2566 659 2593 εἶ
686 2564 730 2592 καὶ
757 2566 791 2602 τῇ
824 2563 875 2603 φύ-

48 2621 85 2638 σει
100 2611 140 2642 ἓν,
159 2623 175 2638 ι

84 2656 154 2696 Πρὸς
170 2654 201 2683 δὲ
214 2659 298 2684 ταῦτα
311 2656 328 2689 ἡ
349 2655 423 2687 λύσις
459 2655 542 2688 οὕτως
565 2655 715 2684 ἀκολουθεῖ.
747 2647 812 2682 υΟτι
828 2652 875 2689 μὲν

46 2701 74 2728 τὸ
105 2701 298 2740 ἐκπορεύεσθαι
325 2698 420 2738 ἰδίωμα
448 2702 498 2735 τῆς
533 2701 711 2733 ὒποστατικῆς
740 2696 873 2737 ὑπάρξεως

43 2748 88 2774 τοῦ
104 2745 261 2783 Πνεύματο,
293 2745 317 2772 οἱ
336 2744 454 2785 θεολόγοι
482 2745 575 2786 φασὶν,
605 2746 619 2773 ὁ
647 2743 790 2783 ἀντιλέγων
826 2741 873 2770 οὒ-

83 2804 112 2830 “
131 2804 225 2836 Joan.
243 2811 263 2839 l,
280 2802 330 2834 32.

208 2882 340 2917 PATROL.
366 2886 424 2918 Gn.
447 2885 550 2918 CXLI.

918 1666 1060 1706 scriptum
1075 1668 1140 1706 fuit,
1156 1678 1275 1708 nempe,
1291 1682 1304 1697 α
1317 1670 1405 1700 aliam
1419 1670 1506 1700 ﬁdem
1519 1671 1594 1701 nulli
1605 1666 1696 1702 licere
1712 1671 1745 1702 in

921 1711 1050 1741 medium
1080 1713 1195 1750 afferre,
1226 1714 1287 1744 sive
1312 1714 1515 1752 conscribere,
1541 1718 1592 1745 aut
1619 1725 1744 1756 compo-

919 1764 1002 1795 nere,
1019 1760 1069 1786 aut
1084 1757 1203 1794 docere,
1220 1762 1271 1788 aut
1285 1759 1404 1789 tradere
1417 1759 1497 1790 aliud
1513 1758 1696 1800 Symbolum,
1716 1763 1746 1791 et

918 1809 996 1838 eum,
1015 1801 1065 1840 qui
1081 1805 1183 1832 contra
1198 1802 1277 1840 ierit,
1297 1803 1379 1834 hisce
1390 1808 1421 1834 et
1435 1804 1517 1835 hisce
1533 1804 1631 1844 pmnis
1648 1804 1746 1845 subja-

918 1853 1026 1875 cere.»
1046 1845 1104 1876 Nos
1121 1847 1193 1876 nihil
1213 1847 1291 1878 aliud
1316 1848 1352 1878 ad
1382 1849 1445 1878 haec
1473 1848 1618 1886 dicemus,
1653 1859 1740 1889 quam

918 1889 979 1927 illa,
1010 1890 1115 1930 quibus
1145 1892 1338 1923 ostendemus
1374 1893 1410 1923 de
1445 1892 1584 1932 Symbolo
1615 1892 1743 1925 Nicmnte

921 1935 1023 1975 primae
1038 1935 1141 1975 synodi
1157 1937 1220 1967 haec
1231 1937 1329 1967 omnia
1342 1947 1393 1978 per
1407 1942 1525 1968 sanctos
1539 1937 1631 1968 fuisse
1647 1938 1743 1969 dicta-

920 1983 957 2010 ta.
973 1980 1007 2010 Et
1024 1981 1084 2010 haec
1104 1980 1222 2020 quidem
1252 1982 1403 2022 hucusque
1431 1986 1579 2022 protracta
1603 1983 1745 2015 sunt.Sed

920 2034 986 2054 cum
1003 2025 1050 2055 hic
1066 2025 1145 2055 idem
1162 2025 1197 2055 ad
1215 2026 1426 2057 convellendas
1454 2026 1593 2057 Italorum
1611 2028 1746 2068 proposi-

922 2069 1018 2100 tiones
1034 2070 1175 2100 nonnulla
1188 2071 1368 2111 syllogismis
1383 2071 1556 2111 complexus
1579 2071 1627 2110 sit,
1645 2081 1744 2112 opera;

923 2115 1046 2154 pretium
1064 2114 1164 2154 fuerit,
1181 2115 1300 2145 eosdem
1317 2115 1443 2146 orationi
1459 2125 1620 2156 apponere,
1647 2126 1742 2157 neqee

922 2168 1023 2190 eorum
1053 2159 1260 2190 refutationem
1290 2160 1399 2190 diutius
1429 2161 1613 2201 protrahere.
1637 2159 1741 2192 Statim

922 2203 1001 2234 enim
1018 2203 1048 2233 in
1063 2203 1157 2243 primo
1173 2204 1340 2244 syllogismo
1355 2205 1418 2235 haec
1433 2205 1540 2245 inquit.

962 2293 1010 2323 6L
1032 2305 1044 2321 ‹‹
1061 2294 1134 2323 Cum
1150 2293 1226 2333 apud
1243 2303 1346 2324 omnes
1361 2294 1391 2324 in
1407 2293 1542 2324 confesso
1557 2293 1605 2329 sit.
1617 2303 1736 2337 ‘proce-

920 2337 992 2368 dere
1020 2337 1148 2378 Spiritus
1173 2339 1382 2378 proprietatem
1421 2348 1486 2369 esse
1521 2337 1738 2370 constitutivam

920 2382 1117 2423 hypnstaticae,
1134 2382 1196 2413 sive
1212 2383 1375 2423 personalis
1390 2383 1468 2414 illius
1496 2383 1676 2414 exsistentiaa
1693 2393 1699 2413 :
1717 2382 1743 2413 si

920 2427 1046 2467 Spiritus
1075 2437 1111 2458 ex
1137 2428 1220 2458 Patre
1249 2433 1278 2459 et
1307 2428 1392 2466 Filio,
1409 2428 1466 2459 duo
1482 2432 1568 2459 erunt
1595 2427 1742 2468 principia

919 2472 1006 2502 unius
1023 2482 1029 2501 :
1049 2481 1125 2503 unus
1140 2473 1217 2503 enim
1236 2477 1282 2503 est
1304 2473 1431 2513 Spiritus
1446 2477 1576 2510 sanctus,
1594 2473 1740 2513 quemad—

919 2516 1038 2547 modum
1055 2521 1084 2547 et
1099 2518 1186 2548 Pater
1200 2527 1288 2556 unus,
1316 2522 1346 2548 et
1360 2517 1452 2549 Filius
1466 2526 1554 2549 unus.
1571 2517 1659 2549 Pater
1673 2526 1741 2548 vero

918 2565 948 2592 et
970 2560 1063 2592 Filius
1082 2571 1141 2592 non
1167 2571 1255 2600 unus,
1286 2562 1340 2594 sed
1370 2562 1439 2600 duo,
1471 2561 1542 2593 licet
1566 2571 1656 2593 unum
1686 2571 1743 2594 na-

918 2610 994 2637 tura.
1010 2618 1023 2634 υ

957 2651 1001 2681 Ad
1015 2651 1078 2682 haec
1094 2652 1132 2681 ita
1149 2651 1256 2682 solutio
1271 2652 1480 2691 subsequatur.
1496 2652 1665 2684 Procedere
1680 2651 1745 2692 qui-

917 2696 985 2726 dem
1016 2695 1228 2735 proprietatem
1258 2706 1324 2728 esse
1346 2697 1535 2738 bypostaticae
1561 2695 1742 2727 exsistentiaa

916 2740 1053 2781 Spiritus,
1072 2740 1206 2780 theologi
1221 2741 1504 2782 tradunt,nemoque
1513 2741 1630 2773 inﬁcias
1641 2739 1740 2771 iverit:
