1936 3078
199 129 258 162 139

200 207 302 230 verum
330 199 385 229 etsi
414 199 476 231 Itali
500 201 632 230 asserant
650 198 812 238 procedere
827 199 968 239 Spiritum
986 207 1020 228 ex
1032 201 1051 226 Α

200 244 287 274 Patre
303 248 334 275 et
350 243 435 281 Filio,
453 253 511 274 non
527 243 584 273 duo
602 243 750 283 principia
765 244 853 274 unius
877 250 976 278 erunt,
994 247 1023 273 et

201 287 257 318 hoc
286 297 409 328 magnus
438 287 567 318 Basilius
598 287 677 318 dicto
710 297 762 318 suo
796 288 1020 328 comprobabit,

203 343 217 358 α
234 333 311 372 quod
324 342 341 363 a
357 332 430 363 Filio
447 332 555 363 dicitur
582 341 659 369 esse,
687 332 723 362 ad
755 333 879 372 primam
904 341 1022 363 causam

199 377 314 407 Patrem
333 376 450 414 referri,
470 388 481 406 η
501 376 646 407 scribens.
665 376 737 407 Nam
753 376 804 416 qui
828 377 883 407 hac
908 376 1022 408 ratione

199 429 355 451 sermones
363 421 584 461 perpendet,ob
591 421 776 452 enuntiatum
783 421 1022 457 dicens,exPatre

198 468 227 494 et
236 465 311 496 Filio
325 474 390 497 esse
405 465 557 505 Spiritum,
575 474 726 503 nunquam
749 465 897 497 Romanos
925 465 1023 497 crimi-

200 509 420 550 nabitur,quasi
432 510 490 540 duo
507 509 652 550 principia
663 509 790 550 Spiritus
813 510 1020 547 decernentes,

199 564 267 586 cum
285 554 568 594 dicunt,procedere
582 554 724 594 Spiritum
742 564 777 585 ex
793 556 879 586 Patre
893 559 923 585 et
934 554 1020 586 Filio.

197 598 234 629 Et
248 600 312 630 haec
336 599 372 630 de
402 599 497 639 primo
512 599 691 639 syllogismo.
708 598 864 630 Secundus
890 599 1021 639 syllogis-

200 653 267 674 mus
280 648 342 674 est:
360 655 372 672 ι
390 645 461 674 Cum
479 653 512 674 ex
528 643 644 674 duobus
672 653 737 675 esse
753 644 907 684 Spiritum,
924 643 1023 674 amba-

199 698 266 719 rum
294 697 489 728 personarum
515 688 770 728 imperfectionem
797 688 974 719 introducat.
1007 700 1019 718 ι

201 732 355 764 Sufﬁcient
371 732 408 763 ad
435 733 514 763 hunc
543 733 766 770 confutaudum,
798 743 863 774 quae
891 743 908 764 a
938 733 1023 763 nobis

201 778 279 809 dicta
294 782 379 817 sunt,
395 777 431 807 ad
448 778 639 808 evertendum
662 787 752 808 unum
776 778 910 817 ejusdem
933 782 1022 818 atque

200 824 255 854 iste
267 822 421 853 sententia:
433 831 466 853 ex
483 822 579 853 Photii
594 822 788 862 syllogismis:
803 829 870 853 cum
895 822 1022 862 propriae

201 867 383 907 probationis
398 867 550 897 materiam
568 867 685 904 habeat,
710 877 768 898 non
794 876 881 906 posse
909 867 1019 906 aliquid
1035 895 1051 919 Β

202 921 361 943 commune
375 912 406 942 in
421 911 530 942 Triade
545 911 695 951 proprium
713 921 789 949 esse,
807 916 836 942 et
849 921 937 942 omne
955 921 1022 951 pro-

199 957 296 997 prium
313 965 372 986 non
393 965 458 986 esse
481 965 641 986 commune
667 965 673 987 :
699 965 796 996 neque
822 956 853 986 in
869 956 1022 986 eversione

199 1001 418 1040 circumplexus
434 1001 523 1040 hujus
535 1000 706 1040 syllogismi,
722 1001 844 1031 dubium
857 1000 1023 1031 remanebit

199 1046 293 1077 ullum
322 1045 432 1084 legenti
459 1054 524 1085 quae
549 1055 602 1076 nos
627 1046 811 1086 scripsimus,
828 1055 893 1076 cum
910 1045 1022 1076 similes

199 1091 382 1131 syllogismos
398 1090 496 1121 Pbotii
510 1089 717 1120 refutaremus.
746 1089 889 1121 Similiter
905 1094 934 1120 et
949 1091 1019 1120 alte-

200 1136 263 1166 rius
278 1134 481 1165 Methonensis
495 1134 656 1174 syllogismi
670 1134 808 1164 refutatio
831 1134 925 1164 facilis
952 1134 1018 1174 erit,

198 1180 230 1210 in
246 1189 303 1219 quo
328 1179 359 1209 in
387 1187 477 1209 unum
498 1178 701 1209 confusionem
728 1179 822 1209 Patris
842 1183 870 1209 et
899 1178 975 1218 Filii,
993 1182 1022 1209 et

199 1222 396 1264 simplicitatis
408 1223 497 1253 unius
511 1223 636 1262 Spiritus
650 1223 822 1253 divisionem
842 1223 1023 1262 conﬁngit,si

200 1279 235 1300 ex
249 1269 334 1299 Patre
347 1271 375 1297 et
392 1267 464 1297 Filio
481 1266 624 1306 Spiritum
639 1276 705 1299 esse
720 1267 862 1298 dicamus.
882 1267 939 1298 Sed
955 1277 1020 1298 cum

200 1313 237 1344 ad
253 1311 483 1351 subsequentem
498 1311 698 1351 syllogismum
715 1312 912 1352 pervenerim,
929 1312 1020 1342 visum

199 1361 245 1388 est
255 1356 470 1394 necessarium,
488 1356 584 1396 ipsum
601 1356 641 1386 uti
648 1356 774 1396 jacet,in
785 1356 924 1388 Oratione
937 1356 1021 1396 dige-

196 1411 276 1442 rere,
294 1404 324 1432 et
339 1401 369 1431 in
382 1400 462 1431 illius
477 1400 653 1431 refutatione
669 1401 858 1441 productiore
885 1411 1022 1432 sermone

196 1446 252 1478 uti.
269 1445 462 1486 Syllogismus
477 1445 515 1476 ita
532 1454 566 1476 se
581 1445 688 1477 habet:

734 131 840 163 JOAN.
864 131 975 163 VECCI
999 131 1055 162 GP.

1084 131 1341 163 PATRIARCH/E
1824 130 1875 163 MO

1064 197 1113 230 δείς
1134 207 1141 213 '
1163 198 1202 226 ὅτι
1217 198 1244 226 δὲ
1265 198 1306 226 διὰ
1332 201 1362 227 τὸ
1388 199 1474 239 λέγειν
1502 201 1561 231 τοὺς
1591 198 1706 232 Ἰταλοὺς
1741 199 1873 238 ἐκπορεύε-

1064 245 1120 271 σθαι
1137 244 1166 271 τὸ
1185 247 1289 281 Πνεῦμα
1301 244 1331 271 ἐκ
1346 245 1446 282 Πατρὸς
1475 246 1519 273 καὶ
1541 246 1611 280 Υἱοῦ,
1646 245 1707 284 οὐχὶ
1731 243 1774 272 δύο
1802 244 1875 283 ἀρχαὶ

1063 292 1108 316 τοῦ
1123 288 1180 320 ἐνὸς
1196 287 1311 328 ἕσονταιι⁷
1327 290 1340 316 ὁ
1375 289 1459 328 μέγας
1489 289 1623 322 Βασιλείος
1658 289 1813 328 μαρτυρήσει
1835 289 1874 316 καὶ

1064 332 1154 370 πάλιν,
1176 343 1187 360 ιι
1205 333 1236 360 τὸ
1252 333 1322 372 παρὰ
1336 337 1382 362 τοῦ
1404 335 1463 362 Υἱοῦ
1491 334 1636 373 λεγόμενον
1665 334 1746 370 εἶναι,
1770 334 1804 365 εἷς
1830 333 1874 366 τὴν

1064 377 1171 418 πρῷτην
1214 378 1297 406 αἰτίαν
1343 379 1390 406 τὸν
1428 379 1530 418 Πατέρα
1564 378 1749 418 ἀναφέρεσθαι,
1772 377 1873 416 λέγων·

1067 432 1078 448 α
1098 417 1126 450 Ὀ
1148 422 1198 461 γὰρ
1213 421 1280 450 οὕτω
1294 423 1353 455 τοὺς
1368 422 1461 461 λόγους
1477 422 1661 460 διανοούμενος
1690 422 1738 456 τῆς
1753 421 1874 461 λεγούσης

1063 468 1163 506 φωνῆς³
1181 467 1211 494 ὲκ
1234 469 1279 494 τοῦ
1306 468 1407 506 Πατρὸς
1430 468 1473 495 καὶ
1493 471 1539 496 τοῦ
1570 468 1628 496 1⁸ἱοῦ
1650 467 1719 495 εἶναι
1741 468 1772 495 τὸ
1798 470 1876 495 Πνεῦ-

1064 521 1112 549 μοι⁷
1143 511 1190 538 οὐκ
1217 510 1248 539 ἄν
1269 522 1334 539 ποτε
1354 512 1414 543 τοὺς
1446 507 1590 549 Ῥωμαιους
1627 510 1755 548 διοϐάλεῐ,
1778 512 1813 544 ὡς
1837 510 1878 539 δ-Βο

1064 555 1149 594 ἀρχὰς
1170 559 1216 584 τοῦ
1255 556 1406 593 Πνεύματος
1435 555 1639 595 δογματίζοντας
1668 556 1694 584 ἐν
1736 558 1775 594 τῷ
1796 555 1877 596 λέγειν

1064 602 1152 630 αὒτοῦ.
1182 600 1365 639 ἐκπορεύεσθαι
1408 602 1438 629 τὸ
1484 604 1589 639 Πνεῦμα
1633 601 1663 629 ἐκ
1712 602 1812 641 Πατρὺς
1837 602 1877 629 καὶ

1065 646 1135 675 Υἱοῦ,
1174 646 1222 673 Καὶ
1256 649 1336 673 ταῦτα
1370 645 1418 682 μὲν
1443 647 1503 685 περὶ
1537 650 1581 674 τοῦ
1625 646 1747 685 ῥηθέντος
1781 647 1878 686 πρώτου

1065 688 1253 728 συλλογιαμοῦ.
1296 685 1323 718 ι0
1365 689 1392 717 δὲ
1428 691 1480 718 τῶν
1520 691 1705 730 συλλογισμῶν
1754 685 1876 732 δεύτερος¹

1067 744 1082 762 α
1097 733 1172 762 Ἐπεὶ
1186 735 1216 761 τὸ
1232 734 1257 766 ἐξ
1279 735 1380 774 ἀμφοῖν
1406 735 1476 763 εἶναι
1498 736 1527 763 τὸ
1551 739 1657 773 Πνεῦμα
1674 736 1791 764 ἀτέλειαν
1812 738 1879 765 εἶναι

1065 779 1106 806 καὶ
1140 778 1296 818 ἀμφοτέρων
1330 782 1382 807 τῶν
1426 779 1573 818 προσώπων
1615 781 1737 820 ὁρίζεται⁷
1780 781 1878 819 ἀρκέσει

1063 824 1133 851 αὖτῶ
1162 824 1197 854 εἷς
1213 823 1374 861 ἀνατροπὴν,
1406 824 1454 851 ὃσα
1489 826 1558 862 ἡμῖν
1595 824 1684 863 ἐῤῥέθή
1712 827 1748 857 εἷς
1771 826 1878 866 ἀνατρο-

1063 867 1199 904 ἰτήνένὸςν
1215 871 1260 895 τοῦ
1281 870 1329 900 τῆς
1358 869 1438 902 αῦτῆς
1465 868 1538 900 ὄντος
1567 869 1665 901 ἐννοίας
1687 873 1739 898 τῶν
1755 875 1798 899 τοῦ
1817 875 1879 898 Φω-

1063 912 1118 939 τῖο)
1155 910 1339 950 συλλογισμῶν
1357 922 1362 927 ·
1392 913 1449 940 ἒπεὶ
1486 915 1534 946 τῆς
1579 914 1675 946 οἰκείας
1719 918 1879 948 κατασκευῆς

1063 955 1128 988 ὕλην
1143 955 1256 995 ἕχειτὸ,
1282 956 1319 993 μὴ
1350 955 1469 985 δύνασθαί
1497 969 1521 985 τι
1549 959 1636 986 κοινὸν
1677 960 1708 987 εκ
1736 962 1770 997 τῇ
1797 959 1880 998 Τριάδι

1064 1000 1131 1028 ἴδιον
1148 1007 1227 1036 ε’ῐναι¹
1247 1001 1288 1028 καὶ
1310 1004 1361 1028 πᾶν
1377 1000 1444 1029 ἴδιον
1473 1002 1512 1039 μὴ
1537 1003 1625 1030 κοινὸν
1647 1003 1718 1032 εἶναι
1735 1013 1742 1021 ⁵
1775 999 1827 1032 οὐδ’
1841 1005 1882 1033 ἐπὶ

1064 1049 1097 1083 τῇ
1127 1045 1261 1084 ἀνατροπῇ
1290 1047 1337 1079 τῆς
1363 1050 1407 1074 τοῦ
1434 1045 1612 1085 συλλογισμοῦ
1646 1049 1736 1076 τούτου
1771 1049 1879 1088 περιλῆ-

1061 1093 1132 1128 ψεως
1160 1090 1269 1129 ἀπορίαν
1299 1089 1348 1122 ἕξει
1377 1090 1435 1118 τινά
1463 1092 1476 1118 ὁ
1511 1091 1691 1129 ἐντευξόμενος
1723 1100 1779 1124 τοῖς
1821 1094 1880 1134 παρ’

1061 1135 1138 1172 ἡμῶν
1167 1134 1367 1173 ἀνατρεπτικοῖς
1388 1137 1441 1162 τῶν
1478 1136 1575 1172 ὁμοίως
1599 1138 1668 1173 abi-ip
1689 1137 1807 1177 ἑχόντων
1838 1144 1881 1168 τοῦ

1062 1179 1164 1207 Φωτίου
1195 1178 1389 1218 συλλογισμῶν.
1429 1175 1539 1217 Ὀμοίως
1561 1185 1598 1218 τῷ
1625 1175 1735 1219 τοιού-εις)
1770 1183 1881 1223 εὐχερὴς

1065 1223 1135 1251 ἔσται
1170 1224 1214 1251 καὶ
1241 1224 1259 1256 ⁵η
1291 1228 1337 1252 τοῦ
1368 1223 1446 1252 ἄλλου
1469 1223 1646 1263 συλλογισμοῦ
1673 1231 1718 1255 τοῦ
1760 1229 1882 1262 Μεθώνης

1064 1268 1211 1307 ἀνατροπὴ,
1229 1268 1254 1295 ἐν
1270 1270 1292 1305 ᾧ
1313 1269 1362 1301 τὴν
1391 1270 1426 1300 εἷς
1456 1268 1481 1297 ἕν
1510 1280 1538 1296 τε
1565 1270 1691 1310 σύγχυσιν
1720 1274 1820 1311 Πατρὸς
1842 1276 1883 1303 καὶ

1065 1314 1136 1349 Υἱοῦ,
1160 1313 1203 1340 καὶ
1238 1314 1283 1340 τὸν
1313 1314 1361 1346 τῆς
1397 1313 1547 1347 ἀπ.¹.ότητος
1576 1318 1621 1342 τοῦ
1648 1316 1706 1346 ἑνὸς
1737 1318 1882 1354 Πνεύματος

1065 1358 1192 1396 μερισμὸν
1207 1355 1361 1397 πλάττεται,
1398 1357 1442 1385 ἐὰν
1468 1358 1498 1385 ἐκ
1522 1360 1623 1396 Πατρὸς
1644 1361 1688 1388 καὶ
1719 1363 1777 1389 rio-3
1804 1362 1884 1402 ὑπάρ-

1063 1413 1114 1441 χον
1135 1402 1165 1429 τὸ
1190 1405 1293 1446 Πνεῦμα
1308 1401 1409 1446 ῥηθείη)
1438 1402 1483 1430 Ἐν
1513 1401 1539 1430 δὲ
1560 1407 1598 1440 τῷ
1626 1403 1686 1438 ἑξῆς
1716 1405 1884 1446 συλλογισμῷ

1064 1445 1183 1484 γεγονότι
1206 1457 1251 1482 μοι
1270 1445 1325 1473 δεῖν
1353 1445 1438 1478 ἔδοξεν
1467 1448 1543 1475 αὐτὸν
1564 1458 1592 1475 τε
1627 1449 1673 1476 τὸν
1708 1449 1883 1490 συλλογισμὸν

199 1493 235 1524 ὡς
252 1490 324 1531 ἔχει,
340 1490 554 1529 ἐγκαταστρῶσαι
576 1493 614 1526 τῷ
643 1490 726 1530 λόγῳ,
749 1492 793 1519 καὶ
829 1491 893 1530 πρὸς
932 1491 981 1524 τὴν
1015 1491 1091 1518 αὔτοῦ
1134 1489 1345 1528 ἐμπλατυνθῆναι
1379 1490 1540 1530 ἀνατροπήν,
1564 1491 1645 1532 ’Ἔχει
1661 1494 1675 1520 ὁ
1705 1493 1884 1534 συλλογισμὸς

197 1536 277 1567 οὕτω.

237 1580 287 1611 62.
308 1591 321 1606 α
333 1579 366 1609 Si
380 1578 457 1619 quod
474 1588 565 1609 unum
587 1584 656 1609 sunt
680 1580 765 1609 Pater
779 1584 808 1609 et
824 1579 928 1619 Filius,
954 1582 1050 1609 suntc

197 1624 276 1656 enim
293 1623 415 1653 omnino
431 1632 521 1653 unum
537 1627 813 1663 natura,propterea
828 1627 856 1653 ul
875 1633 909 1653 ex
925 1623 1021 1660 Patre,

198 1669 238 1699 ita
254 1671 283 1698 et
296 1676 331 1698 ex
346 1667 421 1698 Filio
438 1667 663 1698 concedendum
680 1672 724 1699 est
750 1667 912 1707 procedere
932 1668 1024 1708 Spiri-

199 1717 283 1743 tum:
303 1712 357 1742 hoc
383 1713 494 1742 etenim
520 1712 657 1743 innovata
687 1712 780 1742 Latini
803 1711 947 1751 dogmatis
970 1722 1023 1743 vox

198 1756 325 1798 postulat
341 1764 347 1786 :
365 1755 589 1786 conceiendum
608 1761 685 1787 esset
699 1756 842 1787 etFilium
857 1758 1022 1787 necessario

198 1802 241 1833 uti
256 1809 273 1831 a
289 1802 384 1839 Patre,
401 1801 438 1832 ita
456 1804 484 1831 et
500 1810 516 1831 a
531 1801 643 1841 Spiritu
670 1801 760 1840 gigni,
787 1801 864 1841 quod
894 1802 980 1832 Pater
994 1806 1023 1832 et

200 1845 329 1887 Spiritus
343 1855 434 1876 unum
446 1850 637 1885 suntnatura;
655 1846 701 1876 sin
717 1846 825 1880 minus,
843 1845 1023 1885 periclitabi-

200 1896 246 1923 tur
261 1891 389 1930 Spiritus
402 1900 461 1921 non
478 1900 568 1921 unum
586 1899 651 1921 esse
666 1894 769 1920 natura
784 1899 850 1921 cum
875 1889 970 1921 Patre.
988 1890 1022 1921 Et

199 1937 306 1968 iterum
323 1935 494 1966 Macedonio
510 1934 629 1966 dicendi
640 1934 939 1965 facultatemliberam
954 1944 1022 1965 con-

200 1981 352 2012 cedemus.
371 1993 383 2008 ιι

241 2026 293 2057 Vir
308 2025 373 2062 Dei,
389 2025 453 2065 ipse
468 2034 503 2055 ex
519 2028 547 2055 te
564 2024 644 2054 solus
656 2028 809 2054 accusator
823 2024 912 2055 simul
937 2028 964 2055 et
976 2024 1024 2064 ju-

201 2071 257 2102 dex
272 2072 473 2101 Romanorum
492 2068 698 2100 constitueris?
723 2068 757 2098 Et
773 2069 838 2108 quis
865 2078 899 2099 ex
922 2069 960 2098 iis
974 2069 1024 2109 qui

201 2125 281 2147 nunc
295 2120 372 2152 sunt,
390 2119 440 2145 aut
456 2123 585 2153 unquam
599 2113 693 2150 fuere,
711 2113 820 2143 audivit
842 2113 877 2143 ab
893 2112 971 2143 Italis
986 2113 1024 2143 si-

201 2160 302 2191 milem
320 2160 349 2190 in
367 2163 469 2190 sancta
484 2158 591 2189 Triade
605 2158 892 2198 interpretationem?
907 2158 1021 2188 Etenim

199 2205 225 2235 si
247 2209 369 2245 propter
385 2204 461 2234 idem
479 2208 590 2233 natura:
605 2203 699 2234 Latini
715 2203 860 2240 dicerent,
878 2212 945 2233 esse
960 2202 1022 2242 Spi-

198 2250 287 2280 ritum
304 2249 346 2280 uti
361 2258 378 2279 a
393 2250 491 2288 Patre,
508 2248 547 2277 ita
563 2252 618 2277 eta
633 2247 718 2283 Filio,
737 2257 795 2278 non
812 2251 934 2284 tantum,
945 2247 1022 2287 quod

199 2294 263 2333 ipse
279 2292 571 2333 colligis,absurdum
589 2292 858 2331 contingeretesse
873 2301 980 2332 nempe
996 2296 1024 2322 et

198 2338 309 2369 Filium
325 2337 494 2368 necessario
506 2337 549 2367 uti
561 2346 596 2367 ex
607 2336 692 2367 Patre
707 2336 746 2367 ita
758 2342 786 2367 et
797 2345 814 2366 a
835 2336 957 2376 Spiritu,
971 2336 1023 2367 sed

200 2386 230 2412 et
242 2383 332 2412 multa
348 2381 404 2413 alia
422 2385 575 2421 praterea.
592 2382 665 2412 Nam
691 2381 716 2411 si
746 2384 869 2421 propter
888 2380 1022 2412 eamdem

199 2430 335 2456 naturam
349 2426 499 2456 diceretur
515 2435 580 2456 esse
595 2425 721 2466 Spiritus
736 2435 770 2456 ex
788 2425 862 2456 Filio
876 2425 1021 2465 quemad—

200 2470 320 2501 modum
338 2479 373 2501 ex
389 2472 611 2510 Patre,prorsus
626 2471 701 2500 hanc
708 2470 842 2501 eamdem
856 2469 893 2501 ob
903 2478 1020 2501 causam

200 2515 337 2546 similiter
362 2519 519 2554 cogeretur
541 2514 663 2554 gignere
691 2524 758 2545 cum
781 2515 876 2545 Patre.
894 2514 978 2551 Item,
996 2514 1022 2545 si

201 2564 322 2600 propter
337 2560 474 2591 eamdem
489 2563 622 2590 naturam
638 2559 679 2590 ita
694 2563 772 2590 esset
788 2569 822 2589 ex
838 2558 913 2590 Filio
925 2558 1019 2598 Spiri-

200 2608 250 2635 tus
265 2605 307 2635 uti
322 2614 355 2635 ex
368 2605 550 2641 Patre,esset
562 2608 591 2634 et
601 2603 694 2634 Filius
705 2604 954 2644 quemadmodum
966 2603 1022 2633 Pa-

199 2652 248 2681 ter
262 2649 375 2690 absque
393 2648 539 2689 principio
555 2651 585 2678 et
599 2649 711 2688 absque
726 2658 825 2681 causa.
843 2648 914 2679 Nam
925 2647 1023 2688 Spiri—

199 2697 248 2725 tus
264 2703 300 2725 ex
318 2696 404 2725 Patre
421 2698 467 2724 est
483 2698 621 2733 tanquam
637 2703 670 2723 ex
688 2693 767 2724 fonte
788 2694 898 2734 absque
912 2693 1023 2733 princi-

196 2746 249 2779 pio
272 2749 279 2768 :
307 2738 363 2770 etsi
391 2742 420 2769 et
440 2747 474 2768 ex
504 2736 578 2768 Filio
607 2741 745 2768 eumdem
774 2738 804 2769 in
831 2739 962 2774 modum,
994 2741 1025 2768 ut

201 2788 230 2813 tu
252 2788 397 2819 autumas.
430 2782 550 2812 omnino
578 2787 607 2812 et
631 2782 693 2822 ipse
717 2789 795 2814 esset
821 2783 884 2814 sine
911 2783 1022 2823 princi-

1035 2223 1055 2248 ι)

1102 1573 1152 1616 ξβ’.
1179 1588 1194 1607 (
1213 1580 1242 1607 Εἰ
1256 1578 1321 1607 διότι
1351 1579 1378 1607 ἕν
1413 1581 1461 1608 εἰσι
1491 1581 1582 1620 Πατὴρ
1617 1583 1660 1611 καὶ
1689 1584 1748 1616 Υἱὸς
1784 1586 1831 1613 εἱσὶ
1858 1585 1885 1614 δὲ

1064 1623 1169 1655 πάντως
1185 1622 1211 1651 ἕν
1233 1626 1266 1661 τῇ
1294 1624 1379 1663 φύσει,
1404 1623 1445 1652 διά
1471 1629 1546 1653 τοῦτο
1579 1627 1615 1659 ὡς
1646 1627 1676 1656 ἐκ
1704 1632 1748 1657 τοῦ
1770 1632 1882 1670 Πατρὸς,

1064 1667 1132 1696 οὕτω
1147 1669 1189 1696 καὶ
1205 1668 1234 1696 ἐκ
1249 1673 1294 1697 τοῦ
1322 1669 1382 1696 Υἱοῦ
1412 1667 1499 1697 δοτέον
1529 1669 1715 1710 ἐκπορεύεσθαι
1742 1674 1773 1702 τὸ
1802 1667 1887 1705 Πνεῠζ

1065 1723 1101 1749 μα
1118 1720 1125 1727 '
1146 1717 1221 1741 τοῦτο
1242 1713 1291 1752 γὰρ
1320 1713 1338 1746 ὴ
1359 1714 1518 1753 καινοφωνία
1545 1719 1590 1743 τοῦ
1619 1720 1758 1746 Λατινικοῦ
1781 1718 1887 1759 δόγμα-

1064 1768 1108 1788 τος
1130 1757 1239 1785 ἀπαιτεῖ
1256 1766 1263 1774 '
1280 1756 1367 1785 δοτῑον
1381 1757 1410 1786 ἄν
1433 1757 1478 1791 εἷή
1500 1759 1544 1787 καὶ
1567 1760 1611 1787 τὸν
1642 1763 1701 1789 Υἱὸν
1727 1761 1752 1794 ἒξ
1768 1756 1887 1803 ἀνάγκης

1063 1803 1099 1833 ὡς
1129 1802 1158 1830 ἐκ
1181 1813 1225 1830 του
1263 1804 1375 1841 Πατρὸς,
1406 1803 1474 1831 οὕτω
1509 1804 1552 1832 καὶ
1580 1803 1610 1831 ἐκ
1644 1809 1690 1833 τοῦ
1732 1802 1886 1845 Πνεύματος

1063 1847 1198 1885 γεννάσθαι
1216 1855 1223 1861 ”
1241 1845 1332 1875 διότιὸ
1354 1847 1444 1886 Πατὴρ
1468 1849 1512 1876 καὶ
1540 1849 1569 1876 τὸ
1599 1852 1705 1887 Πνεῦμα
1733 1851 1760 1878 ἕν
1788 1853 1837 1881 εἰσι
1853 1858 1888 1888 τῆ

1063 1892 1135 1931 φύσει
1154 1902 1159 1907 ’
1175 1892 1195 1919 εἰ
1211 1890 1238 1919 δὲ
1254 1891 1302 1929 μὴ,
1323 1891 1462 1920 κινδυνεύει
1483 1893 1514 1920 τὸ
1540 1896 1646 1930 Πνεῦμα
1661 1895 1699 1931 μὴ
1718 1895 1743 1923 ἕν
1759 1897 1831 1925 εἶναι
1855 1885 1890 1933 τὲ,

1063 1936 1136 1975 φύσει
1163 1937 1229 1973 μετὰ
1257 1936 1371 1975 Πατρὺς.
1402 1937 1450 1965 Καὶ
1478 1937 1557 1964 πάλιν
1589 1937 1793 1977 παῤῥησιοίζεται
1826 1931 1890 1971 Μαί

1065 1979 1190 2013 κεΞόνιος.
1210 1992 1224 2008 ῃ

1108 2019 1249 2063 ἸΑνθρωπε
1263 2029 1309 2053 τοῦ
1325 2029 1400 2062 Θεοῦ,
1424 2025 1501 2057 αὐτὸς
1517 2026 1562 2066 ἀφ’
1590 2027 1683 2057 ἑαυτοῦ
1716 2030 1797 2067 μόνος
1820 2043 1890 2060 κατ-

1065 2070 1161 2108 ήγορος
1177 2069 1231 2107 ἅμα
1253 2071 1295 2097 καὶ
1310 2070 1401 2109 κριτής
1415 2070 1477 2109 ςτιῦν
1495 2067 1630 2108 Ῥωμαίων
1659 2074 1718 2112 γίνῃ
1733 2083 1740 2111 ;
1772 2077 1821 2104 Καὶ
1850 2077 1891 2109 τίς

1065 2117 1117 2140 τῶν
1134 2119 1177 2143 νῦν
1243 2117 1296 2142 τῶν
1330 2115 1438 2142 πώποτε
1473 2114 1573 2150 ἀκήκοέ
1594 2117 1664 2156 παρὰ
1691 2121 1743 2147 τῶν
1779 2120 1892 2149 Ἰταλῶν

1065 2159 1187 2191 τοιαύτην
1202 2158 1244 2186 ἐπὶ
1272 2161 1320 2192 τῆς
1350 2159 1425 2197 ἁγίας
1455 2158 1563 2197 Τριάδος
1591 2159 1742 2200 ἐξήγησινς
1775 2165 1803 2192 Εἰ
1840 2166 1892 2204 γάρ

1065 2202 1105 2230 διὰ
1120 2204 1150 2230 τὸ
1164 2203 1257 2230 ταυτὸν
1271 2206 1320 2236 τῆς
1345 2204 1444 2243 φύσεως
1462 2204 1484 2230 οἱ
1500 2207 1609 2232 Λατῖνοι
1641 2205 1732 2244 ἔλεγον
1764 2202 1894 2237 εἶναινῷ

1065 2250 1181 2284 Πνεῦμα,
1198 2248 1235 2280 ὡς
1264 2247 1293 2275 ἕκ
1314 2258 1360 2275 του
1383 2249 1493 2286 Πατρὸς.
1530 2249 1598 2276 οὕτω
1626 2251 1669 2277 καὶ
1697 2250 1726 2278 ἐκ
1747 2256 1793 2280 τοῦ
1817 2254 1892 2291 Ποῦ,

1065 2291 1094 2319 οὗ
1117 2291 1197 2329 μόνον
1215 2293 1242 2320 ὸν
1265 2291 1375 2325 quvi,an
1392 2292 1468 2324 αὐτὸς
1499 2293 1597 2321 ἄτοπον
1617 2293 1764 2323 συνέϐαινεν
1794 2296 1838 2336 ἄν,
1864 2299 1897 2326 τὸ

1066 2337 1136 2365 εἶναι
1166 2335 1286 2370 δηλονότι
1308 2337 1351 2364 καὶ
1375 2337 1420 2364 τὸν
1448 2338 1506 2365 Υἱὸν
1535 2336 1560 2370 ἐξ
1588 2337 1718 2379 ἀνάγκης,
1733 2341 1770 2372 ὡς
1800 2335 1834 2369 ἐκ
1846 2346 1917 2370 10f)t

1066 2382 1179 2420 Πατρὸς,
1195 2380 1264 2409 οὕτω
1278 2382 1322 2409 καὶ
1336 2380 1366 2408 ἐκ
1394 2385 1439 2409 τοὺ
1455 2382 1618 2420 Πνεύματος,
1655 2383 1723 2412 ἀλλὰ
1757 2386 1802 2414 καὶ
1831 2385 1895 2414 ἕτε-

1062 2437 1094 2465 ρα
1134 2426 1252 2457 πάντως.
1291 2425 1319 2454 Εἰ
1347 2426 1396 2464 γάρ
1427 2424 1468 2454 διὰ
1503 2427 1533 2454 τὸ
1569 2428 1664 2456 ταυτὸν
1701 2440 1750 2463 της
1786 2431 1917 2470 φύσεωςι

1063 2470 1169 2509 ἐλέγετο
1183 2471 1296 2498 εἶναιτὸ
1315 2469 1420 2507 Πνεῦμα
1442 2470 1485 2497 καὶ
1506 2470 1537 2499 ὲκ
1551 2475 1595 2499 τοῦ
1625 2473 1695 2512 Flet},
1723 2475 1760 2505 ὡς
1785 2475 1817 2503 ἐκ
1847 2479 1897 2504 τοῦ

1063 2516 1176 2554 Πατρὸς,
1193 2514 1299 2546 ποίντως
1327 2513 1360 2542 δι’
1390 2515 1468 2542 αὑτοῦ
1497 2515 1588 2543 τούτου
1617 2517 1660 2544 καὶ
1689 2521 1781 2555 γεννᾷν
1799 2521 1814 2547 ὁ
1831 2521 1917 2552 Υἱὸς“

1064 2560 1158 2596 ὅμοίως
1179 2559 1342 2597 ἠναγκάζετο
1372 2561 1410 2595 τῷ
1439 2559 1530 2597 Πατρί.
1554 2560 1602 2587 Καὶ
1623 2559 1713 2598 ’τιοὶλιν¹
1753 2563 1774 2590 εἰ
1801 2562 1847 2591 διὰ
1863 2566 1897 2592 τὸ
1916 2572 1917 2586 έ

1063 2604 1157 2631 ταυτὸν
1173 2606 1220 2636 τῆς
1235 2603 1347 2642 φύυεως,
1364 2602 1445 2633 οὕτως
1475 2603 1508 2636 ἦν
1542 2603 1572 2630 ἐκ
1600 2608 1646 2633 τοῦ
1668 2607 1729 2635 Υἱοῠ
1754 2608 1785 2635 τὸ
1802 2611 1897 2636 Ilva”)—
1915 2605 1917 2639 4

1065 2659 1102 2685 μα
1119 2648 1208 2687 ὥσπερ
1223 2647 1252 2675 ἐκ
1280 2651 1326 2675 τοῦ
1359 2648 1472 2686 Πατρὸς,
1496 2647 1528 2681 ἧν
1558 2648 1587 2676 ἅν
1617 2650 1660 2677 καὶ
1690 2652 1703 2678 ὁ
1734 2652 1794 2684 Υἱὸς
1825 2654 1865 2685 ὡς
1883 2655 1917 2681 6t

1065 2693 1156 2730 Πατὴρ
1184 2692 1300 2732 ἄναρχος
1329 2692 1372 2719 καὶ
1406 2692 1532 2724 ἀναίτιος,
1560 2694 1595 2722 Τὸ
1631 2695 1680 2734 γὰρ
1716 2698 1826 2734 Πνεῦμα
1865 2687 1917 2726 ἐκ

1065 2740 1109 2765 τοῦ
1133 2737 1233 2777 Πατρὸς
1265 2738 1300 2769 ὡς
1326 2736 1351 2769 ἐξ
1380 2736 1498 2776 ἀνάρχου
1525 2738 1580 2766 ἑστι
1608 2742 1711 2778 πηγῆς,
1731 2742 1758 2769 Ei
1788 2741 1817 2770 δὲ
1849 2735 1917 2771 xxii

1065 2781 1094 2810 ἕκ
1110 2783 1154 2810 τοῦ
1169 2785 1228 2810 Υὶοῦ
1247 2782 1312 2809 κατὰ
1335 2782 1362 2809 σὲ
1381 2781 1474 2821 οὕτως,
1493 2783 1596 2814 πάντως
1626 2785 1667 2812 καὶ
1696 2786 1772 2818 arb-,5;
1807 2787 1897 2827 ἓίναρ-
1916 2785 1917 2812 i
