1936 3078
37 156 86 188 Hi

631 157 679 188 DE
702 155 848 188 UNIONE
870 154 1144 187 ECCLESIARUM.

1668 159 1725 192 142

32 234 92 262 χος.
109 223 187 252 Ἀλλ’
202 225 253 263 οὐχ
281 222 375 262 οὕτως,
398 223 458 251 ἀλλ’
485 223 516 251 ἐκ
536 226 582 252 τοῦ
612 225 671 251 rio?)
698 225 728 251 τὸ
750 207 854 258 Πνεῦμα

936 229 957 250 ).
982 220 1038 251 Sed
1065 230 1113 266 res
1142 221 1229 252 aliter
1252 231 1285 253 se
1310 222 1409 255 habet.
1433 223 1473 254 Ex
1497 223 1573 256 Filio
1597 224 1725 266 Spiritus

31 267 111 308 ἐστιν,
126 269 162 301 ὡς
176 268 206 297 ἐκ
221 271 313 306 πηγῆς
335 268 365 296 ἐκ
385 272 430 296 τοῦ
460 269 561 308 Πατρὸς
592 268 707 308 ἐχούσης
728 270 758 296 τὸ
773 268 854 306 εἶναι,

30 313 72 340 καὶ
87 314 154 352 πρὸς
167 313 211 341 τὸν
241 313 343 352 Πατέρα
377 312 426 345 τὴν
461 313 569 351 πρώτην
598 314 680 341 αἰτίαν
710 313 752 341 καὶ
782 311 855 351 ἀρχὴ

32 354 136 385 ἅπαντα
162 358 207 385 τὸν
234 361 281 385 τοῦ
315 358 466 394 Πνεύματος
515 359 658 396 πηγασμὸν
707 357 855 396 ἀναγούσης

30 401 97 428 κατὰ
127 402 173 430 τὸν
202 401 286 441 μέγαν
313 402 462 431 Βασίλειον.
494 397 622 436 ιιῖθωηαῒοι
659 402 706 440 μὲν
749 401 793 430 οὖν
821 402 856 433 εἷς

29 446 156 480 τοιαύτην
185 446 285 475 ἔννοιαν
318 446 348 474 ἐκ
381 451 428 474 τοῦ
470 448 530 475 Υὶοῦ
572 446 695 486 λέγουσιν
724 446 796 474 εἶναι
826 447 856 473 τὸ

32 493 148 528 Πνεῦμα.
180 491 217 519 Σὺ
238 490 265 518 δὲ
293 491 461 530 παρεισάγων
490 491 583 522 αὐτοὺς
612 490 654 519 διὰ
683 492 714 518 τὸ
741 491 855 530 ὁμοφυὲς

29 533 106 567 δῆθεν
136 535 364 574 ἀπολογουμένους
401 537 432 563 τὸ
460 536 490 564 ἐκ
523 540 569 564 τοῦ
593 536 695 575 Πατρὸς
721 535 765 563 καὶ
798 536 857 562 Υἱοῦ

30 586 99 607 εἶναι
114 580 146 607 τὸ
176 583 294 617 Πνεῦμα,
322 581 352 609 οὗ
379 578 487 612 δικαίως
515 583 672 619 κατηγορῷν
688 579 774 607 αὐτῶν
792 579 855 618 φαί-

30 636 72 661 νῃ,
115 624 291 664 καινοφωνίαν
336 627 476 653 Λατινικοῦ
529 623 659 663 δόγματος
701 622 854 659 ἀποκαλῶν,

31 668 94 706 ἅπερ
117 668 216 697 ἐκεῖνοι
245 671 274 698 οὒ
302 668 434 707 λέγουσιν,
466 670 510 697 καὶ
539 668 685 708 παρρησίαν
719 668 856 705 ὀνομάζων

31 716 110 741 ταῦτα
127 712 298 743 Μακεδονίου.
324 710 429 746 ’Ἀλλος
459 712 540 741 πάλιν
567 713 694 741 πλέκεταί
715 724 757 740 σοι
791 711 855 741 συλ-

30 757 156 796 λογισμὸς
172 757 202 786 ἐκ
230 761 275 786 τοῦ
305 758 457 796 Πνεύματος
482 759 620 797 γεννᾶσθαι
636 758 681 785 τὸν
710 758 782 796 Υἱὸν,
811 757 855 784 καὶ

30 803 102 835 αὖτὸς
125 803 300 841 συμπεραίνον
316 802 392 836 δῆθεν
411 812 418 820 ·

67 846 118 885 Ξγ.
139 859 152 874 ι
171 848 200 875 Εἰ
224 846 265 875 διὰ
296 848 328 875 τὸ
355 847 484 884 ὁμότιμον
516 848 616 886 Πατρὸς
648 847 691 874 καὶ
717 848 788 885 Υἱοῡ,
825 846 855 873 ἐκ

32 893 130 930 Πατρὸς
153 893 197 919 καὶ
230 893 290 920 Υἱοῦ
311 893 341 920 τὸ
363 895 468 929 Πνεῦμα
505 891 673 931 ἐκπορεύεται
690 900 696 907 ·

30 936 106 969 αὖτης
122 935 195 963 ἐστιν
216 937 345 974 ὁμοτίμοις
359 940 398 973 τῷ
421 936 551 973 Πνεύματι
569 937 581 963 ὂ
598 936 699 974 Πατὴρ.
719 947 731 962 ι)

67 982 116 1009 Καὶ
132 981 157 1009 τί
178 991 219 1008 σοι
235 982 300 1020 πρὸς
316 984 397 1008 ταῦτα
425 981 532 1019 ἐροῦμεν
548 981 630 1017 ἡμεῖς
649 990 657 1020 ς
681 979 781 1007 Πολλαί
795 991 853 1007 σοι-

28 1026 96 1064 τάχα
113 1027 139 1053 αἱ
154 1028 201 1053 τοῦ
229 1027 289 1053 Υἱοῦ
310 1025 339 1053 ἐκ
360 1029 406 1053 τοῦ
436 1026 584 1062 Πνεύμανος
619 1025 755 1063 γεννήσεις
771 1035 852 1063 τερα-

26 1071 209 1109 τευθῆσονται,
240 1071 261 1097 εἰ
285 1073 327 1097 νῦν
360 1071 408 1106 μὲν
439 1069 521 1101 θέλεις
544 1069 573 1097 ἐκ
602 1070 702 1107 Πατρὸς
728 1070 772 1097 καὶ
794 1070 852 1096 Υἱοῦ

26 1113 64 1141 διὰ
76 1115 107 1142 τὸ
124 1114 240 1152 ὁμοφυὲς
264 1115 377 1141 εἶναιτὸ
407 1117 524 1151 Πνεῦμα,
556 1118 597 1142 νὺν
626 1112 653 1140 δε
668 1112 709 1140 διὰ
736 1113 766 1140 τὸ
788 1113 852 1142 ὀμό-

23 1170 111 1196 τιμον,
137 1161 181 1186 ψῦν
196 1157 223 1186 δε
238 1157 280 1185 διὰ
294 1159 324 1186 τὸ
359 1157 494 1195 ὁμόδοξον.
533 1162 574 1186 νῦν
590 1157 616 1185 δε
645 1157 687 1185 διὰ
714 1158 744 1184 τὸ
759 1156 852 1194 ὁμόδο-

21 1214 116 1238 ναμον.
138 1199 247 1231 Ὀ-τοϊον
262 1201 289 1229 δὲ
303 1203 346 1230 καὶ
372 1203 402 1230 τὶ
433 1202 625 1230 ἐπακοὶουθοῦν
654 1208 711 1232 τοῖς
733 1202 850 1240 ῥηθεῖσιν

20 1236 71 1277 ἤδῇ
91 1242 272 1281 συλλογισμοῗ
293 1253 349 1279 σου,
387 1242 413 1269 ἐν
442 1244 464 1279 ᾧ
491 1241 640 1281 διισχυρίζῃ
662 1243 692 1269 σὺ
715 1241 848 1280 ἀναφανῆ-

19 1293 62 1320 ναί
89 1303 144 1320 που
180 1292 232 1319 τῶν
262 1294 371 1331 Γραφῶν
392 1291 496 1322 πάντως
539 1292 584 1318 τὸν
618 1291 676 1318 ria»
706 1289 848 1329 λεγόμενον

19 1341 64 1366 τοῦ
82 1337 238 1374 Πνεύματος
260 1337 377 1376 μείζονα,
408 1335 452 1364 ἐὰν
480 1336 523 1364 καὶ
552 1335 577 1368 ἐξ
610 1337 669 1363 Υἱοῦ
690 1335 720 1362 τὸ
743 1338 847 1371 Πνεῦμα

21 1382 234 1421 ἐκπορευόμενον
261 1380 377 1420 λέγοιτο,
408 1385 445 1412 Ως
469 1381 518 1420 γὰρ
550 1379 646 1416 ἔοικεν,
675 1379 810 1417 ἠγνοησας
833 1380 846 1406 ὁ

21 1428 192 1467 σοφώτατος,
222 1427 259 1458 ὡς
309 1426 323 1453 ὁ
357 1425 440 1464 μέγας
471 1424 626 1456 Ἀθανάσιος
661 1423 688 1451 ἐν
713 1427 751 1460 τῷ
779 1424 847 1451 κατὰ

19 1470 167 1510 Ἀρειανῶν
196 1470 293 1510 πρώτῳ
331 1470 403 1509 λόγω
446 1470 562 1510 μείζονα,
598 1472 643 1497 τοῦ
695 1468 845 1505 Πνεύματος

900 268 956 304 est,
973 271 1006 295 ut
1033 274 1049 295 e
1072 265 1153 297 fonte
1181 275 1214 297 ex
1245 268 1330 297 Patre
1361 277 1426 298 esse
1454 269 1594 307 habente,
1624 265 1654 301 et
1683 270 1724 301 ad

898 307 1014 338 Patrem
1040 310 1164 349 primam
1191 320 1312 342 causam
1341 316 1370 342 et
1399 313 1577 353 principium
1603 324 1723 345 omnem

897 353 1024 393 Spiritus
1048 355 1190 386 eﬂluxum
1212 356 1372 394 referente,
1397 358 1560 388 secundum
1585 369 1723 398 magnum

897 397 1294 440 Basilium.Romaniitaque
1310 401 1350 431 ita
1365 402 1531 433 sentientes
1541 397 1678 434 asserunt
1689 414 1724 435 ex

897 442 972 473 Filio
998 452 1064 474 esse
1090 443 1243 484 Spiritum.
1270 445 1311 475 Tu
1339 455 1407 476 vero
1438 456 1488 477 eos
1516 447 1722 485 introducens,

897 487 981 527 quasi
995 489 1224 530 responderent,
1242 493 1363 529 propter
1379 492 1513 522 eamdem
1525 496 1659 523 naturam
1674 502 1721 524 as-

897 540 1010 570 serere,
1029 542 1063 563 ex
1076 533 1160 564 Patre
1177 537 1207 564 et
1222 543 1258 564 ex
1269 533 1342 565 Filio
1359 535 1502 574 Spiritum
1521 546 1598 572 esse,
1617 542 1724 577 praeter

897 575 940 606 fas
954 586 1005 607 eos
1019 577 1194 608 insimulare
1219 578 1338 615 videris,
1366 579 1525 610 dictionem
1555 575 1722 613 innovatam

898 621 993 651 Latini
1017 621 1163 661 dogmatis
1186 632 1372 663 nuncupans,
1391 633 1456 663 quae
1477 623 1521 655 illi
1540 635 1599 656 non
1623 635 1722 657 enun-

897 664 981 702 tiant,
997 669 1026 696 et
1041 667 1091 697 illa
1107 667 1274 697 libertatem
1289 668 1412 698 dicendi
1435 668 1598 700 Macedonii
1622 671 1721 701 nomi-

897 719 982 755 nans.
1000 710 1083 741 Alius
1108 711 1216 742 iterum
1243 712 1432 752 syllogismus
1455 714 1660 755 complicatur,
1686 724 1723 746 ex

897 752 1009 794 Spiritu
1037 756 1174 794 generari
1203 755 1323 797 Filium,
1340 757 1425 797 quasi
1442 760 1473 789 tu
1497 752 1577 789 certo
1597 752 1720 790 conclu-

896 798 984 829 deres
1002 808 1008 830 :

936 844 985 875 63.
1007 856 1018 872 α
1037 845 1068 874 Si
1085 849 1205 885 propter
1219 845 1356 876 eamdem
1381 845 1554 886 dignitatem
1570 848 1666 880 Patris
1691 854 1721 881 et

727 883 786 924 τῆς
805 891 854 929 γὰρ
865 883 884 908 Β
896 887 973 926 Filii,
992 897 1027 919 ex
1040 883 1126 919 Patre
1137 883 1166 919 et
1180 889 1255 920 Filio
1271 890 1399 930 Spiritus
1413 883 1566 931 procedit:
1585 893 1719 932 ejusdem

895 940 1024 972 namque
1039 932 1190 972 dignitatis
1206 938 1249 964 est
1261 944 1328 965 cum
1342 934 1452 975 Spiritu
1470 937 1565 968 Pater.
1585 949 1597 966 ι»

937 976 1011 1012 Quid
1028 977 1112 1008 hisce
1129 978 1187 1008 tuis
1211 988 1265 1009 nos
1279 979 1551 1019 respondebimus?
1566 981 1720 1022 Pleraque

893 1021 1019 1052 fortasse
1036 1022 1103 1052 Filii
1120 1032 1154 1053 ex
1170 1022 1283 1063 Spiritu
1307 1024 1515 1063 generationes
1540 1021 1720 1065 portentosae

894 1066 1123 1107 conﬁngenturj;
1140 1067 1165 1097 si
1177 1077 1256 1098 nunc
1267 1067 1386 1108 quidem
1399 1068 1443 1099 vis
1459 1078 1493 1099 ex
1503 1068 1590 1100 Patre
1600 1074 1629 1101 et
1644 1071 1718 1102 Filio

894 1115 1015 1150 propter
1043 1111 1178 1141 eamdem
1207 1116 1342 1142 naturam
1367 1121 1433 1143 esse
1458 1112 1612 1153 Spiritum,
1638 1124 1719 1148 nunc

893 1155 1155 1195 proptereamdem
1167 1155 1436 1197 dignitatem,nunc
1447 1162 1569 1198 propter
1580 1159 1716 1191 eamdem

893 1200 1031 1239 glorium,
1050 1209 1127 1230 nunc
1145 1204 1264 1240 propter
1279 1201 1415 1231 eamdem
1437 1202 1611 1241 potentiam.
1626 1203 1717 1240 Quale

890 1253 981 1284 porro
999 1249 1044 1274 est
1058 1245 1137 1284 quod
1154 1245 1356 1286 consequitur,
1367 1246 1402 1276 ad
1416 1250 1482 1277 tuos
1488 1247 1551 1287 jam
1567 1248 1716 1288 expositos

889 1288 1087 1328 syllogismos,
1114 1298 1171 1328 quo
1197 1293 1228 1319 tu
1257 1289 1425 1326 contendis,
1456 1293 1659 1331 comparuisse
1684 1293 1715 1324 in

889 1333 1038 1372 aliquibus
1054 1332 1354 1372 Scripturis,prorsus
1368 1333 1476 1364 Filium
1493 1335 1554 1366 dici
1569 1336 1713 1376 majorem

888 1375 1011 1416 Spiritu,
1025 1377 1050 1406 si
1066 1380 1139 1407 etex
1154 1376 1228 1407 Filio
1254 1377 1382 1417 Spiritus
1397 1379 1561 1418 procedere
1577 1375 1714 1412 dicatur?

887 1421 923 1452 Ut
939 1422 1018 1452 enim
1035 1421 1163 1453 videtur.
1183 1426 1211 1452 te
1226 1422 1479 1462 sapientissimum
1491 1423 1576 1455 latuit
1589 1434 1713 1464 magnus

886 1466 1064 1497 Athanasius
1081 1466 1215 1496 oratione
1227 1466 1323 1506 prima
1338 1474 1443 1498 contra
1457 1468 1594 1507 Arianos,
1613 1469 1710 1509 majo-

22 1515 153 1554 ἆριδήλως
177 1516 221 1542 τὸν
243 1515 301 1543 Υἶὸν
341 1514 523 1555 ἀποφαίνεται,
556 1509 584 1542 ε0
618 1513 646 1541 δὲ
675 1514 742 1551 μετά
764 1517 854 1541 ταῦτα

936 1520 950 1541 n
976 1510 1089 1550 Spiritu
1110 1511 1296 1550 apertissime
1318 1511 1425 1542 Filium
1449 1514 1628 1544 decernens.
1656 1513 1712 1550 Qui

22 1559 188 1597 πλεχόμενός
204 1570 245 1587 σοι
274 1558 461 1598 συλλογισμὸς,
491 1561 505 1587 ὁ
525 1562 571 1586 τοῦ
599 1556 702 1587 Ἰταλοῦ
725 1568 844 1597 καταφε-

24 1605 130 1643 ρόμενος
147 1603 246 1644 σφόδρα
262 1604 289 1632 ἐν
303 1606 341 1640 τῷ
355 1604 509 1642 προτείνειν,
529 1615 543 1631 ι
566 1606 621 1631 Πᾶν
650 1603 713 1642 ὃπερ
741 1602 782 1630 ἐπὶ
797 1603 844 1636 τῆς

24 1649 176 1688 erepo-actm
217 1647 324 1687 Τριάόος
360 1649 402 1676 καὶ
444 1649 545 1676 νοετθαι
585 1648 630 1676 καὶ
665 1646 782 1685 λέγεται,
824 1646 841 1679 ἡ

24 1695 107 1721 κοινὸν
122 1693 179 1721 ἐστι
193 1696 246 1720 τῶν
259 1695 351 1731 τριῶν,
380 1692 398 1726 ἢ
419 1692 478 1724 ἑνὸς
507 1691 586 1732 ἴδιον,
604 1701 615 1716 ι
647 1693 726 1723 Οὗτος
741 1694 775 1724 τῆ
793 1691 842 1723 τῆς

26 1737 144 1771 ἀληθείας
172 1748 264 1777 χαριτι
300 1737 544 1776 προανατέτραπται
592 1737 654 1775 παρ’
695 1737 784 1773 ἡμῶν,
815 1735 841 1763 ἓν

25 1784 64 1815 οἷς
90 1782 280 1820 ἀπεδείκνυμεν
310 1782 381 1810 εἷναί
415 1793 439 1809 τι
461 1783 551 1810 κοικὸν
578 1788 637 1812 τοῖς
666 1780 748 1816 δοσιν,
777 1779 841 1819 ὅπερ

25 1827 60 1863 μὴ
75 1827 196 1867 πρόσεστι
223 1827 270 1855 καὶ
291 1830 330 1863 τῷ
356 1827 444 1865 τρίτῳ,
481 1827 524 1854 καὶ
551 1826 621 1855 εἶναί
649 1837 673 1854 τι
702 1824 770 1867 ἴδιον
784 1831 841 1856 τοῖς

23 1865 136 1909 δυσῖλμὴ
151 1875 340 1902 χοινωνοῦντος
357 1872 447 1903 αὐτοῖς
477 1872 520 1898 καὶ
547 1875 593 1899 τοῦ
621 1870 718 1910 τρίτου,
740 1865 839 1896 Ὡσαύ-

22 1927 71 1946 τως
83 1916 259 1955 καὶόἕτερος
290 1918 342 1943 τῶν
371 1915 413 1943 ἐπί
442 1915 527 1951 τούτῳ
553 1914 737 1954 συλλογισμῶν
767 1915 780 1941 ὁ
797 1913 841 1941 λέ-

22 1972 72 1998 γων
84 1961 127 1989 δύο
141 1961 332 2001 ἀναφαίνεσθαι
358 1961 389 1988 τὰ
418 1964 464 1988 τοῦ
501 1960 651 1997 Πνεύματος
685 1958 757 1987 α’ἷτια
794 1960 839 1986 τὸν

22 2006 116 2045 Πατέρα
144 2007 187 2034 καὶ
220 2007 268 2033 τὸν
298 2006 367 2039 Υἱὸν,
396 2005 441 2032 ἐὰν
474 2015 513 2036 τις
539 2006 570 2032 ὲκ
599 2008 644 2032 τοῦ
666 2005 766 2043 Πατρος
795 2004 838 2031 καὶ

28 2051 80 2078 Υἱοῦ
112 2050 178 2089 λέγῃ
208 2051 240 2078 τὸ
268 2052 386 2086 Πνεῦμα,
424 2050 454 2076 ἐκ
482 2049 589 2081 ἐκείνοις
612 2049 689 2085 ἡμῶν
710 2055 768 2078 τοῖς
793 2048 839 2086 ῥή-

21 2105 94 2131 μαςο
113 2094 322 2131 ἀνατέτραπται,
350 2093 376 2121 ἐν
404 2096 446 2126 οἷς
468 2093 654 2130 ὰπεόείκνυμεν
683 2094 719 2124 ὼς
761 2094 774 2120 ὁ
809 2092 838 2120 ἐκ

20 2143 63 2166 τοῦ
77 2140 174 2178 Πατρὸς
190 2140 235 2167 καὶ
261 2140 322 2167 Υἱοῦ
353 2138 437 2178 λέγων
473 2139 503 2166 τὸ
534 2141 649 2175 Πνεῦμα,
675 2138 736 2174 μίαν
753 2137 837 2164 αἰτίαν

886 1555 1074 1594 postmodum
1089 1559 1144 1585 ate
1156 1554 1342 1595 syllogismus
1359 1556 1591 1593 connectitur,et
1605 1557 1709 1589 Italum

884 1599 1009 1638 graviter
1026 1599 1153 1638 impetit,
1169 1609 1205 1630 eo
1227 1599 1306 1639 quod
1331 1600 1470 1638 afﬁrmat,
1489 1613 1501 1629 »
1519 1600 1615 1633 Omne
1629 1603 1708 1642 quod

884 1643 915 1673 in
931 1643 1205 1684 supersubstantiali
1221 1643 1329 1674 Triade
1344 1644 1521 1684 intelligitur
1536 1650 1566 1677 et
1586 1646 1705 1685 dicitur,

884 1692 933 1718 aut
948 1697 1106 1718 commune
1131 1691 1178 1718 est
1203 1688 1303 1726 trium,
1328 1693 1377 1719 aut
1399 1689 1487 1720 unius
1507 1690 1672 1730 proprium.
1692 1704 1702 1719 ι

883 1732 932 1762 hic
948 1732 1002 1763 Dei
1018 1733 1109 1772 gratia
1129 1732 1274 1762 refutatus
1287 1738 1334 1763 est
1348 1742 1365 1763 a
1380 1733 1477 1765 nobis:
1493 1735 1564 1765 dum
1578 1735 1708 1766 ostendi-

883 1786 959 1814 mus,
973 1786 1038 1807 esse
1054 1777 1123 1817 quid
1141 1776 1265 1807 duorum
1282 1779 1533 1818 commune,quod
1546 1788 1605 1810 non
1620 1789 1705 1810 com-

883 1822 1051 1852 municatur
1075 1826 1104 1852 et
1129 1825 1215 1852 tertio
1233 1831 1240 1851 ε
1259 1825 1288 1851 et
1316 1831 1382 1852 esse
1397 1823 1548 1862 proprium
1565 1824 1703 1863 duorum,

881 1867 965 1905 cujus
982 1865 1084 1896 tertius
1100 1866 1251 1905 particeps
1278 1875 1335 1896 non
1353 1871 1409 1905 est,
1427 1866 1570 1898 Similiter
1584 1873 1614 1899 et
1629 1869 1705 1900 alius

880 1911 1065 1950 syllogismus
1079 1910 1426 1950 subsequens,asserens,
1442 1912 1515 1943 duas
1531 1922 1704 1953 comparere

880 1953 1007 1994 Spiritus
1023 1964 1127 1984 causas
1143 1954 1259 1985 Patren.
1277 1961 1306 1985 et
1321 1955 1472 1996 Filium,si
1488 1956 1553 1996 quis
1568 1967 1602 1988 ex
1617 1958 1704 1989 Patre

881 2005 910 2029 et
924 1999 997 2029 Filio
1009 1998 1149 2038 Spiritum
1167 1999 1312 2036 decernit,
1331 1999 1391 2030 illis
1405 2000 1503 2031 verbis
1519 2010 1536 2032 a
1551 2001 1636 2033 nobis
1651 2011 1702 2033 re-

876 2043 975 2083 jectus
990 2048 1046 2080 est,
1071 2043 1179 2083 quibus
1199 2044 1396 2082 ostendimus,
1415 2054 1482 2075 eum
1499 2045 1549 2085 qui
1566 2055 1601 2077 ex
1618 2046 1703 2078 Patre

879 2093 908 2119 et
933 2089 1005 2119 Filio
1029 2088 1171 2128 Spiritum
1201 2088 1284 2126 dicit,
1317 2098 1405 2119 unam
1436 2099 1553 2120 causam
1577 2091 1699 2130 inferre,

879 2133 955 2172 quod
973 2143 1007 2163 ex
1024 2134 1110 2163 Patre
1139 2142 1192 2172 per
1216 2133 1322 2163 Filium
1346 2133 1397 2164 ille
1426 2134 1465 2165 sit
1483 2143 1490 2165 ε
1505 2144 1558 2166 vox
1574 2145 1702 2177 namque

17 2183 84 2222 λέγει
105 2177 151 2211 τοῦ
181 2184 343 2220 Πνεύματος⁷
368 2177 410 2211 διὰ
424 2184 454 2210 τὸ
476 2182 506 2210 ἐκ
542 2183 642 2221 Πατρὸς
658 2180 690 2209 δι’
713 2183 772 2209 Υἶοῦ
793 2183 854 2209 εἶ-Ῑ

939 2186 994 2217 per
1015 2177 1134 2207 Filium
1151 2177 1358 2216 primigeniam
1389 2187 1505 2209 causam
1532 2179 1653 2220 indicat,
1671 2185 1702 2212 ut

15 2239 57 2256 ναι
90 2228 164 2263 αὐτὸ,
196 2228 243 2256 ἅτε
270 2230 320 2261 τῆς
355 2226 388 2255 δι’
434 2228 493 2255 Υἱοῦ
523 2229 612 2266 φωνῆς
643 2225 760 2260 δήλωσιν
787 2228 836 2259 τῆς

10 2275 226 2312 προααταρτικῆς
255 2273 338 2305 αἰτίας
388 2272 516 2312 ἐχούσης,
559 2271 628 2300 κατὰ
662 2272 708 2298 τὸν
753 2271 835 2309 μέγαν

9 2318 96 2346 εἰπεῖν
124 2318 170 2345 καὶ
206 2316 286 2345 πάλιν
321 2316 470 2347 Βασίλειον.
503 2315 578 2344 Ἀλλ’
606 2314 663 2344 οὒδὲ
700 2316 713 2343 ὁ
744 2315 835 2354 ἐφεξῆς

11 2361 199 2400 συλλογισμὸς,
217 2363 231 2389 ὁ
247 2371 261 2392 ι
278 2361 360 2395 ἀτελῆ
385 2362 434 2395 τὴν
463 2361 493 2390 ἐκ
519 2364 566 2389 τοῦ
581 2361 684 2400 Πατρὶς
713 2359 836 2399 ἐχπόρευ-

14 2416 54 2433 οιν
67 2406 163 2445 λέγων,
181 2405 226 2434 ἐὰν
254 2407 298 2434 καὶ
324 2405 354 2434 ἐκ
373 2410 418 2434 τοῦ
438 2407 498 2434 Υἱοῦ
519 2405 623 2444 λέγοιτο
647 2405 777 2445 ὑπάρχειν
805 2406 836 2433 τὸ

13 2452 126 2491 Πνώμα,
147 2462 158 2478 ο
176 2454 268 2479 καινοῦ
282 2462 352 2483 τινος
374 2449 530 2486 δεηθήσεται
558 2453 605 2479 τοῦ
633 2450 769 2487 νοήματος
798 2450 835 2481 είς

14 2494 168 2534 ἆντίῤῥησιν.
202 2494 319 2535 Ἀρχέσει
348 2496 397 2535 γὰρ
424 2496 460 2527 εἰς
488 2495 640 2534 ἀνατροπὴν
669 2494 759 2534 αὒτοῦ,
786 2494 835 2522 ὅσα

11 2540 76 2578 ’πρὸς
88 2542 133 2568 τὸν
149 2539 249 2577 ὁμοίως
264 2542 335 2580 αὖτῳ
360 2540 458 2580 ἔχοντα
486 2538 664 2578 ωλλογισμὸν
694 2542 740 2567 τοῦ
766 2542 830 2566 Φω-

13 2584 67 2611 cleo
93 2586 247 2624 εἰρήκαμεν,
286 2579 420 2617 Ὠσαύιως
458 2585 500 2612 καὶ
546 2587 580 2622 τῇ
608 2584 744 2623 ἀνατροπῇ
787 2587 832 2611 τοῦ

0 2627 213 2661 ηέικολουθουντος
242 2631 312 2666 αὒτῷ
347 2628 531 2668 συλλογισμοῦ.
579 2632 625 2657 τοῦ
661 2627 705 2656 δύο
745 2627 830 2667 ἀρχὰς

0 2676 57 2706 ητοῦ
82 2675 234 2712 Πνεύματος
265 2673 387 2712 λέγοντος
415 2675 461 2702 τὸν
489 2673 593 2714 Πατέρα
621 2673 664 2701 καὶ
692 2673 738 2700 τὸν
772 2673 831 2700 Υἰὸν

9 2716 60 2751 ὕλη
97 2718 350 2759 παραληφθήσονται
391 2719 424 2746 τὰ
465 2719 531 2757 πρὸς
558 2719 604 2746 τὸν
634 2716 734 2755 ὁμοίως
763 2717 834 2754 αὒτῷ

0 2761 106 2802 ἔχοντα
140 2762 336 2803 ουλλλογισμὸν
375 2766 422 2792 τοῦ
461 2765 540 2792 αὐτοῦ
581 2763 683 2791 Φωτίου
723 2760 833 2800 ρηθέντα

0 2808 86 2844 ἡμῖν.

877 2223 983 2252 iterum
1001 2231 1066 2252 cum
1084 2231 1188 2260 magno
1204 2222 1311 2252 Basilio
1327 2222 1520 2255 afﬁrmemus.
1534 2224 1593 2254 Sed
1605 2234 1702 2265 neque

877 2267 927 2307 qui
956 2266 1098 2306 deinceps
1122 2266 1219 2296 locum
1254 2271 1378 2306 occupat
1413 2267 1619 2307 syllogismus,
1650 2271 1702 2309 qui

881 2323 892 2339 α
909 2311 1116 2352 imperfectum
1133 2320 1167 2341 ex
1185 2310 1269 2342 Patre
1286 2311 1508 2351 processionem
1523 2312 1663 2354 inculcat,
1676 2314 1701 2345 si

877 2360 906 2386 et
920 2365 955 2386 ex
972 2355 1045 2385 Filio
1059 2355 1187 2395 Spiritus
1203 2365 1268 2386 esse
1284 2360 1446 2392 astruatur,
1466 2369 1479 2384 »
1504 2366 1579 2387 nova
1602 2357 1701 2399 aliqua

877 2399 1040 2439 excogitata
1066 2399 1213 2430 sententia
1245 2399 1453 2430 refutationem
1492 2400 1657 2431 merebitur
1689 2412 1696 2432 :

876 2453 1004 2485 namque
1018 2443 1054 2474 ad
1070 2453 1137 2474 eum
1154 2443 1379 2474 convellendum
1394 2444 1464 2474 satis
1489 2443 1557 2481 erit,
1581 2453 1646 2485 quae
1662 2445 1699 2476 ad

877 2489 1062 2519 consimilem
1082 2487 1180 2518 Photii
1197 2488 1401 2528 syllogismum
1417 2488 1606 2519 adduximus.
1632 2489 1700 2520 Pari

875 2534 991 2564 ratione
1002 2542 1053 2573 pro
1069 2533 1259 2569 refutatione,
1272 2532 1322 2573 qui
1337 2537 1403 2573 post
1418 2533 1497 2563 hunc
1510 2533 1626 2573 legitur.
1636 2534 1698 2574 syl-

873 2578 1036 2618 logismi.et
1046 2577 1104 2607 duo
1120 2577 1268 2617 principia
1278 2577 1405 2618 Spiritus
1421 2579 1538 2609 Patrem
1551 2581 1579 2608 et
1591 2579 1699 2610 Filium

873 2621 1291 2662 constituentis,assumentur,
1309 2631 1373 2662 quae
1389 2622 1419 2653 in
1435 2631 1518 2662 aeque
1533 2631 1565 2653 se
1580 2622 1698 2654 haben-

875 2671 933 2698 tem
951 2667 1085 2707 ejusdem
1105 2665 1204 2697 Pbotii
1228 2666 1429 2707 syllogismum
1454 2676 1472 2698 a
1497 2667 1584 2699 nobis
1610 2667 1699 2699 allata

875 2718 957 2744 sunt.
