1936 3078
24 107 71 139 145

616 109 665 139 DE
682 107 827 140 UNIONE
843 106 1116 140 ECCLESIARUM.

1641 105 1699 138 146

22 175 111 213 Πατρὸς
127 175 161 207 εἷς
180 175 252 211 Υἶὸν,
271 174 326 203 οὐδὲ
341 175 432 213 pusio:
468 173 630 213 ἑγεννήσεως
654 171 712 200 ἀλλ’
733 182 738 188 ·
754 171 784 212 ἄῤ

932 172 1057 204 lanasius
1073 172 1195 213 epistola
1211 182 1244 203 ex
1256 172 1367 212 synodo
1380 171 1643 212 Hierosolymitana
1661 171 1696 202 ad

19 229 57 249 τος
84 221 132 252 τῆς
167 220 237 251 θείας
267 220 416 258 γεννὴσεως
452 220 466 246 ὁ
496 219 636 258 τρόπος.»
678 212 770 245 ’Ἀλλὰ
791 217 834 244 καὶ

19 263 117 291 παλινὸ
141 264 225 303 μέγας
255 263 410 295 ’Λθανάσιος
432 263 459 291 ἐν
494 266 528 300 τῇ
561 261 688 300 ἐπιστολῇ
720 264 754 300 τῇ
781 261 834 289 ἀπὸ

17 307 59 340 τῆς
94 307 200 336 συνόδου
235 315 294 340 τοῖς
330 308 357 336 ἐν
394 303 595 347 Ἱεροσολύμοις,
636 307 700 346 πρὸς
735 306 783 339 τὴν
807 305 832 333 ἐν

17 350 189 391 Ἀλεξανδρείᾳ
205 351 376 387 Ἐκκλησίαν,
400 353 433 386 ἧς
461 353 478 387 ἡ
515 352 587 390 ἀρχή
606 361 612 368 ·
641 362 654 377 σ
690 353 756 378 Πᾶσι
784 350 832 388 μὲν

15 397 84 432 ἡμῶν
100 403 159 429 τοῖς
176 397 218 425 ἐπὶ
232 398 263 425 τὸ
289 398 350 425 αὐτὸ
371 396 534 425 συνελθοῦσιν
563 395 590 428 ἐξ
618 395 756 435 ἐπαρχιῶν
772 393 831 422 δια-

14 440 106 479 νξᾶρων,
142 453 156 469 ι)
185 442 284 481 φησίν·
313 452 324 468 σ
357 442 386 470 Οἱ
416 441 465 480 γὰρ
486 441 535 474 τὴν
563 439 701 480 Ἀρειανὴν
730 439 832 478 αἵρεσιν

12 486 253 526 ἁναθεματίσαντες,
277 485 450 525 γινώσκοντες
486 486 535 513 εἶσι
572 486 611 522 μὴ
635 485 744 522 κτίσμα.
772 483 831 512 ἀλλ’

12 529 39 557 ὲκ
58 533 108 563 τῆς
122 531 210 563 οὐσίας
244 531 363 570 γεννήμα
385 530 456 558 εἶναι
485 531 530 558 τὸν
550 529 647 568 Λόγον,
669 530 711 558 καὶ
727 529 775 563 τὴν
791 531 833 558 οὐ-

12 574 64 601 σίαν
91 579 136 603 τοῦ
164 576 266 614 Πατρὸς
295 575 383 614 ἀρχὴν
404 575 448 603 καὶ
475 575 545 613 ῥίζαν
568 575 611 602 καὶ
643 586 680 607 πη
690 574 735 612 γὴν
762 573 831 602 εἶναι

198 613 262 659 Ἆρά
298 631 327 658 γε
357 619 505 658 ἂρκούντως
528 618 600 658 ἔχειν
649 629 690 646 σοι
718 617 832 650 δόξουσιν

10 623 52 647 τοῦ
91 621 162 650 Υῐοῦ.

11 667 45 700 τῷ
58 670 116 694 τοῖς
132 668 257 704 παροῦσιν
275 665 349 702 ἡμῶν
365 663 452 703 λόγοίς
482 663 658 701 ἐντευξομένῳ
680 664 705 691 αἱ
734 666 832 691 τοσαῦ-

10 719 48 736 ται
75 710 201 748 γραφικαὶ
237 710 374 748 μαρτυρίαι
404 709 440 740 εἰς
471 707 583 748 ἔλεγχον
609 711 655 736 τοῦ
689 708 726 745 μὴ
743 707 832 739 καλῶς

9 754 50 781 τὸν
78 753 205 786 Μεθώνης
235 755 332 793 εἰπεῖν,
358 754 403 781 τὸν
427 752 530 792 Πατέρα
553 751 641 780 αἴτιον
676 752 745 780 εἶναι
779 755 832 780 τῶν

10 797 32 829 ἐξ
58 798 137 826 αὐτοῦ
167 801 204 834 τῷ
233 797 305 837 λόγῳ
338 801 387 831 τῆς
421 798 603 834 ὑποστάσεως,
633 798 677 825 καὶ
711 797 773 836 οὐχὶ
794 799 832 834 τῷ

876 215 1106 248 Alexandrinam
1116 217 1385 257 Ecclesiam,cujus
1395 216 1586 257 principium,
1603 227 1614 244 α
1628 216 1699 247 0m—

875 260 963 291 nibus
980 261 1098 301 quidem
1116 261 1213 299 nobis,
1232 261 1284 300 qui
1300 262 1330 292 in
1346 269 1437 292 unum
1453 260 1645 292 convenimus
1661 269 1696 291 ex

875 305 1000 336 diversis
1029 305 1219 343 dioecesibus,
1238 318 1251 334 ι)
1270 305 1332 338 ait:
1353 318 1366 334 α
1380 305 1436 342 Qui
1465 305 1545 337 enim
1558 305 1697 337 Arianam

877 349 1012 380 haeresim
1029 350 1322 386 anathematizarunt.
1335 356 1497 390 agnoscunt
1508 359 1568 380 non
1579 353 1698 381 creatu-

876 403 949 431 ram,
982 394 1034 425 sed
1066 404 1099 425 ex
1127 395 1256 425 essentia
1279 394 1370 426 fetum
1401 404 1466 425 esse
1492 394 1634 431 Verbum,
1668 398 1698 425 et

875 439 1033 470 essentiam
1046 439 1139 470 Patris
1155 439 1332 479 principium
1349 443 1378 470 et
1387 439 1519 470 radicem
1538 442 1568 470 et
1583 439 1694 469 fontem

876 493 941 514 esse
958 484 1034 515 Filii.
1051 496 1061 513 υ
1093 486 1136 515 An
1152 484 1224 515 satis
1240 493 1306 515 esse
1319 483 1499 515 videbuntur
1514 484 1577 514 haec
1593 487 1694 514 nostra

874 528 984 568 scripta
1000 529 1108 568 legenti
1124 532 1164 559 tot
1189 529 1300 569 scripto
1330 528 1436 559 tradita
1461 527 1640 564 testimonia,
1658 528 1695 558 ad

873 573 1112 613 redarguendum
1129 574 1364 614 ltlelhonensem,
1381 583 1440 604 non
1463 572 1555 613 probe
1571 572 1692 611 dixisse,

877 620 1009 649 «Patrem
1026 628 1144 649 causam
1165 627 1230 649 esse
1247 627 1348 648 eorum
1365 627 1430 658 quae
1445 627 1478 648 ex
1495 627 1529 648 eo
1545 621 1624 654 sunt,
1644 626 1693 648 ra-

875 663 954 693 tione
967 663 1175 704 hypostasis,et
1191 672 1249 693 non
1265 663 1380 693 ratione
1396 665 1548 693 naturae?)
1562 661 1695 702 Namque

874 707 898 737 si
914 709 1042 738 essentia
1062 707 1113 739 Dei
1143 708 1262 745 dicitur,
1290 713 1319 738 et
1343 707 1435 737 Filius
1450 706 1586 737 essentiae
1601 705 1696 737 Patris

874 751 949 782 fetus
964 752 1145 790 nominatur,
1165 751 1414 792 quemadmodum
1431 750 1696 781 adductatestimo-

874 797 922 826 nia
937 797 1045 837 scripto
1062 796 1161 827 dedita
1181 796 1387 836 comprobant,
1404 795 1474 836 quid
1486 795 1563 835 cogit
1579 794 1693 826 Metho-

9 841 76 881 λόγω
97 845 150 876 τῆς
166 843 266 882 φύσεως
284 851 291 880 ;
314 854 325 871 ι
355 844 386 871 Εἰ
401 843 450 881 γὰρ
471 843 488 876 ἡ
518 841 591 870 οὗσία
613 845 658 870 τοῦ
670 845 734 870 Θεοῦ
754 845 773 869 Αε

929 851 1008 878 γεοιη,
1026 841 1157 872 dividere
1179 841 1338 872 essentiam
1365 840 1458 871 Patris
1471 844 1499 871 et
1515 839 1693 880 hypostasim

8 898 57 923 ται,
81 888 124 915 καὶ
162 889 176 915 ὁ
203 888 262 918 Υἱὸς
290 890 338 921 τῆς
363 887 449 919 οὐσίας
478 898 524 915 του
551 888 653 926 Πατρὸς
675 887 830 923 ὀνομάζεται

8 931 133 970 γέννημα,
158 933 194 964 ὡς
229 933 255 960 αἱ
276 935 405 970 παροῦσαι
435 931 573 971 μαρτυρίαι
603 932 727 971 γραφικαὶ
762 942 831 970 παρ-

8 977 106 1013 ιστῶσι,
131 977 171 1008 τίς
184 976 289 1015 ὁλόγος
305 976 414 1014 διαιρεῖν
433 977 479 1004 τὸν
508 976 635 1009 Μεθώνης
663 976 712 1009 τὴν
741 976 829 1004 οὐσίαν

6 1024 47 1048 τοῦ
68 1022 173 1060 Πατρὸς
208 1022 252 1049 καὶ
287 1021 336 1054 τὴν
358 1021 502 1049 ὑπόστασιν
531 1024 576 1048 τοῦ
606 1021 708 1058 Πατρὺς
735 1020 762 1048 ἐν
796 1022 830 1058 τῇ

6 1065 68 1101 αἰτίᾳ
88 1069 142 1093 τῶν
161 1064 187 1098 ἐξ
204 1067 306 1105 arb-.06;
339 1061 367 1094 Ὀ
390 1065 439 1104 γὰρ
467 1065 546 1093 εἰπὼν
577 1065 607 1092 ἐκ
634 1066 736 1104 Πατρὸς
754 1064 828 1093 εἶναι

4 1111 46 1137 τὸν
66 1111 137 1150 ὶΊὸν,
153 1110 172 1144 ἢ
199 1111 229 1138 τὸ
246 1113 362 1145 Πνεῦμα,
393 1110 481 1138 οὐσίαν
509 1108 626 1144 ἐδήλωσε
654 1113 699 1137 τοῦ
727 1109 828 1148 Πατρὸς

3 1153 177 1184 ἐνυπόστσιτον
191 1164 200 1173 ·
223 1155 266 1182 καὶ
281 1155 294 1182 ὁ
310 1155 390 1182 εἰπὼν
406 1154 436 1182 ἐκ
459 1156 508 1187 τῆς
537 1153 623 1186 οὐσίας
652 1157 698 1182 τοῦ
726 1154 827 1193 Πατρὸς

2 1198 68 1226 εἶναι
84 1200 130 1226 τὸν
152 1201 222 1236 Υἱον,
239 1199 257 1233 ἢ
277 1199 308 1226 τὸ
321 1200 437 1238 Πνεῦμα,
455 1198 516 1226 ὅλον
539 1198 584 1226 τὸν
608 1198 710 1237 Πατέρα
734 1197 824 1231 δηλοῖ,

2 1243 47 1270 Καὶ
62 1244 75 1270 ᾖ
98 1243 128 1271 ἐκ
156 1246 206 1276 τῆς
235 1243 324 1275 οὐσίας
359 1246 405 1271 τοῦ
452 1243 512 1270 Υἱοῦ
546 1243 576 1270 τὸ
598 1245 703 1279 Πνεῦμα
733 1243 824 1278 εἰπὼν,

2 1286 59 1315 ἕλον
94 1289 142 1316 τὸν
171 1289 228 1315 Υἱὸν
257 1287 329 1327 λέγει
358 1287 474 1315 ἐνούσιον
503 1287 548 1314 καὶ
581 1286 766 1317 ἒνυποστάτον,
797 1287 826 1315 Εἰ

2 1332 22 1359 Ξὲ
37 1344 77 1364 τις
96 1336 137 1369 τῷ
167 1332 239 1371 λόγῳ
267 1335 315 1366 τῆς
344 1332 525 1369 ὑποστάσεως,
555 1332 599 1359 καὶ
621 1331 682 1371 οὐχὶ
703 1335 740 1368 τῷ
755 1331 828 1371 λόγῳ

2 1376 39 1409 εῆς
68 1377 174 1416 φύσεως
203 1376 289 1416 λέγειν
313 1376 394 1417 ἐθέλει
434 1377 479 1404 τὸν
505 1375 609 1413 Πατέρα
636 1375 724 1404 α’ίτιον
755 1376 825 1404 εἶναι

2 1422 45 1448 τῶν
70 1420 96 1453 ἐξ
127 1422 220 1461 αὐτοῦ,
256 1422 300 1449 καὶ
329 1424 362 1459 τῇ
391 1423 501 1460 περιττῇ
536 1421 579 1450 καὶ
615 1420 716 1459 ἆκαιρῳ
742 1421 825 1458 ταύτῃ

3 1465 156 1504 ,επτολογίᾳ
172 1467 208 1498 εἷς
230 1465 315 1499 ἄλλην
343 1466 391 1503 μὲν
428 1465 529 1493 ἔννοιαν
557 1464 731 1503 ἐκλαμϐάνειν
761 1465 825 1503 βού-

873 885 967 916 Patris
979 885 1008 916 in
1024 895 1111 916 causa
1125 895 1239 920 eorum.
1257 895 1322 926 quae
1338 895 1371 916 ex
1387 895 1422 916 eo
1438 884 1528 915 sunt?
1543 883 1599 920 Qui
1614 884 1694 915 enim

872 930 954 966 dicit,
985 939 1019 961 ex
1043 931 1130 962 Patre
1151 939 1217 961 esse
1233 930 1339 962 Filium
1352 934 1401 960 aut
1416 929 1571 969 Spiritum,
1587 938 1692 960 essen-

871 970 940 1000 tiam
957 971 1050 1002 Patris
1066 971 1096 1001 in
1123 971 1270 1011 hypostasi
1296 971 1389 1011 palam
1417 969 1558 1010 protulit;
1590 973 1619 1000 et
1643 970 1692 1010 qui

871 1015 944 1046 dicit
972 1024 1005 1046 ex
1036 1015 1165 1046 essentia
1195 1015 1290 1046 Patris
1316 1023 1382 1045 esse
1396 1014 1514 1054 Filium,
1531 1015 1581 1045 aut
1595 1013 1692 1054 Spiri-

871 1063 943 1094 tum,
961 1063 1052 1090 totum
1083 1061 1199 1090 Patrem
1224 1059 1343 1098 evulgat
1358 1069 1365 1090 ε
1383 1063 1413 1090 et
1438 1058 1487 1099 qui
1509 1067 1544 1089 ex
1562 1058 1692 1090 essentia

870 1103 936 1135 Filii
949 1103 1092 1144 Spiritum
1109 1104 1191 1141 dicit,
1208 1108 1301 1135 totum
1327 1103 1434 1135 Filium
1455 1103 1578 1143 profert.
1595 1103 1626 1134 in
1641 1112 1694 1134 sua

870 1148 998 1179 essentia
1013 1148 1296 1189 ethypostasi.Quod
1311 1148 1336 1179 si
1351 1149 1417 1189 quis
1431 1147 1547 1179 ratione
1558 1148 1694 1189 hyposta-

869 1193 921 1232 sis,
944 1197 974 1224 et
1001 1203 1060 1224 non
1088 1194 1202 1224 ratione
1232 1197 1345 1225 naturae
1374 1193 1544 1231 contendet,
1573 1192 1692 1224 Patrem

869 1247 986 1268 causam
1004 1247 1069 1269 esse
1095 1247 1211 1279 eorum,
1227 1247 1293 1279 quas
1308 1247 1342 1268 ex
1364 1237 1429 1278 ipso
1444 1242 1523 1274 sunt,
1541 1241 1569 1267 et
1585 1246 1692 1277 super-

868 1291 995 1313 vacanea
1023 1283 1078 1313 hac
1108 1288 1138 1313 et
1151 1283 1358 1323 intempestiva
1382 1282 1420 1313 de
1448 1281 1538 1312 rebus
1561 1282 1692 1313 minimis

868 1326 1083 1367 disceptatione
1094 1327 1123 1357 in
1140 1327 1225 1357 aliam
1238 1327 1415 1358 sententiam
1426 1327 1542 1357 trahere
1552 1330 1690 1364 conatur,

869 1380 934 1401 cum
951 1372 1032 1402 audit
1047 1381 1081 1402 ex
1107 1372 1236 1403 essentia
1259 1371 1364 1407 Patris,
1384 1371 1470 1411 illud,
1488 1379 1522 1403 ex
1538 1371 1634 1416 Patre,
1652 1371 1689 1402 ad

869 1415 1114 1446 manifestandam
1132 1416 1314 1456 hypostasim
1326 1415 1558 1456 arripiens,illud
1572 1425 1641 1447 vero
1653 1425 1687 1447 ex

866 1461 996 1492 essentia
1011 1461 1106 1491 Patris
1121 1461 1156 1491 ad
1172 1460 1417 1492 manifestandam
1430 1459 1591 1500 specialem
1603 1460 1688 1491 intel-

3 1521 77 1550 .E‘tzt’
94 1509 162 1538 ὅταν
177 1510 276 1548 ἀκούσῃ
291 1512 322 1538 τὸ
337 1510 367 1538 ἐκ
391 1513 440 1544 τῆς
470 1510 558 1541 οὐσίας
587 1513 632 1537 τοῦ
657 1511 767 1549 Παιτρὸς¹

926 1505 1016 1536 ntiam
1032 1505 1245 1543 determinans,
1264 1509 1295 1536 ut
1305 1505 1375 1536 inde
1390 1509 1530 1545 tanquam
1547 1513 1687 1536 necessa-

2 1556 38 1582 ιὲν
54 1555 85 1583 ἐκ
100 1558 149 1583 τοῦ
178 1556 280 1593 Πατρὸς
303 1556 339 1586 εἷς
368 1555 417 1588 τὴν
447 1555 496 1587 τῆς
518 1555 687 1587 ὐποστλσεως
709 1553 824 1589 δήλωσιν

3 1598 182 1637 χλαμϐαίνων,
199 1600 229 1627 τὸ
241 1599 268 1627 δὲ
283 1600 313 1627 ὲκ
327 1602 376 1632 τῆς
405 1599 495 1630 οὐσίας
511 1602 558 1627 τοῦ
580 1600 681 1638 Πατρὸς
706 1599 743 1631 εἰς
772 1598 823 1634 δή·-

4 1656 69 1672 ωσιν
100 1644 284 1684 διοριζόμενος
312 1643 397 1677 laud];
426 1644 538 1680 ἐννοίας,
560 1642 597 1671 ἵν’
641 1643 756 1672 ἐντεῦθεν
786 1644 823 1676 ὡς

4 1689 141 1728 ναγκαῗόν
175 1699 200 1716 τι
228 1688 393 1727 ἀκολουθήσῃ
415 1690 445 1716 τὸ
476 1689 514 1725 μὴ
550 1690 666 1716 νοεῖσθαι
693 1688 822 1728 ὑπάρχειν

3 1735 143 1771 ὺΠνεῦμα
171 1732 196 1765 ἐξ
218 1735 288 1771 Υἱοῦ,
318 1733 381 1761 ὅταν
403 1733 433 1761 ἐκ
446 1736 495 1766 τῆς
526 1733 614 1765 οὐσίας
642 1736 687 1760 τοῦ
719 1733 778 1760 rio;
792 1733 823 1760 τὸ

7 1782 85 1815 νεῦμα
123 1778 243 1817 λέγωσιν
280 1779 305 1806 αἱ
334 1779 442 1818 γραφαὶ,
463 1776 522 1805 ἀλλ’
556 1778 632 1809 οὗτος
675 1782 819 1814 σκοπείτω,

2 1821 48 1851 iter.
83 1823 204 1853 ἀτοπίας
225 1823 242 1856 ἡ
272 1821 379 1861 ἄκαιρος
407 1821 473 1855 αὕτη
503 1821 662 1860 λεπτολογία
683 1823 822 1860 συνωθήσῃ

2 1867 77 1896 ιύτόν.
104 1867 203 1898 Ὀστις
219 1867 267 1906 γὰρ
292 1865 322 1894 ἄν
337 1867 381 1895 καὶ
413 1865 459 1900 εἴη
489 1867 503 1894 ὁ
524 1870 607 1894 ταῦτα
628 1866 726 1905 λέγων,
750 1865 822 1905 λέγει

2 1910 76 1949 ’τερον
91 1912 142 1949 μέν
171 1922 198 1939 τι
216 1913 342 1947 νοεῖσθαι,
373 1910 436 1939 ὅταν
463 1910 493 1939 ὲκ
518 1913 565 1944 τῆς
591 1910 677 1943 οὐσίας
698 1914 744 1939 τοῦ
763 1912 822 1940 Υἱοῦ

2 1956 24 1982 ςὸ
50 1959 158 1994 Πνεῦμα
195 1955 308 1995 λέγωσιν
338 1957 363 1984 αἱ
392 1956 501 1996 Γραφαὶ,
524 1954 612 1990 ἕτερον
640 1954 668 1982 δὲ
703 1955 764 1983 ὃταν
794 1955 824 1983 ἐκ

2 2003 38 2027 τοῦ
69 2002 129 2029 Υἲοῦ
166 2000 300 2040 ὑπάρχειν
322 2000 482 2039 θεολογωσιν
506 1999 579 2029 αὐτό.
611 1999 682 2039 Ἐγὼ
715 1999 742 2027 δὲ
762 1999 821 2028 οὸτε

2 2044 39 2077 τὴν
58 2045 207 2073 ὑπόστασιν
230 2049 276 2074 τοῦ
315 2046 376 2073 Υἰοῦ
406 2044 432 2072 ἐν
461 2044 532 2082 ἷδικῃ
553 2043 675 2084 διαιρέσει
705 2045 821 2073 νοεῖσθαί

2 2099 68 2129 ςεημπ⁷
86 2089 151 2118 ὅταν
167 2090 199 2117 τὸ
213 2092 318 2127 Πνεῦμα
347 2091 378 2117 ’ex
405 2089 454 2123 τῆς
470 2089 556 2121 οὐσίας
587 2089 664 2117 αὐτοῦ
693 2088 817 2128 λέγηται,

2 2132 46 2160 ,ὐτε
79 2134 129 2168 τὴν
155 2134 247 2163 οὐσίαν
276 2134 356 2162 αὐτοῦ
383 2133 591 2173 ἀποδιαιρετσθαι
620 2136 670 2166 τῆς
698 2134 817 2162 ὑποστά-

864 1550 941 1581 rium
957 1551 1076 1591 aliquod
1102 1554 1310 1591 consequatur,
1328 1560 1388 1581 non
1402 1550 1528 1590 intelligi
1543 1549 1685 1590 Spiritum

866 1604 900 1625 ex
917 1595 1001 1635 Filio,
1027 1605 1094 1626 cum
1124 1605 1158 1627 ex
1184 1596 1315 1626 essentia
1342 1595 1408 1626 Filii
1427 1595 1570 1636 Spiritum
1585 1595 1688 1626 dicunt

865 1640 1028 1680 scripturae,
1045 1641 1070 1672 is
1097 1640 1248 1672 enimvero
1275 1640 1449 1680 perpendat,
1476 1640 1513 1671 ad
1541 1649 1608 1680 quae
1634 1639 1689 1671 ab-

865 1685 953 1715 surda
981 1685 1188 1725 intempestiva
1216 1685 1318 1716 isthmc
1342 1685 1380 1716 de
1399 1684 1510 1716 frivolis
1527 1685 1687 1725 disputatio

865 1729 960 1769 ipsum
990 1730 1160 1770 compellet,
1190 1730 1361 1771 quicunque
1388 1730 1486 1770 fuerit,
1513 1729 1563 1770 qui
1578 1730 1687 1761 similia

865 1774 990 1813 evulgat,
1004 1774 1083 1804 aliud
1108 1774 1234 1814 intelligi
1250 1783 1316 1805 cum
1332 1784 1367 1805 ex
1382 1774 1512 1805 essentia
1536 1774 1603 1805 Filii
1617 1774 1686 1815 Spi-

866 1818 955 1849 ritum
984 1819 1139 1859 scripturae
1167 1819 1298 1859 tradunt,
1328 1824 1355 1850 et
1385 1819 1464 1849 aliud
1488 1828 1556 1850 cum
1579 1819 1685 1850 eFilio

866 1872 933 1893 eum
950 1873 1015 1894 esse
1030 1864 1206 1895 decernunt.
1223 1863 1283 1903 Ego
1310 1871 1380 1894 vero
1397 1873 1494 1904 neque
1505 1864 1684 1904 hypostasim

864 1906 932 1938 Filii
949 1907 979 1938 in
1006 1907 1129 1947 speciali
1157 1908 1302 1939 divisione
1325 1908 1452 1948 intelligi
1479 1917 1591 1949 assero,
1617 1918 1684 1940 cum

864 1950 992 1992 Spiritus
1007 1961 1040 1983 ex
1054 1953 1183 1984 essentia
1193 1953 1273 1984 illius
1288 1953 1508 1993 dicitur,neque
1525 1953 1684 1984 essentiam

863 1996 944 2026 illius
969 1996 1005 2027 ab
1032 1997 1183 2037 hyposlasi
1206 1997 1349 2038 separari,
1380 2007 1445 2028 cum
1463 2007 1497 2028 ex
1515 1997 1588 2029 Filio
1604 1998 1683 2029 idem

863 2041 971 2072 dicitur
984 2042 1113 2082 Spiritus
1129 2053 1136 2073 :
1154 2042 1205 2073 sed
1233 2046 1326 2073 totum
1343 2042 1456 2073 afﬁrmo
1469 2043 1686 2082 comprehendi

862 2085 979 2123 Filium,
997 2097 1062 2117 cum
1075 2091 1105 2117 et
1120 2097 1153 2118 ex
1172 2087 1258 2125 Filio,
1276 2091 1304 2118 et
1321 2096 1356 2118 ex
1373 2087 1502 2118 essentia
1517 2087 1585 2117 Filii
1600 2087 1685 2118 dice-

861 2135 907 2161 tur
923 2131 1050 2171 Spiritus
1066 2141 1141 2162 esse.
1169 2132 1306 2168 Quinimo
1335 2132 1408 2162 illud
1425 2131 1514 2162 etiam
1529 2131 1598 2163 addi
1620 2136 1683 2163 sta-

2 2188 66 2214 -εως,
83 2178 148 2207 ὅταν
165 2178 197 2206 ἐκ
212 2183 257 2207 τοῦ
277 2179 336 2207 Υἱοῦ
360 2179 390 2206 τὸ
416 2178 480 2206 αὐτὸ
501 2178 611 2216 λέγηται
627 2179 743 2218 Πνεῦμα⁷
760 2179 766 2205 ἐ

917 2200 922 2215 ,
940 2176 1138 2207 essentialiter
1153 2185 1187 2207 ex
1205 2176 1279 2208 Filio
1309 2175 1451 2217 Spiritum
1467 2185 1545 2215 esse,
1561 2186 1630 2207 cum
1646 2186 1681 2207 ex

7 2221 49 2250 λον
69 2224 140 2262 ipan
174 2221 421 2262 παραλαλϐάνεσθαι
449 2223 494 2250 τὸν
528 2223 598 2262 Υὶὸν,
628 2222 692 2250 ὅταν
719 2223 763 2251 καὶ
789 2223 818 2251 ἐκ

6 2270 33 2294 οῦ
53 2269 113 2296 fio-3
135 2268 182 2296 καὶ
198 2267 228 2295 ἐκ
249 2270 297 2300 τῆς
324 2267 412 2299 οὐσίας
442 2270 489 2295 τοῦ
522 2268 582 2295 Υἱοῦ
611 2267 716 2306 Αέγοιτο
730 2267 815 2307 ὑπάρ-

11 2322 46 2338 ειν
60 2313 90 2340 τὸ
113 2315 237 2349 Πνεῦμα.
254 2310 362 2340 Μᾶλλον
392 2311 441 2348 μὲν
470 2311 514 2339 οὖν
548 2312 592 2339 καὶ
621 2311 746 2339 ἐπιπλὲον
761 2323 814 2345 ση-

2 2357 120 2386 ari-15:01;
152 2356 322 2396 δια-γινώσκω
350 2357 380 2384 τὸ
407 2355 539 2388 οὐσιωδῶς
569 2356 599 2384 ἐκ
623 2359 669 2384 τοῦ
703 2357 762 2385 Υἱοῦ
784 2358 814 2385 τὸ

2 2405 90 2439 [νεῦμα
104 2402 254 2441 ὑπάρχειν,
289 2402 403 2434 ὁπηνίκα
440 2401 470 2429 ἐκ
493 2403 541 2434 τῆς
572 2401 658 2431 οὐσίας
680 2400 726 2428 τοῧ
759 2402 818 2431 Υἱοῦ

8 2446 101 2483 ἐγεται,
115 2446 159 2474 διὰ
176 2447 208 2473 τὸ
239 2446 281 2474 καὶ
309 2446 342 2474 τὰ
369 2445 536 2484 λειτσυργικὰ
557 2445 695 2482 πνεύματα
723 2445 753 2474 ἐκ
773 2450 818 2474 τοῦ

2 2491 52 2519 ita")
75 2492 125 2527 μὲν
162 2490 248 2524 εἶναι,
272 2489 331 2518 ἀλλ’
359 2491 395 2523 ὡς
426 2492 505 2520 αὐτοῦ
524 2490 664 2527 ποιήματα
699 2491 743 2518 καὶ
767 2490 817 2524 δη-

2 2535 190 2574 ιιουρίήματα,
228 2535 259 2563 τὸ
298 2533 325 2562 δὲ
353 2534 428 2573 ἅγιον
458 2538 563 2572 Πνεῦμα
589 2533 615 2566 ἐξ
663 2535 740 2563 αὐτοῦ
769 2535 816 2572 μὲν

5 2578 70 2614 ἶναι,
89 2578 150 2607 ἀλλ’
179 2578 210 2607 ἐκ
242 2581 289 2616 τῇς
318 2580 405 2611 οὐσίας
423 2580 514 2618 αὐτοῦ,
541 2579 577 2610 ὡς
604 2577 734 2611 οὐσιωδῶς
749 2580 817 2607 ὐπο-

7 2624 82 2650 τατὸν
99 2622 124 2655 ἐξ
147 2623 240 2659 αὐτοῦ,
256 2622 314 2651 ἀλλ’
338 2624 388 2663 οὐχ
418 2625 454 2655 ὡς
478 2623 506 2651 ἕν
533 2625 585 2651 τῶν
607 2622 633 2655 ἐξ
663 2623 742 2651 αὐτοῦ
757 2623 816 2651 λει-

6 2671 135 2706 ουργικῶν
172 2666 330 2705 πνευμάτων
377 2671 430 2696 τῶν
465 2671 583 2702 ποιητῶν
620 2669 664 2696 καὶ
691 2672 815 2700 κτιστὼν,

2 2713 60 2749 Ιίγὼ
80 2713 131 2749 μὲν
155 2712 212 2749 οὖν,
236 2712 322 2744 καθὼς
338 2712 416 2754 ἔφην,
446 2712 508 2741 ὅταν
532 2713 562 2742 ἐκ
591 2716 641 2746 τῆς
670 2713 757 2745 οὐσίας
772 2717 818 2742 τοῦ

7 2757 54 2786 ’ἰοῦ
85 2757 219 2797 {triplth
247 2757 334 2786 ἀκούω
362 2759 392 2787 τὸ
420 2761 536 2797 Πνεῦμα,
565 2758 609 2786 καὶ
630 2757 692 2786 ὅταν
721 2757 750 2786 ἐκ
773 2763 819 2788 τοῦ

860 2220 989 2251 essentia
1008 2220 1074 2251 Filii
1090 2220 1211 2258 dicitur,
1227 2221 1305 2262 quod
1323 2225 1352 2252 et
1366 2220 1571 2252 ministratorii
1586 2220 1681 2260 Spiri-

859 2268 905 2294 tus
920 2274 955 2295 ex
982 2265 1055 2296 Filio
1080 2265 1200 2306 quidem
1230 2270 1310 2303 sunt,
1327 2265 1378 2297 sed
1396 2269 1428 2296 ut
1442 2265 1522 2296 illius
1538 2269 1682 2296 creaturae

858 2313 887 2339 et
902 2309 1019 2350 opiﬁcia
1038 2321 1043 2339 ι
1062 2310 1189 2350 Spiritus
1214 2319 1283 2341 vero
1305 2314 1423 2341 sanctus
1451 2319 1486 2340 ex
1511 2310 1575 2350 ipso
1593 2309 1681 2349 plane

860 2357 914 2391 est,
934 2354 985 2384 sed
999 2363 1032 2385 ex
1050 2355 1178 2385 essentia
1190 2354 1294 2395 ipsius,
1312 2359 1450 2396 tanquam
1466 2354 1516 2394 qui
1531 2354 1680 2385 essentia-

860 2398 929 2429 liter
944 2408 979 2429 ex
994 2399 1057 2439 ipso
1083 2399 1227 2437 subsistit,
1259 2399 1311 2430 sed
1327 2409 1385 2430 non
1401 2403 1540 2440 tanquam
1554 2407 1632 2430 unus
1648 2408 1682 2430 ex

859 2443 939 2475 illius
954 2444 1214 2475 administratoriis
1235 2444 1390 2484 spiritibus
1416 2444 1524 2475 creatis
1540 2448 1568 2474 et
1583 2443 1679 2475 factis.

858 2487 918 2527 Ego
948 2488 1058 2529 itaque,
1089 2493 1121 2520 ut
1146 2489 1207 2529 jam
1237 2489 1309 2526 dixi,
1337 2498 1405 2519 cum
1420 2498 1455 2520 ex
1471 2488 1599 2520 essentia
1613 2488 1679 2520 Filii

858 2534 945 2564 audio
973 2533 1114 2574 Spiritum
1143 2543 1221 2575 esse,
1251 2539 1279 2564 et
1308 2543 1375 2564 cum
1400 2533 1538 2564 eumdem
1554 2543 1590 2565 ex
1604 2533 1680 2565 Filio

859 2578 1006 2619 concipio,
1037 2588 1072 2610 ex
1101 2579 1176 2610 Filio
1192 2588 1299 2620 nempe
1326 2578 1524 2610 essentialiter
1538 2578 1682 2619 Spiritum

859 2633 924 2655 esse
953 2623 1090 2664 conjicio.
1116 2624 1200 2660 Quod
1224 2623 1248 2654 si
1278 2623 1343 2664 quis
1370 2623 1568 2663 inopinabiles
1593 2627 1682 2664 atque

859 2668 1072 2708 inopportunas
1096 2668 1257 2699 divisiones
1284 2667 1436 2707 conﬁngit,
1454 2671 1483 2698 et
1495 2669 1566 2698 dum
1582 2676 1617 2698 ex
1631 2677 1681 2698 es-

860 2713 956 2744 sentia
971 2713 1037 2744 Filii
1053 2713 1180 2754 Spiritus
1203 2713 1323 2751 dicitur,
1352 2722 1410 2743 non
1435 2712 1518 2744 illum
1544 2723 1579 2743 ex
1604 2712 1680 2744 Filio

861 2758 1059 2790 essentialiter
1084 2767 1149 2789 esse
1174 2757 1325 2798 intelligit,
1350 2757 1403 2789 sed
1427 2757 1569 2798 exposcit,
1585 2756 1683 2793 Quare
