1936 3078
229 117 285 150 147

776 118 881 150 JOAN.
904 117 1014 149 VEGGI
1038 114 1096 145 GP.
1121 113 1378 147 ΡΑΤΒΙΑΗΟΗΛΕ

1868 105 1925 142 148

227 195 286 217 nou
302 195 341 218 ex
355 186 503 227 hypostasi
528 186 577 221 ait.
594 185 644 225 qui
669 194 705 216 ex
730 184 859 215 essentia
872 184 946 215 dixit
959 183 991 214 ?i

1155 184 1175 217 3,
1192 181 1222 208 τὺ
1237 181 1300 209 αὑτὸ
1315 187 1386 209 νοεῖν
1407 179 1549 219 βούλομαι,
1565 180 1595 208 τὸ
1610 179 1640 208 ἐκ
1663 182 1709 207 τοῦ
1738 179 1798 206 Υἱοῦ
1819 175 1919 227 δηλαδή

227 232 327 262 animo
343 231 450 271 volvat,
468 232 496 261 in
507 229 659 260 nonnullis
671 229 777 261 divinis
790 228 951 268 Scripturis
967 235 1056 267 repe-

225 276 278 306 riri
293 285 328 306 ex
345 276 434 306 Patro
449 274 592 314 Spiritum
607 273 816 314 procedere.in
833 274 898 304 aliis
913 272 1055 313 Spiritum

228 329 263 350 ex
276 321 406 351 essentia
430 318 527 350 Patris
556 319 728 358 procedere.
761 317 791 349 Si
821 319 920 356 itaque
936 325 1003 347 cum
1021 324 1056 345 ex

226 365 312 395 Patre
342 363 505 403 procedere
531 363 692 402 reperitur,
732 371 768 393 ex
793 362 941 402 hypustasi
972 360 1054 390 illum

227 408 392 448 procedere
409 408 456 438 hic
468 407 640 443 contendet,
664 407 782 447 planum
798 411 855 443 est,
871 415 940 437 cum
955 414 988 434 ex
1004 413 1054 434 es—

225 454 320 483 sentia
335 452 430 484 Patris
446 451 610 492 procedere
624 451 832 490 legitur,aliam
844 450 1002 491 quamdam
1019 457 1054 479 ex

226 497 355 528 essentia
377 497 472 527 Patris
488 496 710 536 processionem
740 497 909 536 concipere,
939 499 968 525 et
999 497 1054 526 erit

224 541 389 572 secundum
407 541 503 580 ipsum
519 549 594 571 unus
606 539 735 580 Spiritus
753 549 788 571 ex
804 550 862 570 uno
877 541 962 571 Patre
978 540 1051 570 duas

225 585 339 616 habens
356 585 573 625 processiones,
590 594 680 615 unam
697 594 731 615 ex
747 585 907 624 hypostasi,
922 588 951 614 et
965 584 1052 615 aliam

226 640 263 662 ex
278 630 407 661 essentia
424 638 430 660 :
445 638 504 670 quo
530 630 599 669 quid
621 629 678 660 dici
708 633 804 666 potest
819 629 988 668 absurdius,
1005 633 1054 659 aut

227 674 446 706 monstruosius
460 675 473 704 ?
488 673 544 704 Sed
561 677 590 704 et
604 673 671 705 Filii
683 683 717 704 ex
731 675 816 705 Patre
832 674 1054 713 generationem

228 719 377 759 duplicem
392 718 441 748 hic
462 717 617 748 concedet.
648 717 782 758 Namque
797 720 820 749 si
833 717 991 758 aliquando
1007 718 1055 748 Fi-

228 763 300 794 lium
317 763 396 802 gigni
412 771 447 794 ex
462 763 548 794 Patre
573 761 733 802 Scriptura;
751 763 882 800 tradunt,
895 762 1053 802 aliquando

228 816 296 838 eum
322 808 400 847 gigni
428 816 462 838 ex
488 807 619 838 essentia
634 808 730 838 Patris
750 807 907 847 aﬂirmant,
925 815 1052 847 quanam

226 853 341 883 ratione
355 861 414 882 non
427 852 483 883 erit
497 852 554 883 alia
572 861 607 882 ex
628 852 776 892 hypostasi
793 854 888 884 Patris
904 853 1053 893 generatio

226 895 304 933 Filii,
321 896 418 927 etalia
432 905 467 927 ex
481 897 611 928 essentia
637 897 743 934 Patris,
762 897 924 928 secundum
941 907 992 929 eos
1006 897 1055 937 qui

228 940 438 979 determinant,
466 942 579 972 ratione
605 941 780 981 hypostasis,
808 946 837 972 et
857 942 927 979 inon
940 943 1055 973 ratione

228 989 341 1017 naturae
354 985 472 1016 Patrem
495 995 615 1016 causam
643 994 710 1016 esse
727 995 844 1026 eorum,
861 997 926 1027 quae
942 997 977 1019 ex
992 987 1055 1026 ipso

228 1033 319 1061 sunt?
345 1031 417 1062 Cum
433 1030 513 1061 enim
529 1039 648 1061 causam
664 1030 731 1061 Filii
746 1031 864 1062 Patrem
887 1031 1052 1068 constituit,

229 1075 277 1115 qui
303 1083 338 1105 ex
367 1074 516 1114 hypostasi
544 1074 643 1106 Patris
668 1083 735 1105 eum
756 1076 894 1115 generari
915 1076 1053 1110 asseruit,

227 1119 316 1150 aliam
325 1119 482 1159 quamdam
493 1127 614 1159 prorsus
633 1128 751 1150 causam
762 1124 987 1157 commonstrat,
1005 1120 1054 1160 qui

228 1172 264 1195 ex
280 1164 411 1194 essentia
428 1164 521 1194 Patris
532 1172 599 1194 eum
611 1165 746 1203 generari
761 1163 842 1195 dicit:
854 1165 980 1205 indeque
989 1164 1056 1194 duae

228 1208 317 1239 unius
343 1208 409 1239 Filii
438 1216 534 1238 causae
559 1217 594 1238 ex
620 1217 679 1238 uno
707 1209 794 1239 Patre
824 1214 1008 1250 comparent.
1025 1207 1055 1240 Si

229 1253 327 1292 itaque
343 1255 465 1292 propter
495 1252 575 1292 quod
604 1252 673 1283 inde
698 1253 831 1292 sequitur
846 1254 1008 1285 absurdum
1023 1256 1053 1284 et

227 1296 324 1334 fallax,
340 1297 390 1337 qui
404 1297 589 1327 tantumdem
610 1296 758 1327 similibus
777 1299 932 1329 sententiis
947 1297 1053 1328 trude-

228 1342 281 1379 ris,
297 1345 330 1372 ut
342 1341 388 1372 vel
404 1341 509 1372 nolens
523 1341 654 1379 fatearis,
672 1341 786 1372 nullum
801 1351 866 1373 esse
881 1342 1053 1379 discrimen,

228 1386 289 1417 sive
304 1395 341 1417 ex
355 1386 441 1416 Patre
455 1385 571 1417 dicatur
592 1385 720 1426 Spiritus
746 1387 923 1426 procedere,
942 1388 1003 1418 sive
1019 1396 1054 1417 ex

230 1431 358 1461 essentia
369 1431 555 1468 Patris,scito
566 1430 678 1461 nullam
693 1430 889 1462 differentiam
900 1431 1053 1468 esse,dum

228 1475 282 1513 ais,
302 1474 460 1514 aliquando
475 1484 512 1505 ex
526 1475 655 1505 essentia
668 1475 1054 1516 FiliiSpiritum,aliquando

229 1527 300 1550 vero
316 1513 452 1550 exiFilio.
470 1517 554 1554 Quod
573 1518 624 1549 ubi
655 1513 828 1550 indifferens
844 1529 909 1551 esse
927 1513 1084 1551 demon-C

229 1567 354 1595 stratum
382 1564 430 1600 sit,
461 1572 552 1603 quare
575 1573 634 1593 non
660 1565 844 1604 concipietur
860 1574 877 1595 a
900 1569 938 1601 te,
957 1567 1005 1604 qui
1021 1574 1056 1595 ex

229 1608 360 1638 essentia
376 1607 468 1637 Patris
483 1607 629 1647 procedit,
646 1611 675 1638 et
702 1617 737 1638 ex
753 1610 882 1639 essentia
896 1609 959 1639 Filii
975 1610 1055 1639 exsi—

228 1653 279 1683 stit
306 1651 433 1691 Spiritus
457 1655 587 1692 sanctus,
620 1661 655 1682 ex
671 1653 798 1683 essentia
820 1653 941 1693 quidem
959 1653 1056 1684 Patris

228 1696 395 1736 procedens
409 1699 548 1736 tanquam
565 1705 600 1726 ex
614 1696 695 1727 fonte
710 1696 823 1735 absque
836 1698 981 1737 principio
990 1698 1054 1728 Dei-

232 1740 310 1777 tatis,
325 1749 361 1770 ex
372 1744 500 1770 essentia
509 1749 578 1772 vero
597 1740 663 1771 Filii
680 1742 835 1779 exsistens,
854 1745 991 1782 tanquam
1003 1751 1056 1782 per

232 1784 339 1816 Filium
368 1785 543 1816 naturaliter
567 1788 596 1815 et
610 1786 808 1816 essentialiter
829 1795 862 1816 ex
874 1786 960 1817 Patre
976 1796 1055 1817 ema-

231 1838 307 1860 nans
320 1830 337 1859 Ῡ
353 1829 384 1861 Id
402 1830 425 1860 si
441 1830 507 1860 itaa
518 1833 545 1860 te
558 1829 750 1870 tntelligetur,
767 1831 972 1862 Methonensis
987 1840 1056 1862 con-

231 1873 433 1912 demnabilur,
447 1878 588 1915 tanquam
604 1874 655 1915 qui
678 1879 790 1906 temere
807 1885 895 1916 supra
911 1876 1057 1915 digestum

229 1918 432 1960 syllogismum
448 1919 609 1958 connectit,
627 1919 658 1949 in
672 1930 732 1960 quo
746 1921 963 1961 intempestiva,
979 1925 1007 1951 et
1021 1920 1059 1951 de

230 1963 364 1994 futilibus
380 1962 595 2003 disceptatione
621 1969 799 1995 commenta:
814 1965 851 1995 ab
869 1966 932 2004 ipso
956 1965 1059 1996 distin.

231 2008 339 2039 ctionis
362 2008 574 2046 contendebat,
604 2021 618 2036 ιι
633 2009 748 2040 ratione
764 2009 940 2049 hypostasis,
955 2013 986 2040 et
998 2019 1058 2040 non

230 2052 346 2084 ratione
361 2057 476 2084 naturae
488 2053 605 2084 Patrem
625 2062 692 2084 esse
716 2063 834 2084 causam
861 2063 976 2094 eorum,
992 2063 1058 2095 qua)

232 2106 268 2129 ex
296 2098 359 2137 ipso
386 2101 466 2129 sunt.
485 2109 499 2125 ››
531 2097 647 2128 Etenim
679 2098 715 2135 si,
740 2103 771 2130 ut
784 2099 858 2129 alias
873 2101 960 2130 etiam
977 2107 993 2130 a
1010 2108 1057 2130 me

1064 844 1084 869 Β

1098 224 1229 258 οὑσιωδώς
1251 226 1281 254 τὸ
1306 228 1413 263 Πνεὺμα
1441 225 1580 264 ὑπάρχειν.
1605 224 1634 252 Εἰ
1661 222 1688 251 δὲ
1711 224 1725 252 ὁ
1739 223 1784 256 τὰς
1799 220 1920 259 παραλό-

1097 280 1159 308 γους
1188 268 1325 310 διαιρέσεις
1354 270 1468 309 ἀκαίρως
1496 268 1739 305 ἇναπλαττόμενος,
1769 266 1796 294 ἒν
1824 269 1863 303 τῷ
1890 265 1920 293 ἐκ

1097 315 1146 347 τῆς
1175 315 1263 346 οὐσίας
1291 319 1335 344 τοῦ
1365 315 1425 343 Υἱοῦ
1452 313 1573 353 λέγεσθαι
1594 314 1625 341 τὸ
1649 316 1765 350 Πνεῦμα,
1782 312 1812 340 οὑ
1825 311 1855 339 τὸ
1889 310 1921 338 ἐκ

1096 363 1143 388 τοῦ
1164 361 1224 388 Υἱοῦ
1249 359 1380 391 οὒσιωδῶς
1401 359 1531 399 ὑπάρχειν
1546 359 1609 387 αὐτὸ
1636 358 1717 386 ἐθέλει
1747 363 1828 393 νοεῖν,
1858 354 1919 383 ἀλλ’

1096 402 1216 443 ἀπαιτεῖ,
1239 403 1280 432 διὰ
1294 405 1319 432 τί
1340 405 1379 442 μὴ
1408 404 1438 432 ἐκ
1467 406 1516 438 τῆς
1538 403 1706 435 ὑποστάσεως
1728 401 1836 441 εἴρηκεν
1860 401 1874 428 ὂ
1889 400 1921 428 ἐκ

1096 450 1145 480 τῆς
1175 448 1263 481 οὖσίας
1293 450 1385 485 εἰπὼν,
1422 449 1563 486 σκεψάσθω
1592 448 1628 480 ὼς
1667 447 1694 475 ἕν
1722 457 1775 475 τισι
1797 446 1845 484 μὲν
1866 448 1920 472 τῶν

1095 493 1171 520 θείων
1187 497 1308 534 Γραφῶν,
1325 494 1354 522 ἐκ
1383 494 1485 532 Πατρὸς
1514 494 1544 520 τὸ
1579 495 1685 529 Πνεῦμα
1713 490 1920 530 ἐκπορευόμενον

1094 537 1211 575 εὕρηται,
1244 537 1270 565 ἕν
1298 549 1350 565 τισι
1377 537 1403 565 δὲ
1440 537 1469 565 ἐκ
1497 540 1546 571 τῆς
1575 537 1662 568 οὖσίας
1713 534 1919 573 ἐκπορευόμενον

1093 585 1138 609 τοῦ
1152 582 1262 621 Πατρός.
1282 583 1310 611 Ei.
1346 587 1419 621 γοῦν,
1448 581 1563 615 ὁπηνίκα
1588 580 1618 608 ἐκ
1652 584 1698 609 τοῦ
1719 580 1820 619 Πατρὺς
1834 580 1920 607 ἔκπο-

1095 626 1235 663 ρευόμενον
1265 627 1383 666 εὕρηται,
1414 626 1443 654 ἐκ
1470 629 1519 659 τῆς
1547 625 1716 657 ὑποστάσεως
1737 623 1919 662 ἐκπορευόμε-

1096 681 1138 698 νον
1162 671 1223 700 αὑτὺ
1238 671 1323 699 ἐθέλει
1341 672 1415 703 οὗτος
1438 677 1520 702 νοεῖν,
1551 669 1659 703 εὔδηλον
1681 671 1729 706 ὡς,
1758 669 1872 701 ὁπηνίκα
1890 668 1921 695 ἐκ

1095 715 1143 748 τῆς
1186 715 1273 747 οὐσίας
1301 716 1347 744 τού
1396 716 1497 754 Πατρὸς
1543 713 1749 754 ἐκπορευόμενον
1793 712 1918 752 εὕρηται,

1095 758 1180 792 ἄλλην
1205 760 1264 788 τινὰ
1290 760 1339 793 τὴν
1374 759 1403 787 ἐκ
1431 763 1480 793 τῆς
1515 760 1603 790 οὖσίας
1632 762 1678 787 τοῦ
1706 759 1807 797 Πατρὸς
1829 758 1920 792 νοήσει

1095 804 1259 843 ἐκπόρευσιν,
1282 806 1326 833 καὶ
1355 804 1428 832 ἔσται
1458 804 1517 833 κατ’
1547 803 1624 832 αὑτὸν
1654 804 1684 831 τὸ
1713 803 1739 830 ἕν
1768 805 1873 839 Πνεῦμα
1889 802 1920 829 ἐκ

1095 854 1142 878 τοῦ
1163 849 1220 880 ἐνὸς
1248 850 1350 888 Πατρὸς
1372 848 1415 878 δύο
1443 849 1507 889 ἕχον
1536 849 1583 880 τὰς
1605 847 1784 886 ἑκπορεύσεις,
1813 847 1873 885 μίαν
1890 846 1921 874 ἐκ

1095 895 1145 926 τῆς
1169 894 1349 930 ὑποστάσεως,
1382 895 1425 922 καὶ
1447 893 1532 926 ἄλλην
1559 894 1590 921 ὲκ
1611 895 1660 926 τῆς
1689 892 1776 923 οὖσίας
1793 899 1801 907 ’
1832 891 1860 919 οὗ
1896 892 1922 919 τί

1096 937 1264 977 ἀτοπώτερον
1286 939 1330 966 καὶ
1370 937 1614 977 παραλογώτερον,
1646 935 1728 965 Ἀλλὰ
1749 937 1794 964 καὶ
1813 936 1860 969 τὴν
1891 935 1922 963 ἐκ

1096 983 1198 1021 Πατρὸς
1222 986 1269 1010 τοῦ
1298 981 1358 1010 Υἱοῦ
1388 982 1507 1022 γέννησιν
1529 981 1624 1015 διπλῆν
1652 980 1730 1009 δώσει
1754 982 1869 1009 νοεῖσθαι
1906 982 1921 1008 ὁ

1096 1029 1226 1058 τοιοῦτος,
1251 1027 1279 1055 Ei
1299 1027 1349 1066 γὰρ
1365 1027 1419 1055 ἔστι
1450 1027 1498 1064 μὲν
1526 1026 1556 1055 οὗ
1570 1027 1707 1065 γεννᾶσθαι
1727 1027 1773 1053 τὸν
1801 1026 1860 1053 Υἱὸν
1889 1024 1921 1053 ἐκ

1096 1074 1142 1099 τοῦ
1171 1072 1273 1110 Πατρὸς
1296 1070 1416 1110 λέγουσιν
1444 1073 1469 1099 αἱ
1495 1071 1606 1110 Γραφαὶ,
1635 1069 1690 1098 ’ἐστι
1717 1069 1744 1097 δὲ
1767 1069 1794 1098 οἵ
1822 1072 1920 1109 γεννᾶ-

1097 1118 1155 1143 σθαι
1177 1115 1256 1144 αὑτὸν
1291 1115 1321 1144 ἐκ
1342 1118 1391 1149 τῆς
1431 1119 1478 1144 τοῦ
1506 1116 1607 1155 Πατρὺς
1633 1114 1783 1154 θελογοῦσιν
1818 1114 1919 1154 οὖσίας,

1097 1160 1154 1192 πῶς
1169 1161 1217 1188 οὑκ
1244 1159 1314 1193 ἄλλη
1337 1160 1386 1198 μὲν
1414 1159 1487 1188 ἔσται
1515 1161 1532 1194 ἡ
1554 1159 1584 1188 ἐκ
1610 1162 1659 1193 τῆς
1680 1159 1851 1192 ὑποστάσεως
1872 1162 1920 1187 τοῦ

1097 1205 1200 1244 Πατρὸς
1216 1204 1338 1244 γέννησις
1354 1208 1400 1233 τοῦ
1418 1205 1489 1245 Υἱοῦ,
1505 1203 1574 1238 ἄλλη
1599 1203 1626 1232 δὲ
1651 1205 1668 1237 ἡ
1697 1203 1728 1232 ἐκ
1748 1205 1796 1237 τῆς
1818 1203 1919 1241 οὐσίας,

1094 1253 1139 1277 τοῦ
1154 1250 1255 1289 Πατρὸς
1280 1250 1348 1278 κατὰ
1378 1250 1438 1281 τοὺς
1467 1248 1593 1288 λέγοντας
1615 1250 1654 1285 τῷ
1675 1247 1748 1287 λόγῳ
1774 1250 1822 1281 τῆς
1850 1249 1920 1276 ὑπο-

1095 1294 1212 1325 στάσεως
1228 1295 1272 1322 καὶ
1293 1294 1354 1333 οὐχὶ
1378 1297 1416 1331 τῷ
1444 1293 1517 1333 λόγῳ
1544 1296 1594 1327 τῆς
1625 1293 1729 1333 φύσεως
1756 1294 1801 1320 τὸν
1816 1292 1921 1332 Πατὲριο

1095 1337 1183 1366 αἴτιον
1213 1339 1284 1367 εἶναι
1312 1341 1365 1366 τῶν
1397 1338 1422 1371 ἐξ
1445 1339 1548 1378 αὑτοῦ,
1578 1338 1650 1367 Ἐπεὶ
1674 1338 1724 1376 γὰρ
1753 1337 1839 1366 αἴτιον
1859 1338 1921 1366 Υἱοῦ

1096 1385 1141 1411 τὸν
1157 1383 1262 1422 Πατέρα
1277 1382 1443 1422 παρέστησεν
1458 1384 1472 1411 ὁ
1500 1383 1530 1411 ἐκ
1558 1385 1606 1416 τῆς
1642 1383 1811 1414 ὑποστάσεως
1839 1383 1921 1411 εἰπὼν

1094 1431 1141 1456 τοῦ
1170 1428 1271 1467 Πατρὸς
1300 1429 1438 1466 γεννᾶσθαι
1466 1428 1555 1464 αὑτὸν,
1584 1426 1667 1460 ἄλλην
1722 1427 1780 1455 τινὰ
1813 1427 1921 1459 πάντως

1097 1473 1180 1500 αἰτίαν
1197 1471 1336 1511 ἀνέφηνεν,
1361 1473 1374 1500 ὁ
1397 1472 1426 1500 ἐκ
1452 1475 1501 1505 τῆς
1531 1472 1618 1503 οὐσίας
1646 1483 1692 1500 του
1720 1471 1821 1511 Πατρὶς
1837 1472 1919 1499 εἰπὼν

1251 1502 1280 1511 .-
1330 1502 1336 1511 .
1482 1502 1501 1505 -ν
1612 1502 1615 1503 ν
1733 1510 1753 1519 ,Α
1778 1502 1783 1510 ι
1815 1502 1818 1503 ν

1097 1518 1236 1556 γεννᾶσθαι
1272 1517 1361 1555 αὑτὸν,
1388 1515 1524 1544 κάντεύοεν
1546 1515 1590 1543 δύο
1615 1516 1648 1544 τὰ
1675 1519 1721 1544 τοῦ
1772 1502 1828 1547 ὲκς
1860 1517 1922 1544 Υἱοῡ

1098 1560 1172 1588 αἴτια
1194 1560 1223 1588 ἐκ
1258 1564 1303 1588 τοῦ
1330 1561 1386 1592 ἑνὸς
1416 1560 1532 1600 ἀνεφάνη
1561 1560 1674 1600 Πατρός,
1703 1561 1731 1588 Εἰ
1755 1564 1818 1599 γοῦν
1834 1559 1875 1588 διὰ
1891 1563 1921 1588 τὸ

1097 1605 1211 1632 ἐντεῦθεν
1241 1603 1338 1632 ἄτοπον
1368 1606 1411 1632 καὶ
1447 1606 1596 1644 παράλογον
1632 1606 1645 1633 ὃ
1666 1605 1730 1636 ταῖς
1759 1604 1921 1644 παραλόγοις

1098 1649 1128 1677 σὺ
1164 1649 1338 1688 χαριζόμενος
1381 1650 1486 1682 ταύταις
1529 1650 1638 1681 ἐννοίαις
1693 1649 1836 1687 συνελαύνῃ

1098 1693 1168 1722 ἄκων
1205 1693 1360 1733 ὁμολογεῖν,
1391 1693 1472 1731 μηδὲν
1510 1693 1640 1734 διαφέρειν
1670 1694 1700 1722 ἐκ
1740 1697 1785 1722 τοῦ
1820 1695 1923 1733 Hirpi):

1097 1737 1281 1777 ἐκπορεύεσθαι
1303 1737 1389 1777 λέγειν
1405 1739 1434 1766 τὸ
1467 1742 1583 1776 Πνεῦμα,
1620 1738 1662 1766 καὶ
1697 1737 1727 1766 ἐκ
1754 1739 1802 1772 τῆς
1832 1737 1922 1769 οὖσίας

1096 1786 1141 1810 τοῦ
1156 1783 1258 1822 Πατρός
1283 1790 1289 1797 ’
1327 1785 1406 1821 γνῶθι
1436 1782 1502 1821 μηδὲ
1541 1782 1664 1822 διαφορὰν
1693 1793 1749 1810 τινα
1778 1783 1921 1822 ἀναφαίνε-

1097 1829 1154 1855 σθαι
1187 1828 1231 1855 καὶ
1267 1827 1294 1855 ἐν
1322 1831 1360 1864 τῷ
1381 1827 1467 1866 λέγειν
1490 1828 1532 1856 ὁτὲ
1555 1827 1603 1865 μὲν
1630 1829 1662 1855 ὲκ
1689 1830 1737 1860 τῆς
1774 1827 1861 1858 οὖσίας
1877 1831 1923 1855 τοῦ

1107 1873 1166 1900 Υἱοῦ
1194 1873 1225 1900 τὸ
1260 1875 1377 1911 Πνεῦμα,
1408 1873 1452 1900 ὁτὲ
1474 1871 1501 1900 δὲ
1524 1871 1554 1899 ἐκ
1579 1875 1625 1900 τοῦ
1658 1872 1730 1902 Υἱοῦ.
1767 1871 1866 1900 Τούτου
1895 1871 1923 1899 δὲ

1878 1651 1924 1678 καὶ

1099 1917 1240 1958 ἀδιαφόρου
1270 1918 1431 1958 δειχθέντος,
1454 1919 1511 1950 πῶς
1541 1918 1569 1947 οὐ
1591 1918 1748 1953 νοηθῆσεταί
1776 1929 1816 1946 σοι
1839 1919 1870 1946 τὸ
1893 1918 1925 1945 ἐκ

1099 1966 1148 1997 τῆς
1192 1963 1280 1995 οὐσίας
1301 1967 1347 1992 τοῦ
1375 1964 1478 2003 Πατρὸς
1506 1963 1724 2003 ἐκπορευόμενον,
1751 1963 1793 1990 καὶ
1816 1962 1846 1990 ἐκ
1873 1966 1924 1995 τῆς

1099 2008 1186 2041 οὐσίας
1208 2012 1253 2036 τοῦ
1275 2009 1333 2036 Υἶοῦ
1353 2008 1474 2047 ὑπάρχον
1500 2008 1577 2047 ἅγιον
1601 2010 1718 2045 Πνεῦμα,
1747 2006 1778 2034 ὲκ
1801 2007 1851 2044 μὲν
1872 2010 1924 2040 τῆς

1098 2053 1186 2084 οὐσίας
1229 2056 1276 2081 τοῦ
1310 2052 1410 2091 Πατρός
1446 2051 1655 2092 ἐκπορευόμενον
1690 2053 1726 2083 ὡς
1754 2051 1784 2079 ἐκ
1804 2052 1925 2090 πηγαίας

1097 2097 1214 2138 ἀνσίρχοο
1229 2096 1371 2134 Θεότητος,
1394 2097 1424 2125 ἐκ
1444 2095 1471 2125 δὲ
1493 2099 1541 2135 τῇς
1556 2097 1643 2129 οὖσίας
1671 2099 1717 2124 τοῦ
1756 2097 1816 2124 Υἱοῦ
1837 2096 1924 2135 ὑπάρ-

231 2141 342 2173 dictum
352 2147 411 2182 est,
427 2141 507 2172 aliud
532 2143 661 2173 essentia
675 2147 730 2181 est,
747 2143 825 2174 aliud
845 2144 994 2184 hypostasi

1159 2167 1161 2176 ,
1184 2143 1220 2173 ὡς
1236 2140 1277 2170 διὰ
1293 2146 1337 2170 τιν)
1368 2143 1425 2170 rio?)
1445 2142 1561 2182 φυσικῶς
1587 2142 1631 2170 καὶ
1658 2140 1789 2172 οὑσιωδῶς
1819 2139 1849 2168 ἐκ
1863 2143 1923 2168 [Ια-

230 2186 357 2227 Deitate,
375 2186 428 2217 sed
457 2195 517 2217 non
545 2192 700 2227 propterea
733 2196 800 2219 cum
827 2189 898 2219 dicit
922 2189 997 2228 quis,
1022 2197 1057 2218 ex

232 2231 323 2263 Patre
339 2235 368 2262 et
384 2240 418 2262 ex
435 2232 565 2262 essentia
582 2232 688 2269 Patris,
701 2232 813 2273 absque
826 2234 954 2264 essentia
969 2232 1057 2273 hypo-

232 2277 334 2307 stasim
349 2275 446 2307 Patris
462 2276 610 2315 intelligit,
633 2282 684 2307 aut
710 2277 867 2308 essentiam
881 2277 993 2317 absque
1005 2277 1057 2317 hy-

232 2321 353 2361 postasi.
371 2320 495 2357 Quando
510 2330 578 2351 vero
595 2325 663 2361 post
684 2323 848 2352 recensitos
862 2322 1056 2362 syllogismos,

232 2364 282 2396 alii
308 2374 427 2406 quoque
451 2365 487 2396 ab
518 2366 580 2406 ipso
606 2368 772 2405 exaggerati
798 2370 877 2403 sunt,
893 2367 945 2397 sed
962 2366 1059 2396 nullus

232 2409 312 2440 inter
328 2418 380 2440 eos
392 2410 440 2447 sit,
451 2411 499 2450 qui
515 2419 590 2440 nova
601 2410 637 2441 ad
654 2411 698 2441 sui
712 2411 896 2441 eversionem
914 2410 1061 2440 sententia

231 2452 364 2492 indigeat
379 2463 439 2493 prae
454 2454 512 2491 bis,
525 2458 634 2495 quaead
649 2455 830 2486 refellendos
841 2456 915 2486 alios
926 2455 1059 2494 ejusdem

234 2497 418 2537 syllogismos
448 2498 576 2531 adducta
598 2503 677 2540 sunt,
695 2504 723 2530 et
736 2509 866 2540 praesens
883 2505 983 2530 nostra
998 2500 1060 2530 haec

232 2542 326 2573 oratio
341 2543 532 2583 examinavit,
550 2545 708 2584 prodterea
718 2545 766 2575 hic
781 2545 925 2575 adversus
937 2544 1059 2575 eosdem

233 2586 443 2618 refutationum
461 2587 551 2618 ﬁnem
579 2588 677 2620 facere
702 2589 901 2627 decrevimus,
921 2588 992 2619 illud
1016 2598 1061 2620 so-

236 2630 387 2662 lummodo
399 2631 557 2664 observare
566 2639 721 2665 monentes
728 2643 808 2672 eum,
825 2636 874 2675 qui
886 2642 1061 2674 supervaca-

235 2684 292 2706 nea
307 2676 484 2717 loquacitate
496 2681 584 2718 atque
609 2679 814 2719 intempestiva
837 2678 1029 2710 concinnatos
1044 2689 1060 2709 a

234 2720 419 2752 Metlionensi
437 2721 620 2762 syllogismos
634 2725 826 2764 percurrerit,
838 2728 985 2764 aqerte,et
995 2724 1059 2755 sine

233 2764 293 2796 ulla
304 2766 486 2799 haesitatione
500 2768 531 2799 in
546 2777 605 2800 uno
626 2778 662 2799 ex
675 2768 779 2799 iisdem
806 2768 984 2810 syllogismis
1000 2769 1059 2800 Me-

1097 2189 1158 2228 τρὸς
1180 2185 1341 2228 ἀναϐλύζον;
1367 2188 1397 2215 Εἰ
1411 2185 1441 2214 δὲ
1468 2190 1545 2215 τοῦτο
1568 2185 1637 2214 οὕτω
1672 2197 1712 2214 σοι
1748 2186 1924 2224 νοηοήσεται,

1099 2233 1112 2260 δ
1139 2233 1266 2264 Μεθωνης
1294 2230 1515 2270 διεγνωσθήσεταί
1551 2241 1591 2259 σοι
1627 2230 1715 2268 μάτην
1735 2231 1780 2257 τὸν
1803 2240 1926 2268 προανα-

1098 2276 1259 2315 τεταγμένον
1302 2275 1408 2304 πλέκων
1436 2275 1626 2314 συλλογισμὸν,
1656 2275 1683 2303 ἐν
1709 2276 1732 2311 ᾧ
1766 2274 1833 2302 κατὰ
1876 2276 1927 2307 τὰς

1100 2321 1220 2360 ἀκαίρους
1248 2320 1423 2360 λεπτολογίας
1458 2323 1506 2354 τῆς
1541 2318 1722 2359 ἐφευρημένης
1744 2318 1814 2355 αὑτῷ
1849 2317 1927 2346 διαι-

1100 2366 1196 2405 ρέσεως
1218 2365 1292 2404 ἔλεγε
1309 2377 1321 2392 α
1345 2369 1383 2402 τῷ
1407 2364 1480 2404 λόγῳ
1507 2367 1556 2397 τῆς
1584 2363 1765 2398 ὑποστάσεως,
1796 2363 1839 2390 καὶ
1862 2364 1927 2403 οὐχὶ

1101 2414 1138 2447 τῷ
1159 2409 1231 2448 λόγῳ
1251 2411 1299 2444 τῆς
1335 2410 1436 2449 φύσεως
1462 2410 1506 2437 τὸν
1533 2408 1633 2447 Πανὲρα
1659 2406 1745 2435 αἴτιον
1775 2407 1846 2434 εἶναι
1871 2411 1928 2435 τῶν

1101 2454 1127 2487 ἐξ
1148 2456 1236 2483 αὐτοῦ.
1256 2466 1269 2482 ι
1300 2455 1328 2483 El.
1344 2455 1404 2494 γὰρ,
1427 2455 1463 2485 ὡς
1485 2455 1527 2482 καὶ
1547 2452 1641 2481 ἄλλοτὲ
1655 2463 1699 2490 μοι
1722 2451 1840 2492 εἴρηται,
1858 2450 1928 2481 ἄλλο

1102 2499 1148 2537 μέν
1170 2500 1241 2527 εστιν
1257 2499 1342 2538 οὐσία,
1358 2498 1424 2526 ἄλλο
1446 2497 1471 2526 δὲ
1489 2498 1632 2528 ὑπόστασις
1656 2497 1697 2524 ἐπὶ
1712 2499 1761 2530 τῆς
1778 2496 1926 2535 Θεότῃτος,

1102 2543 1161 2572 ἆΛλ’
1177 2543 1223 2572 οὑκ
1245 2543 1309 2571 ἐπὰν
1325 2542 1392 2583 λέγῃ
1419 2554 1460 2575 τις
1488 2543 1516 2570 ἐκ
1546 2546 1590 2570 το]
1614 2542 1727 2582 Πατρὸς,
1750 2542 1792 2569 καὶ
1818 2541 1848 2569 ἐκ
1876 2545 1927 2575 τῆς

1102 2590 1189 2621 οὖσίας
1232 2593 1276 2618 τοῦ
1312 2591 1426 2629 Πατρὸς,
1458 2589 1577 2617 ἆνούσιον
1599 2589 1742 2616 ὑπόστασιν
1779 2593 1836 2616 νοεῖ
1880 2593 1927 2616 τοῦ

1103 2636 1216 2674 Πατρὺς,
1242 2634 1259 2668 ἣ
1287 2635 1374 2663 οὐσίαν
1405 2634 1599 2664 ἀνυπόστατον.
1633 2632 1706 2661 Ἐπεὶ
1728 2631 1754 2660 δὲ
1783 2633 1827 2660 καὶ
1842 2632 1928 2672 ἕτεροι

1102 2681 1169 2718 μετὰ
1210 2681 1270 2710 τοὺς
1324 2678 1558 2718 ἀπηριθμημένους
1612 2676 1803 2716 συλλογισμοὺς

1102 2724 1262 2764 ἐπλέκησαν,
1279 2725 1322 2752 λαὶ
1345 2723 1426 2755 οὐδεὶς
1451 2725 1522 2751 ἐστιν
1548 2722 1574 2756 ἐξ
1605 2723 1702 2762 αὐτῶν,
1730 2721 1757 2754 ὗε
1773 2722 1928 2761 καινατέρου

1100 2771 1168 2802 τινὸς
1198 2769 1234 2801 εἰς
1267 2768 1416 2807 ἀνατροπὴν
1444 2768 1578 2805 νοήματος
1607 2767 1701 2807 χρῄζει
1730 2767 1800 2806 παρὰ
1830 2770 1926 2805 ταῦτα,

1854 2678 1927 2715 αὑτῷ
