1936 3078
153 89 204 122 151

187 153 238 186 66.
255 153 300 186 Ad
314 153 386 185 illud
403 163 473 186 vero
489 154 558 195 quid
574 155 640 195 ipse
666 155 746 186 dicet
765 165 831 186 cum
851 164 972 195 proces-
984 159 1003 183 Α

146 198 263 230 sionem
287 197 416 239 Spiritus
432 198 593 240 specialem
624 198 736 231 habere
752 200 975 240 intelligentiam

147 243 385 284 dictitat,pra=,ter
399 253 476 284 eam,
493 252 579 283 quam
591 244 737 282 inferunt,
761 244 846 280 mitti,
865 253 975 285 suppe-

701 92 805 123 JOAN.
829 90 939 122 VECCI
961 90 1016 121 GP.
1040 86 1296 120 PATRIARGH/E

1778 84 1838 116 152

1015 150 1079 192 ξς”.
1116 155 1184 194 Πρὸς
1206 154 1289 183 ἒκείνο
1317 153 1344 182 δὲ
1365 155 1390 182 τί
1424 153 1479 194 ἐρεῖ
1507 153 1594 190 οὗτος,
1617 153 1661 181 ὅτε
1693 153 1724 181 10
1754 153 1838 181 ἐκπο-

1018 199 1134 239 ρεύεσθαι
1170 200 1200 227 τὸ
1236 200 1340 236 Πνεῦμα
1361 198 1426 227 ἰδίαν
1460 197 1536 238 λέγει.
1566 197 1641 238 ἔχειν
1668 197 1717 231 τὴν
1739 197 1838 225 ἔννοιαν

1017 245 1088 283 παρὰ
1129 244 1159 272 τὸ
1195 243 1356 283 πέμπεσθαι,
1387 244 1430 271 καὶ
1473 244 1660 283 χορηγεῖσθαι,
1704 243 1748 270 καὶ
1796 241 1837 269 δί-

146 287 245 324 ditari,
259 292 289 319 et
304 288 366 319 dari
377 289 473 319 ?Nam
485 288 630 319 dictiones
643 288 814 330 hasce,quae
829 290 957 320 sententi

1042 291 1129 329 ›σθαι;
1167 289 1220 321 Τὰς
1241 288 1289 325 μὲν
1317 289 1367 328 γὰρ
1401 287 1482 321 λέξεις
1517 288 1623 324 ταύτας,
1653 288 1683 315 αἳ
1703 285 1837 326 προδέλως

147 333 304 364 manifesto
335 333 557 372 distinguuntur
585 342 602 363 a
616 334 818 373 processione,
838 334 974 374 producit

147 378 230 417 quasi
243 377 302 408 illis
317 376 501 408 refellendus
510 378 607 408 veniat
618 377 707 409 Italus
720 388 726 410 :
744 380 821 418 quod
831 388 900 409 vero
911 380 973 419 qui-

148 420 216 451 dam
233 430 268 452 ex
280 421 416 452 Patribus
426 432 440 450 ιι
453 421 528 452 Filio
548 422 658 453 habere
669 432 734 454 esse
746 423 818 453 dixit
829 422 971 463 Spiritum

147 465 225 496 alius
240 475 274 496 ex
302 466 378 496 Filio
405 475 472 496 esse
497 465 661 506 Spiritum;
692 471 718 498 et
736 468 784 498 hic
800 468 920 508 quidem
938 477 972 499 ex

147 509 277 540 essentia
290 509 358 541 Filii
373 510 458 541 illum
473 511 575 544 esse.il
583 511 608 540 le
627 520 697 542 vero
709 520 745 542 ex
760 512 838 543 Filio
852 517 972 543 natura-

1017 334 1081 372 πρὸς
1110 334 1140 362 τὸ
1169 333 1352 373 ἐκπορεύεσθαι
1390 331 1643 361 ἆντιδιαστέλλονται
1672 334 1706 369 τῇ
1740 331 1836 368 ἐννοίᾳ,

1014 377 1086 406 οἶδεν
1111 379 1147 410 ὡς
1181 379 1217 409 είς
1245 377 1358 417 ἔλεγχον
1386 376 1462 411 δῆθεν
1479 377 1605 405 ἐκτιθέναι
1635 380 1680 405 105
1705 374 1805 404 Ἰταλοὺ
1830 385 1835 392 ·

1013 422 1096 451 ὅτιδὲ
1131 424 1144 450 ὁ
1175 423 1223 460 μὲν
1250 424 1303 450 τῶν
1330 423 1412 461 ἁγίων
1440 423 1511 462 παρὰ
1545 425 1591 450 του
1612 422 1673 449 Υἱοῦ
1707 421 1737 448 τὸ
1766 420 1838 449 εἶναι

1014 467 1087 507 ἔχειν
1114 467 1164 507 ἔφη
1191 468 1222 495 τὸ
1244 470 1360 507 Πνεῦμα,
1391 468 1404 495 ὁ
1426 465 1451 495 δὲ
1481 467 1510 494 ἐκ
1546 470 1590 494 τοῦ
1619 468 1678 494 Υἱοῦ
1715 465 1838 493 εἶναιτὸ

1015 515 1131 549 Πνεῦμα²
1163 513 1206 540 καὶ
1254 513 1267 540 ὁ
1313 512 1362 549 μὲν
1405 511 1434 539 ὲκ
1475 513 1524 545 τῆς
1561 511 1648 542 οὐσίας
1683 511 1728 538 105
1777 511 1838 539 Υἱοῦ

1014 556 1142 596 ὑπάρχειν
1171 557 1244 596 aii-.0,
1287 558 1300 584 ὁ
1336 555 1362 583 δὲ
1392 555 1422 584 ἐκ
1462 559 1507 583 τοῦ
1550 557 1609 582 Υἱοῦ
1651 557 1765 594 φυσικῶς
1793 554 1837 582 καὶ

1013 600 1144 633 οὖσιωδώς
1175 601 1303 641 ὑπάρχειν
1332 601 1407 639 αὖτὸ,
1435 601 1478 628 καὶ
1499 599 1579 632 ἄλλος
1606 599 1752 627 ὑποστατὸν
1766 599 1837 627 εἶναι

1013 644 1075 672 αυτὸ
1111 645 1141 673 ἐκ
1166 648 1216 678 τῆς
1245 645 1332 677 οὐσίας
1360 645 1405 673 105
1434 646 1504 681 1‘l05,
1533 644 1600 672 ἀλλὰ
1630 647 1682 672 τῶν
1711 644 1836 682 ῥημάτων

145 553 215 584 liter
228 558 257 585 et
270 554 469 585 essentialiler
495 564 573 591 esse,
594 560 622 586 et
632 556 719 596 alius,
735 566 818 587 suam
834 557 972 597 hyposta-

145 598 201 629 sim
216 598 329 629 habere
342 608 376 630 ex
392 599 523 629 essentia
531 599 724 636 Filii,horum
737 602 855 641 inquam
869 602 972 633 verbo-

146 652 213 673 rum
231 643 341 674 nullam
355 643 420 684 ipse
436 643 618 674 mentionem
635 644 713 676 facit.
738 646 798 685 Ego
827 650 923 677 autem
935 647 971 677 ad

142 686 242 726 ipsum
271 688 363 719 veluti
394 692 570 728 praesentem
601 690 764 720 orationem
779 696 945 721 convertam

1042 690 1109 718 ύτων
1144 689 1197 719 οὐδ’
1231 691 1368 724 ἡντιναοῦν
1397 691 1488 727 μνείαν
1516 690 1670 726 ποιούμενος
1703 689 1835 728 φαίνεται,

141 731 369 771 Sapientissime
383 732 469 772 vir,si
485 734 692 764 contradicere
707 738 859 774 optans.ut
871 736 958 766 rednr

1043 735 1083 773 γὼ
1110 733 1137 762 δὲ
1186 735 1222 765 ὡς
1258 735 1322 773 πρὸς
1364 734 1480 773 παρόντα
1515 734 1583 773 φημὶ
1625 735 1689 773 πρὸς
1731 734 1833 762 αὖτόν·

141 785 248 816 gueres
259 775 438 813 Italos,male
450 781 630 815 asserentes,
647 778 789 818 Spiritum
807 781 960 819 proceden

1042 778 1086 817 γε,
1128 780 1151 806 ὦ
1181 779 1316 818 σοφώτατε
1371 778 1441 818 ἄνερ,
1486 778 1632 818 ὰντὶῤῥησιν
1676 779 1834 813 ποιήτασθαι

142 829 177 865 ex
194 821 278 852 Patre
291 825 321 851 et
335 820 421 859 Filio,
453 830 514 852 non
529 821 657 862 admitti,
684 828 712 853 et
729 825 923 865 suppeditari,
940 835 956 856 e

1042 823 1092 851 λων
1108 825 1143 855 εἷς
1172 823 1284 863 ἔλεγχον
1309 827 1355 852 τοῦ
1383 827 1473 855 κακῶς
1499 823 1585 862 λέγειν
1614 822 1674 855 τοὺς
1705 822 1832 864 Ἰταλοὺς,

143 864 220 902 dari,
237 865 399 897 discrimen
416 866 616 906 processionis
635 867 766 899 animum
781 864 960 901 advertebas

1042 869 1193 906 πορεύεσθαι
1225 869 1256 896 τὸ
1279 869 1384 906 Πνεῦμα
1419 869 1450 896 ἐκ
1484 869 1585 907 Πατρὸς
1628 868 1672 896 καὶ
1700 869 1770 905 Υἱοῦ,
1795 869 1834 906 μὴ

137 909 191 942 sed
201 909 236 940 ad
248 910 343 950 ipsum
357 919 423 942 esse
436 911 565 951 Spiritus
575 921 608 942 ex
621 912 741 952 Filio,et
751 913 785 944 ad
798 915 960 953 provenire

1042 913 1074 945 ιδς
1110 913 1140 941 τὸ
1178 913 1337 950 πέμπεσθαι,
1375 914 1419 941 καὶ
1453 914 1642 953 χορηγεῖσθαι,
1674 913 1717 940 καὶ
1749 924 1833 950 μετατ-

140 958 171 986 et
185 955 295 986 effundi
310 955 448 986 eumdem
462 965 496 986 ex
511 954 632 993 Filio,et
645 957 680 987 ad
694 959 893 989 essentialiter
903 969 960 991 esse

1042 957 1121 986 ῖοσθαι
1157 958 1206 991 τὴν
1235 962 1281 986 105
1307 958 1492 997 ὶκπορεύεσθαι
1532 956 1660 997 διαφορὰν
1700 957 1831 997 ἑθεώρεις,

143 999 283 1044 eumdem
299 999 413 1031 exFilio
428 1000 484 1030 hoc
496 1005 581 1040 pacto
595 1001 748 1040 specimcn
761 1002 878 1043 aliquod
893 1013 960 1044 prm-

1043 1002 1077 1030 λὰ
1104 1003 1169 1038 πρὸς
1192 1003 1255 1030 αὒτὸ
1289 1002 1319 1031 τό
1341 1002 1412 1030 εἶναι
1448 1002 1478 1029 τὸ
1503 1005 1608 1040 Πνεῦμα
1630 1001 1656 1034 ἐξ
1685 1003 1756 1042 Υἱοῦ,
1788 1003 1833 1030 καὶ

141 1043 241 1082 heres,
257 1053 315 1075 non
331 1053 349 1075 a
364 1046 478 1075 ratione
495 1054 615 1084 prorsus
631 1055 697 1077 esse
723 1047 862 1088 alienam,
879 1043 960 1088 quam

1045 1047 1073 1079 ὸς
1115 1047 1145 1075 τὸ
1176 1046 1299 1086 προϊέναι
1329 1047 1372 1075 καὶ
1413 1048 1572 1086 προχεῖσθαι
1613 1047 1676 1074 αὐτὸ
1714 1046 1743 1074 ὶκ
1783 1050 1831 1074 105

143 1089 326 1129 appingebas
341 1088 421 1120 Italis
433 1088 546 1120 dissidii
559 1098 676 1120 causam
694 1100 747 1130 per
758 1091 960 1133 ditl‘erentiam,

1042 1094 1080 1128 οὗ,
1116 1092 1159 1119 καὶ
1201 1091 1266 1130 πρὸς
1314 1092 1345 1119 τὸ
1373 1090 1507 1122 οὒσιωδῶς
1545 1091 1675 1130 ὑπάρχειν
1714 1092 1777 1120 αὐτὸ
1805 1091 1831 1124 ἐξ

143 1143 209 1174 quaa
225 1136 269 1164 est
281 1134 360 1164 inter
370 1133 548 1173 procedere,
567 1139 596 1164 et
612 1135 710 1175 mittit,
727 1139 756 1165 et
770 1136 960 1176 suppeditari,

1042 1139 1080 1171 οὗ,
1116 1135 1197 1169 οὕτως
1225 1135 1257 1164 ἄν
1285 1135 1399 1175 ἔμφασιν
1439 1134 1535 1167 ἐδίδους
1569 1136 1628 1164 τινὰ
1662 1136 1692 1164 τὸ
1720 1135 1829 1175 εὔλογο-

139 1182 168 1209 et
179 1177 253 1209 dari.
272 1179 313 1209 At
324 1187 402 1209 nunc
417 1187 484 1209 cum
501 1178 682 1218 suppeditari
699 1183 728 1210 et
742 1181 960 1212 miltidiﬂ‘eranl

1044 1180 1085 1212 νές
1101 1180 1175 1220 ἔχειν
1190 1181 1238 1214 τὴν
1273 1180 1494 1219 προσαπτομένην
1515 1186 1574 1212 τοῖς
1610 1179 1725 1211 Ἰταλοῖς
1747 1180 1830 1209 αἰτίαν

137 1232 239 1254 avoce
266 1222 450 1263 procedere;
481 1223 638 1262 provenire
666 1233 745 1260 vero,
772 1226 920 1264 progredi,
937 1231 960 1258 el

1042 1228 1052 1252 3
1093 1225 1240 1264 σχίσματος
1269 1225 1322 1252 ἀπὸ
1349 1227 1398 1258 τῆς
1425 1224 1547 1264 διαφορᾶς
1569 1225 1617 1252 105
1641 1224 1826 1264 ἐκπορεύεσθαι

139 1266 279 1307 profundi
295 1266 368 1297 nihil
384 1266 521 1297 differant
545 1267 582 1297 ab
599 1275 644 1307 eo,
663 1267 739 1308 quod
756 1268 960 1305 infert,essen-

1043 1270 1070 1301 ὸς
1104 1270 1135 1297 τὸ
1164 1269 1312 1307 πέμπεσθαι
1347 1270 1390 1298 καὶ
1425 1271 1600 1310 χορηγεῖσθαι
1622 1270 1665 1298 καὶ
1704 1267 1829 1300 δίδοσθαι.

139 1310 247 1342 tialiter
262 1320 339 1348 esse,
353 1315 464 1342 temere
474 1310 582 1342 videris
594 1312 827 1343 ecclesiasticum
837 1315 960 1346 schisma

1042 1325 1058 1340 7V
1093 1313 1119 1341 δὲ
1155 1315 1221 1353 πρὸς
1246 1315 1294 1352 μὲν
1328 1315 1358 1342 τὸ
1391 1316 1566 1354 χορηγεῖσθαι
1610 1315 1653 1342 καὶ
1681 1313 1829 1351 πέμπεσθαι

140 1355 340 1392 constabilire,
358 1355 472 1393 dicens,
489 1355 649 1396 specialem
670 1357 782 1388 habere
799 1358 960 1399 intelligen-

1043 1370 1055 1390 ς
1084 1358 1114 1386 ἐκ
1135 1363 1180 1387 105
1215 1359 1397 1398 ἐκπορεύεσθαι
1432 1357 1526 1391 λέξεως
1552 1358 1735 1398 διαφερούσης,
1764 1360 1829 1398 πρὸς

141 1399 212 1431 tiam
230 1400 403 1440 procedere,
426 1409 460 1431 ac
476 1400 622 1432 diversam
639 1401 675 1432 ab
692 1411 738 1438 ea,
755 1411 843 1442 quam
858 1404 960 1435 habenl

1063 1404 1092 1430 τὸ
1120 1403 1240 1443 προϊέναι
1283 1404 1326 1432 καὶ
1366 1403 1540 1443 προέρχεσθαι
1583 1404 1626 1432 καὶ
1669 1405 1828 1443 προχεῖσθαι

142 1445 484 1493 mitti,suppedil_ari,Aet
511 1445 696 1493 dari.Simile
716 1447 866 1493 quidpiam
880 1449 960 1480 tinnil

1043 1448 1075 1477 τὰ
1103 1448 1152 1482 τὴν
1180 1449 1226 1476 105
1257 1448 1386 1488 ὑπάρχειν
1408 1447 1539 1480 οὔσιωδῶς
1574 1448 1708 1486 σημασίαν
1735 1447 1828 1488 διαφε-

139 1498 258 1530 quoque
272 1489 417 1530 expositio
432 1489 514 1520 factae
529 1499 546 1520 a
562 1490 718 1521 Servatore
734 1491 888 1532 discipulis
902 1494 960 1533 Spi-

1042 1493 1102 1525 ὅσης
1138 1492 1232 1533 μηδὲν,
1263 1493 1349 1530 μάτην
1379 1494 1456 1532 φαίνῃ
1504 1497 1541 1530 τῷ
1575 1493 1623 1526 τῆς
1670 1492 1829 1526 Ἐκκλησίας

138 1534 213 1565 ritus
228 1534 499 1571 insufﬂationis,cui
507 1534 625 1565 abunde
636 1539 735 1565 nostra
747 1536 841 1566 oratio
857 1547 960 1568 occur-

1042 1537 1134 1575 ictum
1179 1537 1385 1576 ἐπισυγκροτῶν,
1434 1538 1486 1565 ἀπό
1537 1538 1582 1566 105
1636 1537 1721 1576 λέγειν
1763 1536 1828 1565 ἰδίαν

140 1579 190 1616 rit,
216 1579 323 1620 quibus
351 1578 389 1610 ad
432 1588 496 1609 eam
533 1579 700 1610 refellenda
729 1580 868 1612 adversus
892 1583 960 1614 alios

1043 1592 1080 1608 ειν
1115 1582 1163 1615 τὴν
1193 1582 1294 1610 ἔννοιαν
1322 1583 1352 1610 τὸ
1380 1582 1563 1621 ἐκπορεύεσθαι
1593 1582 1664 1621 παρὰ
1691 1583 1722 1610 τὸ
1756 1593 1828 1619 πεμ-

139 1624 326 1655 decertantes
351 1622 517 1654 rationibus
546 1623 593 1653 usi
608 1633 722 1661 sumus,
740 1626 789 1664 qui
812 1629 841 1656 et
855 1631 922 1658 ante
937 1632 960 1658 te

1043 1628 1112 1666 σθαι,
1151 1628 1194 1655 καί
1240 1629 1427 1667 χορηγεῖσθαι,
1469 1629 1512 1656 καὶ
1559 1627 1682 1658 δίδοσθαι.
1721 1623 1829 1656 Ὀποτόν

139 1669 274 1700 eamdem
282 1667 488 1699 insumationis
495 1668 767 1706 interpretationem
775 1670 959 1702 tradiderunt

1067 1671 1187 1709 βούλεταί
1219 1683 1260 1700 σοι
1288 1673 1331 1700 καὶ
1358 1673 1375 1706 ἡ
1410 1671 1536 1712 ἐξήγησις
1585 1674 1632 1706 τῆς
1671 1672 1744 1711 παρὰ
1784 1675 1829 1700 105

137 1713 198 1752 Ego
213 1713 332 1744 interim
347 1713 456 1752 gratias
472 1712 525 1742 tibi
540 1722 593 1750 ago
610 1712 694 1744 bonae
711 1714 830 1748 mentis.
848 1717 960 1755 quandc

1042 1718 1132 1755 υτῆρος
1167 1716 1311 1755 γενομένης
1340 1723 1398 1747 τοῖς
1429 1719 1560 1754 μαθητατς
1589 1721 1634 1746 τοῦ
1676 1717 1828 1754 Πνεύματος

138 1762 168 1790 te
181 1757 299 1798 reperio
315 1757 456 1788 unionem
472 1756 614 1787 Ecclesiae
626 1757 716 1787 veluti
730 1767 746 1788 a
761 1759 873 1794 subtili,
887 1762 960 1800 quod

1042 1762 1190 1800 φυσήσεως,
1220 1762 1284 1799 πρὸς
1319 1761 1352 1795 ἣν
1386 1760 1510 1800 ἐξήγησιν
1537 1763 1632 1793 ἱκανῶς
1660 1763 1674 1789 ὁ
1699 1761 1829 1800 ἡμέτερας

136 1803 229 1839 aiunt,
248 1802 297 1833 [ilo
309 1802 498 1842 appendisse,
515 1801 545 1831 in
563 1801 630 1837 illis,
644 1811 708 1841 quae
720 1801 790 1833 [talo
807 1803 938 1836 insinuas
957 1816 960 1838 1

1042 1806 1144 1839 "Intnsa
1173 1805 1264 1844 λόγος,
1291 1805 1317 1834 ἐν
1347 1807 1391 1838 οἷς
1427 1807 1486 1838 τοὺς
1522 1806 1726 1845 ἀνατρεπτικοὺς
1747 1806 1829 1838 αὐτῆς

139 1859 152 1876 α
169 1847 203 1878 In
218 1847 284 1877 aliis
296 1846 417 1887 quidem
430 1846 562 1876 concedo
579 1846 630 1876 tibi
642 1856 744 1877 vocem
762 1850 960 1888 usurpandum

1042 1850 1106 1883 Ξθετο
1129 1850 1222 1890 λόγους
1239 1851 1303 1890 πρὸς
1340 1850 1434 1883 ἄλλους
1470 1851 1700 1890 διαγωνιζόμενος,
1731 1850 1828 1882 οἵτινες

140 1891 267 1933 Spiritus
283 1900 320 1923 ex
339 1891 424 1922 Patre
438 1895 467 1921 et
482 1890 556 1922 Filio
571 1891 782 1932 processionis,
795 1897 827 1923 ut
842 1893 894 1924 tibi
907 1894 960 1925 lin-

1042 1896 1050 1923 ἱ
1080 1896 1129 1935 πρὸ
1157 1899 1203 1923 σοὺ
1229 1895 1278 1929 τὴν
1301 1896 1426 1929 τοιαύτην
1461 1898 1511 1928 τῆς
1553 1895 1726 1934 ἐμφυσήσεως
1765 1894 1828 1929 ἐξή-

140 1947 198 1978 gua
212 1937 353 1978 permitit,
384 1935 414 1966 in
431 1935 641 1966 communibus
656 1945 764 1975 nempe
776 1939 960 1970 sermonibus

1045 1952 1085 1968 σιν
1100 1941 1286 1979 εἰσηγήσαντο.
1316 1939 1387 1979 Ἐγὼ
1405 1940 1432 1968 δὲ
1459 1940 1525 1972 τέως
1551 1940 1666 1979 χάριτας
1696 1950 1737 1967 σοι
1759 1941 1828 1976 ὁμο-

140 1986 169 2014 et
183 1980 352 2021 colloquiis,
377 1980 402 2011 si
418 1979 584 2018 allubescit,
616 1980 647 2011 in
663 1980 801 2020 Symbolo
818 1991 885 2013 vero
901 1984 960 2014 solo

1042 1988 1079 2023 γῶ
1106 1986 1154 2019 τῆς
1179 1985 1277 2024 ἀγαθῆς
1299 1985 1419 2024 γνώμης⁷
1451 1984 1491 2012 ὅτι
1512 1994 1541 2012 σε
1584 1983 1694 2023 εὒρίσκω
1710 1984 1758 2017 τὴν
1781 1983 1828 2017 τῆς

137 2035 198 2057 non
213 2025 405 2057 concedam.»
420 2024 584 2055 Exosculor
595 2025 685 2056 animi
701 2025 744 2055 tui
761 2027 960 2065 candorem,el

1042 2029 1166 2063 κκλησίας
1205 2029 1297 2057 ἕνωσιν
1340 2030 1377 2062 ὡς
1419 2029 1472 2057 ἀπὸ
1513 2028 1610 2057 λεπτοῦ
1651 2027 1828 2068 ἐξαρτήσαντα

138 2079 268 2112 agnosco
296 2070 400 2101 unioni
430 2074 458 2101 te
473 2079 611 2110 magnum
628 2069 744 2110 pondus
759 2071 922 2109 addidisse,
939 2073 960 2104 si

1042 2084 1082 2102 σου
1103 2074 1149 2102 Ἐν
1184 2076 1226 2106 οἷς
1254 2074 1303 2113 γὰρ
1323 2075 1386 2114 πρὸς
1415 2075 1459 2102 τὸν
1488 2073 1587 2102 ’ἰταλὸν
1621 2072 1718 2112 λέγεις,
1752 2085 1766 2100 α
1783 2073 1827 2102 Ἐν

139 2125 250 2157 paucos
261 2115 405 2155 quosdam
422 2118 470 2145 tuo
485 2124 546 2146 aevo
574 2114 652 2145 inter
677 2115 818 2155 praesules
842 2117 960 2148 eximios

1043 2131 1056 2147 ν
1082 2126 1140 2150 τοῖς
1170 2118 1260 2150 ἄλλοις
1295 2119 1464 2158 συγχωρήσω
1501 2118 1615 2158 χρῆσθαί
1642 2129 1671 2146 σε
1699 2121 1732 2156 τῇ
1761 2116 1828 2150 λέξει

138 2166 167 2194 et
178 2162 356 2202 conspicuos
372 2161 424 2192 tibi
441 2161 612 2200 contigisset
624 2162 734 2201 proprii
753 2162 894 2202 propositi
910 2163 960 2194 de-

1043 2174 1054 2191 ς
1083 2167 1128 2191 τοῦ
1157 2164 1307 2201 Πνεύματος
1337 2163 1365 2191 ἐν
1400 2167 1446 2192 τοῦ
1495 2163 1597 2202 Πατρὸς
1627 2163 1669 2191 καὶ
1700 2167 1744 2192 τοῦ
1769 2164 1830 2192 Υἱοῦ

136 2210 309 2248 precatores
337 2206 460 2237 habere.
489 2205 600 2242 Quibus
616 2215 684 2236 vero
699 2205 893 2248 ratiocinans,
906 2208 960 2239 ite-

1042 2208 1199 2248 πορεύσεως,
1227 2209 1263 2241 ὡς
1300 2209 1317 2243 ἡ
1346 2208 1451 2248 γλῶττά
1479 2219 1520 2236 σοι
1549 2206 1662 2244 δίδωσιν,
1685 2207 1712 2235 ἐν
1726 2207 1828 2238 κοινοῖς

136 2261 202 2283 rum
217 2249 435 2290 argumentaris
454 2261 460 2279 :

1042 2264 1077 2292 γω
1127 2252 1229 2292 λόγοις⁹
1281 2254 1324 2281 καὶ
1359 2252 1474 2291 ὁμιλίαις
1514 2251 1762 2288 ἐκκλησιαστικαῖς,
1807 2253 1829 2279 εἷ

136 2297 224 2337 βούλει
249 2304 255 2311 ·
280 2296 307 2325 ἐν
323 2295 350 2324 δὲ
365 2299 404 2334 τῷ
418 2294 548 2334 Συμϐόλῳ
563 2296 636 2334 μόνῳ
671 2296 701 2324 οὗ
730 2297 909 2337 συγχωρήσω,
933 2309 942 2324 ι
976 2297 1143 2338 ἀποδέχομαι
1166 2309 1211 2326 σου
1232 2299 1262 2326 τὸ
1291 2301 1340 2332 τῆς
1363 2300 1455 2338 ψυχῆς
1491 2298 1592 2336 ἱλαρὸν,
1623 2298 1666 2325 καὶ
1697 2295 1825 2333 διαγινώ-

137 2354 195 2371 σκω
209 2341 312 2376 πολλὴν
327 2340 412 2370 δοῦναί
433 2351 462 2368 σε
476 2341 526 2374 τὴν
541 2340 584 2369 ἐπὶ
599 2344 632 2379 τῇ
668 2340 759 2369 ἑνώσει
789 2341 884 2380 ῥοπὴν,
914 2341 972 2381 εἴγε
999 2342 1103 2382 ὀλίγους
1139 2343 1211 2374 τινὰς
1237 2346 1290 2371 τῶν
1312 2343 1380 2372 κατὰ
1414 2343 1443 2370 σὲ
1471 2342 1530 2370 τότε
1565 2342 1612 2370 τὸν
1639 2340 1826 2380 ἀρχιερατικὸν

135 2387 305 2425 κοσμούντων
320 2385 468 2424 κατάλογον
482 2384 614 2425 ἐξεγένετό
629 2397 670 2414 σοι
684 2385 844 2426 συνηγόρους
859 2389 908 2420 τῆς
924 2387 1020 2420 οἰκείας
1036 2387 1183 2427 προθέσεως
1209 2387 1294 2427 ἔχειν.
1324 2386 1369 2416 Ἐν
1399 2389 1441 2419 οἷς
1467 2386 1494 2415 δὲ
1509 2386 1733 2426 συλλογιζόμενος
1747 2383 1826 2413 πάλιν

138 2430 224 2470 λέγεις
230 2453 236 2460 .

177 2475 230 2507 67.
250 2473 299 2506 «Si
313 2474 409 2514 major
424 2477 468 2504 est
482 2473 572 2505 Pater
590 2473 666 2505 Filio
685 2483 783 2514 causa,
797 2474 821 2505 si
831 2475 961 2507 etFilius

1753 2436 1772 2444 ρ

1043 2471 1090 2512 εἴ.
1125 2489 1138 2504 τι
1174 2478 1203 2506 El
1233 2477 1357 2514 μείζω)νό
1387 2477 1478 2516 Πατὴρ
1519 2480 1565 2505 105
1594 2477 1655 2504 Υἱοῦ
1674 2478 1713 2512 τῷ
1741 2475 1825 2514 αἰτίῳ,

136 2523 182 2551 est
198 2518 324 2560 Spiritus
339 2527 438 2556 causa,
453 2522 532 2549 esset
547 2522 575 2549 et
596 2519 644 2550 hic
659 2529 694 2550 eo
710 2520 835 2559 major,»
854 2525 883 2551 et
898 2521 960 2551 bae-

135 2564 229 2596 sitans
257 2563 346 2595 veluti
363 2572 468 2603 magna
491 2563 617 2604 quadam
645 2564 828 2596 dubitatione
856 2564 960 2596 Italum

136 2609 267 2649 impotis,
296 2618 310 2638 ε
322 2607 379 2640 Ubi
402 2617 525 2648 usquam
541 2608 679 2640 invenisti
696 2609 839 2649 majorem
854 2609 960 2641 Filium

134 2652 247 2695 Spiritu
260 2652 358 2684 dicit?

173 2742 347 2782 Considera,
359 2751 398 2774 ne
413 2741 467 2774 tibi
482 2741 543 2774 haec
559 2742 702 2775 dubitatio
717 2743 749 2774 in
767 2743 959 2784 opprobrium

1002 2521 1078 2561 εἴπερ
1092 2522 1163 2550 καὶὸ
1198 2522 1255 2553 ι”ιός
1278 2521 1332 2549 ἐστι
1360 2525 1406 2550 105
1443 2521 1593 2559 Πνεύματος
1623 2520 1721 2557 αἴτιος,
1752 2519 1826 2548 ἔσται

1003 2567 1046 2594 καὶ
1061 2568 1135 2598 οὗτος
1163 2566 1258 2603 μείζων
1286 2567 1365 2595 αὐτοῦ
1380 2575 1387 2582 '
1423 2576 1437 2595 ι
1463 2567 1506 2595 καὶ
1537 2565 1667 2604 διαπορῶν
1696 2566 1732 2596 ὡς
1759 2564 1827 2603 μέγα

1003 2622 1028 2639 τι
1056 2612 1120 2649 πρὸς
1148 2611 1193 2639 τὸν
1222 2609 1322 2639 Ἰταλὸν
1355 2610 1506 2650 διαπόρημα
1533 2610 1633 2649 λέγεις,
1660 2621 1674 2636 σι
1703 2612 1756 2637 H05
1785 2620 1826 2637 σοι

1004 2661 1079 2685 τοῦτο
1107 2655 1254 2696 ἐξεύρηται,
1296 2656 1402 2694 μείζονα
1443 2657 1489 2684 τὸν
1518 2657 1577 2684 Υἱον
1608 2654 1653 2682 105
1676 2654 1825 2692 Πνεύματος

1002 2700 1122 2740 λέγεσθαι
1135 2710 1143 2741 ς
1162 2713 1176 2729 ι

1042 2745 1150 2785 Σκόπει,
1181 2745 1279 2784 μέποτε
1316 2746 1352 2777 εἰς
1394 2746 1526 2786 αἰσχύνην
1555 2743 1742 2785 περιστήσεταὶ
1783 2753 1823 2771 σοι
