1936 3078
135 150 189 184 167

130 259 187 294 {Ex
196 273 261 294 meo
270 261 492 302 enimaccipiet,
505 260 554 296 ait,
570 259 923 291 etannuntiabitvobisgl.
939 269 953 288 »

127 308 162 338 Ει
183 308 274 339 Filius
294 307 412 348 quidem
429 306 457 336 in
475 305 595 336 nomine
616 305 710 335 Patris
735 304 832 335 venit:
855 315 865 332 α
884 303 953 344 Spi-

129 353 203 383 ritus
212 361 281 383 vero
293 356 421 388 sanctus,
439 359 526 390 quem
538 349 632 379 mittet
640 349 737 385 Pater,
747 348 888 388 inquit.in
903 357 954 378 no-

130 397 208 427 mine
217 406 281 427 meo
289 396 325 427 93.
334 409 343 423 ιι
363 395 447 426 Hunc
457 395 554 434 itaque
564 393 697 424 ordinem
708 398 735 423 et
745 398 878 424 naturam
886 402 955 432 erga

128 440 234 472 Filium
251 440 421 481 possidente
433 438 557 479 Spiritu,
572 447 659 478 quam
676 442 704 468 et
719 437 811 469 Filius
824 437 956 477 possidet

128 493 197 523 erga
214 486 341 522 Patrem,
357 493 416 524 qua
431 482 545 513 ratione
558 482 608 522 qui
632 483 710 512 hunc
722 486 886 512 creaturam
904 491 953 512 as-

128 528 273 565 serit,non
286 529 365 559 idem
380 532 409 559 et
419 527 456 558 de
469 527 541 557 FlllO
553 527 722 558 necessario
734 526 931 565 excogitabit?
940 539 951 553 »

128 572 182 609 Qui
199 573 261 604 haec
274 573 440 612 theologica
450 572 527 603 dicta
537 575 673 601 accurate
686 571 860 611 perpendat,
870 579 953 610 aequo

126 618 224 648 animo
243 626 365 657 prorsus
390 625 544 647 assensum
573 615 726 655 praebebit,
742 615 952 645 concordabit-

128 672 185 702 que
214 671 280 693 cum
305 661 530 701 afﬁrmantibus,
559 660 608 690 illa
638 660 824 690 solummodo
840 659 953 690 ratione

128 705 270 746 Spiritum
297 706 354 736 dici
385 705 548 736 secundum
580 714 596 735 a
610 704 697 737 Filio.
715 713 772 744 qua
785 709 813 734 et
832 703 923 735 Filius
937 713 954 734 a

129 750 215 781 Patre
229 760 296 781 esse
305 750 454 781 secundus
466 749 706 785 astruitur.Quod
717 749 740 778 si
754 748 781 778 id
793 758 851 778 non
864 752 952 785 esset,

130 804 280 834 nunquam
297 795 375 825 idem
390 804 513 834 magnus
520 794 647 825 Basilius
657 793 773 824 decimo
784 792 910 832 septimo
919 792 954 823 ad

128 839 369 879 Amphilochium
387 841 482 879 capite
508 839 679 878 scripsisset
699 847 704 868 :
723 850 734 864 α
753 837 954 873 Quemadmo-

129 884 197 914 dum
214 883 312 924 itaque
323 893 355 914 se
378 884 468 914 habet
489 883 580 914 Filius
596 883 631 913 ad
644 882 772 920 Patrem,
791 882 831 912 ita
846 887 875 912 et
889 891 955 913 sese

130 928 256 968 Spiritus
271 929 306 959 ad
332 927 439 959 Filium
462 928 547 967 juxta
571 927 705 958 ordinem
732 928 759 957 in
777 927 924 967 baptismo
940 936 956 957 a

131 972 228 1003 Verbo
241 973 393 1004 traditum.
410 972 491 1008 Quod
507 972 531 1002 si
543 971 671 1012 Spiritus
690 981 754 1001 cum
770 971 841 1001 Filio
850 971 955 1001 eodem

129 1018 232 1047 ordine
249 1017 350 1051 enitet,
360 1022 389 1048 et
404 1017 497 1049 Filius
510 1026 576 1047 cum
597 1018 694 1053 Patre,
713 1016 806 1055 liquet
822 1019 850 1046 et
864 1015 954 1056 Spiri-

130 1067 190 1092 tum
203 1062 308 1093 eodem
325 1062 429 1093 ordine
443 1061 572 1092 emicare
587 1070 653 1091 cum
672 1062 767 1091 Patre.
789 1073 802 1088 η

670 147 776 180 JOAN.
801 147 910 180 VECCI
932 150 989 181 GP.
1014 149 1272 182 PATRIARCH/E

129 229 204 260 quor
219 219 247 250 in
263 218 405 249 muudum
417 215 611 256 g0;»Spiritus
619 225 729 246 veroex
739 215 814 246 Filio
826 215 947 260 accipit:
962 221 980 244 Α
992 215 1036 244 τόν
1069 215 1127 243 Υἱόν
1156 223 1162 230 ·

1758 151 1820 183 468

1189 226 1200 243 (ι
1228 215 1347 248 Ἐκεῖνος
1375 217 1563 257 γὰρπφησὶν,
1596 218 1644 256 ἐμὲ
1670 218 1782 254 δοξάζει,
1800 229 1814 245 ι

997 260 1046 289 Καὶ
1067 261 1080 287 6
1109 260 1157 297 μὲν
1180 261 1238 292 Υἱός
1260 273 1352 301 φησιν,
1382 253 1592 295 ἀμμῇἧκουσα
1607 253 1678 300 rupi
1692 253 1742 292 τοῦ
1760 266 1820 291 Πα-

994 304 1067 341 τρός,
1098 307 1179 332 ταῦτα
1207 307 1254 334 παὶ
1292 305 1366 334 λαλῶ
1403 307 1440 338 εἷς
1475 307 1521 335 τόν
1550 307 1662 345 κόσμον,
1680 320 1694 336 »
1730 308 1765 336 Τὸ
1792 306 1820 335 δὲ

997 352 1101 386 Πνεῦμα
1122 348 1152 377 ἐκ
1172 353 1219 377 τοῦ
1247 351 1307 378 Υἱοῦ
1334 350 1464 388 λαμϐάνει
1483 361 1490 369 '
1518 362 1529 379 (ι
1547 351 1595 379 Ἐκ
1609 355 1655 380 τοῦ
1676 352 1741 390 ἐμοῦ
1770 351 1820 391 γὰρ

995 393 1121 431 λήψεται,
1153 395 1229 433 φησὶ,
1259 395 1302 423 καὶ
1337 395 1482 435 ἀναγγελεῖ
1515 397 1596 434 ἡμῖν.
1613 409 1627 424 »
1659 398 1708 426 Καὶ
1736 398 1750 425 ὁ
1771 396 1821 434 μὲκ

1003 438 1059 469 Υἱός
1085 437 1112 465 ἐν
1147 441 1185 475 τῷ
1213 439 1322 476 ὀνόματι
1354 443 1399 468 τοῦ
1430 439 1529 480 Πᾶορός
1551 442 1616 480 ἦγθε
1641 449 1649 457 ⁸
1684 453 1699 468 α
1729 441 1764 470 Τό
1792 440 1820 468 δὲ

996 485 1102 520 Πνεῦμα
1131 483 1160 510 τό
1182 482 1270 522 ἅγιον,
1299 485 1388 522 φησὶν,
1420 484 1433 512 6'
1455 485 1556 523 πέμψει
1586 487 1600 513 ὀ
1627 486 1718 525 Πατὴρ
1733 486 1760 513 ἐν
1781 488 1821 522 τῷ

995 526 1105 564 ὀνόματί
1127 538 1188 565 μου.
1207 539 1221 555 ν
1239 528 1370 562 Τοιαύτην
1385 528 1412 557 δὲ
1439 528 1511 561 τάξιν
1538 530 1581 558 καὶ
1608 532 1683 569 φῦσιν
1709 529 1820 570 ἔχοντος

995 575 1040 600 τοῦ
1075 572 1226 610 Πνεύματος
1261 573 1326 610 πρὸς
1363 573 1408 602 τόν
1448 575 1519 611 Υἱὸν,
1543 574 1604 602 οἵαν
1636 576 1650 602 ὁ
1682 575 1740 607 Υἱὸς
1761 574 1821 614 ἔχει

995 617 1059 655 πρὸς
1084 616 1128 644 τόν
1144 617 1258 657 Πατέρα,
1283 620 1340 649 πῶς
1362 619 1375 646 ὁ
1409 622 1485 646 τοῦτο
1513 619 1610 657 κτίσμα
1625 618 1711 659 λέγων
1736 621 1765 648 o6
1790 620 1822 647 τό

995 661 1057 704 αὐτὸ
1086 662 1129 689 καὶ
1164 663 1222 701 περὶ
1256 665 1301 690 τοῦ
1341 665 1401 691 Υἱοῦ
1431 662 1457 696 ἒξ
1484 663 1602 702 ἀνάγκης
1630 665 1779 704 φρονήσεις
1806 675 1818 691 ι

997 699 1026 733 Ὀ
1053 705 1087 733 τὰ
1120 699 1258 745 θεολολμκὰ
1288 711 1370 736 ταῦτα
1396 707 1463 746 ῥητὰ
1485 699 1618 746 ἐπιμελῶς
1637 699 1822 748 ἶς’περχόμένος

996 750 1168 789 εὐγνωμόνως
1211 751 1298 784 πάντη
1330 753 1484 787 «memmi
1513 759 1571 784 τοῖς
1603 751 1823 792 διαγινώσκουσιν

995 794 1054 822 κατ’
1091 793 1181 823 οὐδένα
1209 794 1296 833 ἕτερον
1330 795 1410 835 λόγον
1439 798 1469 824 τὸ
1503 800 1609 834 Πνεῦμα
1640 796 1822 836 θεολογεῖσθαι

996 837 1113 877 δεύτερον
1135 843 1180 867 τοῦ
1209 841 1278 876 Υἱοῦ,
1306 840 1365 868 ἀλλ’
1395 841 1412 874 ἢ
1449 842 1517 869 κατὰ
1546 841 1625 879 μόνον
1651 842 1740 878 αὐτὸν,
1762 840 1822 869 καθ’

996 882 1026 910 ὅν
1040 884 1084 911 καὶ
1111 884 1124 911 6
1160 884 1218 916 Υἱός
1240 888 1286 913 τοῦ
1304 885 1405 922 Πατρός
1431 886 1486 913 ἐστι
1501 884 1630 925 δεύτερος.
1648 887 1677 914 Εἰ
1712 887 1761 925 γὰρ
1782 887 1823 923 μὴ

997 931 1084 967 τοῦτο,
1114 929 1161 957 οὔκ
1182 927 1212 956 ἂν
1244 930 1257 956 6
1287 930 1363 961 αὐτὸς
1380 929 1462 968 μέγας
1479 929 1613 962 Βασίλειος
1629 929 1656 957 ἐν
1677 934 1715 967 τῷ
1736 930 1822 958 ἑπτα-

997 971 1143 1009 καιδεκάτῳ
1164 975 1216 1009 τῷν
1244 974 1309 1012 πρός
1333 973 1510 1014 Ἀμφιλόχιον
1534 974 1584 1014 ἔφη
1602 983 1609 990 ⁸
1630 984 1645 1003 (
1668 973 1714 1006 Ὠς
1738 975 1823 1002 τοίνυν

996 1016 1055 1056 ἔχει
1078 1018 1091 1044 ὁ
1122 1017 1180 1049 Υἱός
1209 1018 1274 1057 πρός
1303 1019 1348 1046 τόν
1375 1018 1487 1058 Πατέρα,
1519 1018 1588 1047 οὕτω
1619 1020 1662 1047 καὶ
1684 1019 1748 1057 πρός
1778 1019 1825 1046 τόν

998 1062 1057 1089 Υἱόν
1086 1061 1116 1089 τό
1146 1065 1251 1100 Πνεῦμα
1280 1063 1347 1091 κατὰ
1368 1063 1416 1096 την
1437 1063 1464 1090 ἐν
1484 1066 1522 1100 τῷ
1543 1064 1706 1101 βαπτίσματι
1734 1074 1824 1102 παρα-

133 1106 273 1144 δεδομένην
289 1111 333 1136 τοῦ
350 1108 433 1146 Λόγῳ
450 1106 578 1139 σύνταξιν.
598 1107 624 1134 Εἰ
646 1105 673 1133 δὲ
706 1107 735 1133 τὸ
764 1108 868 1143 Πνεῦμα
892 1109 930 1143 τῷ
960 1107 1012 1143 Υἱῷ
1042 1105 1224 1147 συντέτακται,
1248 1108 1261 1135 6
1283 1106 1310 1134 δὲ
1340 1108 1399 1138 Υἱὸς
1421 1111 1459 1144 τῷ
1480 1108 1571 1147 Πατρὶ,
1595 1109 1638 1136 καὶ
1666 1108 1700 1136 τὸ
1719 1110 1826 1145 Πνεῦμα

131 1152 169 1184 τῷ
184 1149 264 1187 Πατρὶ
279 1147 413 1180 δηλονοτι,
434 1162 444 1176 ι

171 1192 197 1221 7.
215 1190 271 1222 Sed
289 1202 305 1221 ο
324 1190 566 1231 improbitatem!
585 1199 602 1220 ο
614 1189 767 1220 victoriam
785 1189 956 1229 pessimam,

133 1245 219 1276 quam
238 1235 372 1276 plerique
388 1235 530 1275 consequi
543 1234 736 1271 contendunt,
754 1234 823 1265 dum
841 1234 877 1265 de
891 1244 957 1265 om-

134 1280 220 1310 nibus
237 1280 383 1317 haesitant,
401 1284 430 1311 et
445 1279 542 1310 omnia
570 1279 600 1309 in
624 1279 748 1309 dubium
772 1283 888 1310 vertere
904 1288 956 1310 co-

132 1325 253 1356 nantur!
269 1324 428 1360 Etenim.si
444 1324 546 1355 eadem
563 1323 689 1361 ratione,
709 1323 958 1364 iuquiungatque

133 1369 225 1400 Filius
239 1379 255 1400 a
270 1371 355 1400 Patre
371 1369 521 1400 secundus
533 1373 578 1399 est
588 1367 716 1408 Spiritus
727 1377 742 1400 a
756 1368 891 1408 Filio,vel
903 1370 959 1399 erit

130 1424 163 1445 ex
181 1414 267 1454 Filio,
281 1414 372 1445 veluti
383 1423 417 1444 ex
431 1413 525 1453 prima
534 1422 622 1444 causa
636 1417 664 1443 et
676 1415 772 1452 primo
787 1413 933 1453 principio
947 1422 954 1444 ;

131 1458 187 1495 vel,
205 1458 229 1488 si
247 1461 300 1489 hoc
317 1468 375 1489 non
392 1463 449 1495 est,
465 1458 555 1488 veluti
573 1467 606 1488 ex
619 1457 737 1487 duobus
752 1458 857 1488 saltem
873 1457 957 1497 ejus—

132 1503 200 1533 dem
215 1503 367 1541 dignitatis
396 1502 563 1543 principiis,
586 1503 674 1533 Patre
688 1507 718 1532 et
733 1502 807 1533 Filio
824 1512 830 1531 :
858 1503 916 1538 vel,
933 1501 958 1532 si

132 1548 187 1578 hoc
199 1557 320 1587 quoque
334 1557 393 1578 non
410 1547 509 1582 fuerit.
526 1546 618 1577 veluti
633 1555 667 1576 ex
684 1546 780 1586 prima
794 1552 820 1578 el
845 1545 956 1586 absque

130 1591 276 1632 principio
288 1601 377 1622 causa
388 1591 522 1631 Patre,ex
540 1591 720 1631 principium
736 1600 804 1621 vero
815 1591 955 1626 habente,

131 1640 160 1667 et
175 1637 309 1667 secunda
324 1636 410 1667 Filio.
428 1636 471 1667 Ad
484 1636 547 1666 haec
563 1635 737 1675 igitur,licet
751 1644 848 1675 pugna
858 1635 912 1665 ista
922 1635 956 1666 ad

133 1690 187 1711 nos
202 1681 326 1711 minime
339 1680 552 1720 pertineat,sed
565 1680 601 1710 ad
620 1679 714 1718 illum,
732 1680 780 1720 qui
798 1680 874 1710 dixit
888 1679 958 1719 Spi-

132 1726 220 1755 ritum
234 1735 250 1755 a
271 1725 345 1755 Filio
371 1725 492 1762 habere,
509 1725 586 1764 quod
605 1724 653 1764 sit,
671 1731 699 1755 et
712 1733 779 1755 esse
794 1724 958 1755 secundum

132 1769 274 1808 dignitate
291 1779 308 1800 a
319 1769 406 1807 Filio,
424 1769 674 1809 quemadmodum
690 1767 783 1799 Filius
795 1773 839 1799 est
849 1778 958 1799 secun-

131 1814 187 1845 dus
203 1814 344 1853 dignitate
360 1824 375 1844 a
408 1816 503 1849 Patre,
531 1813 724 1844 nihilominus
738 1813 777 1843 ita
792 1813 958 1853 responde-

131 1869 211 1891 mus:
223 1860 283 1891 Etsi
297 1860 460 1891 secundum
473 1869 538 1890 esse
545 1859 687 1899 dignitate
703 1869 718 1890 a
729 1859 804 1890 Filio
816 1859 958 1900 Spiritum

132 1910 268 1937 sanctum
279 1906 445 1942 tradiderit,
459 1910 597 1946 tanquam
610 1905 659 1945 qui
671 1906 707 1936 ab
721 1915 754 1936 eo
765 1906 864 1945 habet,
880 1906 958 1946 quod

132 1951 180 1989 sit,
199 1955 228 1982 et
243 1951 389 1982 secundas
418 1951 482 1981 Filii
507 1955 604 1990 partes
617 1951 653 1981 ad
666 1952 785 1982 Patrem
802 1951 837 1981 ad
855 1960 959 1981 corro-

134 1995 300 2026 boraudum
316 1996 489 2036 assumpsit,
503 1996 614 2025 dictum
628 1996 683 2026 hoc
700 1995 818 2035 pietatis
827 2005 891 2026 esse
902 2000 958 2026 tra-

132 2039 277 2070 ditionem
297 2051 302 2071 :
322 2044 350 2070 at
366 2049 424 2070 non
445 2044 600 2080 propterea
615 2040 742 2080 Spiritus
757 2043 806 2070 aut
820 2040 909 2070 veluti
924 2049 959 2070 ex

133 2093 229 2124 prima
252 2088 281 2114 et
297 2083 408 2124 absque
424 2083 571 2123 principio
588 2093 675 2114 causa
691 2084 744 2114 erit
761 2093 795 2114 ex
810 2083 897 2119 Filio,
911 2087 961 2114 aut

133 2128 224 2159 veluti
241 2137 275 2159 ex
288 2128 404 2159 duobus
416 2128 536 2169 mqualis
546 2128 697 2167 dignitatis
708 2128 863 2168 principiis
874 2129 959 2159 Patre

134 2177 164 2203 et
177 2172 266 2210 Filio,
280 2177 329 2204 aut
353 2173 445 2204 veluti
462 2183 497 2204 ex
513 2182 600 2203 causa
618 2173 683 2203 sine
699 2172 845 2213 principio
862 2174 958 2211 Patre,
976 2186 980 2191 -

134 2222 163 2248 et
177 2227 264 2249 causa
281 2227 346 2248 cum
360 2217 505 2258 principio
522 2217 607 2249 Filio.
619 2219 732 2257 Apage.
752 2227 843 2258 apage
858 2217 960 2249 istius-

133 2262 213 2293 modi
224 2263 312 2293 verba
322 2272 387 2303 quae
396 2263 483 2303 plena
494 2262 679 2302 blasphemia
692 2262 961 2302 blasphemiasom-

133 2316 189 2338 nes
206 2312 400 2348 exsuperante
410 2307 596 2338 sordescunt.
609 2306 658 2337 Nae
669 2307 720 2338 ille
736 2307 785 2347 qui
802 2307 863 2337 haec
878 2307 962 2337 indu-

135 2350 216 2382 bium
233 2354 443 2393 incertumque
458 2356 588 2387 revocat,
605 2356 673 2382 ante
684 2351 810 2382 tribunal
823 2351 962 2382 adversus

137 2405 276 2435 magnum
290 2397 433 2427 Basilinm
450 2397 581 2434 sistetur,
600 2397 676 2436 quod
699 2396 748 2427 ille
765 2397 962 2427 comminatus

135 2443 180 2470 est
192 2449 257 2471 sese
269 2441 519 2471 calumniantibus
531 2445 590 2471 tres
603 2441 674 2471 deos
690 2441 863 2472 decernere.
875 2440 963 2471 Nam-

135 2493 193 2525 que
208 2494 274 2515 cum
291 2490 390 2515 essent
406 2495 441 2516 ea
458 2484 609 2525 actate,qui
625 2486 717 2516 multa
727 2494 761 2516 ex
771 2485 958 2525 ejustheolo-

136 2528 209 2568 gicis
223 2528 309 2559 dictis
325 2529 564 2567 criminarentur,
582 2529 622 2560 ita
638 2530 779 2561 verbatim
793 2539 895 2563 eorum
907 2539 959 2561 ca-

136 2572 280 2603 lumniam
293 2578 411 2604 sanctus
422 2574 531 2613 tragice
541 2574 692 2614 deplorat:
707 2575 795 2611 «Quis
806 2574 906 2615 itaque
916 2575 959 2605 fu—

136 2625 187 2647 ror
201 2621 245 2648 est
259 2626 373 2648 eorum.
390 2618 441 2658 qui
455 2623 558 2649 contra
573 2619 725 2650 veritatem
741 2620 869 2659 linguam
888 2628 958 2650 exa-

136 2662 249 2693 cuunt?
261 2661 325 2693 Non
341 2662 512 2703 despondeo
535 2663 678 2701 animum,
696 2665 766 2694 dum
782 2664 957 2704 redarguor,

137 2706 190 2737 sed
205 2705 313 2737 Christi
320 2706 447 2738 tribunal
456 2712 611 2748 exspecto.
620 2707 663 2738 Ibi
672 2718 719 2740 me
729 2709 960 2741 adversisisten-

1039 1185 1073 1226 ζ’.
1105 1189 1191 1228 Ἀλλ’,
1215 1191 1237 1219 ὢ
1258 1194 1308 1225 τῆς
1336 1191 1478 1230 ὲπηρείαςί
1508 1191 1530 1220 ὢ
1552 1194 1601 1225 τῆς
1616 1192 1702 1224 κακῆς
1725 1190 1822 1224 νίκηςί

999 1234 1032 1268 ἢν
1049 1236 1072 1264 οἱ
1100 1235 1193 1263 πολλοὶ
1223 1240 1295 1272 Vina?»
1331 1236 1470 1275 βούλονται
1501 1237 1531 1265 ἔκ
1552 1240 1597 1265 τοῦ
1618 1236 1703 1264 πάντα
1727 1235 1823 1264 διαπο-

1000 1287 1068 1318 ρεῖν.
1092 1281 1121 1308 El
1149 1281 1198 1320 γὰρ
1220 1281 1287 1308 κατὰ
1312 1282 1357 1308 τὸν
1387 1282 1475 1317 αὺτὸν,
1506 1282 1579 1321 φασὶ,
1597 1281 1675 1320 λόγον
1707 1279 1826 1319 δεύτερον

999 1328 1043 1352 τοῦ
1061 1326 1119 1353 Υἱοῦ
1141 1326 1170 1353 τό
1186 1329 1303 1363 Πνεῦμα,
1334 1327 1370 1357 ὡς
1398 1328 1427 1353 ὲκ
1455 1326 1563 1365 πρώτης
1591 1326 1673 1357 αἰτίας
1703 1325 1745 1353 καὶ
1773 1325 1824 1364 ἀρ-

998 1372 1054 1410 χῆς
1076 1374 1122 1398 τοῦ
1151 1372 1209 1398 Υἱοῦ
1227 1380 1233 1387 ·
1251 1370 1269 1404 ἢ
1285 1371 1307 1398 εὶ
1333 1371 1371 1408 μὴ
1394 1374 1481 1407 τοῦτο,
1499 1372 1536 1402 ὡς
1550 1372 1581 1398 εκ
1600 1369 1643 1398 δύο
1658 1370 1724 1402 τέως
1738 1371 1825 1397 ἰσοτί-

999 1426 1056 1452 μων
1072 1415 1176 1456 ἁρχῶν,
1203 1419 1249 1444 τοῦ
1270 1416 1371 1455 Πατρός
1398 1426 1427 1444 τε
1457 1416 1502 1444 καὶ
1523 1419 1569 1444 τοῦ
1592 1417 1652 1444 Υἱοῦ
1669 1422 1676 1430 ⁸
1694 1415 1712 1449 ἢ
1728 1413 1786 1442 ἀλλ’
1802 1419 1825 1446 εἷ

999 1458 1067 1496 μηδὲ
1094 1463 1181 1496 τοῦτο,
1206 1461 1242 1491 ὡς
1274 1459 1300 1492 ἐξ
1316 1460 1433 1500 ἀνάρχου
1470 1459 1518 1498 μὲν
1540 1461 1583 1488 καὶ
1611 1459 1718 1498 πρώτης
1741 1459 1824 1490 αἰτίας

998 1507 1044 1531 τοῦ
1066 1504 1179 1543 Πατρὸς,
1203 1503 1228 1536 ἐξ
1257 1503 1371 1544 ὲνᾶρχου
1392 1504 1419 1532 δὲ
1448 1505 1492 1532 καὶ
1527 1503 1647 1544 δευτέρας
1674 1507 1721 1531 τοῦ
1755 1505 1824 1543 Γὶοῦ,

1000 1548 1067 1582 Πρός
1083 1552 1145 1587 γοῦν
1160 1552 1253 1588 ταῦτα,
1276 1548 1324 1577 κᾶν
1347 1549 1385 1586 μὴ
1412 1549 1476 1588 πρός
1493 1549 1566 1587 ἡμᾶς
1588 1550 1604 1582 ἡ
1636 1549 1728 1588 μάχη,
1758 1547 1825 1587 πρός

998 1593 1048 1631 γὰρ
1069 1593 1114 1620 τόν
1140 1593 1274 1632 εἰρηκότα,
1305 1594 1335 1621 τὸ
1369 1596 1473 1631 Πνεῦμα
1509 1593 1580 1632 παρὰ
1601 1596 1647 1621 τοῦ
1672 1594 1733 1621 Υἱοῦ
1760 1591 1827 1632 ἕχον

998 1637 1028 1665 τό
1053 1637 1137 1677 εἶναι,
1173 1639 1216 1665 καὶ
1245 1636 1362 1677 δεύτερον
1404 1637 1530 1675 ἀξιώματι
1566 1641 1611 1665 τοῦ
1643 1638 1713 1676 Υἶοῦ,
1749 1638 1785 1668 ὡς
1811 1637 1825 1664 ὁ

1001 1682 1060 1713 Υἱός
1092 1681 1147 1709 ἐστι
1162 1680 1279 1719 δεύτερος
1301 1682 1430 1716 ἀξιώματι
1464 1686 1511 1710 τοῦ
1538 1683 1651 1721 Πατρὸς,
1669 1680 1729 1710 ἀλλ’
1743 1682 1825 1719 ἡμεῖς

1000 1725 1068 1754 οὕτω
1089 1726 1174 1765 φαμέν
1191 1734 1198 1741 ·
1224 1728 1252 1755 Εἰ
1286 1728 1330 1755 καὶ
1363 1726 1519 1766 δευτερεύειν
1549 1726 1676 1762 ἀξιώματι
1702 1729 1750 1754 τοῦ
1766 1727 1825 1754 Υίοῦ

1000 1771 1030 1799 τό
1058 1774 1163 1809 Πνεῦμα
1186 1773 1199 1799 ὁ
1224 1771 1300 1811 ἅγιος
1327 1771 1389 1811 ἔφη,
1419 1772 1455 1803 ὼς
1484 1771 1546 1811 παρ’
1583 1772 1661 1799 αὑτοῦ
1695 1771 1725 1799 τό
1753 1771 1824 1799 εἶναι

1001 1815 1076 1856 ἕχον¹
1104 1816 1146 1843 καὶ
1174 1816 1205 1844 τό
1231 1816 1296 1855 πρός
1311 1817 1355 1844 τόν
1384 1816 1488 1856 Πατέρα
1522 1815 1668 1855 δευτερεῖον
1689 1818 1736 1843 τοῦ
1752 1816 1821 1853 Υἱοῦ,

1001 1861 1036 1892 εἷς
1059 1864 1222 1894 κατασκευὴν
1252 1859 1328 1888 ἔλαϐε
1357 1864 1402 1889 τοῦ
1430 1859 1573 1900 παράδοσιν
1594 1859 1724 1891 εὒσεϐείας
1753 1859 1823 1888 εἶναι

1000 1906 1030 1933 τό
1065 1905 1149 1944 ῥῆμα,
1179 1904 1237 1933 ἀλλ’
1267 1905 1296 1933 οὖ
1318 1904 1360 1932 διὰ
1388 1908 1470 1933 ταῦτα
1497 1906 1526 1933 τό
1555 1908 1662 1942 Πνεῦμα
1686 1905 1703 1938 ἢ
1732 1905 1768 1936 ὡς
1799 1903 1823 1936 ἐξ

1001 1949 1117 1988 ἀνάρχου
1146 1948 1219 1977 ἔσται
1255 1950 1298 1977 καὶ
1330 1949 1438 1988 πρώτης
1474 1950 1557 1981 αἰτίας
1584 1953 1629 1977 τοῦ
1661 1950 1732 1985 Υἱοῦ,
1748 1948 1766 1982 ἢ
1788 1949 1822 1979 ὡς

1000 1993 1030 2021 ἐκ
1051 1993 1094 2022 δύο
1128 1993 1253 2030 ἰσοτίμων
1282 1993 1373 2033 ἆρχῶν
1402 1997 1447 2021 τοῦ
1476 1995 1588 2033 Πατρός,
1614 1994 1657 2021 καὶ
1679 1996 1725 2021 τοῦ
1752 1993 1821 2029 Υἱοῦ,

1000 2038 1018 2071 ἣ
1047 2039 1083 2069 ὡς
1113 2037 1142 2065 ἐκ
1170 2038 1287 2077 ἇνάρχου
1309 2039 1357 2075 μὲν
1384 2039 1467 2071 αἰτίας
1495 2042 1542 2066 τοῦ
1562 2038 1673 2076 Πατρός,
1706 2037 1822 2076 ἀνάρχου

1001 2081 1027 2109 ’δὲ
1048 2082 1094 2110 106
1122 2084 1193 2113 Υἰοῦ,
1219 2078 1339 2122 ’Ἄπαγῆ
1369 2082 1538 2122 βλασφημίας
1561 2082 1636 2121 γέμει
1657 2083 1690 2110 τὰ
1704 2081 1820 2120 ῥήματα,

1001 2129 1086 2155 πᾶσαν
1115 2126 1285 2167 βλασφημίαν
1313 2128 1507 2167 ὑπερνικώσης.
1546 2128 1595 2155 Καὶ
1617 2128 1630 2155 ὁ
1652 2131 1734 2155 ταῦτα
1762 2125 1822 2153 δια-

1001 2174 1089 2210 πορῶν
1124 2171 1267 2211 ἔμπροσθεν
1309 2175 1355 2199 τοῦ
1395 2170 1539 2208 μέλλοντος
1568 2170 1740 2210 δικαστηρίου
1786 2173 1824 2206 τῷ

972 2215 1112 2258 1)μεγάλι.ι.›
1147 2215 1274 2252 Βασιλείῳ
1316 2215 1581 2255 ἀντικαταστήσεται,
1617 2215 1681 2255 ὅπερ
1721 2216 1823 2246 ἓκεῖνος

1001 2260 1130 2294 ἠπείλησε
1156 2267 1214 2292 τοῖς
1243 2260 1320 2288 αὖπτόν
1348 2260 1563 2300 συκοφαντοῦσιν,
1593 2261 1630 2292 ὡς
1658 2266 1729 2299 τρεῖς
1751 2259 1823 2290 θεοὺς

1002 2304 1124 2344 λέγοντα,
1154 2300 1218 2333 ιὈίτι
1252 2305 1301 2344 γὰρ
1329 2305 1397 2338 ἦσαν
1427 2305 1454 2332 ἐν
1481 2311 1542 2336 ταῖς
1578 2304 1688 2344 ἡμέραις
1709 2305 1788 2333 αὐτοῦ
1802 2304 1825 2331 οἱ

1002 2350 1044 2378 ἐπὶ
1074 2349 1190 2381 πολλαῖς
1232 2350 1285 2377 τῶν
1326 2348 1469 2388 θεολογιῶν
1494 2351 1572 2378 αὐτοῦ
1599 2349 1632 2377 τα
1655 2347 1718 2385 παρ’
1748 2347 1825 2376 αὐτοῦ

1002 2394 1193 2434 Θεολογούμενα
1234 2392 1432 2431 διαϐάλλοντες,
1479 2393 1561 2425 οὕτως
1602 2393 1644 2422 ἐπὶ
1685 2391 1780 2425 λέξεων
1812 2394 1825 2420 6

1003 2439 1078 2478 ἅγιος
1106 2439 1156 2472 τὴν
1176 2440 1261 2467 αὐτῶν
1290 2436 1415 2471 διαϐολὴν
1444 2437 1619 2477 διατραγῳδεῖ
1637 2446 1644 2453 ·
1671 2438 1715 2469 Τίς
1738 2437 1782 2465 06v
1808 2438 1825 2470 ἡ

1004 2483 1083 2521 μανία
1104 2487 1156 2512 τῶν
1183 2483 1354 2521 ἡκονημένην
1381 2482 1505 2523 γλῶσσαν
1536 2483 1653 2523 ἑχόντων
1683 2482 1750 2510 κατὰ
1777 2484 1825 2515 τῆς

1001 2528 1143 2569 ἀληθείας,
1168 2529 1204 2558 0-3
1232 2530 1392 2568 μικροψυχῶ
1413 2528 1478 2567 πρός
1500 2527 1545 2556 τόν
1560 2528 1685 2567 ἔλεγχον,
1704 2526 1762 2555 ἀλλ’
1779 2525 1825 2554 ἐϐ-

1001 2572 1115 2613 δέχομαι
1143 2573 1173 2601 τό
1201 2577 1247 2602 τοῦ
1276 2576 1387 2612 Χριστοῦ
1413 2571 1592 2611 ἄκαστήριον.
1610 2572 1686 2601 Ἐκεῖ
1715 2572 1825 2599 ἀντικα-

1001 2618 1177 2653 ταστήσονταί
1198 2629 1242 2656 μοι
1265 2618 1287 2646 οἱ
1313 2619 1362 2650 τὴν
1385 2617 1508 2656 ἐπήρειαν
1543 2618 1642 2650 ταύτην
1670 2616 1823 2656 ῥάπτὸντες.

1002 2664 1065 2694 Οἵδε
1095 2665 1187 2703 Κύριος
1216 2665 1276 2696 τοὺς
1306 2663 1382 2696 ὄντας
1410 2666 1488 2694 αὖτοῦ
1504 2673 1511 2682 ⁸
1542 2665 1586 2693 καὶ
1615 2666 1628 2692 6
1657 2665 1825 2703 συκοφαντῶν

1001 2708 1102 2743 πένηια
1132 2709 1267 2748 παροξύνει
1299 2709 1344 2737 τὸν
1365 2709 1515 2744 ποιήσαντα
1537 2709 1627 2740 αὐτόν.
1658 2709 1688 2738 Ei.
1709 2707 1758 2742 τὴν
1773 2709 1825 2735 τῶν

178 2790 207 2817 ιο
220 2791 293 2823 Joan
307 2799 357 2829 xv,
376 2793 424 2824 15.
441 2792 466 2814 ’ί
482 2793 568 2825 Joan.
584 2801 645 2830 xvi,
674 2795 722 2825 Η.
739 2794 768 2820 ’2
784 2796 868 2827 Joan.
884 2801 945 2832 xw,
964 2793 1014 2826 26.
