1936 3078
195 159 249 192 171

740 160 872 192 JOANN.
885 158 995 192 VECCI
1010 155 1066 191 GP.
1082 160 1352 193 PATRIARCHE.

1818 159 1868 196 1'72

197 236 265 257 nem
282 227 428 268 hypostasi
445 225 598 267 Spiritus.»
621 225 872 270 Quemadmodum
886 226 963 256 enim
974 227 1002 257 ib

1096 231 1311 267 Προεπινοεϊσθαι
1334 229 1381 267 μὲν
1410 235 1455 260 τοῦ
1477 232 1537 260 Υἱοῦ
1558 232 1602 260 τὸν
1633 235 1749 270 Πατερα,
1772 235 1811 268 τῷ
1824 233 1868 264 τῆς

197 271 382 311 przeinteiligi
396 271 501 302 dicitur
515 271 602 301 Pater
616 271 690 301 Filio
706 279 803 300 causa
817 269 943 310 ratione,
961 280 1016 301 nec

197 315 257 346 ulla
267 316 324 346 alia
337 315 482 354 assignari
497 319 594 355 potest
608 315 693 351 ratio,
712 324 802 354 quare
816 314 888 344 Filio
905 315 1014 354 praeiu-

197 361 346 400 telligatur
359 360 455 400 Pater,
473 359 529 390 nisi
545 360 622 400 quod
643 359 734 389 Filius
752 368 786 389 ex
801 358 886 390 Putre
901 365 946 389 est
963 370 968 390 :
986 364 1015 390 et

195 405 381 444 pra-intelligi
395 404 487 435 Filius
506 404 617 444 Spiritu
633 404 748 434 ratione
763 412 870 441 causae,
886 413 940 434 nec
953 404 1014 434 ulla

193 449 250 479 alia
266 449 431 488 assignetur
446 449 631 488 ratio,quare
647 447 888 488 prwintelligatur
903 448 1013 488 Spiritu

192 493 296 531 Filius,
327 493 385 524 nisi
399 493 477 533 quod
503 492 629 532 Spiritus
645 501 698 532 per
712 492 817 522 Filium
834 496 888 530 est,
906 493 1014 532 pariter

192 541 221 568 et
237 538 293 568 hoc
308 537 339 569 in
355 538 433 576 loco,
449 537 599 568 secundus
627 540 671 567 est
685 536 776 567 Filius
790 545 807 566 a
822 538 919 575 Patre,
935 537 1012 577 quod

191 591 227 612 ex
250 581 336 613 Patre
360 586 414 619 est,
432 582 580 612 secundus
597 585 641 611 est
662 580 789 620 Spiritus
801 590 817 611 a
833 581 918 621 Filio,
935 581 1013 621 quod

189 636 244 666 per
257 627 364 658 Filium
382 631 435 656 est.
449 626 504 662 Qui
519 626 618 666 itaque
632 635 649 656 a
663 625 740 655 veris
754 625 949 665 genuinisque
960 635 1012 656 vo-

191 669 355 702 luminibus
369 670 480 701 dictum
497 670 642 706 indicans,
659 680 670 698 (ι
684 669 825 710 Spiritum
841 669 941 700 aFilio
957 670 1011 700 ha-

191 713 274 755 bere,
292 715 369 755 quod
394 716 462 752 sit"
491 717 656 751 eraserunt,
674 714 710 752 si,
727 718 759 744 ut
774 718 860 745 antea
874 714 946 745 fassi
958 724 1011 745 su-

187 768 303 795 mus,ex
320 759 456 790 universa
473 760 605 790 oratione
620 758 802 789 delevissent
816 758 926 789 dictum
942 760 1012 790 alte-

186 811 253 834 rum
270 803 601 843 insinuans,oSpiritum
614 803 754 842 dignitate
770 812 834 833 esse
845 803 1009 834 secundum

185 855 203 877 a
217 847 305 885 Filio,
323 861 336 876 ιι
359 848 434 879 forte
462 847 592 888 aliquem
619 857 655 878 ex
676 847 796 887 propria
823 847 1010 887 improbitate

187 890 314 922 fructum
330 892 489 932 cepissent.
507 893 566 922 Sed
583 901 649 922 cum
667 890 797 921 veritatis
812 890 939 930 Spiritus
955 901 1008 922 eo-

1058 272 1139 305 αἰτίας
1173 272 1244 312 λόγῳ
1271 273 1413 313 θεολογῶν,
1450 277 1654 314 προθεωρεῖσθαι
1688 275 1715 303 δὲ
1743 275 1788 304 τόν
1816 276 1869 303 Υἱὸν

1056 317 1123 344 κατὰ
1141 317 1185 344 τὸν
1206 319 1255 350 τῆς
1284 319 1367 349 αἰτίας
1393 317 1472 357 λόγον
1488 322 1536 352 τῆς
1571 323 1618 348 τοὺ
1641 320 1791 358 Πνεύματος
1813 321 1871 348 ὐπο-

1055 361 1183 392 στάσεως,
1219 373 1229 390 ιι
1256 357 1301 393 Ὠς
1331 363 1381 402 γὰρ
1405 362 1462 391 ἕκετ
1492 365 1708 402 προεπινοετσθαι
1736 364 1836 403 λέγεται
1857 366 1870 392 ὁ

1055 406 1145 445 Πατὴρ
1173 410 1219 434 τοῦ
1263 408 1320 436 ι’ἱοῦ
1356 410 1394 443 τῷ
1422 407 1470 440 τῆς
1512 409 1593 439 αἰτίας
1616 407 1698 448 λόγῳ,
1723 409 1766 436 καὶ
1794 407 1869 440 οὐδείς

1054 449 1124 478 ἐστιν
1146 450 1226 482 ἄλλος
1255 452 1268 479 ὁ
1297 454 1342 479 τοῦ
1373 454 1584 490 προεπινοεῒσθαι
1614 454 1658 480 τὸν
1693 453 1797 492 Πατέρα
1828 455 1870 481 τοῦ

1054 494 1114 521 ι’ῐοῦ
1128 493 1206 533 λόγος
1222 494 1240 528 ἢ
1255 496 1294 523 ὅτι
1316 494 1357 524 διὰ
1371 496 1400 524 τό
1430 495 1459 523 ἐκ
1485 497 1586 535 Πατρὸς
1613 498 1657 525 τὸν
1683 498 1742 525 Υἱὸν
1777 498 1867 526 εἶναι’

1053 538 1096 566 καὶ
1131 541 1342 578 προεπινοετσθαι
1377 539 1481 578 λέγεται
1517 544 1563 569 τοῦ
1593 542 1743 579 Πνεύματος
1772 543 1785 570 ὁ
1814 543 1869 575 Υἱὸς

1054 583 1121 610 κατὰ
1146 584 1190 611 τὸν
1214 584 1263 616 τῆς
1289 583 1372 615 αἰτίας
1401 583 1490 623 λόγον,
1514 586 1557 613 καὶ
1589 585 1669 618 οὒδείς
1698 586 1768 614 ἐστιν
1796 585 1870 619 ἄλλος

1054 627 1068 654 ὁ
1097 630 1142 655 τοῦ
1163 629 1374 666 προεπινοετσθαι
1395 628 1440 656 τόν
1465 629 1523 656 Υἱὸν
1544 633 1590 658 τοῦ
1627 631 1778 667 Πνεῦματος
1794 629 1868 670 λόγος

1054 671 1071 704 ἢ
1101 670 1140 699 ὅτι
1169 670 1210 699 διὰ
1230 673 1260 699 τὸ
1293 672 1364 700 εἶναι
1392 673 1422 700 τό
1451 676 1557 710 Πνεῦμα
1578 672 1611 701 δι’
1628 675 1686 702 Υἱοῦ
1703 684 1710 692 ·
1728 674 1797 703 οὕτω
1809 675 1870 703 κὰν-

1053 717 1133 743 ταῠθα
1161 714 1278 755 δεύτερος
1308 717 1356 753 μὲν
1392 716 1438 744 τοῦ
1466 718 1568 756 Πατρὸς
1594 719 1608 745 ὁ
1635 719 1706 755 Υἱὸς,
1729 718 1769 747 ὅτι
1787 719 1816 747 ἐκ
1828 721 1872 748 τοῦ

1053 760 1166 799 Πατρός,
1195 759 1313 798 δεύτερον
1342 759 1369 788 δὲ
1404 763 1451 788 τοῦ
1487 761 1544 789 Γὶοὖ
1573 761 1603 789 τό
1632 765 1749 802 Πνεῦμα,
1773 763 1811 790 ὃτι
1830 761 1870 791 διὰ

1050 815 1095 831 του
1115 805 1185 834 Tim}.
1222 805 1251 832 Οἱ
1272 805 1333 842 γοῦν
1369 807 1421 832 τῶν
1463 803 1569 838 ἀληθῶν
1599 804 1799 846 διαγεγραφότες
1825 808 1868 845 βι-

1050 846 1120 875 ϐλων
1147 847 1196 881 τὴν
1231 847 1360 881 δηλοῦσαν
1388 848 1473 887 ῥῆσιν,
1500 859 1512 875 α
1545 849 1580 877 Τό
1602 853 1707 887 Πνεῦμα
1729 851 1800 889 παρὰ
1825 852 1869 879 τοῦ

1054 893 1114 920 Υἱοῦ
1136 891 1199 931 ἕχον
1226 892 1257 920 τό
1284 893 1367 929 εἶναι,
1385 904 1398 920 ››
1437 893 1458 920 εἷ
1474 892 1533 930 μὲν,
1557 893 1645 930 ὥσπερ
1661 905 1706 932 μοι
1721 896 1764 923 καὶ
1780 896 1868 934 προεί-

183 943 249 966 rum
261 925 385 968 conatu-5
397 937 496 968 irritos
512 935 627 974 fecerit,
644 935 728 966 facile
745 925 842 975 potest
863 935 957 966 refelli
971 935 1004 966 ab

1086 948 1138 973 ται,
1151 925 1214 964 ’.τοῦ
1255 925 1366 969 παντὸς,
1382 936 1462 976 λόγου
1474 925 1479 930 1
1501 925 1639 977 διέγραφον
1661 925 1710 967 ικαὶ
1735 939 1784 972 τὴν
1801 925 1805 934 Ι
1824 939 1870 968 λέ-

184 979 291 1011 harum
303 990 403 1013 rerum
415 981 508 1012 eautis
523 979 773 1010 examinatoribus
791 979 880 1010 fraus.

1049 992 1145 1020 γουσαν
1171 981 1246 1019 ῥῆσιν
1278 991 1290 1008 (ι
1320 981 1481 1020 Δευτερεύειν
1510 980 1642 1020 ἀξιώματι
1681 983 1727 1011 τοῦ
1754 985 1813 1013 Υἱοῦ
1841 985 1871 1013 τό

184 1027 301 1063 Πνεῦμα,
321 1038 332 1055 υ
351 1027 405 1066 τάχ
437 1026 467 1054 ἄν
502 1037 526 1054 τι
549 1027 593 1054 καὶ
619 1028 668 1058 τῆς
697 1026 796 1052 ἑαυτῶν
825 1027 952 1064 πονηρίας
983 1026 1132 1055 ἆπώναντο.
1150 1025 1225 1053 Ἐπεὶ
1252 1024 1278 1052 δὲ
1306 1026 1336 1053 τὸ
1361 1028 1409 1059 τῆς
1444 1024 1566 1059 ἀληθείας
1590 1027 1696 1065 Πνεῦμα
1724 1028 1773 1062 τὴν
1788 1029 1869 1058 αὐτῶν

183 1068 295 1098 διάνοιαν
309 1070 447 1111 ἕσφαλλεν,
464 1070 614 1109 εὐέλεγκτον
640 1070 774 1108 πρόκειται
790 1075 847 1100 τοϊς
860 1068 1036 1102 ἑξετιστικοῖς
1053 1071 1083 1098 τὸ
1099 1070 1263 1109 σκαιώρηνα.

226 1114 253 1145 9.
270 1113 358 1150 Quod
373 1119 403 1145 et
416 1115 447 1145 in
469 1114 536 1145 aliis
567 1114 677 1154 scripto
693 1112 807 1143 traditis
826 1113 913 1143 dictis
927 1115 1004 1153 passi

185 1163 263 1197 sunt,
281 1159 387 1199 quibus
415 1169 494 1191 curae
517 1160 580 1198 fuit,
611 1159 767 1189 dissidium
791 1158 931 1189 Ecclesia
947 1169 1005 1190 non

185 1203 250 1234 sine
265 1203 449 1241 discrimine,
466 1214 508 1235 vze
537 1203 654 1234 miseris
679 1203 748 1240 illis,
767 1205 894 1243 propriae
906 1204 1006 1235 salutis

183 1248 312 1287 pessime
327 1248 528 1288 constabilire,
545 1248 581 1278 de
606 1247 712 1288 quibus
741 1247 771 1277 in
787 1247 924 1287 prasenti
939 1257 1004 1278 ser-

183 1300 302 1322 monem
328 1292 437 1323 habere
461 1302 520 1323 non
548 1292 777 1332 inopportunum
807 1291 905 1322 fuerit.
934 1291 1005 1323 Cum

184 1335 262 1366 enim
280 1337 357 1367 ferre
371 1337 401 1367 in
418 1337 556 1368 omnibus
586 1336 878 1377 praesentiorationis
894 1341 975 1376 parte
990 1346 1006 1367 a

184 1380 271 1411 nobis
294 1381 530 1421 comprehensis,
561 1381 634 1412 i'lud
662 1381 690 1411 in
713 1381 811 1411 animo
837 1380 936 1421 fuerit,
952 1381 1004 1412 de—

185 1430 360 1459 monstrare,
376 1426 535 1462 volumina,
551 1435 616 1466 quae
626 1425 735 1456 dictum
747 1425 832 1462 illud,
848 1424 1005 1465 «Spiritum

182 1468 283 1500 aFilio
299 1470 502 1511 habere,quod
519 1470 586 1510 sit,»
604 1469 786 1500 continentia
802 1469 926 1500 minime
941 1479 1005 1500 esse

1086 1117 1120 1145 θ.
1143 1109 1219 1154 Ὀπερ
1244 1115 1288 1143 οὖν
1309 1115 1352 1143 καὶ
1382 1115 1423 1143 ἐπὶ
1450 1115 1543 1149 ἄλλαις
1572 1115 1688 1149 πολλαῖς
1725 1125 1867 1158 γραφικατς

1047 1158 1142 1187 ἔπαθον
1166 1159 1283 1198 ῥήσεσιν,
1314 1160 1358 1191 οἷς
1388 1159 1485 1197 μέλλον
1514 1160 1546 1194 ἦν
1574 1160 1605 1188 τό
1627 1163 1675 1194 τῆς
1713 1161 1870 1195 Ἐκκλησίας

1047 1204 1150 1243 σχίσμα
1185 1203 1227 1231 ἐπὶ
1254 1203 1375 1242 κινδύνῳ,
1413 1204 1500 1242 οἴμοι,
1531 1205 1579 1239 τῆς
1616 1205 1714 1233 ἑαυτῶν
1742 1208 1870 1244 σωτηρίας

1046 1248 1159 1278 κάκιστα
1187 1255 1353 1288 συγκροτεῖν,
1380 1249 1437 1288 περὶ
1459 1250 1495 1276 ὧν
1522 1250 1565 1277 καὶ
1591 1250 1675 1278 εἰπεῖν
1703 1251 1796 1290 ἀρτίως
1825 1252 1872 1279 οὐκ

1047 1290 1165 1331 ἄκαιρον.
1183 1291 1256 1321 Ἐπεὶ
1278 1293 1327 1331 γὰρ
1356 1293 1382 1320 ἐν
1412 1296 1475 1321 πᾶσι
1512 1292 1608 1332 σχεδόν
1635 1300 1693 1325 τοῖς
1723 1294 1748 1323 ἐν
1764 1298 1802 1331 τῷ
1816 1307 1870 1323 πα-

1047 1336 1118 1375 ρόντι
1145 1337 1218 1376 μέρει
1254 1338 1300 1365 τοῦ
1322 1336 1402 1376 λόγου
1427 1337 1488 1377 παρ’
1514 1338 1592 1375 ἡμῶν
1621 1337 1872 1377 προδιτιλημμένοις

1047 1380 1154 1419 γέγονεν
1180 1381 1248 1419 ἡμῖν
1272 1382 1289 1415 ἡ
1318 1380 1417 1415 σπουδὴ
1447 1380 1583 1415 ἀποδεῖξαι
1621 1383 1651 1410 οὐ
1677 1383 1724 1414 τὰς
1759 1384 1872 1423 ἐχούσας

1046 1424 1151 1462 βιϐλους
1176 1426 1223 1459 τὴν
1250 1425 1378 1465 λέγουσαν
1394 1427 1480 1463 ῥῆσιν,
1501 1437 1512 1454 ε
1537 1427 1567 1454 τὸ
1598 1428 1703 1463 Πνεῦμα
1730 1429 1800 1467 παρὰ
1828 1433 1874 1458 τοῦ

1051 1470 1110 1497 Υίοῦ
1130 1469 1195 1508 ἔχον
1219 1470 1249 1497 τὸ
1277 1470 1360 1507 εἶναι,
1380 1482 1394 1498 ιι
1411 1472 1586 1507 νενοθεῦσθαι,
1615 1470 1683 1499 ἀλλὰ
1697 1471 1798 1509 μᾶλλον
1824 1473 1872 1504 τὰς

183 1514 348 1553 immutata,
367 1515 418 1545 sed
432 1515 528 1555 potius
543 1514 615 1545 illud
630 1523 688 1544 non
705 1513 889 1544 continentia
902 1524 909 1551 ;
922 1523 1004 1553 pars—

1086 1513 1214 1553 ,éxodcac
1234 1523 1239 1529 ·
1271 1514 1313 1542 καὶ
1342 1513 1421 1553 μέρος
1449 1516 1517 1552 ἡμῖν
1538 1516 1588 1548 τῆς
1609 1514 1764 1548 ἀποδείξεως
1786 1516 1817 1550 ἦν
1839 1518 1871 1545 τὸ

184 1567 241 1598 que
251 1563 358 1590 nostra
373 1558 635 1589 demonstrationis
654 1559 840 1594 consisteret,
857 1558 936 1597 quod
951 1568 1004 1588 co—

182 1602 324 1641 gitatione
340 1602 513 1633 discursuve
541 1602 697 1642 dijudicari
721 1606 832 1642 posset,
857 1602 1006 1633 volumina

183 1646 293 1677 dictum
310 1657 369 1677 non
385 1646 823 1684 continentia,immutationem
832 1651 860 1677 et
871 1647 1004 1677 fraudem

182 1690 321 1728 subiisse,
335 1691 449 1722 dissidii
460 1695 594 1731 tempore
603 1691 637 1721 ad
647 1696 789 1722 centenos
803 1695 832 1721 et
842 1690 907 1731 plus
915 1691 1004 1722 etiam

184 1742 289 1773 annos,
304 1744 414 1775 eosque
426 1735 558 1774 integros
575 1735 819 1776 propagato,dum
834 1735 1004 1766 multicom-

182 1779 488 1819 parent.contentiose
501 1779 659 1810 admodum
671 1779 773 1818 logicis
788 1779 1005 1810 dissertationi—

182 1823 238 1854 bus
252 1824 391 1855 adversus
402 1824 551 1855 Romanos
566 1824 765 1859 decertantes,
784 1833 800 1854 a
813 1823 920 1864 quibus
931 1825 1005 1855 veri-

181 1868 277 1899 simile
294 1869 462 1907 est,dictum
476 1869 548 1899 illud
565 1879 581 1899 ο
597 1869 695 1908 magni
709 1868 810 1899 Basilii
821 1868 905 1899 libris
913 1868 1003 1899 abro-

182 1917 280 1952 gatum
297 1913 397 1951 fuisse,
416 1923 472 1953 quo
488 1913 582 1944 valide
592 1914 726 1952 redargui
736 1913 1004 1953 deprehendebant

180 1968 242 1997 eos,
268 1960 319 2000 qui
351 1959 549 1990 Ecclesiarum
580 1959 735 1990 dissidium
772 1968 944 1998 propagare,
975 1963 1003 1989 et

182 2008 294 2034 tantum
311 2014 370 2035 non
396 2003 586 2035 constabilire
616 2008 770 2039 conantur,
789 2003 948 2043 plurimum
965 2003 1001 2034 ad

180 2048 442 2079 demonstrandum
461 2048 619 2085 couducet,
635 2048 785 2078 nonnullis
797 2048 912 2078 dissidii
929 2053 1000 2078 tem-

182 2102 251 2134 pore
265 2094 445 2134 propositam
458 2102 558 2124 curam
570 2092 754 2129 fuisse,dicta
768 2092 878 2132 scripto
898 2093 1002 2123 tradita

181 2143 367 2179 praevertere,
380 2139 445 2170 siea
459 2137 821 2179 ipsaquaacorruptionem
834 2136 999 2175 subierunt,

181 2183 257 2214 dicta
272 2184 302 2214 in
319 2184 449 2215 medium
466 2183 634 2218 atl‘eramus,
653 2187 682 2213 et
693 2181 890 2221 corruptionis
901 2186 1003 2221 patens

180 2227 294 2260 facinus
311 2238 523 2269 propouamus.
541 2228 574 2258 Et
592 2232 658 2258 ante
674 2227 773 2257 omnia
789 2235 854 2256 cum
869 2226 898 2255 in
917 2227 1002 2256 rebus

178 2273 352 2313 theologicis
368 2273 582 2314 pertractandis
599 2272 841 2313 praeclarissimus
856 2270 1004 2311 Nyssenus

181 2319 217 2349 ad
234 2318 390 2349 Ablabium
417 2318 551 2350 oratione
567 2320 631 2349 haec
654 2316 808 2356 scripisset
824 2326 830 2345 :
861 2326 874 2345 ι
888 2315 1003 2346 Natura:

179 2362 209 2392 in
226 2363 364 2393 omnibus
378 2363 475 2394 simile
486 2363 670 2399 conﬁtentes,
685 2361 1002 2400 dilfereutiam,quaaex

181 2416 268 2437 causa
296 2410 383 2447 atque
414 2408 520 2438 effectu
545 2407 650 2444 oritur,
677 2416 735 2436 non
751 2405 928 2442 inﬁciamur,
946 2415 1002 2445 quo

181 2451 244 2481 solo
271 2451 402 2482 discerni
439 2452 564 2483 alterum
608 2452 644 2482 ab
683 2451 774 2482 altero
806 2450 1002 2489 concipimus,

181 2495 259 2535 quod
276 2495 354 2526 hunc
382 2496 501 2536 quidem
528 2506 645 2527 causam
662 2496 817 2527 credamus
832 2504 909 2530 esse,
925 2495 1003 2524 hunc

181 2549 251 2571 vero
266 2549 300 2570 ex
317 2550 406 2571 causa
423 2552 429 2571 :
459 2545 489 2571 et
516 2550 549 2571 ex
576 2551 622 2577 eo,
642 2541 691 2580 qui
708 2550 741 2570 ex
758 2549 846 2570 causa
861 2543 915 2576 est,
933 2548 1001 2569 rur-

182 2594 231 2616 sus
254 2585 333 2616 aliud
361 2585 521 2616 discrimen
550 2585 743 2624 intelligimus
770 2595 776 2615 :
800 2585 847 2615 hic
863 2584 941 2614 enim
960 2588 1003 2614 est

180 2632 350 2663 immediate
377 2642 411 2662 ex
439 2632 544 2671 primo,
577 2632 624 2663 hic
652 2641 721 2662 vero
753 2641 787 2662 ex
817 2640 864 2667 eo,
894 2630 944 2670 qui
961 2634 1003 2660 est

180 2677 350 2707 immediate
366 2687 399 2707 ex
414 2677 509 2716 primo
525 2688 530 2706 :
548 2678 622 2708 adeo
651 2680 723 2708 utet
739 2675 922 2715 unigenitum
939 2675 1004 2705 sine

184 2722 242 2753 ulla
258 2721 440 2753 haesitatione
468 2721 498 2752 in
523 2721 597 2752 Filio
624 2726 751 2759 maneat,
768 2726 796 2751 et
810 2720 953 2760 Spiritum
969 2728 1003 2749 ex

185 2768 270 2798 Patre
278 2776 343 2798 esse
354 2776 370 2797 a
377 2766 495 2797 nemine
505 2765 818 2803 controvertatur,Fi|ii
827 2763 1003 2794 mediatione

185 2811 363 2852 Iibimetipsi
380 2811 562 2851 unigenitum
580 2815 782 2849 conservanle,
794 2814 822 2840 et
837 2808 1003 2849 Spirituma

1046 1556 1167 1596 λογισμῷ
1193 1556 1313 1587 δύνασθαι
1349 1559 1444 1598 κρίνειν
1478 1559 1524 1590 τὰς
1550 1562 1589 1597 μὴ
1619 1560 1733 1599 ἐχούσας
1764 1560 1870 1599 βιϐλους

1046 1601 1094 1634 τὴν
1118 1602 1192 1641 ῥῆσιν
1208 1602 1238 1630 τό
1267 1601 1391 1635 κίϐδηλον
1421 1604 1464 1631 καὶ
1493 1605 1674 1641 νενοθευμένον
1698 1607 1792 1634 παθεῖν
1828 1605 1870 1634 διὸ

1046 1646 1076 1674 τό
1097 1646 1142 1674 τόν
1170 1649 1219 1680 τῆς
1236 1646 1396 1678 διαστάσεως
1414 1649 1510 1687 χρόνον
1539 1650 1574 1680 εἱς
1604 1649 1777 1682 ἑκατοντάδας
1805 1649 1870 1683 ὅλας

1046 1689 1226 1724 ἐξαπλωθῆναι
1241 1691 1318 1729 ἐτῶν,
1347 1692 1391 1720 καὶ
1413 1692 1461 1720 οὒκ
1489 1691 1592 1732 ὀλίγους
1620 1693 1743 1726 διαμέσον
1764 1694 1870 1734 ἀναφα-

1047 1737 1122 1768 νῆναι
1145 1735 1302 1776 ἐνστατικῶς
1330 1737 1397 1764 πάνυ
1425 1736 1489 1776 πρός
1521 1736 1630 1776 λογικὰς
1659 1737 1871 1776 ἆποὸυσαμένους

1046 1779 1113 1806 κατὰ
1133 1781 1185 1807 τῶν
1210 1775 1345 1818 Ῥωμαίων
1367 1779 1493 1813 διαλέξεις
1510 1790 1519 1800 ⁸
1548 1775 1573 1814 ἐξ
1598 1783 1635 1810 ὧν
1658 1783 1726 1814 εἰκὸς
1795 1783 1873 1822 ῥῆσιν

1046 1824 1148 1858 ἐκείνην
1185 1828 1236 1853 τῶν
1266 1830 1312 1855 τοῦ
1348 1826 1464 1866 μεγάλου
1486 1827 1623 1855 Βασιλείου
1645 1827 1743 1866 βιόλων
1765 1827 1874 1868 διαγρα-

1046 1871 1138 1909 φῆναι,
1162 1869 1187 1902 ἔξ
1220 1871 1252 1904 ἧς
1268 1871 1314 1899 οὒκ
1329 1870 1439 1905 ἀσθενὴς
1463 1873 1477 1899 ὁ
1499 1871 1612 1912 Quae:
1627 1872 1795 1912 ἀναφαίνεται
1818 1875 1873 1902 τῶν

1044 1914 1092 1946 τὴν
1114 1913 1252 1944 διάστασιν
1281 1919 1333 1943 τῶν
1351 1915 1518 1950 Ἐκκλησιῶν
1535 1916 1758 1955 ὲπισπευδόντων,
1782 1917 1874 1957 ὥσπερ

1043 1959 1086 1986 καὶ
1110 1959 1379 1998 ἐπισυγκροτούντων,
1425 1961 1470 1989 οὐκ
1511 1960 1586 2000 ὸλίγα
1627 1961 1776 1999 συμϐάλλον
1804 1963 1872 2003 πρός

1043 2002 1173 2036 ἀπόδειξιν
1210 2004 1282 2032 ἔσται
1304 2009 1348 2032 τοὺ
1363 2005 1552 2045 ἀναδειχθῆναί
1566 2018 1639 2039 τινας
1675 2011 1712 2044 τῷ
1738 2008 1786 2040 τῆς
1816 2007 1875 2036 δια-

1042 2048 1158 2080 στάσεως
1191 2048 1280 2088 χρόνῳ
1308 2049 1423 2084 σπουδὴν
1465 2050 1598 2088 θεμένους,
1636 2052 1735 2080 οἰκείαν
1765 2052 1814 2086 τὴν
1844 2051 1874 2080 ἕν

1042 2103 1094 2119 τισι
1129 2094 1297 2132 παραφθορὰν
1325 2095 1370 2122 τὸν
1399 2098 1535 2134 γραφικῶν
1572 2095 1707 2136 χρήσεων,
1743 2096 1789 2124 ἒάν
1819 2097 1874 2125 αὖ-

1045 2138 1089 2170 τὰς
1124 2138 1223 2170 ἐκείνας
1264 2139 1312 2170 τὰς
1340 2140 1388 2172 τὴν
1427 2141 1595 2180 παραφθορὰν
1617 2142 1749 2173 παθοῦσσς
1778 2153 1877 2181 γραφι-

1044 2183 1092 2213 vi:
1134 2183 1222 2220 ῥήσεις
1260 2182 1302 2210 ἐπὶ
1337 2187 1383 2211 τοῦ
1415 2185 1497 2221 μέσου
1526 2185 1798 2225 παρυφαπλώσαιμεν,
1828 2187 1876 2215 καὶ

1015 2222 1089 2254 1)τον
1111 2226 1235 2256 δοκοῦντα
1266 2227 1331 2265 ἡμῖν
1367 2227 1480 2268 ἔλεγχον
1509 2222 1570 2262 τῆς⁷
1585 2222 1751 2269 παραφθορᾶς
1786 2241 1876 2269 παρα-

1044 2272 1201 2306 στήσαιμεν.
1241 2272 1337 2300 Αὐτίκα
1375 2277 1420 2301 τοῦ
1455 2273 1679 2312 Θεολογικωτάτου
1707 2275 1813 2307 Νύσσης
1844 2274 1874 2303 ἐν

1043 2319 1081 2352 τῷ
1096 2316 1160 2355 πρός
1183 2315 1323 2345 Ἀϐλάϐιον
1349 2316 1421 2356 λόγῳ
1451 2317 1646 2357 Θεολογοῦντος,
1687 2332 1698 2348 ι
1730 2319 1766 2347 Τὸ
1796 2318 1877 2346 ἀπα-

1044 2359 1191 2399 ράλλακτον
1215 2364 1264 2393 τῆς
1297 2362 1398 2401 φύσεως
1433 2362 1634 2402 ὁμολογοῦντες,
1665 2364 1714 2397 τὴν
1743 2364 1811 2392 κατὰ
1841 2364 1876 2392 τὸ

1046 2404 1132 2434 αἴτιον
1158 2406 1201 2433 καὶ
1237 2407 1352 2435 αἰτιατόν
1382 2406 1507 2447 διαφορὰν
1544 2410 1590 2437 οὒκ
1617 2409 1772 2448 ἀρνούμεθα,
1803 2409 1832 2436 ἐν
1854 2410 1880 2446 ᾧ

1046 2451 1119 2488 μόνῷ
1144 2449 1317 2489 διακρίνεσθαι
1353 2452 1384 2480 τὸ
1417 2452 1505 2492 ἕτερον
1532 2456 1577 2481 τοῦ
1610 2453 1698 2493 ἐτέρου
1730 2453 1882 2491 καταλαμ-

1045 2494 1170 2533 ϐάνομεν,
1201 2498 1240 2532 τῷ
1266 2497 1296 2523 τὸ
1325 2496 1373 2534 μὲν
1395 2496 1480 2525 αἴτιον
1495 2497 1625 2526 πιστεύειν
1648 2505 1728 2536 εἶναι,
1742 2499 1773 2526 τὸ
1788 2496 1816 2525 δὲ
1850 2497 1886 2527 ἐκ

1045 2543 1090 2567 τοῦ
1112 2540 1204 2576 αἰτίου,
1227 2541 1270 2568 καὶ
1291 2544 1337 2569 τοῦ
1365 2540 1390 2573 ἐξ
1406 2541 1488 2573 αἰτίας
1510 2541 1585 2573 ὄντος
1618 2541 1703 2576 ἄλλην
1724 2541 1803 2570 πάλιν
1820 2540 1883 2571 δια-

1045 2585 1125 2623 φορὰν
1141 2584 1279 2622 ἐννοοῦμεν
1303 2593 1309 2599 ·
1327 2585 1420 2623 τὸμὲν
1443 2586 1492 2625 γὰρ
1521 2589 1662 2626 προσεχῶς
1687 2588 1718 2616 ἒκ
1739 2590 1784 2616 τοῦ
1801 2587 1881 2626 πρώ-

1045 2640 1102 2669 του,
1125 2629 1154 2656 τὸ
1183 2628 1209 2656 δὲ
1231 2628 1272 2658 διὰ
1300 2633 1345 2657 τοῦ
1373 2630 1513 2670 προσεχῶς
1537 2632 1583 2659 του
1597 2631 1701 2671 πρώτου
1717 2642 1725 2650 ·
1743 2632 1812 2660 ὥστε
1828 2634 1880 2661 καὶ

1044 2674 1075 2700 τὸ
1101 2673 1241 2712 μονογενὲς
1274 2673 1451 2713 ἆναμφίϐολον
1479 2675 1522 2703 ἐπὶ
1543 2678 1588 2703 τοῦ
1620 2676 1680 2705 Υἱοῦ
1703 2677 1802 2715 μένειν,
1827 2678 1879 2705 καὶ

1045 2719 1075 2745 τὸ
1096 2717 1125 2745 ὲκ
1139 2722 1185 2747 τοῦ
1207 2719 1308 2757 Πατρὺς
1331 2718 1401 2747 εἶναι
1429 2720 1460 2747 τὸ
1487 2722 1591 2758 Πνεῦμα
1619 2721 1658 2758 μὴ
1680 2719 1876 2761 ἀμφιϐάλλειν,

1046 2764 1094 2797 τῆς
1123 2764 1166 2790 τοζ
1201 2764 1260 2791 ι’ἱοῦ
1302 2765 1444 2801 μεσιτείας,
1480 2766 1524 2794 καὶ
1552 2764 1637 2803 ἐαυτῷ
1671 2767 1702 2794 τὸ
1731 2765 1880 2804 μονογενὲς

1047 2807 1240 2847 gula-tradam,
1263 2808 1306 2835 καὶ
1341 2809 1371 2835 τὸ
1396 2810 1499 2846 Πνεῦμα
1535 2812 1583 2842 τῆς
1607 2811 1719 2849 φυσικῆς
1745 2809 1809 2850 πρός
1827 2810 1879 2839 τόν
