1936 3078
83 160 136 193 173

623 163 673 194 DE
694 162 946 194 PROCESSIONE
968 163 998 194 S.
1019 163 1204 197 SPIRITUS.

1705 173 1764 205 174

80 226 181 265 Πατέρα
195 226 315 267 σχέσεως
338 228 376 266 μὴ
399 229 587 268 ἂπειργούσης,
614 241 625 257 ι
658 230 704 258 οῦκ
729 229 815 269 ὸλίγαι
857 230 891 267 βί-

975 229 1071 259 iturali
1100 239 1168 270 erga
1194 231 1309 263 Patrem
1335 233 1507 266 habitudine
1522 245 1582 267 non
1596 241 1729 275 arcente,
1745 251 1758 267 ι

75 269 130 298 ϐλοι
153 272 308 312 εὑρέθησαν,
346 272 371 305 ἐξ

73 319 118 343 τοῦ
133 319 277 357 προσεχῶς
294 318 324 346 ὲκ
339 322 384 346 τοῦ
397 319 512 358 πρώτου.

408 277 442 301 Θν
465 273 637 314 διεγεγραπτο
657 275 687 302 τὸ
718 286 732 302 ι
755 276 785 303 τὸ
807 273 834 302 δὲ
856 273 897 302 διὰ

111 398 140 435 ι’.
173 406 222 434 Καὶ
248 406 287 437 τίς
303 406 334 434 ἂν
362 409 391 437 οὐ
420 406 536 447 διαγνοίη
563 409 655 436 Θεόθεν
684 408 807 448 ἐσφάλθαι
833 409 894 440 τοὺς

71 447 299 488 διαγραψαμένους
321 452 351 480 τὸ
380 454 428 486 τῆς
457 456 604 492 περικοπῆς
626 447 726 487 ταύτης
749 452 891 493 τεμάχιον,

72 492 121 526 τὴν
143 493 211 527 ὅλην
238 496 386 535 περικοπὴν
422 497 600 536 ἆσυνάρτητον
631 498 723 536 ἑαυτῇ,
766 492 896 529 καὶητοῖς

73 536 169 570 ἑαυτῆς
198 539 354 579 ἀσύμφωνον
377 540 481 580 μέρεσιν
512 542 628 570 ἐντεῦθεν
658 545 816 581 κατανοῶν;
849 541 897 571 Καὶ

70 581 148 609 τοῦτο
169 581 202 616 δὴ
228 585 274 611 τοῦ
300 583 412 624 ἐλέγχου
437 586 466 613 τὸ
495 585 636 624 πρόδηλον,
667 587 715 620 τὴν
729 586 865 626 διαφορὰν,
882 587 896 614 ὁ

70 624 146 664 ἅγιος
167 631 214 656 τοῦ
235 626 261 660 ἐξ
290 628 373 660 αἰτίας
395 629 469 662 ὄντος
497 630 533 662 εἷς
560 629 603 658 δύο
624 634 704 658 ταῦτα
731 629 838 667 διεῖλεν,
856 630 896 658 ὅτι

69 669 99 697 τό
142 671 191 708 μὲν
231 675 374 713 προσεχῶς
404 673 434 702 ἐκ
462 677 506 702 τοῦ
533 675 647 714 πρώτου,
686 674 712 702 ἐν
747 675 795 702 τίνι
810 674 896 703 λοινὸν

68 713 156 757 ἀφῆκε
189 716 239 749 τὴν
275 716 400 757 διαφορὰν
427 718 594 757 Θεωρεῖσθαι,
636 720 683 748 Καὶ
722 718 779 747 οὐδὲ
808 719 896 747 ἐκεῖνο

68 756 183 786 συνιδεῖν
199 758 291 799 ἔσχεν,
308 756 344 793 ὥς
360 763 373 789 ὁ
397 756 485 801 λέγων
510 763 540 790 τὸ
568 763 616 801 μὲν
644 767 784 803 προσεχῶς
798 764 829 791 εκ
849 767 895 791 τοῦ

67 802 175 840 πρώτου
205 805 273 834 κατὰ
303 809 388 834 πᾶσαν
411 806 562 835 ἂπαιτεῖται
588 807 708 846 ἀνάγκην
731 809 828 846 εἰπεῖν,
864 809 894 836 τὸ

940 283 1001 322 non
1016 284 1108 314 pauca
1122 277 1271 309 volumina
1286 284 1403 319 reperta
1419 285 1539 317 sunt,ex
1554 282 1661 322 quibus
1676 283 1762 321 illud,

942 330 952 345 ε
1038 329 1106 350 vero
1123 330 1157 351 ex
1183 331 1230 362 eo,
1253 323 1302 363 qul
1319 327 1364 354 est
1379 323 1552 356 immediate
1563 319 1601 356 ex
1616 327 1724 367 primo,
1746 319 1760 357 ὲ

937 362 1085 395 sublatum
1102 370 1175 396 erat.

978 409 1026 454 l0.
1037 408 1073 439 Et
1084 409 1150 449 quis
1161 419 1218 440 non
1229 410 1424 450 discerneret,
1442 422 1460 443 a
1476 414 1604 454 Deo,qui
1619 417 1763 454 segmenti

940 451 1064 491 hnjusce
1089 454 1262 493 particulam
1287 455 1480 494 sustulerunt,
1507 457 1539 487 in
1555 451 1688 489 errorem
1703 459 1761 490 ab-

940 496 1044 542 ductos
1061 497 1162 536 fuisse,
1181 503 1364 537 segmentum
1381 501 1550 532 universum
1566 501 1623 532 sibi
1634 502 1689 542 ipsi
1701 513 1762 535 non

939 539 1134 578 cohaerens,et
1145 542 1206 572 suis
1218 542 1349 581 partibus
1359 544 1481 574 minime
1495 539 1678 576 concordans
1689 547 1760 578 inde

938 583 1128 629 percipiens?
1142 585 1178 617 Et
1193 596 1230 617 en
1252 587 1525 618 manifestissimum
1540 589 1759 629 redargutionis

939 633 1036 667 caput.
1048 628 1130 660 Illius
1146 631 1195 669 qui
1206 639 1241 661 ex
1256 640 1344 661 causa
1359 635 1414 671 est,
1446 628 1643 664 diﬂ'erentiani
1660 635 1691 665 in
1706 635 1763 666 ista

938 671 994 702 duo
1006 677 1125 704 sanctus
1141 674 1240 705 diiisit
1259 685 1265 704 :
1283 675 1407 705 alterum
1419 685 1528 716 nempe
1538 677 1710 709 immediate
1724 688 1760 710 ex

937 716 1042 755 primo,
1060 717 1091 747 in
1107 727 1165 757 quo
1182 727 1251 749 vero
1277 723 1306 750 et
1332 719 1493 750 discrimen
1510 721 1760 754 considerandum

936 760 1067 800 reliquit.
1098 761 1200 803 Neque
1230 763 1303 794 illud
1321 764 1577 804 comprehendere
1589 766 1693 805 potuit,
1711 767 1760 797 di-

937 809 1065 841 centem,
1084 806 1132 837 hic
1149 807 1228 838 enim
1245 807 1415 838 immediate
1427 817 1461 838 ex
1479 809 1759 848 primo,necessario

67 844 201 893 ssi-repeti
230 860 254 877 τι
281 850 335 878 ἐστι
361 852 431 891 παρὰ
445 852 476 880 τὸ
494 844 651 891 προσεχῶςξ
669 855 729 884 Πῶς
745 853 793 892 γὰρ
809 844 891 885 ὂίλλως

975 849 1001 887 gi
1027 850 1100 880 illud
1129 852 1216 881 etiam
1237 851 1334 889 fateri,
1353 844 1632 893 alterum-quidsit,
1649 854 1758 885 distin-

67 891 110 918 καὶ
140 891 272 939 συνδεθείη
301 896 315 922 ὁ
344 895 433 934 λόγος,
457 896 475 930 ἢ
500 897 557 928 πῶς
573 897 603 924 ἂν
618 898 635 931 ἧ
659 895 768 936 διαφορὰ
788 898 891 936 Θεωρη-

975 903 1016 923 im
1031 895 1069 924 ab
1084 903 1131 936 eo,
1148 896 1224 936 quod
1241 895 1414 927 immediate
1427 901 1482 927 est.
1501 891 1564 932 Quo
1580 899 1659 928 enim
1675 903 1759 939 pacto

66 936 123 968 θείη
153 939 208 964 τῶν
229 936 414 978 διαφερόντων,
440 941 479 978 μὴ
515 942 560 969 τοῦ
584 941 632 978 μὲν
658 940 751 979 οὕτως,
784 946 830 970 τοῦ
865 940 892 968 δὲ

66 979 174 1014 ἐκείνως
202 981 333 1023 ἔχοντοςς
363 985 412 1013 Καὶ
433 986 451 1019 ἡ
472 990 518 1015 τοῦ
544 987 603 1014 Υἱοῦ
625 984 652 1013 δὲ
672 986 800 1023 μεσιτεία,
817 986 839 1013 εἰ
853 985 892 1023 μή

64 1023 98 1052 δι’
120 1026 203 1054 αὐτοῦ
224 1027 270 1061 εἴη
284 1028 315 1056 τό
336 1032 453 1067 Πνεῦμα,
482 1033 539 1062 πῶς
561 1029 592 1057 ἂν
620 1030 700 1068 ἑαυτῇ
728 1030 847 1069 φυλάξειε
861 1031 892 1058 τὸ

64 1071 219 1110 μονογενὲς,
242 1074 330 1101 καὶτὸ
360 1078 466 1112 Πνεῦμα
493 1078 542 1109 τῆς
558 1076 622 1114 πρὸς
650 1077 696 1103 τὸν
721 1075 824 1114 Πατέρα
839 1086 890 1115 φυ-

63 1115 140 1149 σίκῆς
172 1118 218 1145 οὐκ
253 1118 381 1158 ἀπείρξειε
412 1120 551 1159 σχέσεως
577 1116 665 1160 Ὁρᾷς,
704 1122 718 1148 ὃ
752 1119 834 1148 θέλων
863 1121 890 1148 ἓν

64 1160 185 1194 εῦθύτητι
208 1161 366 1191 διασκοπεῖν
390 1165 423 1192 τὰ
448 1166 505 1204 περὶ
529 1166 566 1193 ὧν
585 1167 599 1193 ὁ
623 1165 702 1204 λόγος
721 1164 890 1204 ἡπῖν,“ὅπως

63 1205 126 1233 αὖτό
150 1206 180 1233 td
196 1209 245 1240 τῆς
258 1207 381 1241 ἀληθείας
397 1209 510 1249 ἔσφαλλε
538 1213 644 1248 Πνεῦμα
671 1210 730 1242 τοὺς
757 1210 806 1243 τὴν
835 1221 890 1238 πα-

64 1251 197 1290 ραφθορὰν
225 1253 439 1292 μηχανωμένους
468 1258 521 1282 τῶν
549 1257 683 1294 γραφικῶν
723 1254 825 1293 ῥήσεων
848 1254 890 1282 ἐπὶ

63 1296 241 1335 συγκροτήσει
261 1301 308 1326 τοῦ
323 1297 542 1332 ἐκκλησιαστικοῡ
564 1300 712 1339 σχίσματος
730 1310 738 1336 ;

103 1441 130 1458 ια
138 1425 154 1461 ’.
181 1430 230 1459 Καὶ
250 1430 282 1464 δὴ
305 1431 397 1460 σκόπει
426 1432 547 1469 κάκεῖνο,
571 1433 634 1471 ὅπερ
656 1432 683 1460 ’a'v
697 1443 747 1460 τινι
761 1432 814 1460 τῶν
829 1431 888 1460 κατ’

61 1475 194 1512 Εὖνομίου
249 1475 435 1515 ἀντιρῥητικῶν
483 1477 631 1517 κεφαλαίων
679 1480 724 1505 τοῦ
772 1476 889 1515 μεγάλου

934 937 1020 968 aliter
1035 939 1128 970 oratio
1149 940 1356 980 colligabitur?
1373 941 1417 972 vel
1437 942 1586 981 quomodo
1597 937 1759 974 discrimen

933 982 1012 1012 inter
1027 992 1059 1014 se
1076 984 1275 1015 differentium
1293 985 1482 1024 intelligetur,
1501 986 1558 1016 nisi
1574 986 1622 1017 hic
1637 987 1758 1027 quidem

934 1027 1094 1072 hoc,ralius
1118 1029 1169 1060 illo
1199 1031 1287 1060 modo
1316 1039 1349 1060 se
1364 1029 1494 1061 habeat?
1509 1030 1544 1061 Et
1558 1030 1626 1062 Filii
1640 1041 1758 1072 quoque

934 1071 1085 1116 mediatio,
1103 1073 1127 1103 si
1152 1083 1205 1113 per
1220 1083 1287 1105 eum
1305 1073 1434 1114 Spiritus
1460 1083 1520 1104 non
1537 1079 1591 1112 est,
1609 1071 1757 1116 quomodo

932 1115 988 1145 sibi
1006 1117 1189 1156 unigenitum
1206 1119 1439 1156 conservabit,et
1447 1118 1592 1158 Spiritum
1604 1115 1757 1151 ainaturali

932 1159 966 1189 ad
985 1159 1100 1191 Patrem
1114 1162 1288 1193 habitudine
1297 1171 1356 1194 nou
1369 1162 1501 1194 arcebit?
1513 1163 1759 1204 Vides,quirecta

933 1208 1032 1235 mente
1049 1206 1164 1243 hac,de
1181 1206 1289 1246 quibus
1304 1207 1389 1237 uehis
1404 1216 1502 1238 sermo
1513 1208 1755 1249 est,consideras,

931 1248 1073 1293 aVSpiritu
1090 1251 1221 1281 veritatis
1248 1251 1279 1282 in
1305 1260 1440 1282 errorem
1466 1251 1610 1283 abductos
1626 1262 1688 1293 eos,
1706 1248 1756 1293 qui

931 1292 1076 1324 diciorum
1089 1295 1198 1335 scripto
1213 1295 1391 1326 traditorum
1406 1296 1627 1336 corruptionem
1644 1292 1756 1328 machi-

931 1341 1049 1376 nautur,
1066 1339 1101 1369 ad
1125 1339 1393 1370 constabiliendum
1422 1340 1656 1371 ecclesiasticum
1673 1340 1754 1371 schi—

930 1382 1015 1412 sma‘!

973 1427 1020 1456 il.
1037 1427 1113 1457 Illud
1129 1427 1199 1458 item
1216 1427 1377 1468 perpende,
1392 1428 1472 1468 quod
1485 1428 1516 1458 in
1531 1437 1590 1459 uno
1606 1437 1641 1459 ex
1654 1428 1754 1460 Antir-

929 1470 1052 1501 rheticis
1064 1471 1204 1502 adversus
1215 1471 1395 1503 Eunomium
1406 1472 1552 1512 capitibus
1564 1473 1662 1512 magni
1673 1474 1753 1504 Basi-

58 1518 170 1558 εὕρηται
192 1519 338 1557 Βασιλείου,
363 1521 390 1548 ἐν
412 1522 434 1558 ᾦ
450 1523 463 1549 ὁ
484 1514 532 1559 μὲν
554 1520 627 1560 ἅγιος
642 1521 712 1561 παρὰ
738 1522 791 1549 τὼν
812 1514 888 1548 ἆντι-

975 1516 1130 1556 reperitur,
1149 1516 1179 1546 in
1195 1526 1253 1556 quo
1269 1526 1335 1547 cum
1352 1521 1471 1546 sanctus
1487 1516 1636 1561 objectum
1647 1517 1704 1547 sibi
1714 1517 1751 1548 ab

56 1561 195 1602 λεγόντων
223 1564 294 1601 αὗτῷ
328 1558 509 1604 διαπαρηθεὶς,
535 1576 547 1594 α
578 1558 626 1594 uti
657 1558 685 1594 τί
710 1566 748 1603 μὴ
782 1565 887 1604 λέγεται

975 1559 1107 1590 versoriis
1120 1561 1248 1599 dilueus,
1263 1561 1378 1596 «Quare
1390 1570 1449 1591 non
1460 1561 1569 1591 dicitur
1584 1566 1614 1591 et
1625 1559 1752 1601 Spiritus

54 1608 98 1635 καὶ
120 1609 153 1636 τὸ
185 1611 291 1647 Πνεῦμα
317 1610 376 1641 Υἰδς
397 1611 442 1638 τοῦ
464 1611 548 1647 Υἰοῦ;
580 1620 590 1635 I
610 1610 735 1648 ἀπεκρίθη
758 1609 797 1638 ὅτι
822 1620 833 1635 ι
851 1610 886 1639 Οὔ

54 1650 96 1680 διὰ
109 1653 141 1680 τὸ
161 1653 200 1690 μὴ
223 1653 293 1682 εἶναι
308 1653 339 1681 ἐκ
354 1658 419 1684 Θεοῦ
440 1653 474 1682 δι’
503 1655 575 1694 Υἰοῦ,
597 1654 664 1682 ἀλλὰ
693 1654 738 1682 ἵνα
761 1655 778 1688 ἡ
808 1654 885 1693 Τριὰς

54 1698 94 1733 μὴ
110 1699 228 1736 νομισθῄ
256 1697 356 1732 πλῆθκ,
391 1698 511 1736 ἄπειρον,
532 1700 602 1730 ι’ἷοῦς
628 1698 654 1732 ἐξ
672 1701 748 1736 Υίῶν⁷
777 1699 813 1731 ὡς
843 1699 885 1726 καὶ

54 1741 81 1769 ἒν
119 1741 272 1781 ἀνθρώποις
295 1741 367 1782 ἔχειν
398 1743 601 1773 ὑποπτευθεῖσα.
627 1755 640 1771 ι
666 1738 697 1771 Ἠ
726 1742 753 1770 δὲ
782 1743 884 1771 ἀντίθε-

55 1797 100 1817 ⁴τος
124 1792 211 1825 μοῖρα
232 1789 285 1814 τῶν
314 1785 346 1814 δι’
381 1789 441 1815 Υἱοῦ
457 1787 588 1826 λεγόντων
602 1788 673 1816 εἶναι
686 1788 716 1815 τὸ
733 1791 838 1824 Πνεῦμα
859 1785 885 1814 ἓν

56 1841 108 1858 τισι
124 1830 230 1870 βιϐλοις
246 1832 287 1868 τὸ,
307 1832 360 1860 «οὖ
375 1830 416 1860 διὰ
430 1831 461 1859 τό
473 1833 511 1869 μὴ
534 1833 604 1861 εἶναι
620 1832 649 1861 ἐκ
664 1833 728 1861 Θεοῦ
742 1831 773 1859 δι’
794 1832 881 1868 1106,.

55 1875 93 1911 μὴ
123 1875 331 1915 διαγράψαντες,
362 1875 491 1915 ἔγραψαν.
521 1877 550 1905 Τί
580 1877 629 1916 γὰρ
657 1875 806 1913 αυμϐάλλον
835 1875 884 1903 αῦ-

53 1927 111 1952 τοῖς
143 1921 179 1953 ἧν
210 1921 246 1952 εἷς
281 1921 446 1954 κατασκευὴν
473 1920 629 1953 ἀποδειξεως
667 1921 739 1960 τάχα
770 1922 816 1948 τοῦ
845 1920 883 1957 μὴ

53 1966 124 1993 εἶναι
155 1965 187 1993 τό
214 1968 321 2002 Πνεῦμα
342 1964 383 1993 διὰ
397 1966 443 1994 τοῦ
475 1968 544 2003 fio-3,
569 1966 613 1995 ἐάν
627 1967 641 1994 ὁ
656 1965 730 2005 ἅγιος
745 1965 880 2004 διαπορού-

52 2020 145 2047 μενος,
166 2009 242 2037 Atat—.1
263 2010 302 2047 μὴ
324 2010 367 2038 καὶ
388 2010 418 2038 τό
447 2010 553 2048 Πνεῦμα
585 2011 641 2042 Υἱός
655 2011 701 2038 τοῦ
723 2012 807 2050 Υἱοῦ;
831 2009 881 2050 ἔφη

52 2055 91 2082 ὁτι
108 2057 146 2084 Οὔ
168 2053 212 2082 διά
233 2053 263 2082 τό
279 2054 350 2082 εἶναι
372 2054 402 2082 ἐκ
415 2058 481 2083 Θεοῦ
496 2053 528 2082 δι’
549 2055 618 2091 Υἰοῦ,
636 2053 695 2082 ἀλλ’
711 2054 756 2082 ἴνα
770 2055 787 2087 ἡ
803 2055 881 2092 Τριὰς

52 2099 90 2135 μὴ
129 2100 245 2137 νομισθῇ
266 2098 367 2132 πλῆθος
389 2098 506 2139 ἄπειρον.
542 2110 552 2127 η
578 2102 694 2136 Στῆσον,
722 2097 878 2138 παρακαλῶ,

52 2143 123 2176 ὅστις
147 2143 180 2172 ἂν
209 2143 282 2181 εἴης,
305 2145 319 2171 ὁ
345 2144 410 2182 πρὸς
439 2144 488 2177 τὴν
516 2143 655 2182 διάγνωσιν
676 2146 728 2171 τῶν
743 2143 879 2182 παρόν-ων

51 2187 134 2221 διδοὺς
170 2189 276 2225 ἒαυτὺν,
314 2187 414 2227 ἀρῥεπῆ
449 2190 499 2221 τῆς
539 2187 700 2227 διεγνώσεως
736 2188 768 2216 τὰ
802 2187 877 2226 ζυγὰ,

927 1601 1021 1633 Filius
1035 1603 1129 1634 Filii?
1158 1606 1312 1645 respondit
1339 1614 1346 1636 :
1382 1617 1392 1633 ι
1411 1606 1477 1636 Non
1493 1605 1572 1645 quod
1589 1615 1648 1636 non
1663 1605 1701 1636 sit
1715 1614 1752 1638 ex

927 1647 988 1677 Deo
1005 1657 1058 1688 per
1072 1649 1190 1687 Filium,
1209 1650 1260 1680 sed
1287 1659 1324 1680 ue
1338 1649 1468 1680 Trinitas
1492 1649 1647 1680 multitudo
1661 1650 1753 1681 innu-

929 1700 1010 1723 mera
1025 1697 1224 1734 reputaretur,
1242 1694 1325 1724 Filiis
1337 1703 1371 1724 ex
1386 1693 1481 1734 Filiis,
1499 1694 1750 1734 quemadmodum

928 1739 956 1766 et
972 1736 1002 1766 in
1019 1737 1189 1769 hominibus
1205 1749 1259 1769 usu
1273 1738 1545 1778 venit,cogilatione
1556 1739 1752 1779 comprehen-

926 1780 978 1811 sis.
996 1793 1009 1808 ιθ
1042 1781 1149 1813 Verum
1182 1793 1250 1823 pars
1279 1783 1337 1815 illis
1358 1783 1491 1820 adversa,
1508 1782 1559 1823 qui
1574 1791 1628 1823 per
1641 1782 1749 1813 Filium

926 1830 1062 1856 asserunt
1089 1836 1155 1857 esse
1184 1827 1337 1867 Spiritum,
1367 1827 1398 1857 in
1413 1826 1565 1858 nonnullis
1581 1826 1748 1866 codicibus,

929 1871 1011 1901 «Non
1024 1871 1102 1911 quod
1113 1881 1170 1902 non
1183 1873 1220 1902 sit
1231 1882 1265 1902 ex
1276 1872 1337 1902 Deo
1351 1881 1403 1911 per
1412 1871 1551 1909 Filium,»
1565 1871 1748 1909 amittentes,

925 1914 1039 1955 reliqua
1051 1916 1283 1956 descripserunt.
1300 1917 1359 1948 Sed
1371 1915 1442 1956 quid
1455 1916 1571 1946 tandem
1584 1915 1657 1956 ipsis
1672 1925 1748 1946 con-

925 1958 1034 1990 ducere
1051 1965 1150 1998 posset
1168 1962 1204 1990 ad
1229 1960 1504 1997 demonstrandum,
1529 1959 1672 2000 Spiritum
1687 1969 1748 1991 non

924 2012 989 2034 esse
999 2013 1051 2043 per
1062 2004 1208 2042 Filium,si
1220 2010 1338 2035 sanctus
1347 2004 1471 2034 dubium
1488 2004 1616 2044 solvens,
1631 2015 1642 2033 u
1656 2013 1748 2044 quare

923 2057 981 2077 non
994 2053 1023 2078 et
1033 2049 1160 2088 Spiritus
1182 2049 1271 2080 Filius
1291 2048 1359 2080 Filii
1376 2048 1530 2079 dicitur?»
1550 2049 1633 2085 dixit,
1651 2059 1665 2079 α
1681 2050 1747 2080 Non

922 2093 1000 2132 quod
1026 2102 1084 2123 non
1101 2093 1138 2123 sit
1154 2103 1188 2124 ex
1209 2096 1268 2126 Deo
1285 2103 1340 2132 per
1360 2093 1480 2131 Filium,
1499 2093 1550 2124 sed
1565 2102 1603 2123 ne
1618 2092 1746 2125 Trinitas

922 2137 1079 2167 multitudo
1107 2138 1262 2168 innumera
1289 2142 1487 2178 reputaretnr.
1507 2149 1518 2167 ι
1547 2138 1740 2177 Suspendito,

921 2191 1035 2221 precor,
1047 2182 1216 2222 quicunque
1229 2193 1272 2221 es,
1288 2183 1338 2223 qui
1353 2183 1388 2213 ad
1404 2191 1502 2212 rerum
1519 2182 1621 2212 harum
1638 2184 1740 2220 cogni-

51 2235 92 2260 καὶ
128 2233 254 2271 διάγνωθι
287 2224 364 2260 ποίαν
399 2232 458 2272 ἔχει
486 2233 536 2266 τὴν
570 2224 722 2260 ἀκολουθίαν
743 2232 807 2271 πρὸς
830 2224 891 2264 τὴνι

975 2236 1030 2256 tem
1039 2226 1171 2256 animum
1185 2227 1421 2267 advertis,juslas
1436 2226 1611 2272 cognitionis
1626 2226 1739 2272 lances,

50 2278 180 2316 ἓρώτησιν
207 2277 225 2311 ἡ
256 2276 405 2316 ἀπόκρισις.
438 2278 468 2306 E1
506 2277 544 2315 μὴ
572 2278 606 2310 ἦν
642 2276 878 2316 δεδογματισμένον

49 2322 89 2350 διὰ
119 2325 169 2350 τοῦ
199 2322 270 2359 T105,
299 2322 343 2349 καὶ
368 2321 396 2349 ἐκ
429 2325 475 2350 τοῦ
507 2324 568 2350 Υἶοῦ
602 2321 672 2350 εἶναι
699 2323 729 2349 τὸ
758 2324 874 2359 Πνευμα,

48 2370 103 2398 πῶς
140 2366 173 2395 ἂν
204 2367 218 2394 δ
243 2365 380 2405 ἀπορήσας
415 2366 549 2406 ἠπόρησε,
582 2378 595 2394 «
628 2367 702 2394 Διατί
728 2366 766 2404 μὴ
788 2366 876 2393 καὶτὸ

47 2414 154 2450 Πνεῦμα
186 2411 246 2442 Υἱὸς
274 2414 320 2438 τοῦ
342 2410 427 2451 Υἱοῦ;
453 2423 464 2438 ι
498 2412 528 2439 Αἰ
552 2413 600 2445 τῆς
639 2411 747 2450 ἀπορίας
777 2412 875 2444 nam:

47 2458 163 2497 ἀφορμαὶ
192 2457 270 2485 ποθεν
297 2455 435 2494 γεγόνασιν
464 2455 585 2492 ἄλλοθεν,
618 2455 657 2484 ὅτι
693 2456 731 2493 μὴ
759 2454 787 2483 ἐκ
829 2459 874 2483 τοῦ

50 2502 239 2541 ὁμολογεῖσθαι
268 2499 309 2528 διὰ
333 2505 380 2529 τοὺ
399 2502 461 2529 Υἱοῦ
476 2501 547 2529 εἶναι
562 2502 592 2529 τὸ
608 2504 712 2538 Πνεῦμα
727 2502 757 2528 τὸ
773 2499 846 2539 ἅγιον
863 2509 871 2539 ;

49 2548 76 2575 Εἰ
97 2548 148 2587 γὰρ
172 2546 210 2584 μὴ
238 2544 280 2573 διὰ
307 2548 354 2573 τοῦ
384 2546 443 2573 Υἱοῦ
478 2545 511 2579 ἦν
531 2544 732 2585 διαπορούμενος
749 2545 763 2572 ὁ
785 2544 871 2584 ἅγιος,

49 2603 62 2619 α
87 2591 164 2619 Διατί
191 2590 230 2628 μὴ
251 2589 295 2617 καὶ
319 2590 349 2617 τὺ
364 2592 471 2627 Πνεῦμα
490 2590 549 2622 Υἱὸς
561 2593 606 2617 τοῦ
622 2591 682 2618 Υἱοῦ
698 2599 707 2629 ;
730 2600 745 2616 ι
763 2588 874 2626 ἑτοίμως

47 2636 77 2665 ἂν
104 2637 149 2665 καὶ
179 2634 251 2673 μάλα
291 2635 393 2674 γοργῶς
437 2635 488 2668 τὴν
519 2635 627 2673 ἀπορίαν
663 2633 874 2673 ἀποκραύσασθαι

46 2682 128 2721 εἶχεν,
161 2679 410 2719 ἆπρλογησάμενος,
441 2678 484 2707 διὰ
513 2680 544 2707 τὸ
573 2679 621 2717 μὲν
635 2679 705 2707 εἶναι
720 2676 753 2705 δι’
770 2678 841 2718 Υἱοῦ,
856 2678 873 2711 ἣ

43 2725 68 2758 ἐξ
83 2720 167 2756 γΥἷοῦ,
193 2720 222 2753 Ὀ
250 2723 277 2751 δὲ
304 2723 334 2751 τὸ
364 2724 412 2760 μὲν
434 2723 467 2751 δι’
502 2725 561 2753 ι’ἱοῦ
580 2723 695 2752 εἶναιτὸ
723 2725 828 2759 Πνεῦμα
844 2722 873 2750 ὲκ

43 2773 90 2804 τῆς
121 2769 252 2809 λεγούσης
280 2767 342 2796 αὐτὸ
366 2771 472 2806 Πνεῦμα
491 2769 552 2798 Υἱοῦ
580 2767 762 2800 ἆποστολικῆς
783 2769 872 2806 φωνῆς

42 2815 181 2856 σαῳηνίζιι
209 2814 383 2851 συνίστασθαι,
415 2814 482 2853 πρὸς
525 2811 552 2840 δὲ
586 2823 635 2851 τῃν
680 2813 737 2844 Υἱὸς
780 2811 871 2851 φωνὴν

919 2270 1140 2311 discernitoque
1155 2271 1303 2311 quomodo
1331 2271 1500 2310 adazquatur
1513 2270 1740 2309 interrogationi

918 2315 1085 2355 responsio.
1101 2315 1163 2345 Nisi
1188 2316 1341 2346 decretum
1357 2319 1447 2355 esset,
1464 2317 1494 2344 et
1515 2315 1602 2354 plane
1617 2314 1648 2344 in
1663 2323 1738 2345 cou-

916 2359 1014 2398 lessis,
1033 2369 1086 2400 per
1112 2361 1218 2392 Filium
1245 2365 1275 2391 et
1289 2370 1324 2390 ex
1339 2360 1415 2390 Filio
1432 2368 1498 2389 esse
1513 2358 1665 2399 Spiritum,
1683 2368 1741 2399 qua

915 2406 1032 2435 ratione
1049 2405 1279 2445 duliitaSset,qui
1292 2404 1414 2445 dubium
1431 2403 1531 2441 movit,
1551 2403 1664 2439 (Quare
1680 2413 1740 2434 non

917 2453 945 2479 et
959 2449 1085 2489 Spiritus
1115 2450 1178 2491 Filii
1208 2444 1323 2480 Filius?
1340 2461 1352 2478 »
1381 2444 1600 2480 Dubitatiouem
1617 2448 1741 2488 hujusce

916 2503 1010 2524 causae
1023 2495 1160 2526 undenan
1178 2495 1236 2525 alio
1248 2499 1356 2526 exortae
1373 2497 1452 2532 sunt,
1466 2501 1552 2533 quam
1564 2502 1599 2524 ex
1609 2502 1644 2523 eo
1659 2493 1739 2533 quod

916 2538 1114 2570 indubitatum
1141 2544 1214 2577 erat,
1240 2549 1292 2579 per
1306 2539 1412 2570 Filium
1429 2547 1496 2568 esse
1509 2537 1651 2578 Spiritum
1667 2547 1739 2568 san-

917 2588 995 2613 ctum
1005 2584 1019 2613 ‘2
1033 2586 1166 2624 Namque
1177 2585 1202 2615 si
1218 2593 1252 2615 ex
1267 2583 1341 2615 Filio
1368 2592 1427 2614 non
1446 2585 1519 2620 erat,
1540 2583 1740 2622 interrogatus

916 2633 1046 2670 Sanctus,
1075 2642 1088 2657 (ι
1106 2630 1202 2665 Quare
1232 2639 1290 2660 non
1316 2633 1344 2659 et
1369 2628 1496 2668 Spiritus
1508 2626 1575 2658 Filii
1590 2627 1706 2658 Filius?
1722 2639 1736 2655 ιι

915 2679 1052 2714 prompte
1070 2675 1202 2714 quidem,
1216 2678 1247 2705 et
1260 2673 1419 2705 admodum
1434 2673 1543 2703 acriter
1553 2671 1675 2702 dubium
1692 2681 1740 2702 re-

911 2718 1271 2760 jecissi-t,respondendo,
1289 2718 1367 2759 quod
1384 2727 1443 2749 non
1456 2720 1534 2747 esset
1549 2726 1602 2757 per
1615 2716 1736 2754 Filium,

914 2767 964 2794 aut
978 2773 1012 2794 ex
1027 2763 1113 2796 Filio.
1145 2763 1203 2795 Sed
1228 2764 1280 2794 ille
1308 2763 1453 2805 Spiritum
1468 2761 1588 2802 quidem
1604 2769 1671 2792 esse
1686 2769 1739 2802 per

911 2807 1029 2846 Filium,
1049 2809 1217 2841 afﬁrmante
1232 2808 1317 2840 illum
1337 2808 1480 2849 Spiritum
1496 2805 1563 2836 Eilii
1577 2805 1739 2846 apostolica
