1953 3074
216 206 272 239 175

747 201 853 233 ΙΟΑΝ.
875 199 987 232 VECGI
1005 199 1060 229 GP.
1083 196 1340 230 PATBIARCHE

1834 187 1890 222 176

214 284 296 313 voce,
315 272 503 314 apertissime
526 267 712 314 comprobat,
744 267 796 298 sed
810 267 847 297 de
861 275 931 297 voce
946 257 1042 296 Filius

1128 265 1310 314 γωνιζόμειῖόξ,
1338 265 1382 292 καὶ
1395 263 1475 303 λόγον
1493 261 1588 303 διδοὺς,
1617 261 1684 290 διατι
1718 260 1756 298 μὴ
1780 259 1838 290 Υἱὸς
1853 258 1899 310 τὀῦ

215 309 383 354 decretalis,
399 321 428 348 et
441 315 589 346 rationem
603 312 748 348 reddens,
763 320 854 352 quare
870 319 929 341 non
945 309 1037 340 Filius

214 363 292 401 Filii,
308 362 356 403 qui
373 353 426 402 per
436 360 544 391 Filium
556 362 611 403 est,
635 356 761 396 Spiritus
777 365 835 386 non
851 354 961 403 dicitur
972 353 984 384 γ
995 354 1037 384 sic

213 398 393 448 respondit}
422 403 555 448 Dicimus
584 402 694 441 itaque,
723 408 856 431 asserere
879 398 985 429 Filium
1002 407 1037 428 ex

213 443 299 489 Filio,
311 449 486 481 Trinitatem
497 446 614 478 deitatis
625 444 822 476 multitudinis
834 443 1034 489 suspicionem

213 497 351 536 ingerere
366 492 549 530 hominibus,
559 490 689 536 qui-haec
696 489 836 536 audiunt.
853 488 885 536 in
901 490 1035 536 promptu

214 531 293 572 enim
309 543 372 571 erat
398 537 567 576 concipere,
596 534 621 565 si
635 533 740 572 [Filius
754 542 789 563 ex
806 532 880 564 Filio
894 531 1034 567 nascitur,

215 590 244 616 et
259 594 294 616 ex
308 584 365 616 hoc
380 575 572 614 rursusialius
585 581 753 618 generatur,
771 577 900 616 itemque
914 575 998 614 alius,
1008 579 1038 605 et

215 629 258 660 sic
274 629 429 668 deinceps,
453 625 581 656 ﬁliorum
594 631 747 668 numerus
764 621 968 660 adaugeretur.
981 618 1038 649 Sed

217 667 451 713 unumquodque
466 670 497 700 in
512 667 622 699 Triade
637 676 727 697 unum
744 670 855 696 tantum
875 672 1039 704 agnoscen-

216 718 287 749 dum
304 709 366 748 est:
386 709 512 754 namque
527 721 603 743 unus
619 712 715 747 Pater,
741 719 819 741 unus
835 709 938 746 Filius,
965 715 1041 738 unus

216 761 345 802 Spiritus
371 751 501 790 sanctus.
523 757 560 788 Et
573 757 636 787 haec
648 755 767 802 quidem
782 754 812 784 in
827 753 917 784 rebus
933 751 1042 802 divinis

220 797 346 838 erimius
360 803 497 840 Basilius,
515 810 581 842 quae
608 800 682 831 satis
705 807 862 839 superque,
880 801 911 828 ut
924 797 1040 837 opinor,

215 852 277 891 jam
305 850 391 881 dicta:
419 847 573 879 sententiae
601 845 822 891 corruptionem
852 842 1043 880 redarguunt

261 895 311 927 12.
325 894 417 926 Nobis
432 900 519 933 porro
536 894 565 921 et
587 888 711 920 alterius
727 895 844 933 quoque
858 886 929 933 dicti
943 885 1045 933 scripti

1082 301 1141 338 Υῖοῦ
1161 301 1191 337 τῦ
1205 301 1246 338 διὰ
1267 313 1313 338 τοῦ
1337 311 1397 337 Υἱοῦ
1418 301 1537 348 ὑπάρχον
1553 301 1658 346 λέγεται
1694 308 1799 342 Πνεῦμα
1816 313 1825 340 ;
1851 301 1899 330 οῦ-

1077 364 1129 385 τως
1145 352 1194 392 ἔφη
1213 363 1221 372 ⁸
1253 354 1370 391 Λέγομεν
1397 353 1441 380 οὖν
1469 351 1509 380 ὅτι
1531 352 1561 379 τὸ
1587 351 1672 379 εἰπεῖν
1702 350 1761 377 Υἱὸν
1791 347 1817 380 ἒξ
1840 347 1901 374 Υἱοῦ

1077 397 1125 431 τὴν
1148 397 1242 436 Τριάδα
1269 398 1318 432 τῆς
1333 398 1458 430 θεότητος
1481 397 1517 428 εἰς
1539 395 1657 436 πλήθους
1679 393 1794 431 ὒποψίαν
1821 400 1902 430 προσ-

1078 444 1143 480 ῆγεν
1169 434 1322 481 -ὰνθρώποις
1351 441 1503 472 ἀκούσασιν,
1540 434 1672 476 "Etet.ro
1698 439 1748 477 γὰρ
1774 437 1806 471 ἦν
1831 436 1901 463 ὓπο-

1077 479 1170 514 λαϐεΐν
1200 479 1235 519 ὡς
1264 486 1341 526 εἴπερ
1370 487 1430 517 Υἱὸς
1460 485 1490 514 ἐκ
1519 485 1579 512 Υἱοῦ
1605 493 1772 523 γεγεννηται,
1801 481 1857 526 καὶΔ
1873 479 1903 506 ἐκ

1077 531 1170 560 τούτου
1190 531 1269 560 πάλιν
1290 523 1377 570 ἕτερος
1399 529 1430 558 ἂν
1454 529 1500 562 εἴη
1522 527 1723 567 γεγεννημένος,
1752 526 1796 554 καὶ
1822 523 1903 552 πάλιν

1079 574 1158 608 ἄλλος
1173 576 1217 603 καὶ
1248 575 1291 603 ἐπὶ
1319 569 1419 608 πλῆθος
1442 573 1513 609 ἑξῆς.
1544 572 1619 600 Ἀλλ’
1649 571 1758 600 ἕκαστον
1786 569 1828 597 ἐπὶ
1853 569 1902 602 τῆς

1080 618 1187 658 Τριάδος
1210 619 1237 647 ἕν
1265 619 1483 658 ἐπιγινώσκεσθαι
1503 616 1545 645 δεῖ
1560 639 1566 646 .
1591 618 1632 648 εἷς
1654 616 1703 656 γὰρ
1731 614 1832 652 Πατὴρ,
1859 612 1903 642 εἷς

1082 657 1152 700 Υἱὸς,
1183 662 1209 690 ἕν
1238 666 1345 701 Πνεῦμα
1380 661 1467 702 ἅγιον.
1485 662 1535 690 Καὶ
1555 663 1638 689 ταῦτα
1666 660 1714 698 μὲν
1735 660 1749 687 ὁ
1776 657 1856 688 πολὺς
1872 657 1905 684 τὰ

1081 708 1140 735 θεῖα
1154 707 1302 745 Βασίλεὶος,
1326 707 1392 746 ἅπερ
1407 707 1451 734 καὶ
1479 705 1640 745 ἀρκούντως,
1662 704 1751 741 οἶμαι,
1779 703 1828 736 τὴν
1847 712 1904 730 παι

1082 753 1212 793 ραφθορὰν
1226 757 1276 788 τῆς
1299 753 1460 787 δηλωθείσης
1483 751 1668 790 ἆπελέγχουσι
1682 750 1796 789 ῥ-ὴσεως.

1128 880 1175 924 ιβ’.
1204 881 1286 924 Ἠμτν
1307 885 1334 913 δὲ
1361 885 1554 919 διασκοπητέον
1577 884 1666 924 ἑτέρας
1694 882 1823 922 γραφικῆς
1851 892 1908 909 πα-

218 939 368 980 corruptio
384 926 601 980 consideranda
613 937 671 980 est,
690 926 948 972 corruptionisque
963 929 1045 960 refu-

1128 931 1215 970 ρθορᾶν
1244 931 1360 970 ῥήσεως,
1389 931 1433 959 καὶ
1455 931 1500 958 τὸν
1525 932 1572 962 τῆς
1601 929 1767 968 παραφθορᾶς
1782 926 1905 966 ἔλεγχον,

1159 973 1210 980 -..κ
1299 977 1312 980 _
1363 978 1373 980 _
1486 975 1491 980 .
1538 976 1554 980 __
1618 974 1622 980 .
1715 971 1727 980 ρ,
1741 970 1768 980 ..ι
1875 972 1887 977 _

219 985 289 1016 talio
309 974 503 1023 Iapponenda.
533 979 566 1010 In
591 977 741 1023 libroADei
756 974 1044 1023 cognitioinscripto

220 1017 380 1069 Gregorius
389 1023 605 1066 Nyssaensium
616 1021 742 1052 antistes
754 1020 852 1057 docet,
869 1019 916 1049 his
926 1017 1023 1049 verbis
1037 1027 1043 1048 :

223 1064 368 1114 «Spiritus
383 1064 425 1102 exi
433 1073 556 1114 paterna
565 1065 716 1107 byposlasi
728 1064 1046 1114 procedens,propterl—

221 1106 317 1158 eaque
327 1106 470 1157 Spiritum
487 1111 559 1149 oris,
571 1106 632 1141 non
643 1113 742 1140 autem
755 1108 875 1139 verbum
886 1108 946 1138 oris
954 1106 1043 1138 David

221 1152 342 1200 dixit,ut
350 1152 552 1201 processivam
569 1156 781 1201 proprietatem
782 1152 922 1201 Spiritui
928 1152 983 1201 soli
997 1152 1045 1182 in—

221 1196 386 1239 haerente-tn
402 1204 604 1235 conﬁrmaret.
617 1210 632 1229 ι)
645 1199 700 1236 Qui
712 1208 767 1239 per
782 1198 888 1229 Filium
905 1196 1046 1237 Spiritum

223 1255 357 1283 sanctum
364 1247 604 1290 procedere,non
610 1247 777 1284 acceptant,
783 1252 848 1273 cum
861 1251 918 1272 non
927 1244 1048 1281 possent

223 1297 280 1327 hoc
296 1285 438 1330 stabilire,
467 1290 649 1329 ἐκπορεύεσθαι
676 1288 840 1328 procedere
869 1285 1048 1316 formatione

225 1341 339 1381 passiva
354 1336 514 1373 enuntiari,
531 1333 584 1365 sed
595 1333 654 1365 vim
666 1333 788 1364 activam
802 1332 1049 1368 denotare,agere

226 1375 305 1417 enim
322 1388 352 1416 et
382 1392 441 1414 non
459 1380 518 1421 pati
547 1382 602 1414 est,
628 1379 658 1406 τὸ
680 1379 835 1417 πορεύεσθαι
850 1378 893 1404 καὶ
908 1375 1049 1411 ἐκπορεύε-

226 1427 299 1469 ὦῖιι,
323 1419 468 1461 incedere
478 1429 508 1456 et
521 1423 693 1469 procedere,
708 1422 814 1469 dogma
829 1420 999 1469 v_ero,_quod
1009 1419 1050 1452 illi

227 1485 264 1507 ex
274 1464 375 1505 ventre
384 1467 690 1505 eructarunt,firmare
698 1465 983 1506 nitentes,Spiritum
996 1464 1053 1494 sci-

233 1520 302 1550 licet
317 1528 350 1549 εκ
367 1517 430 1547 solo
445 1515 531 1546 Patre
547 1511 721 1551 procedere,
738 1511 781 1539 πνί
798 1509 934 1549 Spiritui
946 1508 1051 1539 dictio.

1088 973 1131 1003 Ἐν
1157 973 1240 1013 βίϐλῳ
1282 977 1316 1012 τῇ
1358 975 1509 1013 Θεογνωσίᾳ
1537 974 1679 1012 Γρηγόριος
1713 970 1826 999 διδάσκει
1853 972 1908 998 τῶν

1087 1019 1225 1048 Νυσσαέων
1258 1021 1271 1047 ὁ
1300 1018 1424 1058 πρόεδρος
1440 1018 1526 1057 λέγων
1543 1028 1550 1036 '
1568 1031 1581 1047 α
1598 1020 1703 1054 Πνεῦμα
1724 1017 1754 1044 τὸ
1787 1017 1836 1049 τῆς
1857 1025 1910 1042 πα-

1086 1064 1177 1101 τρικῆς
1217 1063 1423 1101 ἐκπορευόμενον
1463 1062 1633 1092 ὑποστάσεως
1657 1069 1664 1075 ·
1695 1061 1741 1088 τοῦ
1781 1058 1802 1087 δ’
1831 1058 1908 1087 ἕνεκα

1086 1107 1136 1146 γὰρ
1163 1107 1205 1135 καὶ
1234 1109 1338 1145 Πνεῦμα
1359 1107 1503 1144 στόματος,
1519 1105 1578 1134 ἀλλ’
1607 1105 1668 1145 οὖχὶ
1683 1105 1726 1133 καὶ
1749 1103 1828 1143 λόγον
1842 1103 1908 1131 στό-

1088 1162 1171 1188 ματος
1200 1151 1309 1191 εἴρηκεν
1331 1153 1345 1180 ὁ
1376 1150 1471 1188 Δαυλιδ,
1487 1150 1534 1179 ἵνα
1558 1149 1608 1183 τὴν
1632 1149 1820 1187 ἐκπορευτικὴν
1843 1146 1909 1176 ἰδιό-

1088 1206 1156 1228 τητα
1190 1196 1229 1232 τῷ
1258 1196 1388 1233 Πνεύματι
1421 1195 1495 1233 μόνῳ
1522 1197 1669 1234 προσοῦσαν
1697 1192 1875 1225 πιστώσηται.
1893 1203 1908 1218 ι

1089 1241 1119 1268 Οἱ
1133 1239 1160 1267 δὲ
1186 1241 1217 1267 τὸ
1244 1239 1277 1268 δι’
1310 1242 1369 1268 Υἱοῡ
1389 1241 1420 1268 τὸ
1442 1243 1547 1267 Πνεῦιια
1569 1239 1600 1266 τὸ
1625 1237 1699 1277 ἅγιον
1728 1237 1911 1276 ἐκπορεύεσθαι

1090 1285 1129 1321 μὴ
1160 1283 1310 1324 δεχόμενοι,
1347 1288 1424 1312 τοῦτο
1453 1283 1501 1322 μὲν
1523 1283 1663 1316 ἐπιστῆσαι
1685 1283 1723 1319 μὴ
1748 1280 1912 1318 δυνηθέντες,

1090 1329 1127 1359 ὡς
1154 1329 1185 1355 τὸ
1222 1328 1405 1368 ἐκπορεύεσθαι
1449 1328 1599 1361 παθητικῶς
1635 1327 1685 1364 μὲν
1719 1326 1912 1365 ὲσχημάτισαι,

1092 1372 1163 1412 φέρει
1191 1371 1218 1400 δέ
1239 1371 1353 1406 δῆλωσιν
1388 1372 1559 1412 ἐνεργητικήν
1578 1379 1585 1387 ·
1623 1371 1737 1410 ἐνεργεῖν
1764 1370 1825 1409 γὰρ,
1852 1369 1914 1397 ἀλλ’

1094 1417 1154 1456 οὒχὶ
1170 1417 1284 1456 πάσχειν
1301 1418 1355 1445 ἐστὶ
1382 1418 1412 1445 τὸ
1447 1416 1598 1456 πορεύεσθαι
1616 1424 1623 1432 ·
1654 1415 1730 1442 τοῦτο
1764 1413 1791 1441 δὲ
1806 1415 1849 1442 καὶ
1864 1425 1915 1443 συ-

1095 1461 1188 1494 στίισαι
1210 1460 1376 1499 βουλόμενοι,
1407 1460 1471 1500 ὅπερ
1487 1460 1558 1489 αὐτοὶ
1586 1459 1638 1487 ἀπὸ
1659 1457 1759 1489 κοιλίας
1775 1457 1917 1497 ἡρεόξαντο

1095 1505 1191 1544 δόγμα,
1222 1506 1251 1533 τὸ
1279 1507 1308 1533 τὸ
1335 1509 1441 1543 Πνεῦμα
1466 1505 1495 1532 ὲκ
1516 1504 1596 1542 μόνου
1618 1501 1719 1536 δηλαδὴ
1740 1506 1786 1530 τοῦ
1812 1504 1917 1542 Πατρὸς

230 1573 298 1596 nem
307 1558 515 1594 tribuslitteris
522 1547 589 1588 cum
601 1547 786 1595 reperissent
797 1547 910 1584 eiarari
923 1553 1042 1583 concise

1128 1549 1293 1596 πορεύεσθαι,
1323 1549 1372 1583 τὴν
1400 1561 1444 1577 πνι
1472 1548 1541 1581 λέξιν
1569 1549 1635 1586 τρισὶ
1656 1548 1798 1587 στοιχείοις
1823 1547 1917 1587 εὑρόν-

229 1618 285 1640 nec
300 1616 359 1638 non
387 1609 416 1636 et
444 1601 535 1634 simili
559 1600 675 1631 ratione
701 1600 745 1639 πρὶ
774 1598 864 1629 Patri
877 1597 1051 1634 dictionem,

229 1648 594 1683 medialitteraimmutata
606 1649 693 1684 atque
705 1647 843 1682 corrupta
855 1652 861 1672 :
876 1641 1053 1672 facilisenim

229 1701 273 1728 est
288 1708 318 1724 αν
330 1695 366 1725 ad
377 1705 390 1734 ρ
403 1688 725 1728 transitio,eosquinon
733 1686 987 1725 considerate,sed
1004 1694 1056 1725 per

233 1730 432 1772 transversum
444 1733 658 1766 commentaria
669 1735 857 1772 percurrunt,
875 1730 1055 1772 fefellerunt,

231 1785 310 1826 quod
327 1787 389 1814 erat
403 1780 531 1826 Spiritus
555 1777 720 1826 proprium,
736 1776 814 1807 Patri
832 1774 1006 1825 tribuentes.
1022 1774 1059 1805 Et

231 1820 266 1860 ut
280 1820 479 1867 corruptionis
505 1823 585 1854 fraus
610 1822 640 1852 in
665 1825 799 1861 apertum
822 1820 931 1857 veniat,
959 1828 1057 1849 sermo

231 1874 273 1905 ita
288 1865 462 1912 disponatur
489 1878 506 1899 a
526 1867 623 1903 nobis,
637 1865 736 1906 utipsi
751 1865 889 1904 digerunt
906 1875 912 1895 :
932 1877 945 1892 α
963 1865 1057 1904 Hujus

233 1918 326 1958 gratia
338 1907 472 1957 Spiritus
496 1913 568 1950 oris,
587 1921 644 1942 non
670 1920 740 1941 vero
757 1910 878 1941 verbum
895 1909 955 1939 oris
965 1907 1055 1939 David

233 1952 317 1998 dixit,
335 1952 373 1991 ut'
395 1956 594 2000 processionis
617 1956 828 2000 proprietatem
845 1953 900 1984 soli
916 1952 995 1984 Patri
1007 1952 1055 1982 in-

233 1997 404 2038 bmrentem-
428 2005 586 2034 astrueret.
606 2013 618 2028 ι»
643 1999 770 2030 Dixisset
798 1998 899 2038 utique
924 1997 1014 2028 David
1027 2000 1059 2027 et

238 2050 360 2081 verbum
379 2048 439 2080 oris
453 2047 594 2082 Verbum,
616 2043 863 2085 quemadmodum
880 2046 908 2072 et
922 2041 1058 2082 spiritum

234 2096 294 2126 oris
310 2094 385 2125 dixit
400 2093 555 2133 Spiritum,
568 2099 604 2120 an
630 2093 783 2129 propterea
800 2087 928 2117 similem
942 2094 1059 2126 proces-

236 2140 329 2172 sionis
354 2131 563 2179 proprietatem
586 2139 615 2166 et
638 2133 723 2165 alteri
739 2133 866 2173 cuipiam
888 2141 954 2162 cum
971 2131 1057 2161 Putre

235 2176 506 2216 communicaturus
523 2180 608 2212 erat?
630 2180 664 2209 Et
679 2188 744 2218 qua;
760 2179 822 2208 haec
838 2176 985 2208 sermonis
1002 2184 1056 2205 ne-

235 2229 358 2261 cessitas
378 2227 480 2267 cogit?
510 2225 568 2257 Sed
595 2224 618 2255 si
635 2223 759 2255 dixisset
776 2222 899 2253 verbum
917 2221 976 2250 oris
992 2228 1058 2250 esse

1097 1604 1140 1625 τες
1169 1592 1413 1633 διαχαραττομένην
1443 1593 1637 1632 συγκοπεικῶς,
1664 1592 1731 1620 κατὰ
1772 1595 1854 1620 ταῦτα
1890 1592 1918 1620 δὲ

1095 1637 1139 1665 καί
1168 1638 1216 1670 τὴν
1238 1639 1282 1677 πρὶ
1303 1637 1383 1677 λέξιν,
1413 1638 1443 1665 τὸ
1473 1637 1553 1674 μέσον
1570 1643 1706 1676 στοιχεῖον
1722 1637 1921 1673 μεταποιήσαν-

1095 1682 1138 1714 τὲς
1159 1692 1200 1717 τε,
1229 1683 1273 1710 καὶ
1314 1681 1544 1722 πιπιρςιιφθείρανίτες²
1574 1681 1617 1708 καὶ
1637 1681 1687 1719 γὰρ
1701 1681 1718 1714 ἡ
1740 1685 1785 1709 τοῦ
1807 1691 1837 1707 αν
1853 1682 1919 1720 πρὸς

1097 1727 1128 1754 τὸ
1162 1737 1177 1766 ρ
1204 1727 1377 1764 μεταποίησις
1405 1725 1530 1766 εὐχερὴς,
1560 1725 1620 1756 τοὺς
1641 1725 1677 1762 μ-ὶι
1700 1724 1920 1765 ἐπεσκεμμένως,

1098 1770 1166 1798 ἀλλὰ
1180 1770 1327 1810 παροδικῶς
1361 1771 1407 1803 τὰς
1435 1771 1538 1810 Γραφὰς
1569 1769 1691 1801 ἐπιόντας
1712 1769 1866 1806 ἠπάτησαν,
1890 1772 1922 1799 τὸ

1098 1819 1143 1843 τοῦ
1167 1816 1317 1853 Πνεύματος
1346 1814 1417 1843 ἴδιον
1446 1818 1484 1851 τῷ
1509 1814 1589 1853 Πατρὶ
1610 1813 1853 1853 προσαρμόσαντες,
1872 1816 1922 1843 Καὶ

1099 1859 1143 1889 ἵνα
1164 1861 1178 1888 ὁ
1204 1860 1250 1893 τῆς
1271 1861 1437 1899 παραφθορᾶς
1459 1858 1572 1898 ἔλεγχος
1601 1857 1786 1898 διασαφηθείη,
1803 1859 1817 1885 ὁ
1841 1857 1922 1897 λόγος

1098 1905 1166 1933 οὕτω
1199 1904 1353 1943 προαγέσθω
1380 1905 1460 1941 ἡμῖν,
1489 1905 1524 1934 ὡς
1560 1903 1630 1931 οὗτοι
1666 1913 1755 1942 φασιν.
1796 1917 1807 1932 ι
1823 1903 1923 1932 Τούτου

1097 1950 1176 1989 χάριν
1191 1953 1295 1986 Πνεῦμα
1321 1949 1464 1986 στόματος,
1480 1947 1539 1976 ἀλλ’
1556 1947 1615 1986 οὐχὶ
1631 1948 1675 1974 καὶ
1713 1947 1792 1986 λόγον
1816 1947 1922 1985 στόμα-

1099 2006 1144 2026 τος
1159 1993 1266 2034 εἴρηκεν
1295 1995 1308 2022 ὁ
1334 1992 1427 2030 Δαυΐδ,
1451 1993 1497 2021 ’ίνα
1518 1992 1567 2026 τὴν
1589 1992 1777 2031 ἑκπορευτικὴν
1804 1991 1925 2026 ἰδιότητα

1100 2043 1138 2076 τῷ
1168 2040 1247 2077 Ila-cpi
1281 2039 1355 2076 μὸνῳ
1392 2041 1538 2077 προσοῦσαν
1574 2037 1753 2070 πιστώσηται.
1784 2047 1796 2062 I
1827 2032 1925 2066 ιἘστω

1100 2087 1162 2122 γοῦν
1184 2084 1268 2111 εἰπεῖν
1290 2083 1335 2110 τὸν
1352 2081 1435 2110 Δαυῖδ
1449 2083 1493 2110 καὶ
1521 2082 1567 2109 τὸν
1583 2081 1668 2120 Λόγον
1685 2082 1815 2119 στόματος
1842 2080 1924 2121 λόγον

1100 2128 1189 2166 ὥσπερ
1204 2129 1247 2156 οὗν
1261 2128 1305 2155 καὶ
1339 2128 1369 2155 τὸ
1384 2130 1490 2164 Πνεῦμα
1516 2125 1647 2163 στόματος
1673 2125 1765 2165 εἴρηκε
1793 2129 1899 2164 πνεῦμα
1916 2137 1922 2142 ·

1099 2171 1140 2211 ἆρ’
1175 2171 1269 2210 ἔμελλε
1304 2170 1346 2199 διὰ
1384 2175 1460 2200 τοῦτο
1489 2171 1538 2204 τὴν
1574 2170 1701 2203 τοιαύτην
1736 2170 1927 2209 ἒκπορευτικὴν

1099 2216 1218 2250 ἰδιότητα
1245 2217 1288 2244 καὶ
1316 2227 1366 2244 τινι
1400 2216 1468 2253 μετὰ
1491 2216 1538 2243 τοῦ
1564 2216 1666 2254 Πατρὸς
1689 2215 1770 2253 ἑτέρῳ
1791 2216 1927 2243 κοινὼσα-

235 2258 435 2311 ιιῦ
462 2275 490 2302 et
514 2270 656 2310 Spiritum
683 2268 745 2299 oris
770 2267 884 2298 dixerat
899 2265 1038 2311 Spiritum

1129 2273 1154 2289 αι
1210 2261 1266 2311 Καὶι
1286 2261 1363 2288 ποίαν
1392 2260 1450 2300 ἔχει
1480 2260 1529 2293 τὴν
1550 2259 1670 2298 ἀνάγκην
1692 2260 1706 2286 ὁ
1727 2258 1806 2298 λόγος
1824 2269 1831 2298 ;
1849 2258 1930 2288 Ἀλλ’

236 2310 584 2360 prorsusprocessionis
615 2313 824 2354 proprietatem
856 2315 883 2342 et
908 2310 1005 2341 Verbo
1031 2315 1059 2340 et

236 2354 359 2404 Spiritui
386 2354 574 2392 communem
603 2358 733 2389 fecisset.
759 2356 830 2388 Cum
862 2355 940 2385 enim
970 2354 1060 2385 verba

237 2399 297 2439 oris
312 2405 504 2448 procedentia
526 2404 673 2439 dicantur,
702 2414 714 2429 ιι
732 2401 802 2437 Quae
818 2399 992 2440 procedunt,
1010 2399 1058 2429 in-

238 2444 320 2492 quit;
343 2451 381 2481 de
410 2449 496 2480 labiis
525 2447 612 2485 meis,
641 2456 698 2477 non
726 2445 810 2475 irrita
824 2444 930 2475 iaciam
946 2444 987 2481 25,
1004 2457 1017 2472 ι)
1035 2444 1058 2475 si

239 2489 381 2536 Spiritum
411 2494 473 2526 oris
497 2493 647 2533 spiritum,
664 2495 693 2521 et
707 2490 838 2521 Verbum
855 2489 916 2520 oris
931 2489 1060 2520 Verbum

238 2534 330 2572 David
359 2538 492 2574 dixisset,
524 2535 691 2568 necessario
717 2543 839 2575 prorsus
863 2534 1061 2574 processionis

239 2584 405 2626 proprietas
430 2583 560 2622 utrisque
588 2580 866 2612 communicaretur.
898 2578 960 2609 Hoc
975 2578 1062 2617 igitur

239 2623 361 2661 sanctus
376 2628 546 2666 destruens,
576 2632 608 2656 ut
632 2625 849 2655 demonstraret
865 2623 1063 2663 processionis

239 2673 447 2715 proprietatem
467 2670 670 2703 tantummodo
686 2669 785 2699 inesse
801 2667 1061 2708 Spiritui,assum-

239 2712 371 2760 psit‘,non
385 2717 495 2748 dixisse
505 2715 645 2747 Davidem
659 2721 687 2745 et
701 2713 831 2744 Verbum
849 2713 910 2743 oris
925 2712 1059 2744 vorbum.

1100 2305 1143 2333 ἐὰν
1160 2305 1222 2333 εἷπε
1257 2303 1336 2343 λόγον
1358 2304 1487 2341 στόματος
1509 2303 1580 2332 εἶναι
1601 2304 1647 2330 τὸν
1669 2302 1766 2342 Λόγον,
1781 2302 1870 2342 ὥσπερ
1883 2304 1931 2332 οὖν

1100 2350 1144 2378 καὶ
1178 2350 1283 2386 Πνεῦμα
1311 2349 1444 2386 στόματος
1469 2348 1532 2376 εἷπε
1557 2349 1587 2376 τὺ
1617 2350 1733 2385 Πνεῦμα,
1756 2347 1862 2378 πάντως
1876 2348 1931 2381 τήν

1100 2394 1289 2433 ἑκπορευτικὴν
1317 2392 1448 2429 ἰδιότητα,
1479 2393 1523 2421 καὶ
1561 2396 1600 2430 τῷ
1621 2391 1693 2430 λόγῳ
1715 2392 1758 2420 καὶ
1780 2395 1819 2429 τῷ
1848 2392 1933 2420 Πνεό-

1102 2450 1165 2477 ματι
1186 2438 1358 2466 κοινώσασθαι
1374 2437 1480 2476 ἔμελλε,
1508 2437 1557 2466 Καὶ
1572 2438 1621 2476 γὰρ
1643 2436 1700 2464 ἐπεὶ
1736 2436 1766 2464 τὰ
1793 2440 1839 2464 τοῦ
1860 2436 1930 2464 στό-

1103 2495 1185 2522 ματος
1221 2483 1326 2522 ῥήματα
1370 2481 1564 2522 ἐκπορευόμενα
1606 2480 1710 2519 λέγεται
1728 2488 1735 2496 ”
1763 2491 1775 2508 ιι
1803 2481 1841 2509 Τὰ
1876 2481 1931 2520 γὰρ

1104 2528 1306 2567 ἐκπορευόμενα,
1330 2539 1344 2555 io
1369 2538 1445 2568 φησι,
1472 2538 1486 2554 ιι
1503 2525 1545 2554 διὰ
1570 2528 1622 2553 τῶν
1638 2523 1752 2564 χειλέων
1768 2536 1818 2562 μου
1840 2527 1871 2554 οὖ
1887 2527 1932 2564 μὴ

1103 2574 1236 2609 ἂθετησω,
1254 2584 1268 2600 ν
1299 2572 1342 2600 ἐὰν
1377 2573 1408 2600 τὸ
1431 2574 1537 2609 Πνεῦμα
1572 2569 1704 2608 στόματος
1733 2573 1848 2609 πνεῦμα,
1884 2571 1934 2598 καὶ

1103 2620 1148 2647 τὸν
1174 2619 1259 2657 Λόγον
1288 2617 1418 2655 στόματος
1453 2615 1532 2656 λόγον
1560 2613 1668 2654 εἴρηκεν
1697 2615 1711 2642 ὁ
1744 2613 1837 2652 Δαυῖδ,
1860 2615 1934 2643 κατὰ

1102 2668 1189 2694 πᾶσαν
1215 2663 1246 2691 ἂν
1273 2664 1322 2697 τὴν
1351 2664 1469 2703 ἀνὰγκην
1496 2663 1514 2696 ἡ
1538 2659 1716 2700 ἐκπορευτιχὴ
1731 2659 1829 2694 ἰδιότης
1845 2659 1933 2698 ἔμελ-

1102 2711 1147 2739 λεν
1169 2709 1326 2749 ἀμφοτέροις
1355 2709 1515 2737 κοινοῦσθαι.
1540 2710 1621 2736 Τοῦτο
1644 2710 1706 2744 γοῦν
1722 2706 1735 2733 ὃ
1757 2705 1832 2745 ἅγιος
1855 2705 1935 2735 ἀναι-

240 2750 290 2803 ρῶν
302 2750 342 2796 ἐἷς
357 2761 487 2795 ἀπόδειξιν
502 2762 547 2790 τοῦ
560 2762 609 2795 τὴν
626 2759 810 2799 ἐκπορευτικὴν
827 2757 944 2790 ἰδιότητα
959 2758 1033 2795 μόνῳ
1044 2762 1181 2799 προσεῖναι
1196 2757 1235 2791 τῷ
1249 2754 1393 2793 Πνεύματι,
1423 2750 1556 2792 παρέλαβε
1579 2751 1610 2778 τὸ
1625 2751 1665 2789 μὴ
1680 2750 1766 2779 εἰπεῖν
1781 2751 1827 2778 τὸν
1843 2753 1935 2783 Arimis

239 2810 282 2838 καὶ
298 2809 342 2838 τὸν
360 2807 445 2847 Λόγον
466 2807 595 2845 στόματος
610 2806 700 2844 λόγον,

281 2892 400 2926 “Paul.
417 2899 555 2930 Lxxxvut,
572 2890 622 2922 35.
