1953 3074
62 103 112 134 177

604 105 654 135 DE
674 101 927 136 PROCESSIONE
949 103 978 133 S.
1007 103 1192 134 SPIRITUS.

1678 106 1736 137 1⁵18

94 165 140 208 ιγ’.
160 168 222 199 Ἐὰν
237 171 264 199 δὲ
294 173 317 200 οἰ
332 172 367 200 δι’
381 173 510 209 ἐναντίας,
533 172 563 200 τὸ
581 170 739 210 ἐκπορευτὸν
759 170 803 198 καὶ
825 168 872 196 ἐκ-

955 169 1002 200 18.
1022 169 1104 205 Quod
1120 170 1144 200 si
1156 170 1316 202 adversarii
1325 171 1354 201 id
1366 180 1399 202 ex
1412 180 1470 212 quo
1482 171 1697 212 proceditur.et
1707 171 1738 202 id

57 215 207 253 πορευτικὸσ
259 215 429 256 διαιροῦντες,
481 216 553 246 οὐδὲν
595 215 717 254 ἁρμόζειν
746 214 807 254 φασὶ
842 216 881 250 τῷ

55 259 184 296 Πνεύματι
213 260 245 288 τὸ
274 260 473 301 ἐκπορευτικὸν,
506 260 574 288 ἀλλὰ
601 261 640 296 τῷ
667 259 749 297 Πιτρὶ
778 257 878 294 μᾶλλον

54 302 95 330 διὰ
117 304 149 331 τὸ
169 303 218 337 τὴν
248 306 381 345 προφορὰν
402 306 450 340 τῆς
466 300 574 338 νλέςεως
594 303 764 342 ἐνεργητικὴν
781 300 852 330 εϊνᾶι
869 311 877 319 ’

53 346 123 374 ἀλλὰ
144 349 187 376 καὶ
214 349 330 378 ἒντεὺθεν
353 351 367 378 ὁ
393 352 443 383 τῆς
466 348 528 388 παρ’
555 348 639 376 αὒτῶν
656 346 800 386 γενομένης
829 357 879 373 πα-

54 393 184 430 ραφθορᾶς
217 396 458 433 συγκροτηθήσεται
497 393 622 432 ἔλεγχος.
660 392 689 419 Εἰ
715 391 765 430 γὰρ
793 391 877 417 καθα-

52 435 137 474 ρεῦειν
158 435 250 469 ἤθελον
273 437 321 472 τὴν
342 437 499 475 συνείδησιν,
530 439 576 465 οὐκ
605 436 637 463 ἂν
652 435 764 466 ἐκείνους
787 433 878 461 διέλα-

51 481 106 516 θεν,
152 480 216 519 ὅπερ
258 483 272 509 ὁ
321 481 394 521 ἅγιος
430 481 523 522 ἐφεξῆς
551 483 599 514 τῆς
641 479 763 518 ρηθείσης
789 477 881 516 ἐπάγει

51 525 213 564 περικοπῆς,
228 525 313 565 λέγων
332 526 414 558 οὕτως
431 535 439 542 ⁸
452 521 455 522 ν
471 537 485 554 α
501 521 563 554 "Iv:
577 524 620 552 διὰ
650 524 698 560 μὲν
728 534 773 550 του
795 523 882 560 Λόγου

51 569 139 596 εἰπεῖν
174 570 224 603 τὴν
246 571 282 601 ὡς
297 571 327 599 ἐκ
341 574 397 608 νοῦ,
421 573 468 599 τοῦ
490 572 567 605 Θεοῦ,
595 569 639 596 καὶ
654 568 767 606 Πατρὸς,
784 567 879 594 ἀπαθε-

51 613 151 646 στάτην
177 615 220 642 καὶ
242 614 353 653 ἅρρητον
389 616 435 643 τοῦ
472 615 532 643 Υἱοῦ
560 612 766 652 παραδεξώμεθα
781 611 881 650 γέννη-

52 669 104 694 σιν,
135 656 178 686 διὰ
203 658 230 686 δὲ
257 663 303 687 τοῦ
339 659 468 698 εἰρηκέναι
502 661 620 695 Πνεῦμα,
663 656 795 694 στόματος
831 655 880 688 τὴν

49 702 209 740 ἀγιαστικὴν
238 705 281 732 καὶ
303 703 417 738 οὖσιώδη
444 703 566 740 δύναμιν,
596 703 641 730 καὶ
654 700 808 740 ζωαρχικὴν
834 702 880 728 τού

50 747 204 784 Πνεύματος
237 749 380 777 ὑπόστασιν
416 747 603 784 ὑπολάϐωμεν,
641 748 680 782 τῷ
708 748 757 778 τῆς
792 745 878 772 ἒκπο-

49 794 172 829 ρευτικῆς
205 791 336 826 ἰδιότητος
379 794 488 830 ὀνόματι
523 791 645 825 δηλονότι
677 792 879 830 χαρακτηριζο-

921 213 997 253 quod
1011 214 1376 254 proceditdistinguentes,
1390 225 1449 246 non
1461 224 1623 255 congruere
1639 215 1740 247 dicant

921 257 1044 298 Spiritui
1071 260 1102 287 τὸ
1132 262 1319 299 εκπορευτικὸν
1347 260 1378 290 id
1399 268 1438 290 ex
1451 269 1510 299 puo
1522 261 1670 300 procedit,
1687 261 1740 291 sed

919 302 999 333 Patri
1009 302 1157 342 potius,ob
1166 304 1400 334 enuntiationem
1411 304 1621 339 dictionis,vim
1632 305 1740 344 agendi

920 346 1148 387 possidentis,ex
1160 348 1206 378 his
1221 357 1338 388 quoque
1349 348 1544 388 corruptionis
1557 357 1608 388 per
1619 349 1739 380 eosdem

919 390 1003 421 libris
1019 392 1106 422 illatae
1125 392 1365 432 comprobabitur
1390 397 1606 432 argumentum.
1623 393 1738 424 Etenim

923 435 948 464 si
963 435 1054 465 animi
1068 436 1248 467 conscientia
1261 437 1337 467 bene
1351 437 1444 468 curati
1455 437 1738 472 existimnlarentur,

923 488 981 509 non
1003 489 1054 510 eos
1083 480 1226 517 latuisset,
1243 481 1319 520 quod
1336 485 1453 511 sanctus
1466 485 1531 520 post
1545 481 1654 511 dictum
1671 490 1740 511 ora-

923 523 1011 554 tionis
1026 529 1210 564 segmentum
1226 525 1367 564 suggerit,
1379 525 1419 555 ita
1430 525 1564 556 scribens
1581 534 1587 556 :
1608 525 1661 556 «Ut
1672 535 1739 556 cum

922 567 1054 598 Verbum
1079 568 1202 606 diceret,
1229 569 1319 599 veluti
1348 578 1382 599 ex
1399 573 1506 605 mente,
1524 569 1585 599 Deo
1601 574 1630 600 et
1643 569 1739 607 Patre,

923 613 1011 642 nullis
1026 613 1212 652 passionibus
1223 613 1424 649 obnoxiam,et
1434 622 1498 653 qua;
1508 613 1606 644 verbis
1617 614 1742 653 exprimi

922 666 980 687 non
998 662 1102 697 potest.
1117 658 1301 688 nativitatem
1317 658 1573 697 intelligeremus;
1590 667 1657 688 cum
1671 667 1740 690 vero

920 701 1139 740 Spiritum,oris
1150 702 1206 732 vim
1218 702 1449 733 sanctiﬁcantem
1462 702 1743 740 etessentialem,vi-

921 750 1016 786 tiaeque
1025 746 1314 787 principemSpiritus
1321 746 1499 787 hypostasim
1507 746 1741 786 conciperemus,

921 791 1096 830 processivm
1107 792 1296 831 proprietatis
1311 791 1430 822 nomine
1445 790 1742 822 connatatam.cSan-

49 835 144 872 μένην,
165 847 177 864 ι
196 838 245 865 Καὶ
260 839 274 865 ὁ
298 837 325 865 ἐν
340 838 424 877 ἁγίοις
440 836 467 864 δὲ
482 837 574 875 Πατὴρ
588 835 763 877 Ἀναστάσιος
780 833 872 870 ἰδίωμα

954 845 983 865 us
990 845 1106 875 quoque
1118 837 1206 867 Pater
1216 835 1387 868 Anastasius
1399 836 1606 876 proprietatem
1616 835 1742 876 Spiritus

47 885 92 909 τοῦ
128 883 283 918 Πνεύματος
311 882 433 921 γινώσκει
458 882 488 909 τὶ)
511 880 707 919 ἒκπορευτικὸν.
746 876 791 906 Ἐν
827 877 877 916 γὰρ

47 922 148 961 δεκάτῳ
175 926 219 953 καὶ
245 925 314 962 ἕκτῳ
348 925 483 966 κεφαλαίῳ
521 927 571 958 τῆς
598 923 676 952 αὒτοῦ
703 921 793 961 βιϐλου
827 923 876 955 τῆς

50 963 164 1007 Ὀδηγοῦ
206 963 392 1007 κεκλημένῃ·
416 970 484 998 οὕτω
526 979 606 1009 φησιν
626 977 633 983 ·
650 977 665 996 ‹
695 968 732 996 06
765 967 816 1005 γὰρ
844 966 876 993 τὸ

48 1013 196 1052 ἀγέννητον
231 1018 277 1042 τοῦ
320 1015 421 1054 nempe:
463 1024 604 1054 προσωπον
641 1011 788 1051 ἓσαρκὼθη,
817 1009 874 1038 οὕτε

48 1058 100 1094 μὴν
127 1059 146 1092 ἢ
179 1058 353 1098 ἒκπορευτικη
383 1062 428 1088 τοῦ
459 1060 535 1098 ἁγιο.)
571 1057 722 1094 Πνεύματος
757 1055 875 1083 ὑπόστα-

47 1113 97 1134 σις.
116 1114 129 1132 ι
157 1102 242 1131 Ἀλλὰ
269 1104 312 1132 καὶ
329 1103 442 1142 Κλήμης
466 1105 480 1132 ὁ
512 1101 688 1141 Στρωματεὺς
711 1099 738 1128 ἐν
753 1101 794 1132 οἷς
810 1110 875 1127 συν-

47 1146 117 1175 έθετο
170 1146 303 1186 διαφόροις
360 1147 442 1187 ὅροις,
502 1147 569 1175 ὥστε
611 1145 709 1176 παντὸς
753 1142 874 1174 εὐσεϐοῦς

45 1189 180 1230 δόγματος
209 1194 384 1231 προηγεῖσθαι
412 1192 503 1224 αὖτοὺς
537 1194 576 1228 τῷ
602 1189 754 1228 βουλομένῳ
779 1187 873 1216 θεολο-

47 1235 102 1272 γίαν
129 1235 263 1272 μετιέναι,
301 1237 464 1275 ὁριζόμενος.
495 1248 507 1264 (ι
538 1236 568 1265 Τί
596 1238 713 1272 Πνεῦμα,
737 1233 781 1262 καὶ
807 1232 875 1260 κατὰ

43 1280 67 1306 τί
92 1279 224 1320 Πνεῦλα;
260 1281 304 1309 καὶ
332 1282 440 1321 ὁσαχῶς
470 1280 575 1320 λέγεται
600 1280 730 1318 Πνεῦμας
756 1288 768 1304 n
787 1277 872 1317 φησὶθ

48 1334 58 1351 ι
76 1327 187 1362 Πνεῦμα
220 1325 268 1362 μὲν
297 1324 351 1353 ἔστι
382 1320 480 1365 λεπτὴ,
502 1325 546 1353 καὶ
574 1323 664 1360 ἅϋλος,
680 1323 725 1350 καὶ
740 1320 872 1361 ἀσχημά-

42 1379 128 1409 τιστος
145 1369 321 1408 ἐκπορευτική
336 1369 455 1409 ὕπαρξις.
480 1381 494 1398 ι

84 1408 124 1440 ιδ’.
149 1415 212 1442 Οἰον
228 1412 257 1441 δέ
282 1408 403 1451 κάκεῖνον,
426 1414 491 1453 ὅπερ
521 1415 544 1442 οἱ
571 1412 684 1442 τοιοῦτοι
712 1409 872 1440 ἐσπούδασαν

919 880 1118 918 processivam
1128 880 1272 919 agnoscit.
1285 880 1417 920 Namque
1428 879 1543 910 decimo
1553 883 1638 910 sexto
1647 879 1742 920 capite

917 923 996 960 llbl‘l,
1014 923 1126 964 Hodegi
1143 924 1315 964 nuncupati,
1342 925 1404 955 haec
1419 923 1507 954 habet
1523 933 1530 955 :
1551 936 1564 951 α
1581 923 1645 955 Non
1661 924 1741 955 enim

916 968 1049 1008 ingenita
1064 969 1157 999 Patris
1174 978 1301 1009 persona
1322 977 1440 1000 carnem
1456 968 1628 1008 assumpsit,
1643 977 1741 1009 neque

918 1013 1084 1052 processiva
1110 1014 1205 1045 sancti
1232 1013 1362 1053 Spiritus
1390 1012 1574 1053 hypostasis‘l
1602 1013 1741 1049 Quinimo

917 1056 1054 1087 Clemens
1084 1056 1270 1088 Stromateus
1298 1058 1328 1088 in
1348 1057 1588 1095 Deﬁnitionibus,
1605 1067 1677 1098 quas
1691 1058 1741 1089 ille

917 1101 1150 1139 concinnavit,ut
1159 1102 1328 1141 dogmatum
1341 1102 1456 1142 piorum
1466 1101 1656 1132 traditionem
1668 1111 1741 1142 prae-

917 1142 1058 1177 ceu’erent
1072 1147 1441 1187 prmirentque,antequam
1457 1146 1549 1177 rebus
1566 1146 1740 1185 theologicis

916 1190 1045 1221 studium
1062 1191 1296 1231 impenderetur,
1314 1190 1471 1231 deﬁniens,
1489 1190 1583 1227 aQuid
1595 1191 1741 1230 Spiritus?

916 1239 945 1266 et
957 1236 1121 1266 secundum
1137 1235 1206 1276 quid
1223 1235 1374 1276 Spiritus?
1395 1239 1423 1266 et
1437 1239 1508 1275 quot
1523 1235 1618 1266 modis
1639 1234 1736 1275 Spiri-

917 1283 962 1310 tus
973 1279 989 1309 ‘I
1007 1292 1018 1309 ι)
1035 1280 1141 1311 tradit:
1163 1291 1178 1310 (
1193 1280 1320 1320 Spiritus
1344 1283 1389 1310 est
1412 1279 1539 1320 subtilis,
1554 1283 1584 1310 et
1597 1279 1735 1311 immate-

913 1324 1006 1362 rialis,
1024 1329 1053 1356 et
1068 1334 1157 1365 supra
1184 1333 1303 1356 omnem
1329 1324 1464 1365 ﬁguram,
1480 1323 1650 1355 exsistentia
1664 1334 1736 1365 pro-

914 1369 1036 1400 cessiva.
1057 1381 1068 1398 ι)

954 1413 1002 1445 44.
1020 1413 1113 1449 Quale
1129 1423 1216 1454 porro
1232 1418 1275 1444 est
1290 1413 1458 1454 illud,quod
1470 1413 1519 1443 isti
1529 1413 1560 1443 in
1576 1413 1636 1444 ﬁne
1647 1413 1736 1453 primi

43 1459 101 1497 περί
125 1459 159 1486 τὸ
188 1457 266 1490 τέλος
294 1460 340 1486 106
361 1459 466 1497 πρὼτου
494 1458 573 1498 λόγου
598 1460 651 1486 τῶν
671 1455 730 1485 κατ’
746 1454 872 1492 Εὖνομίου

954 1467 1054 1488 versus
1061 1457 1237 1488 Eunominm
1244 1457 1513 1488 Antirrheticorum
1523 1456 1593 1488 libri
1603 1457 1737 1497 ejusdem

42 1502 254 1542 Ἀντιρρητικῶν
296 1507 341 1531 τοὺ
376 1505 454 1532 αὐτοῦ
489 1503 591 1542 Πατρδς
619 1503 707 1541 ἡμῶν,
742 1500 789 1528 106
821 1499 872 1527 τῶν

954 1502 1012 1533 .tris
1032 1503 1127 1533 nostri
1155 1502 1362 1542 Nyssaensium
1383 1501 1521 1532 antistitis
1535 1501 1632 1532 conati
1647 1500 1740 1533 sunt?

41 1546 187 1576 Νυσσαὲων
217 1546 369 1587 προέδρους
405 1548 512 1577 Ἐκεῖσε
546 1548 595 1586 γὰρ
630 1548 644 1574 ὁ
672 1545 747 1585 ἅγιος
783 1543 810 1571 ἒν
837 1546 872 1580 τῷ

954 1546 960 1577 i
986 1547 1065 1577 enim
1081 1551 1199 1578 sanctus
1224 1547 1363 1578 adversus
1387 1546 1565 1578 Eunomium
1581 1546 1619 1577 de
1631 1546 1697 1578 Filii
1709 1550 1739 1577 et

40 1589 102 1619 κατ’
142 1591 275 1628 Εὖνομίου
314 1591 373 1630 περί
415 1594 464 1625 τῆς
496 1595 544 1620 τοῦ
564 1592 624 1619 Ποῦ
649 1590 692 1618 καί
722 1589 872 1625 Πνεὺματος

954 1591 1044 1623 ιὶΐίῐιιε
1058 1593 1220 1623 aeternitate
1248 1591 1443 1632 contendens,
1472 1591 1616 1622 rationem
1642 1599 1740 1622 causae

40 1635 181 1675 μάχεσθαι
203 1636 251 1663 τὸν
278 1637 328 1669 τῆς
363 1636 446 1668 αἰτίας
482 1640 528 1664 τοῦ
556 1637 616 1664 Υἰοῦ
653 1635 696 1662 καὶ
725 1633 872 1669 Πνεύματος

954 1636 984 1666 lii
993 1640 1021 1666 et
1034 1635 1246 1676 Spiritusinter
1253 1637 1326 1667 alias
1339 1645 1389 1667 res
1404 1635 1740 1676 theologicasimmiscet

39 1679 133 1719 λόγον,
163 1683 201 1718 τῇ
238 1679 360 1719 θεολογιᾳ
380 1680 597 1720 προσεπιπλὲκει,
622 1679 666 1707 καὶ
688 1688 767 1718 φησιν
782 1676 849 1704 οὕτω
866 1683 872 1692 '

954 1689 1001 1712 sce
1016 1680 1078 1711 fere
1090 1681 1204 1712 verbis:
1226 1693 1237 1709 ‹‹
1255 1681 1286 1713 Si
1309 1681 1501 1721 temporalem
1518 1679 1674 1720 quamdam
1691 1679 1738 1710 in-

44 1736 56 1750 ι
80 1725 109 1752 Εἰ
142 1724 195 1762 μὲν
222 1734 281 1752 τινα
302 1730 430 1764 χρονικὴν
451 1725 565 1766 ἔμφασιν
592 1724 733 1763 ὑπερετίθει
747 1723 797 1754 τῆς
824 1722 870 1766 τοῦ

954 1725 1133 1766 'capedinem
1148 1726 1305 1766 hypostasi,
1322 1735 1374 1756 seu
1388 1724 1590 1756 subsistentia
1599 1724 1667 1756 Filii
1682 1733 1738 1754 an-

41 1771 210 1808 Μονογενοῦς
227 1769 397 1800 ὒποστασεως
419 1771 433 1797 ὁ
457 1764 502 1798 τὸν
530 1768 634 1808 Πατέρα
655 1771 701 1796 106
723 1767 783 1794 ἶ*ἱοῦ
797 1764 870 1802 μόνῳ

954 1764 1079 1807 )oneret,
1095 1770 1145 1810 qui
1159 1764 1273 1802 Patrem
1289 1771 1352 1801 sola
1367 1770 1505 1810 principii
1523 1769 1637 1800 ratione
1654 1769 1737 1810 prius

41 1816 78 1850 τῷ
105 1815 158 1846 τῆς
176 1813 263 1844 αἰτίας
291 1812 364 1852 λόγῳ
385 1816 551 1854 προθεωρῶν,
596 1814 703 1844 εἰκότως
729 1810 760 1855 ἓν
781 1811 800 1855 δ,
822 1811 872 1841 τῆς

954 1815 988 1845 lio
1004 1815 1146 1855 concipit,
1152 1815 1220 1855 jure
1233 1815 1348 1846 censeri
1365 1819 1465 1855 posset
1480 1814 1615 1845 doctrina
1625 1813 1739 1845 deFilii

41 1856 200 1891 ἀϊδιότητος
223 1858 291 1893 ἡμῖν
323 1859 382 1897 περὶ
409 1864 456 1888 τοῦ
483 1860 542 1887 Υἱοῠ
570 1857 650 1896 λόγος
674 1854 849 1884 ἐκινδυνεύετο
864 1860 872 1868 ⁶

954 1859 1081 1890 ernitate
1092 1860 1121 1889 in
1133 1854 1296 1899 periculum
1313 1854 1425 1889 vocata.
1436 1857 1521 1889 Nunc
1534 1859 1599 1899 pari
1615 1866 1739 1898 prorsus

44 1902 95 1929 νυνί
109 1901 138 1930 δὲ
157 1902 224 1930 ποτὲ
240 1903 279 1939 μὴ
302 1901 404 1931 ἔσεσθαι
432 1903 475 1931 ὲπί
503 1905 551 1936 τῆς
580 1900 739 1941 προαιωνίου
759 1899 872 1944 φύσεωςῖ

954 1903 1016 1940 )do,
1033 1903 1192 1944 aliquando
1205 1913 1264 1935 non
1279 1904 1409 1934 futurum
1428 1912 1526 1940 esse,a
1540 1903 1627 1934 Patre
1643 1905 1674 1933 et
1686 1901 1738 1933 Fi-

44 1945 108 1978 ἴσως
139 1947 187 1974 καὶ
212 1947 312 1984 ὁμοίως
334 1946 376 1975 ἐπὶ
401 1958 431 1975 τε
455 1949 503 1982 τῆς
532 1950 578 1975 106
599 1946 702 1984 Πατρὸς
725 1945 809 1979 ζωῆς,
831 1941 872 1988 διᾳῖ

954 1948 1042 1988 ’,φήῃ
1054 1941 1108 1979 (ξι-³
1119 1948 1229 1988 Spiritu
1246 1948 1343 1979 exulat
1359 1957 1365 1978 :
1383 1957 1451 1978 nam
1466 1947 1517 1979 ubi
1531 1947 1643 1978 nullum
1660 1951 1738 1978 tem-

44 1992 89 2023 τῆς
105 1994 152 2019 τοῦ
171 1994 352 2031 Μονογενοὺς,
383 1991 451 2020 ἀλλὰ
479 1994 523 2020 καὶ
550 1994 598 2025 τῆς
621 1990 668 2019 τοῦ
701 1989 775 2028 ἁγίου
790 1987 872 2034 [ivsti-

958 1987 989 2033 ε,
999 1993 1039 2023 ibi
1051 1987 1321 2034 etiamialiquando
1336 1993 1486 2025 sublatum
1499 1996 1573 2024 est.»
1587 1991 1739 2032 Et‘paucis

45 2046 125 2071 ματος
142 2035 292 2075 ὁμολογίας
326 2037 355 2064 οὒ
384 2035 517 2076 δέχεται·
544 2036 605 2064 ἔνθα
635 2035 685 2074 γὰρ
714 2033 811 2073 χρόνος
827 2031 874 2059 οὒκ

44 2078 107 2119 ἔστι,
138 2081 186 2108 καὶ
215 2081 246 2107 τὸ
275 2080 340 2108 ποτέ
363 2081 553 2121 συνανῄρηται,
577 2090 592 2110 )
617 2081 661 2108 καὶ
689 2077 746 2116 μετ’
770 2076 846 2115 ὀλίγα
864 2086 871 2094 ο

915 2037 1081 2077 interjectis
1094 2047 1100 2069 :
1117 2052 1128 2065 «
1143 2038 1255 2070 Eadem
1268 2042 1311 2068 est
1320 2041 1419 2068 nostra
1430 2041 1459 2068 et
1470 2037 1507 2068 de
1518 2037 1627 2078 Spiritu
1638 2040 1738 2068 sancto

915 2082 1073 2119 sententia,
1091 2082 1120 2112 in
1134 2082 1197 2113 solo
1213 2082 1318 2113 ordine
1333 2082 1414 2113 illius
1425 2081 1622 2112 differentiam
1633 2080 1742 2112 consti-

47 2135 58 2152 ι
82 2121 110 2153 Ὀ
131 2124 160 2153 δὲ
188 2125 268 2156 ὠτὸς
298 2126 368 2162 ἡμῖν
396 2126 440 2154 καὶ
474 2127 533 2166 περὶ
553 2126 599 2154 τού
619 2124 693 2163 ἁγίου
722 2122 872 2166 Πνεύματος

954 2125 1228 2162 LQuemadmodum
1241 2126 1319 2157 enim
1338 2126 1416 2158 Patri
1432 2126 1522 2157 Filius
1536 2125 1736 2165 conjungitur,

44 2167 119 2208 λόγος
135 2169 163 2198 ὲν
187 2169 259 2208 μόνῃ
287 2172 321 2208 τῇ
349 2169 419 2202 τάξει
442 2170 491 2204 τὴν
506 2163 630 2210 διαφορὰν
647 2168 731 2208 ἔχων,
749 2163 794 2198 Ὠς
824 2166 875 2205 γὰρ

45 2214 203 2242 συνάπτεται
233 2217 272 2251 τῷ
298 2214 380 2253 [lupi
416 2215 430 2243 ὁ
458 2216 529 2251 Υἱὸς,
560 2215 604 2242 καὶ
618 2215 649 2242 τὸ
671 2213 697 2246 ἐξ
711 2213 790 2241 αὺτοῦ
805 2210 876 2238 εἶναι

47 2257 115 2298 ἔχων
130 2259 181 2297 οὖν
207 2257 334 2298 ὑστερίζει
364 2259 432 2288 κατὰ
452 2259 502 2292 τὴν
531 2258 638 2298 ὕπαρξιν
663 2267 670 2273 ·
700 2256 768 2285 οὕτω
798 2254 876 2283 πάλιν

44 2304 85 2330 xxi.
113 2304 160 2330 τοῦ
198 2305 365 2341 Μονογε-ιοῦς
408 2302 504 2343 ἔχεται
534 2304 565 2331 τὸ
599 2306 703 2339 Πνεῦμα
729 2301 760 2328 τὸ
788 2298 874 2338 ἅγιον,

43 2346 142 2383 ἐπινοίᾳ
172 2347 243 2385 μόνῃ
274 2347 343 2375 κατὰ
371 2348 415 2376 τὸν
448 2350 499 2381 τῆς
536 2348 618 2379 αἰτίας
647 2346 726 2385 λόγον
755 2345 873 2384 προθεω-

44 2392 168 2428 ριυμένου
213 2394 266 2425 τῆς
308 2396 354 2421 τοῦ
395 2392 549 2430 Πνεύματος
578 2391 770 2422 ὑποστάσεως·
800 2390 825 2416 αἱ
848 2387 875 2416 δὲ

45 2447 166 2475 χρονικαι
197 2436 362 2468 παρατάσεις
392 2436 434 2465 ἐπὶ
467 2439 516 2470 τῆς
539 2436 697 2476 προαιωνίου
724 2436 794 2470 ζωῆς
809 2433 872 2472 χώ-

45 2491 88 2517 ραν
103 2482 151 2509 οὐκ
165 2480 276 2520 ἔχουσιν
294 2489 300 2496 ·
317 2480 385 2509 ὥστε
412 2485 457 2510 τοῦ
484 2481 566 2520 λόγου
586 2484 635 2514 τῆς
661 2479 743 2510 αἰτίας
771 2477 871 2516 ὑπεξῃ-

45 2524 167 2562 ρημένου,
206 2525 234 2552 ἐν
266 2523 359 2562 μηδενὶ
387 2526 436 2559 τήν
465 2526 543 2565 ἀγιαν
571 2523 668 2565 Τριάδα
691 2524 755 2563 πρὸς
777 2522 871 2555 ἑαυτὴν

44 2568 208 2609 ἀσυμφώνως
223 2569 309 2609 ἔχειν.
335 2571 383 2599 Καὶ
408 2571 422 2598 ὁ
450 2571 498 2607 μὲλ
530 2570 610 2609 ἅγιος
633 2569 701 2598 οὕτω
727 2567 795 2596 κατὰ
828 2567 873 2594 τὸν

44 2615 91 2646 τῆς
106 2615 192 2646 αἰτίας
229 2613 307 2654 λόγον
338 2616 540 2655 προθεωρετσθει
576 2619 621 2644 106
647 2615 706 2643 ι’ἱοῡ
726 2613 772 2640 τὸν
813 2615 872 2639 Πα-

45 2657 105 2698 τέρα
126 2658 264 2698 θεολογεϊ,
299 2660 389 2699 σαφῶς
411 2663 548 2700 παριστῶν
563 2659 593 2687 ἐκ
627 2658 674 2687 τοῦ
702 2656 803 2696 [ἰατρὸς
817 2655 870 2693 μό-

46 2713 88 2732 νου
116 2706 264 2743 προσεχῶς
294 2705 338 2732 καὶ
359 2704 463 2742 ἀμέσως
492 2705 611 2733 αἰτιατον
635 2704 679 2732 τὸν
707 2703 765 2731 Υἰὸν
786 2700 869 2740 εἶναι,

44 2748 86 2775 καὶ
120 2750 168 2776 τὸν
199 2748 259 2777 Υἱὸν
274 2749 344 2782 αὖθις
364 2750 431 2789 κατᾲ
462 2750 508 2778 τὸν
537 2752 587 2783 τῆς
609 2748 690 2782 αἰτίας
702 2747 781 2788 λόγον
801 2756 870 2786 προ-

917 2174 1027 2201 etcum
1045 2180 1079 2200 ex
1094 2170 1145 2201 illo
1168 2171 1311 2211 originem
1342 2171 1439 2211 ducat,
1457 2170 1626 2201 exsistentia
1640 2175 1738 2202 tamen

918 2214 1063 2253 posterior
1077 2224 1134 2245 uon
1151 2219 1216 2246 est:
1242 2215 1286 2246 sic
1301 2216 1387 2246 etiam
1409 2215 1536 2256 Spirstus
1560 2218 1678 2245 sanctus
1701 2214 1738 2245 ad

917 2259 1022 2289 Filium
1037 2269 1068 2290 se
1080 2260 1179 2297 habet,
1196 2260 1372 2300 cogitatione
1391 2261 1454 2290 sola
1468 2258 1632 2290 secundum
1643 2267 1739 2289 causa;

917 2304 1062 2335 rationem
1078 2304 1168 2335 Filius
1184 2305 1277 2345 prius,
1292 2314 1378 2345 quam
1396 2303 1523 2344 Spiritus
1538 2303 1631 2334 sancti
1647 2303 1738 2344 hypo-

917 2349 1003 2390 stasis
1018 2349 1203 2390 concipitur:
1221 2350 1398 2390 temporales
1423 2353 1521 2390 autem
1535 2348 1738 2379 dimensiones

917 2389 947 2419 in
971 2389 1020 2420 illa
1035 2388 1124 2420 omne
1147 2388 1291 2421 szeculum
1307 2394 1479 2428 antegressa
1494 2388 1551 2419 vita
1567 2390 1664 2419 locum
1677 2398 1737 2419 non

914 2433 1043 2469 habent;
1070 2435 1109 2465 ita
1129 2438 1160 2465 ut
1173 2439 1295 2475 excepta
1309 2443 1405 2466 causae
1419 2433 1537 2465 ratione
1551 2432 1738 2464 sanctissima

913 2477 1041 2509 Trinitas
1057 2478 1085 2510 in
1102 2480 1182 2510 nullo
1197 2478 1456 2519 discordet,probe
1471 2478 1528 2509 sibi
1537 2487 1733 2509 consonans.»

914 2523 950 2554 Et
978 2527 1098 2554 sanctus
1123 2525 1180 2555 hoc
1209 2528 1292 2564 pacto
1307 2524 1470 2555 secundum
1484 2523 1630 2554 rationem
1643 2532 1738 2554 causa;

915 2567 1101 2607 pmintelligi
1113 2568 1220 2600 Filium
1240 2569 1323 2600 Patre
1339 2568 1485 2609 decernit,
1494 2568 1590 2608 palam
1602 2567 1734 2606 edicens,

914 2621 951 2642 ex
967 2612 1030 2642 solo
1048 2613 1131 2643 Patre
1148 2613 1284 2654 contigue
1309 2618 1338 2644 et
1358 2613 1529 2644 immediate
1545 2612 1670 2654 produci
1684 2612 1736 2644 Fi-

914 2656 985 2687 lium
1003 2668 1009 2686 :
1024 2661 1053 2687 et
1069 2658 1173 2689 Filium
1190 2668 1293 2690 rursus
1307 2658 1471 2690 secundum
1485 2667 1580 2690 causa:
1589 2657 1736 2690 rationem

914 2701 1101 2742 praeintelligi
1134 2704 1282 2744 hypostasi
1310 2704 1448 2745 Spiritus,
1465 2708 1568 2745 aperte
1592 2707 1734 2742 statuens,

914 2756 967 2787 per
982 2747 1088 2779 Filium
1114 2758 1147 2780 ex
1173 2749 1258 2781 Patre
1284 2749 1407 2791 produci
1428 2749 1581 2791 Spiritum.
1596 2748 1652 2786 Qui
1666 2757 1736 2780 vero
