1953 3074
195 137 252 170 179

731 138 865 169 JOANN.
883 135 993 168 VECCI
1005 137 1064 167 ΟΡ.
1079 133 1348 166 PATRIARCHIE.

1822 130 1879 163 180

194 206 298 237 omnia
325 209 514 248 praevertunt,
547 205 748 236 existimantes
769 204 845 235 forte
859 204 1012 244 proﬁcuan

1096 203 1226 240 μυρετσθαι,
1254 202 1330 241 φησὶ,
1360 203 1408 234 τῆς
1444 204 1491 229 τοῦ
1519 200 1670 237 [πνεύματος
1697 198 1878 234 ὑποστάσεως,

193 249 324 281 futuram
340 250 563 291 corruptionem
591 249 628 280 od
644 249 852 280 stabiliendam
870 248 1018 288 propriam

190 296 383 333 sententiam,
411 303 477 326 cum
503 298 622 325 sanctus
651 293 812 333 scripserit,
847 306 857 321 ι
877 294 1019 333 Spiritum

190 344 325 370 sanctum
338 340 489 370 adhaerere
500 339 576 369 Filio
585 338 762 377 cogitatione
773 338 835 368 sola
845 338 916 368 dum
928 337 1019 378 Spiri-

191 385 238 412 tus
247 383 393 422 hypostasi
410 382 657 423 przeintelligitur,
674 394 686 410 ιι
703 383 734 412 in
751 382 899 422 plerisque
910 383 953 413 illi
964 391 1016 412 co-

191 424 308 456 dicibus
331 431 501 464 exararunt,
528 439 541 454 α
558 426 652 457 Patris
680 427 844 466 hypostasi,
866 439 877 454 ι)
904 431 1016 457 tantum

191 469 332 501 adversus
357 475 472 501 rectum
492 471 649 510 nictantes,
667 475 700 501 ut
725 471 906 501 asseruerint
931 472 1016 502 Patre

188 511 294 543 Filium
325 515 491 545 secundum
521 523 616 545 causae
644 514 789 545 rationem
816 515 1013 554 praeintelligi,

187 556 350 588 dummodo
366 567 383 588 θ
398 558 547 588 mentibus
562 557 714 588 hominum
730 558 1014 599 evellant,Spiritum

187 608 253 632 esse
265 610 319 641 per
332 601 452 639 Filium,
470 606 499 632 et
514 606 732 642 consequenter
746 611 780 633 ex
797 603 883 634 Filio.

1060 249 1150 285 σαφῶς
1172 247 1305 284 παριστῶν
1319 244 1361 273 διὰ
1389 246 1436 273 τοῦ
1460 244 1519 273 ι’ἱοῦ
1541 244 1571 273 ἐκ
1598 248 1643 273 τοῦ
1669 244 1770 282 Πατρὸς
1792 243 1878 270 αἴτια-

1059 291 1105 318 τὸν
1132 290 1202 318 εἶναι
1231 290 1261 317 τὸ
1290 293 1406 326 Πνεῦμα,
1424 290 1453 318 Oi
1489 288 1515 317 δὲ
1549 289 1635 317 πάντα
1653 285 1879 327 διαστρεϐλοῦντες

1059 335 1131 374 τάχα
1152 346 1177 362 τι
1199 333 1288 373 κέρδος
1310 335 1374 373 πρὸς
1386 334 1432 362 τὸν
1447 334 1545 362 οἰκεῖον
1572 333 1671 362 σκοπὸν
1690 334 1722 360 εκ
1746 331 1794 365 τῆς
1823 341 1879 359 πα-

1060 381 1187 419 ραφθορᾶς
1223 378 1353 411 οἰηθέντες
1388 379 1553 418 πορίσασθαι,
1582 377 1704 417 λέγοντος
1726 381 1771 406 τοῦ
1805 375 1879 414 ἆγίου

1057 426 1094 456 ὡς
1120 436 1131 453 α
1162 426 1197 453 Τὸ
1229 428 1332 462 Πνεῦμα
1359 425 1389 452 τὸ
1416 424 1492 463 ἃγιον
1526 426 1571 452 τοῦ
1597 423 1757 462 Μονογενοῦς
1786 422 1878 461 ἔχεται

1057 469 1157 506 ἐπινοίᾳ
1187 469 1254 507 μόνῃ
1284 469 1352 498 κατὰ
1385 469 1430 496 τὸν
1452 471 1502 502 τῆς
1528 468 1610 499 αἰτίας
1632 467 1723 507 λόγον,
1759 468 1878 506 προθεω-

1056 513 1183 552 ρουμένου
1210 513 1259 546 τῆς
1293 514 1339 540 τοῦ
1369 513 1520 550 Πνεύματος
1554 512 1731 549 ὑποστάσεως,
1762 511 1789 539 ἐν
1808 510 1878 538 πολ-

1056 557 1116 589 λαῖς
1145 558 1242 585 ἐκεῖνοι
1271 555 1370 595 βίϐλοις
1398 557 1446 590 τῆς
1487 558 1533 585 τοῦ
1568 558 1669 596 Πατρὸς
1710 556 1878 586 ὑποστάσεως

1055 601 1187 640 ἔγραψαν,
1216 605 1339 630 τοσοῦτον
1368 601 1433 640 πρὸς
1466 601 1497 629 τὸ
1526 601 1595 633 εὒθές
1623 601 1824 639 μυωπάσαντες,
1841 601 1878 632 ὡς

187 648 233 673 τοῦ
249 647 350 684 Πατρὸς
363 647 448 674 εἰπεῖν
464 647 510 674 τὸν
524 648 584 674 Υἱὸν
597 647 663 675 κατὰ
677 648 722 675 τὸν
737 650 786 681 τῆς
803 648 884 680 αἰτίας
899 647 977 687 λόγον
993 648 1198 686 προθεωρετσθαι
1218 655 1226 663 ·
1244 645 1289 673 ἵνα
1304 645 1384 683 μόνον
1408 644 1565 679 ἀδιανόητον
1579 646 1711 681 ποιήσωσι
1727 646 1757 673 τὸ
1773 645 1878 682 Πνεῦμα

185 689 217 717 τὸ
230 692 336 727 Πνεῦμα
358 690 400 718 διὰ
425 692 471 719 τοῦ
499 693 569 727 Υἱοῦ,
587 692 629 719 καὶ
644 692 710 719 κατὰ
724 695 800 720 τοῦτο
815 693 858 720 καὶ
873 692 902 719 ἐκ
923 698 967 722 τοῦ
992 694 1063 721 Υἱοῦ.

213 745 216 747 λ
235 732 281 764 15.
300 733 393 770 Quale
405 734 492 765 etiam
503 734 663 774 contigisse
675 735 876 775 comperimus
886 736 915 766 in
927 736 1012 766 theo-

1096 730 1139 764 ιε’.
1173 730 1281 762 Ὀποῖόν
1315 745 1343 761 τι
1378 733 1469 772 γέγονε
1505 735 1549 762 καὶ
1582 734 1610 762 ἐν
1644 741 1690 762 κοῒ
1717 733 1876 773 θεολογικῶς

190 776 295 816 logicis
311 779 408 818 magni
421 779 580 819 Epiphanii
602 778 700 817 dictis,
718 789 782 820 qua
797 780 847 810 ille
862 780 950 815 libro,
967 779 1012 810 cui

1096 780 1126 818 ρὰ
1161 783 1207 807 τοῦ
1242 778 1359 817 μεγάλου
1401 777 1554 817 Ἐπιφανίου
1596 778 1623 806 ἐν
1658 782 1696 815 τῷ
1725 777 1878 820 καλουμένῳ

187 830 297 852 nomen
312 823 472 863 Ancyroto,
493 823 626 862 digessit.
647 823 690 855 lbi
707 823 786 854 enim
802 828 921 854 sanctus
935 825 1012 854 hunc

1096 825 1216 862 (κυρωτῴ
1245 822 1404 861 εἰρημένοις.
1421 821 1428 833 ’

186 865 218 896 in
235 866 355 897 modum
384 867 539 907 loquitur:
561 867 648 906 «Sed,
679 874 712 898 ut
739 877 819 905 reor,
844 872 968 908 utraque
982 868 1014 898 in

185 909 310 941 homine
327 911 408 951 justo
429 911 616 950 inhabitant;
635 912 769 943 Christus
786 917 815 942 et
830 911 958 953 Spiritus
974 913 1012 943 il-

188 953 257 986 lius.
275 954 357 990 Quod
375 955 399 987 si
415 955 547 986 Christus
571 965 606 986 ex
621 957 709 987 Patre
722 956 865 996 creditur,
884 957 963 987 Deus
979 966 1014 987 ex

189 997 264 1036 Deo,
295 1003 325 1030 et
349 999 476 1040 Spiritus
505 1009 539 1030 ex
560 1000 688 1037 Christo,
703 1005 754 1031 aut
768 1009 802 1031 ex
818 1001 962 1040 utrisque,
981 1005 1013 1032 ut

191 1043 324 1075 Christus
335 1043 465 1084 loquitur
476 1054 483 1073 :
493 1043 548 1079 Qui
560 1053 594 1074 ex
603 1044 688 1075 Patre
698 1045 841 1084 procedit,
850 1049 878 1075 et
889 1056 896 1075 :
908 1045 963 1075 Hic
978 1055 1013 1076 ex

190 1096 257 1117 meo
274 1087 412 1127 accipiet.
431 1100 443 1116 ι»
461 1087 516 1124 Qui
540 1097 608 1118 vero
638 1089 669 1118 in
684 1089 911 1128 corrumpendis
927 1089 1013 1120 dictis

188 1131 276 1172 plane
286 1131 451 1170 insaniunt,
471 1131 521 1162 cSi
533 1132 667 1163 Christus
677 1142 710 1163 ex
723 1131 834 1172 Spiritu
850 1134 1010 1174 creditur,»

187 1175 425 1217 descripserunt,
440 1176 536 1207 «Deus
560 1176 675 1216 exDeo,
689 1181 717 1207 et
733 1176 860 1217 Spiritus
875 1187 909 1208 ex
926 1178 1013 1209 Chri-

188 1223 245 1252 sto.
253 1221 332 1252 nNec
340 1220 691 1261 intellexerunt,similem
699 1220 770 1251 dicti
780 1222 1011 1262 corruptionem,

189 1265 300 1296 mentis
311 1265 398 1306 plane
413 1274 478 1296 esse
507 1269 637 1305 apertam
653 1266 885 1306 corruptionem.
904 1266 1013 1298 Demus

189 1309 270 1341 enim
281 1309 392 1341 dictum
403 1310 444 1341 ita
467 1309 608 1340 dictatum
620 1309 730 1340 fuisse:
751 1321 761 1337 α
781 1309 812 1341 Si
828 1310 962 1342 Christus
977 1321 1012 1342 ex

189 1354 301 1394 Spiritu
321 1354 463 1386 creditur.
483 1366 496 1382 ιι
515 1353 593 1385 Nihil
619 1354 689 1385 inde
714 1359 857 1393 sequetur
871 1365 888 1386 a
903 1356 1012 1396 pietate

189 1399 317 1430 alienum
322 1399 405 1437 ,dum
421 1399 557 1430 Christus
567 1408 603 1429 ex
613 1397 722 1438 Spiritu
732 1399 850 1437 dicitur,
867 1400 892 1430 si
901 1410 1011 1431 secun-

1024 859 1044 883 Β

1459 823 1556 851 Εκεῖσε
1583 823 1633 862 γὰρ
1661 824 1674 851 ὂ
1703 823 1750 860 μὲν
1767 817 1785 828 ι’
1799 826 1876 862 Λγιος

1055 867 1123 896 οὕτω
1137 870 1216 907 φησιν
1232 877 1240 886 ·
1259 878 1273 894 ¢
1302 865 1387 903 Ἀλλ’,
1425 867 1515 905 οἶμαι,
1548 867 1683 907 ἀμφότερα
1711 874 1831 895 κατοικεῖ
1851 867 1877 895 ἓν

1053 915 1092 949 τῷ
1119 911 1247 951 ἀνθρώπῳ
1268 915 1306 948 τῷ
1334 910 1437 951 δικαίῳ,
1467 913 1481 939 ὁ
1510 912 1621 950 Χριστὸς
1643 912 1685 940 καὶ
1707 912 1737 939 τὸ
1773 912 1877 949 Πνεῦμα

1054 957 1141 985 αὑτοῦ.
1173 957 1201 984 Εἰ
1230 955 1257 983 δὲ
1298 956 1407 994 Χριστὸς
1449 955 1478 983 ἐκ
1506 959 1552 984 τοῦ
1587 956 1687 996 Πατρὸς
1715 956 1875 996 πιστεύεται,

1055 1001 1118 1033 Θεὸς
1147 1001 1176 1028 ὲκ
1204 1001 1280 1035 Θεοῦ,
1311 1000 1355 1027 καὶ
1383 1000 1412 1027 τὸ
1452 1003 1558 1038 Πνεῦμα
1595 1000 1625 1028 ἐκ
1665 1005 1712 1030 τοῦ
1751 1004 1874 1040 Χριστοῦ,

1053 1044 1071 1078 ἢ
1087 1044 1150 1084 παρ’
1164 1044 1329 1084 ἀμφοτέρων,
1359 1043 1396 1076 ὥς
1416 1044 1496 1084 φησί-ι
1516 1046 1529 1072 ὁ
1557 1045 1680 1083 Χριστὸς.
1707 1057 1720 1072 ιι
1743 1045 1779 1073 "0
1806 1045 1875 1083 παρὰ

1054 1089 1100 1117 τοῦ
1127 1090 1229 1128 Πατρὸς
1274 1089 1453 1128 ἐκπορεύεται,
1484 1090 1538 1125 καὶ,
1561 1089 1642 1122 Οὗτος
1682 1089 1712 1118 ἐκ
1738 1091 1784 1118 τοῦ
1811 1090 1876 1127 ἐμοῦ

1054 1133 1181 1168 λήψεται,
1199 1145 1213 1160 ι)
1230 1134 1259 1162 Οἱ
1289 1132 1316 1161 δὲ
1352 1133 1410 1172 περὶ
1439 1133 1486 1164 τὰς
1512 1134 1679 1174 ταραφθορὰς
1694 1135 1747 1162 τῶν
1773 1135 1874 1172 ῥήσεων

1055 1177 1226 1215 ἐπτοημένοι.
1263 1192 1275 1207 ι
1301 1178 1330 1206 Εἰ
1357 1177 1385 1205 δὲ
1414 1179 1524 1216 Χριστὸς
1546 1178 1575 1206 ἐκ
1602 1182 1647 1207 τοῦ
1671 1179 1833 1217 Πνεύματος,
1858 1191 1871 1207 ι

1054 1223 1203 1250 πιστεύεται
1226 1221 1355 1261 ἔγραψαν,
1373 1233 1384 1249 «
1411 1223 1475 1254 Θεὸς
1498 1223 1528 1250 ὲκ
1543 1226 1620 1260 Θεοῦ,
1650 1224 1693 1251 καὶ
1720 1224 1750 1252 τὸ
1769 1227 1874 1261 Πνεῦμα

1054 1266 1084 1294 ἐκ
1105 1271 1151 1296 τοῦ
1183 1270 1306 1306 Χριστοῦ.
1340 1277 1351 1295 ι)
1378 1267 1427 1295 Καὶ
1462 1267 1491 1295 ού
1512 1269 1627 1300 συνῆκαν
1654 1269 1690 1300 ὡς
1719 1269 1735 1302 ἡ
1764 1269 1873 1302 τοιαύτη

1054 1311 1204 1350 παραφθορὰ
1224 1314 1287 1352 ’τῆς
1329 1312 1430 1350 ῥήσεως
1464 1313 1615 1351 παροφθορὰ
1643 1311 1778 1352 λογισμῶν
1804 1313 1874 1341 ἐστιν

1053 1354 1183 1395 ἄντικρυς.
1224 1350 1319 1384 ἸΕστω
1347 1356 1396 1395 γὰρ
1436 1355 1505 1384 οὕτω
1528 1350 1747 1396 γεγράφθαιἺτὴν
1776 1357 1871 1396 ῥῆσιν·

1057 1410 1068 1427 (ι
1094 1401 1122 1428 Εἰ
1157 1399 1184 1428 δὲ
1218 1401 1329 1439 Χριστὸς
1360 1400 1389 1428 ἐκ
1424 1404 1469 1428 τοῦ
1498 1401 1647 1439 Πνεύματος
1677 1402 1838 1431 πιστεύεται.
1859 1413 1871 1430 ιι

190 1443 259 1474 dum
276 1447 459 1484 assumptum
474 1452 509 1474 ex
531 1441 644 1483 Spiritu
669 1447 780 1481 sancto,
799 1448 828 1474 et
841 1444 932 1475 Maria
942 1444 1011 1476 Vir-

1096 1444 1132 1472 Ξέν
1167 1446 1217 1485 γὰρ
1245 1444 1344 1482 ἀπᾷδον
1372 1448 1406 1483 τῇ
1434 1444 1549 1481 εὐσεϐείᾳ
1571 1446 1615 1473 τὸν
1644 1447 1754 1485 Χριστὸν
1788 1445 1874 1485 λέγειν

191 1487 263 1528 gine
280 1487 328 1518 hic
352 1491 407 1525 est,
436 1490 469 1517 ut
497 1487 641 1517 idemmet
668 1491 787 1518 sanctus
809 1487 839 1518 in
856 1497 1014 1528 progressu

191 1531 334 1563 orationis
342 1530 491 1569 edisserit,
509 1530 557 1561 cui
568 1531 632 1561 usui
642 1530 730 1561 fuerit
744 1530 816 1562 dicti
830 1534 1013 1573 corruptori-

191 1575 248 1608 bus
262 1576 299 1607 ad
316 1575 580 1608 demonstrrndum
597 1575 741 1614 Spiritum
757 1585 815 1606 non
831 1585 866 1606 ex
880 1577 1015 1608 Christo?

189 1619 258 1652 Sive
274 1620 354 1652 enim
368 1629 403 1650 ex
418 1619 515 1657 Patre,
529 1619 591 1650 sive
603 1628 639 1649 ex
646 1618 755 1659 Spiritu
766 1620 849 1650 credi
865 1621 1013 1652 Christum

188 1665 284 1696 Deum
300 1674 335 1695 ex
349 1663 411 1695 Deo
427 1667 545 1694 sanctus
557 1663 691 1702 dixisset,
707 1667 837 1694 attamen
848 1674 882 1696 ex
897 1666 1014 1697 Christo

190 1718 256 1741 esse
272 1708 419 1749 Spiritum
445 1707 541 1739 modis
556 1707 695 1738 omnibus
711 1707 881 1747 declaravit,
900 1713 928 1740 et
943 1710 1016 1741 dicti

188 1752 341 1793 corruptio
356 1752 431 1784 nihil
441 1751 501 1782 illis
513 1752 670 1792 profuit,ad
682 1752 933 1784 corroborandum
946 1754 1014 1794 Spi-

187 1798 279 1830 ritum
295 1806 356 1828 non
370 1806 437 1828 esse
452 1805 486 1827 ex
505 1796 630 1828 Christo.
643 1795 705 1827 Imo
731 1799 810 1836 quod
828 1800 1014 1837 postmodum

188 1842 369 1879 adnectitur,
383 1845 450 1872 (aut
464 1841 501 1872 ab
516 1840 697 1881 utrisque,ut
713 1841 847 1873 Christus
858 1843 990 1883 loquitur
1007 1857 1013 1879 ε

187 1887 245 1924 Qui
259 1896 294 1918 ex
305 1888 394 1918 Patre
410 1885 591 1926 procedit,et
601 1885 650 1916 hic
666 1895 700 1916 ex
717 1895 783 1916 meo
798 1886 1015 1927 accipiet,»eo-

187 1941 255 1964 rum
270 1940 391 1971 gravem
419 1930 568 1962 vesaniam
597 1929 763 1970 redarguit,
779 1932 829 1971 qui
846 1932 911 1962 loco
923 1932 1013 1971 illius,

191 1986 244 2008 «ex
259 1977 346 2008 Patre
359 1974 616 2012 crediChristum,
638 1975 731 2005 Deum
749 1985 784 2006 ex
798 1975 871 2014 Deo,
890 1989 903 2004 ιι
921 1977 1015 2008 intru-

189 2025 305 2058 serunt,
322 2031 333 2049 α
347 2019 378 2051 Si
394 2019 530 2052 Christus
545 2028 581 2050 ex
599 2018 711 2060 Spiritu
724 2020 865 2058 creditur,
884 2022 963 2053 Deus
978 2031 1015 2053 ex

190 2066 264 2098 Deo.
282 2078 296 2094 ιι
786 2071 789 2073 ’

1053 1491 1084 1517 ὲκ
1110 1490 1286 1529 Πνεύματος,,
1330 1488 1406 1528 εἴπερ
1460 1490 1528 1517 κατὰ
1575 1491 1604 1517 τὸ
1648 1490 1811 1529 πρόσλημμα
1845 1491 1874 1518 ὲκ

1055 1534 1206 1571 Πνεύματος
1250 1533 1324 1573 ὰγὶου
1365 1534 1409 1561 καὶ
1450 1534 1550 1573 Μαρίας
1585 1536 1634 1567 τῆς
1663 1535 1792 1574 Παρθένου
1827 1536 1874 1564 οὗ·

1055 1578 1099 1610 τός
1119 1579 1201 1614 ἔστιν,
1218 1579 1254 1609 ὡς
1283 1579 1327 1605 καὶ
1362 1577 1438 1608 αὒτὸς
1462 1579 1630 1616 παρακατιὼν
1660 1580 1674 1607 ὁ
1702 1579 1775 1618 ἆγιος
1790 1579 1873 1619 λὲγει,

1055 1623 1079 1650 τί
1104 1622 1253 1660 συμϐάλλον
1277 1623 1311 1655 ἦν
1347 1628 1406 1652 τοῖς
1441 1621 1490 1655 τὴν
1519 1622 1596 1660 ῥῆσιν
1625 1621 1782 1663 διαφθείρασι
1810 1624 1876 1663 πρὸς

1055 1668 1084 1694 τό
1099 1667 1138 1704 μὴ
1154 1667 1225 1695 εἶναι
1260 1668 1291 1695 τὸ
1316 1669 1421 1703 Πνεῦμα
1449 1665 1479 1694 ἐκ
1499 1670 1544 1694 τοῦ
1566 1670 1700 1707 Χριστοῦ;
1731 1667 1792 1696 Εἴτε
1826 1669 1877 1708 γὰρ

1056 1711 1085 1739 ἐκ
1111 1713 1158 1740 τοῦ
1186 1712 1299 1752 Πατρὸς,
1325 1710 1382 1739 εἴτε
1410 1710 1440 1738 ἐκ
1460 1714 1506 1738 τοῦ
1533 1711 1683 1748 Πνεύματος
1711 1713 1877 1741 πιστεύεσθαι

1055 1757 1100 1784 τὸν
1116 1757 1243 1796 Χριστὸν,
1281 1757 1346 1784 Θεὸν
1375 1756 1405 1783 ἐκ
1425 1758 1491 1784 Θεοῦ
1506 1756 1519 1783 ὁ
1541 1755 1615 1795 ἅγιος
1642 1755 1704 1796 ἔφη.
1721 1757 1755 1785 Τὸ
1771 1757 1833 1796 γοῦν
1849 1757 1878 1785 ἐκ

1055 1801 1100 1829 τοῦ
1130 1805 1241 1841 Χριστοῦ
1277 1801 1346 1829 εἶναι
1381 1800 1411 1828 τὸ
1441 1802 1545 1837 Πνεῦμα
1580 1800 1667 1834 πάντη
1707 1804 1796 1841 σαφῶς
1823 1800 1877 1829 διε-

1057 1847 1184 1884 τράνωσε,
1226 1847 1269 1875 καὶ
1305 1846 1406 1883 ἔμεινεν
1447 1845 1464 1877 ἡ
1506 1846 1659 1885 παραφθορὰ
1700 1848 1748 1879 τῆς
1775 1846 1878 1884 ῥήσεως

1057 1889 1130 1918 οῦδὲν
1157 1891 1248 1923 αὐτοῖς
1283 1889 1459 1918 συντελέσασα
1495 1889 1531 1920 εἰς
1573 1891 1738 1924 κατασκευὴν
1766 1894 1811 1918 τοῦ
1839 1891 1879 1928 μὴ

1056 1941 1125 1963 εἶναι
1166 1937 1196 1964 τὸ
1238 1939 1344 1972 Πνεῦμα
1363 1934 1393 1962 ἐκ
1421 1936 1466 1961 τοῦ
1493 1936 1614 1972 Χριστοῦ.
1653 1934 1736 1964 Ἀλλὰ
1771 1935 1814 1962 καὶ
1848 1937 1880 1964 τὸ

1055 1979 1148 2019 ἐφεξῆς
1177 1980 1341 2020 ἐπαγόμενον
1381 1979 1425 2020 τὸ,
1466 1986 1481 2006 (
1510 1977 1528 2011 ἢ
1557 1977 1618 2017 παρ’
1647 1978 1812 2019 ἀμφοτέρων,
1842 1979 1880 2012 ὥς

1055 2018 1135 2063 φήσιν
1164 2026 1177 2053 ὁ
1205 2018 1329 2065 Χριστὸς,
1347 2036 1360 2052 α
1379 2018 1418 2052 ’Ὀ
1440 2022 1511 2060 παρὰ
1539 2027 1584 2051 τοῦ
1618 2018 1721 2063 [ἰατρὸς
1737 2024 1880 2062 ἐκπορεύε-

1055 2079 1109 2105 ται,
1125 2070 1168 2098 καὶ
1196 2071 1271 2101 οὗτος
1301 2069 1331 2097 ἐκ
1354 2073 1400 2097 τοῦ
1422 2065 1487 2094 ἑτῖοὖ
1508 2065 1634 2107 λήψεται,
1660 2079 1674 2096 ι
1698 2067 1802 2102 πολλὴν
1829 2069 1880 2103 τὴν

182 2110 272 2140 ἄνοιαν
287 2116 435 2150 κατηγορεῖ
449 2110 494 2138 τὸν
511 2110 568 2137 ἀντὶ
583 2114 629 2139 τοῦ
651 2110 748 2150 εἰπεῖν¹
767 2122 780 2137 (ι
797 2110 827 2139 ἐκ
841 2114 887 2138 τοῦ
903 2112 1004 2151 Πκτρὸς
1020 2114 1186 2142 πιστεύεσθαι
1202 2115 1247 2142 τὸν
1261 2115 1384 2154 Χριστὸν,
1407 2116 1472 2141 Θεὸν
1487 2109 1518 2138 ἐκ
1533 2114 1610 2151 Θεοῦ,
1624 2124 1638 2140 ν
1653 2112 1798 2152 λεγόντων,
1819 2129 1831 2143 α
1851 2117 1880 2145 Εἰ

183 2156 211 2185 δὲ
239 2156 351 2195 Χριστὸς
367 2155 397 2183 ἐκ
411 2158 458 2183 τσῦ
476 2154 630 2192 Πνεύματος
646 2156 808 2192 πιστεύεται,
827 2156 890 2188 Θεὸς
907 2155 938 2183 ἐκ
960 2160 1036 2188 Θεοῦ,
1056 2170 1070 2185 ,ο

231 2200 280 2232 16.
295 2198 353 2231 Sed
368 2208 440 2230 sane
456 2207 525 2230 vere
541 2207 618 2229 caeca
628 2208 677 2230 res
693 2202 737 2230 est
752 2199 938 2240 improbitas,
954 2209 1011 2230 sae-

1096 2198 1155 2240 tg'.
1174 2202 1248 2232 Ἀλλ’
1281 2203 1362 2234 ὅντως
1395 2202 1490 2242 τυφλὸν
1512 2204 1528 2237 ἠ
1560 2203 1650 2238 κακία,
1679 2203 1722 2230 καὶ
1749 2201 1808 2233 τοὺς
1831 2212 1882 2229 σο-

188 2254 285 2286 peque
297 2243 405 2284 saepius
420 2247 449 2275 et
463 2247 494 2274 ut
512 2243 672 2284 plurimum
688 2245 836 2284 sapientes
848 2244 970 2284 decipit.
983 2244 1018 2275 Ει

189 2289 239 2331 qui
254 2288 460 2321 adulterandis
476 2288 644 2328 codicibus,
658 2297 821 2329 eorumque
837 2289 947 2329 scripto
962 2293 1016 2319 tra.

188 2335 259 2366 ditis
271 2334 359 2365 dictis
375 2343 480 2365 manus
502 2333 709 2374 admoverunt,
727 2343 785 2364 non
799 2334 868 2373 alio,
886 2343 972 2374 quam
987 2337 1018 2364 ut

188 2379 342 2420 propriam
355 2377 572 2410 contumaciam
588 2378 812 2416 tutarentur,ad
824 2379 853 2409 id
870 2378 1017 2418 agendum

188 2424 316 2464 permoti
332 2427 400 2454 sunt
423 2423 484 2454 Nos
500 2432 588 2463 porro
610 2423 671 2463 jam
688 2423 781 2454 dictas
797 2424 1015 2463 corruptiones,

191 2472 221 2499 et
230 2477 332 2499 earum
344 2474 512 2499 commenta
525 2467 620 2498 iutilia
643 2468 816 2506 reteximus,
834 2468 906 2498 illud
920 2472 1019 2499 osten-

192 2512 264 2543 dere
275 2516 429 2550 conantes,
442 2522 502 2543 non
515 2512 625 2543 frustra
642 2521 695 2543 nos
708 2513 884 2551 asseruisse,
903 2517 1019 2554 tempus

191 2556 341 2588 indicasse
355 2556 470 2588 dissidii
486 2557 647 2587 nonnullos
657 2557 686 2587 in
699 2557 901 2588 adulterandis
915 2557 1017 2588 simili-

193 2601 250 2632 bus
265 2601 423 2632 sententiis
438 2611 520 2632 suam
537 2610 658 2641 operam
674 2602 834 2633 collocasse
850 2602 932 2639 Quod
950 2612 1016 2633 cum

192 2646 429 2677 demonstratum
457 2646 505 2683 sit,
534 2646 622 2677 simul
651 2655 768 2687 quoque
780 2647 1015 2678 demonstratum

192 2692 283 2729 venit,
312 2693 528 2733 exemplarium
557 2692 704 2723 librorum
720 2695 819 2733 magni
835 2694 947 2731 Basilii,
966 2695 1016 2724 illa

191 2736 394 2769 commentitia
405 2737 518 2776 esse,in
531 2737 640 2778 quibus
655 2737 764 2769 dictum
775 2748 923 2777 asserens,
945 2750 957 2769 ι(
974 2738 1015 2770 Ex

1059 2248 1120 2288 φοὺς
1153 2250 1205 2277 τῶν
1235 2247 1333 2287 ἀνδρῶν
1356 2247 1466 2288 σφάλλει
1489 2248 1524 2280 ὡς
1546 2248 1579 2276 τὰ
1593 2246 1690 2276 πολλά.
1708 2247 1756 2275 Καὶ
1771 2247 1793 2274 οἱ
1815 2247 1882 2285 πρὸς

1059 2293 1106 2326 τὴν
1139 2293 1307 2332 παραφθορὰν
1350 2291 1526 2332 ἒξενεχθέντες
1566 2295 1619 2320 τῶν
1672 2293 1807 2330 γραφσκῶν
1835 2290 1882 2328 ῥή-

1060 2347 1127 2365 σεων
1148 2339 1195 2367 οὐκ
1217 2337 1337 2378 ἄλλοθεν,
1366 2335 1425 2364 ἀλλ’
1454 2336 1483 2364 ἐκ
1498 2336 1579 2374 μόνου
1606 2337 1652 2364 τοῦ
1679 2334 1816 2373 βούλεσθαι
1839 2335 1882 2362 οἰ-

1060 2382 1132 2409 κείαν
1154 2382 1299 2420 πεισμονὴν
1327 2381 1456 2415 συστῆσαι
1479 2382 1542 2420 πρὸς
1571 2381 1649 2408 τοῦτό
1671 2390 1701 2419 γε
1734 2378 1882 2418 ἐξηνέχθη-

1061 2437 1118 2456 σαν.
1154 2422 1248 2465 Ἠμεϊς
1272 2425 1298 2454 δὲ
1320 2427 1369 2455 tio
1392 2437 1420 2454 τε
1435 2427 1556 2465 ῥηθείσας
1585 2425 1765 2465 παραφθορας,
1781 2425 1826 2452 τὸν
1853 2435 1882 2452 τε

1060 2471 1102 2500 ἐπὶ
1148 2479 1208 2504 tu“;
1261 2472 1392 2503 τοιαύταις
1448 2471 1631 2510 παραφθοραῖς
1687 2468 1883 2508 διεσαφήσαμεν

1061 2516 1198 2556 ἔλεγχον,⁷
1221 2516 1357 2548 ἀποδεῖξαι
1386 2514 1572 2550 σπουδάζοντες
1603 2515 1639 2546 ὡς
1668 2514 1697 2542 οὗ
1718 2514 1806 2551 μάτην
1821 2512 1882 2540 ἐλέ-

1059 2572 1140 2600 γομεν
1170 2563 1215 2590 τὸν
1242 2564 1290 2594 τῆς
1326 2560 1486 2591 διαστασεως
1521 2559 1618 2599 χρόνον
1653 2557 1785 2591 ἆναόεἴξαί
1811 2558 1883 2590 τίνας

1059 2605 1175 2640 σπουδὴν
1209 2606 1332 2644 θεμένους
1367 2606 1463 2633 οἰκείαν
1503 2604 1552 2638 τὴν
1583 2604 1610 2631 ἐν
1639 2614 1690 2631 τισι
1716 2602 1886 2642 παραφθορὰν

1058 2654 1110 2679 τῶν
1138 2655 1272 2691 γραφικῶν
1301 2651 1438 2691 χρήσεων.
1473 2649 1559 2689 Οὗπερ
1587 2649 1630 2677 καὶ
1665 2647 1886 2686 ἀποδεδειγμένου

1057 2695 1284 2725 συναποδέδεικται
1324 2696 1354 2723 τὸ
1403 2694 1525 2732 ἐψεῦσθαι
1570 2693 1618 2731 μὲν
1659 2693 1691 2721 τὰ
1739 2692 1886 2731 ὰνςίγραφα

1060 2743 1107 2769 τῶν
1141 2742 1187 2769 τοῦ
1208 2740 1323 2780 μεγάλου
1360 2739 1496 2768 Βασιλείιιυ
1521 2737 1630 2777 βίϐλων,
1653 2739 1697 2770 αἷς
1719 2737 1736 2771 ἡ
1769 2746 1784 2766 (
1812 2737 1885 2775 παρὰ
