1953 3074
93 73 135 106 l8l

638 77 686 108 DE
709 70 962 107 PROCESSIONE
984 73 1014 104 S.
1038 74 1223 105 SPIRITUS.

1706 72 1763 104 182

84 143 124 171 τοῦ
150 144 210 172 Υἶοῠ
244 144 276 172 τὸ
310 147 415 181 Πνεῦμα
442 155 454 171 n
478 142 591 182 λέγουσα
609 151 624 172 ε
646 142 711 182 ἕχον
735 142 765 170 τὸ
789 141 859 169 εἶναι
883 151 897 167 ι

982 139 1016 170 [ὶο
1031 139 1173 180 Spiritnm
1184 140 1307 180 habere,
1324 139 1402 180 quod
1413 139 1462 180 sit,
1476 150 1487 168 ι
1505 148 1650 179 nusquam
1665 148 1757 179 appa-

85 187 128 215 οὒκ
148 186 287 227 ἐμφέρεται
311 187 386 227 ῥῆσις
412 197 418 204 ·
441 187 513 225 μάλα
541 186 568 214 δὲ
603 186 752 225 ἆιληθεύειν⁷
775 185 821 216 αἶς
838 184 903 217 αὕτη

84 231 149 259 ἐστὶν
182 231 362 272 ἀνάγραπτος.
391 232 498 263 Γνόντες
527 237 590 269 γοῦν
611 235 691 260 ταῦτα
720 241 785 258 ποτε
807 231 830 258 οἱ
855 229 904 262 τὴν

82 276 204 308 τοιαύτην
234 280 280 304 τοῦ
302 276 417 316 μέγαλου
443 275 580 305 Βασιλείου
598 274 785 306 διαϐάλλοντες
814 275 903 313 ῥῆσιν,

83 321 124 348 καὶ
148 321 213 360 πρὸς
248 321 280 349 τὰ
308 321 444 360 παράλογα
471 322 523 349 τ’ὖν
556 319 760 359 διαπορημάτων
788 328 906 360 παραιρε-

82 365 196 402 ριέμενοι,
228 367 279 405 οὐχ
309 366 346 396 ὡς
374 365 473 393 ἱδιωται
496 365 539 393 καὶ
568 363 672 404 ἄσοφοι,
691 363 750 391 ἀλλ’
777 365 814 395 ὡς
839 363 904 401 πρὸς

81 409 129 442 τὴν
157 408 251 437 ἕνωσιν
286 410 339 438 τῶν
389 409 556 442 Ἐκκλησιόιν
597 408 850 446 ἷόιοπεισμονοῦντες
878 406 904 438 ἐξ

81 453 200 492 ἐριθείας,
254 455 445 483 παυσάσθωσαν
491 454 652 493 ἒπηρεασταὶ
687 455 738 486 τῆς
780 452 904 485 ἀληθείας

80 498 269 531 καθεστηκέναι
310 497 441 532 διακενῆς,
488 499 517 526 Ei
557 496 583 525 δὲ
618 499 662 525 καὶ
690 496 775 525 ἄλλων
804 497 906 535 ῥήσεων

79 545 213 582 γραφικλῦν
241 542 393 582 παραφθορὰ
421 542 525 581 γέγονε,
557 543 601 570 καὶ
639 553 737 574 ταυτην
765 542 779 569 ὁ
810 540 904 580 χρόνος

78 587 145 624 ἡμῖν
159 593 281 626 γνωριεῖ,
310 588 354 615 καὶ
382 588 464 624 ἡμεῖς
488 587 514 615 ἐν
537 585 628 618 ἄλλοις
651 587 728 624 ἡμῶν
747 584 837 623 λόγοις
862 585 904 612 καί

79 631 135 669 περὶ
153 634 206 658 τῶν
221 631 348 660 τοιούτων
370 630 569 669 διαληψόμεθα.

407 686 535 714 nec“.
560 677 602 712 θ’.

79 734 223 774 Πρὸςῗξτοὺς
239 733 425 774 διαποροῦντας
455 735 514 774 περὶ
539 737 594 774 τῆς,
611 731 798 774 εὖρισκομένης
813 731 840 759 ’ἐν
852 743 904 760 τισι

115 773 218 812 βιϐλοις
246 775 399 813 προσθήκης
433 774 490 811 τοῦ,

116 814 307 853 ἐπιρρήματος.

113 859 152 895 α’.
179 861 284 892 Ἐκεῖνο
305 863 332 891 δὲ
367 866 424 895 πῶς
448 863 480 891 ἅν
501 875 540 895 τις
567 861 736 894 ἀνεξέταστον
763 859 899 900 παραδρά-

75 919 130 947 μοι⁷
169 908 234 947 ὅπερ
263 907 391 948 ἐχόμενον
411 911 464 936 τῶν
478 905 714 947 προεξητασμὲνων
741 904 899 944 διηπόρηται

75 963 125 991 παρ
171 954 281 992 αὺτὼν;
303 953 369 983 Φαςὶ
404 952 454 992 γὰρ
495 953 544 991 ὡς,
574 950 650 990 εἴπερ
692 950 794 982 εὐσεϐές
830 949 899 978 ἔστιν

74 997 158 1024 εἰπεῖν
189 996 319 1034 ἀξιώματι
347 997 378 1024 τὸ
404 996 510 1034 Πνεῦμα
525 995 642 1035 δεύτερον
670 1000 716 1024 τοῦ
736 995 807 1032 Υἱοῦ,
833 994 901 1022 διατί

75 1041 99 1069 ἓν
127 1052 182 1069 τισι
220 1042 273 1069 τῶν
302 1040 398 1079 βίϐλων
427 1042 488 1081 οὐχὶ
527 1042 647 1080 καθαρῶς
683 1040 828 1079 εὑρίσκεται
856 1040 898 1076 τὸ,

78 1096 91 1112 α
106 1084 288 1124 Παραδίδωσιν
313 1087 326 1113 ὁ
347 1088 395 1118 τῆς
425 1084 554 1116 εὐσεϐείας
578 1084 669 1124 λόγος,
690 1093 703 1109 ι
732 1083 799 1112 ἀλλά
813 1094 899 1123 προσ-

73 1140 157 1158 κειται
180 1130 227 1158 καὶ
253 1130 283 1158 τὸ
318 1129 384 1162 ἴσως
409 1139 416 1146 ·
445 1130 489 1158 καὶ
517 1129 657 1168 προϊόντος
680 1131 725 1156 τοῦ
752 1127 842 1167 λόγου,
872 1127 898 1156 ἐν

86 1174 100 1185 ν
139 1175 145 1184 ι
186 1173 200 1183 ἰ
420 1174 428 1184 κ
479 1173 507 1202 λι
749 1173 759 1192 ,ν
824 1173 828 1179 1

73 1185 114 1206 οις
136 1185 150 1202 ο
183 1185 260 1211 αγιος
283 1185 451 1213 παρακατιων
497 1184 563 1212 εγει,
597 1184 609 1201 (ι
635 1173 664 1202 Εἰ
685 1173 729 1200 καὶ
752 1171 899 1205 δποϐεϐηκε

72 1219 115 1246 τὸν
140 1219 203 1247 Υἱὸν
224 1221 259 1257 τῇ
286 1217 357 1251 τάξει
387 1220 430 1247 καὶ
456 1222 494 1255 τῷ
509 1217 649 1257 ἀξιώματι,
673 1216 758 1245 οὐκέτ’
785 1217 817 1245 ἆίν
832 1217 900 1245 εἰκό-

71 1273 132 1299 τως,
172 1263 211 1292 ὡς
255 1262 392 1302 ἀλλοτρίας
434 1263 554 1303 ὺπὰρχον
589 1263 720 1303 quies.ng
745 1260 898 1290 ἀκολουθεῖν

71 1306 208 1345 εἴποιμεν,
239 1317 255 1334 »
277 1301 344 1335 διατί
365 1301 523 1347 εὑρίσκεται*
539 1310 582 1335 καὶ
598 1301 652 1342 γτὸ,
675 1320 685 1335 ι
703 1301 756 1334 ’ἶν’
771 1305 839 1337 ὅλως
854 1306 897 1334 καὶ

70 1353 317 1392 συγχωρὴσωμενς
349 1360 361 1376 ι
392 1353 441 1380 Καὶ
477 1353 500 1379 οἱ
535 1362 582 1388 μεν
613 1352 705 1379 ταῦτα.
745 1346 841 1388 Ἡμεῖς
870 1349 897 1377 δὲ

69 1397 112 1424 καὶ
140 1397 188 1424 τὸν
216 1395 258 1423 ἐπὶ
301 1396 383 1434 ταύτῃ
411 1399 445 1434 τῇ
467 1395 562 1434 ἀπορίᾳ
582 1394 661 1434 λόγον
690 1394 896 1427 ὲξεταστικώτε-

537 786 550 801 «
581 771 661 813 ἴσως,
695 784 707 802 υ
739 771 932 816 διστακτικοῦΒ

945 188 990 214 ret
1008 195 1015 214 :
1032 185 1149 215 sincera
1162 194 1230 216 vero
1245 195 1279 216 ac
1293 185 1417 224 integra,
1434 183 1464 214 in
1479 183 1587 224 quibus
1602 183 1674 214 illud
1688 192 1759 214 exa-

945 232 1040 259 ratum
1056 229 1174 269 legitur,
1195 230 1404 269 resipiscentes
1425 227 1516 267 igitur
1531 227 1699 268 aliquando,
1712 227 1762 267 qui

946 273 1110 312 appositum
1136 274 1235 312 magni
1263 272 1365 304 Basilii
1385 272 1495 303 dictum
1511 272 1716 312 criminantur,
1733 275 1763 303 et

946 318 981 348 ad
998 317 1124 348 absurda
1140 322 1168 347 et
1182 319 1269 358 plane
1284 317 1401 358 stupida
1410 316 1500 347 dubia
1515 316 1763 352 deferuntur,non

946 363 1035 393 veluti
1051 362 1158 395 idiotm.
1177 362 1358 402 indoctique,
1380 361 1430 391 sed
1453 360 1543 391 veluti
1558 360 1765 392 ecclesiastica

945 407 1064 438 unionis
1076 407 1242 447 pertinaces
1257 413 1344 446 alque
1360 406 1487 446 improbi
1498 406 1763 444 hostes,veritatem

947 461 1100 492 perperam
1117 461 1286 492 oppugnare
1301 452 1447 482 desinant.
1458 450 1540 487 Quod
1557 451 1580 480 si
1597 455 1625 480 et
1641 450 1764 480 aliarum

946 496 1159 527 sententiarum
1190 497 1299 536 scripto
1329 495 1571 526 demandatarum
1599 495 1764 526 immutatio

946 540 1022 571 facta
1037 544 1091 577 est,
1109 549 1233 580 eamque
1253 544 1368 579 tempus
1384 539 1470 570 nobis
1485 543 1584 570 notam
1601 540 1716 577 fecerit,
1733 540 1764 572 in

945 585 1010 616 aliis
1026 585 1135 616 nostris
1149 584 1357 626 scriptionibus
1374 583 1588 624 evulgabimus.

946 725 997 756 Ad
1026 734 1086 762 eos,
1117 725 1170 764 qui
1197 723 1362 760 subditam,
1391 723 1427 754 de
1445 722 1609 764 additwng,
1642 731 1708 762 qum
1732 724 1765 754 in

985 762 1141 796 nonnullis
1169 764 1322 795 codicibus
1349 764 1512 803 reperitur,
1545 775 1558 790 α
1577 762 1730 800 Fortasse,
1748 772 1763 793 ›

982 805 1148 836 dubitativi
1163 804 1313 835 adverbii.

984 857 1013 885 t.
1039 854 1114 885 Illud
1143 863 1230 894 porro
1260 862 1387 893 quanam
1413 853 1527 883 ratione
1543 852 1609 883 sine
1623 853 1761 884 examine

941 899 1087 940 quispiam
1114 898 1301 939 praeterierit,
1331 897 1411 938 quod
1436 897 1532 928 verbis
1553 897 1614 937 jam
1631 897 1765 937 proxime

941 943 1113 975 examinatis
1127 942 1268 980 adhaeret,
1282 947 1311 973 et
1326 942 1362 972 ab
1379 941 1494 973 eisdem
1510 941 1540 972 in
1556 940 1678 972 dubium
1695 951 1763 972 ver-

941 988 1012 1019 titur
1021 988 1036 1017 ?
1051 987 1194 1027 Namque,
1208 986 1385 1027 inquiunt,si
1399 986 1482 1026 pium
1494 989 1539 1016 est
1548 986 1764 1026 asserere,Spi-

941 1032 1030 1063 ritum
1042 1032 1183 1071 dignitate
1192 1040 1257 1062 esse
1265 1041 1282 1062 a
1290 1031 1364 1062 Filio
1373 1030 1610 1070 secundum,qua
1622 1029 1660 1061 de
1672 1039 1762 1061 causa

941 1077 972 1107 in
987 1076 1163 1116 quibusdam
1171 1075 1371 1106 voluminibus
1382 1084 1440 1105 non
1453 1083 1525 1115 pure
1538 1079 1625 1115 atque
1635 1075 1764 1114 ingenue

940 1121 1090 1162 reperitur
1100 1121 1185 1158 illud,
1205 1120 1313 1151 «Nobis
1327 1119 1444 1160 pietatis
1459 1129 1557 1150 sermo
1573 1120 1693 1160 tradit,»
1710 1119 1763 1151 sed

941 1166 982 1197 illi
1001 1165 1179 1202 adnectitur,
1209 1165 1364 1196 «Fortasen
1384 1169 1413 1196 et
1429 1165 1610 1205 procedente
1630 1165 1763 1196 oratione

940 1214 1060 1241 sanctus
1077 1218 1244 1241 sermonem
1261 1210 1440 1241 continuans
1455 1209 1538 1247 dicit,
1557 1209 1600 1239 «si
1615 1209 1720 1240 ordine
1734 1213 1765 1240 et

940 1254 1081 1294 dignitate
1096 1254 1246 1285 secundus
1260 1264 1276 1284 a
1292 1254 1366 1286 Filio
1397 1260 1454 1291 est,
1471 1263 1529 1284 non
1543 1258 1642 1284 tamen
1656 1254 1764 1284 verisi-

941 1299 1049 1330 militer
1058 1299 1162 1330 alienae
1172 1308 1237 1330 esse
1249 1303 1361 1330 naturae
1371 1299 1441 1329 inde
1448 1298 1741 1339 consequidicemus,
1749 1310 1760 1328 ι

939 1353 1030 1384 quare
1046 1344 1186 1384 scriptum
1200 1347 1255 1381 est,
1276 1355 1288 1372 α
1303 1344 1340 1375 Ut
1351 1343 1380 1374 id
1391 1353 1509 1384 quoque
1518 1343 1718 1375 concedamus
1729 1346 1759 1375 ?»

937 1388 974 1419 Et
987 1388 1018 1419 bi
1033 1389 1153 1428 quidem
1180 1388 1299 1419 similia.
1327 1387 1386 1419 Nos
1417 1397 1489 1419 vero
1511 1388 1549 1419 de
1564 1388 1648 1419 hisce
1662 1387 1763 1418 verbis

69 1452 113 1479 ρον
142 1440 405 1480 μεταχειριζόμενοι,
439 1439 485 1468 ἀπ’
521 1439 601 1473 αὐτῆς
630 1439 677 1473 τῆς
713 1439 780 1467 κατὰ
808 1442 894 1467 πᾶσαν

982 1433 1155 1464 bitationem
1167 1434 1331 1464 accuratius
1340 1432 1553 1470 examinantcs,
1565 1441 1600 1463 ex
1616 1432 1762 1473 ipsa,qua3

70 1475 190 1524 ανάγκην
219 1475 349 1512 ’νοεῖσθαι
395 1475 591 1522 ἀπαιτουμὲνης
630 1483 729 1515 ἐννοίας
758 1482 895 1515 ἀποδείξο-

982 1478 1110 1508 cessario
1127 1487 1247 1518 prorsus
1262 1477 1454 1516 intelligenda
1465 1477 1673 1514 est,sententia
1685 1486 1764 1507 com-

69 1540 117 1566 μεν
160 1529 316 1569 προσθήκην
355 1529 426 1557 εῖναι
470 1530 511 1565 τὸ,
554 1528 633 1560 ἴσως.
665 1530 694 1557 Οἱ
736 1529 786 1568 γὰρ
828 1529 899 1557 αὐτοὶ

68 1575 111 1602 καὶ
140 1573 280 1613 ἀφαιρέσει
309 1573 406 1606 λέξεων
431 1573 640 1612 ἐκακούργησαν,
665 1574 702 1605 ὡς
730 1572 792 1611 παρ’
822 1573 899 1610 ἡμῶν

67 1617 230 1658 ἀπεδείχθη,
254 1617 282 1645 ἐν
308 1619 352 1649 οἷς
380 1617 568 1657 διαγεγράφθαι
591 1621 669 1646 τινῶν
697 1616 793 1656 βίϐλων
828 1617 900 1656 ἀκρι-

67 1662 121 1695 ϐῶς
137 1663 347 1702 παρεστήσαμεν
365 1663 415 1696 τὴν
443 1662 571 1702 λέγουσαν
598 1663 686 1701 ῥῆσιν,
722 1675 734 1691 σ
750 1662 820 1701 παρὰ
855 1665 900 1689 τοῦ

68 1709 129 1736 Υἱοῦ
157 1707 235 1748 ἔχειν
263 1708 293 1735 τὸ
322 1710 427 1745 Πνεῦμα
456 1708 487 1735 τὸ
515 1707 604 1747 ὁίγιον⁷
634 1718 647 1734 σ
678 1707 720 1734 καὶ
746 1706 898 1746 προσθήκην

69 1751 265 1781 ὲδολιεύσαντυ.

108 1792 147 1834 β’.
166 1797 218 1826 Καὶ
253 1796 313 1835 γοῦν
342 1797 492 1826 εἰπάτωσαν
520 1798 588 1835 ἡμῖν
623 1795 801 1835 ἐρωτώμενοι,
818 1796 897 1823 πόθεν

67 1839 147 1874 δῆλον
170 1841 245 1880 παρὰ
268 1845 315 1870 τοῦ
334 1841 410 1881 ἁγίου
445 1841 613 1879 ἐκδέδομένον
640 1841 711 1870 εἶναι
733 1841 774 1877 τὸ,
803 1839 869 1871 ἴσως
888 1848 895 1878 ;

68 1886 109 1917 τίς
138 1886 195 1913 τῶν
223 1884 359 1923 ἀπαντῶν,
390 1887 434 1918 οἷς
459 1885 536 1925 ἔργον
552 1885 675 1924 ἐπιμελὲς
692 1884 790 1924 βίϐλοις
818 1886 897 1924 ἔγκυ-

68 1929 213 1965 πταζεσθαι
242 1929 424 1969 θεολογικαῖς,
467 1930 574 1970 ἐνέτυχέ
618 1941 667 1958 τινι
697 1930 748 1958 τῶν
775 1928 897 1968 Πατέρων

69 1975 132 2012 μετὰ
176 1978 240 2014 τοῦ,
282 1974 362 2013 ἴσως,
411 1974 575 2014 θεολογοῦντι
611 1974 810 2014 διστακτικῶςς
854 1973 897 2006 Τίς

69 2019 127 2047 ἐπεῖ
154 2030 223 2048 ποτε
250 2024 294 2048 νοῦ
322 2020 409 2058 κύριος
437 2020 481 2048 καὶ
510 2023 622 2059 φρενῷν,
644 2019 671 2047 ἐν
697 2017 833 2057 δισταγμῷ
848 2029 898 2046 τινι

69 2063 134 2095 ὅλως
177 2064 230 2097 τὴν
264 2063 400 2103 θεολογίαν
429 2063 590 2104 προϐαίνειν,
610 2064 691 2092 ὁπότε
719 2064 755 2094 εἰς
784 2062 847 2090 αὐτὸ
868 2063 898 2090 τὸ

941 1522 1182 1562 monstrabimus,
1199 1523 1338 1554 Fortasse
1355 1523 1428 1553 illud
1445 1521 1665 1563 supposititium
1682 1531 1761 1553 esse.

939 1566 1032 1598 Iidem
1046 1568 1123 1599 enim
1140 1571 1169 1598 et
1183 1577 1287 1598 vocum
1302 1567 1492 1608 ademptione
1503 1566 1614 1597 dictum
1623 1566 1762 1606 deprava-

939 1616 1018 1650 runt,
1034 1616 1064 1642 ut
1078 1622 1096 1642 a
1110 1611 1195 1642 nobis
1207 1612 1269 1652 jam
1285 1616 1438 1643 ostensum
1464 1615 1509 1642 est
1521 1611 1552 1642 in
1568 1611 1638 1651 illis,
1655 1610 1762 1652 quibus

939 1657 969 1687 in
985 1656 1137 1687 nonnullis
1153 1656 1304 1687 codicibus
1317 1657 1404 1696 plane
1431 1655 1701 1696 comprobavimus,
1719 1655 1763 1686 di-

939 1705 1018 1732 ctum
1029 1710 1179 1741 asserens,
1194 1710 1227 1731 «a
1235 1700 1310 1731 Filio
1321 1700 1431 1732 habere
1441 1701 1583 1741 Spiritum
1596 1703 1761 1738 sanctum,»

938 1745 1131 1782 subtraxisse,
1148 1749 1177 1776 et
1193 1755 1272 1776 nunc
1287 1745 1439 1776 additione
1454 1745 1669 1776 adulterarum.

978 1793 1008 1822 2.
1025 1790 1121 1826 Quare
1132 1790 1343 1831 respondeant,
1349 1799 1460 1831 quaeso,
1469 1789 1556 1820 nobis
1570 1789 1761 1828 interrogan-

938 1835 1034 1872 tibus;
1059 1835 1193 1871 Quonam
1223 1839 1338 1866 constat
1362 1844 1379 1865 a
1402 1838 1504 1865 sancto
1526 1834 1660 1874 fortasse
1687 1833 1760 1864 illud

938 1880 1065 1911 orationi
1091 1879 1264 1910 annexum?
1292 1879 1364 1915 Quis
1386 1888 1516 1920 unquam
1543 1888 1577 1910 ex
1594 1878 1640 1916 iis,
1655 1878 1763 1919 quibus

938 1925 1068 1956 studium
1094 1934 1185 1955 unum
1216 1924 1372 1964 incumbit,
1389 1928 1559 1955 sanctorum
1578 1923 1764 1963 theologicas

940 1970 1119 2010 scriptiones
1148 1969 1311 2007 evolvendi,
1340 1969 1457 2001 Patrem
1483 1970 1611 2011 aliquem
1627 1969 1762 2007 oﬂ‘endit,

940 2025 1006 2046 cum
1020 2015 1184 2054 theologica
1197 2019 1403 2056 pertractaret,
1428 2016 1566 2055 fortasse,
1579 2014 1664 2055 qnasi
1679 2014 1716 2044 de
1731 2023 1764 2045 re

941 2059 1031 2090 dubia
1044 2060 1228 2090 basitantem
1244 2069 1400 2100 usurpasse
1411 2062 1425 2090 ?
1451 2060 1522 2096 Quis
1535 2067 1664 2100 unquam
1680 2059 1762 2089 afﬁr-

68 2111 113 2142 τῆς
142 2106 278 2140 εὐσεϐείας
314 2108 457 2148 ἀκρότατον
501 2109 525 2137 οἱ
567 2108 614 2142 τῆς
645 2107 803 2141 Ἐκκλησίας
837 2107 897 2134 ταύ-

982 2104 1041 2141 ὼὶῐ,
1059 2105 1222 2135 dummodo
1238 2105 1325 2144 pleno
1338 2108 1458 2144 pectore
1473 2104 1578 2144 sapiat,
1594 2113 1661 2134 cum
1678 2103 1763 2134 dubi-

547 2163 555 2193 ;
588 2151 734 2191 Παράδοσιν
769 2150 897 2183 εὐσεϐείας

70 2196 187 2236 δμέγας
218 2197 355 2228 Βασιλείος
396 2197 445 2231 τὴν
489 2197 565 2236 ῥῆσιν
597 2195 740 2232 ἀποκαλεῖ,
776 2196 819 2223 καὶ
854 2196 896 2230 τὸ,

70 2239 143 2275 ἴσως,
177 2241 373 2282 προστίθησινς
400 2242 479 2270 Ποίαν
510 2241 568 2282 ἔχει
611 2241 660 2274 τὴν
696 2239 848 2268 ἀκολουθίαν
884 2241 897 2267 ὁ

69 2284 172 2324 λόγος;
197 2279 243 2314 ’Ἦ
266 2286 316 2325 γὰρ
344 2279 487 2325 παράδοσις
525 2279 661 2318 ἐὗσεϐείας
690 2286 720 2312 τὸ
748 2285 831 2323 ῥῆμα,
855 2285 898 2312 καὶ

87 2330 92 2339 y
107 2323 111 2324 7
274 2323 277 2325 ⁷
301 2323 311 2340 ζ.
345 2330 357 2340 ν
383 2323 388 2325 ⁷
459 2323 477 2337 "
585 2331 591 2340 κ
659 2331 670 2336 δ
693 2329 705 2338 ιι
788 2328 814 2339 νη

70 2341 105 2360 τις
131 2331 149 2364 ἡ
172 2331 253 2370 χρεία
268 2341 324 2370 του,
347 2342 412 2363 ισως
432 2341 439 2371 ;
481 2335 502 2358 Η
531 2341 597 2368 μετα
626 2342 672 2358 του
695 2340 758 2362 ισως
788 2338 837 2357 εοει
853 2330 898 2357 τὸν

72 2373 147 2413 λόγον
170 2374 366 2415 ἒξενεχθῆναις
405 2375 456 2404 Καί
471 2379 529 2407 πῶς
552 2375 582 2402 ἂν
604 2374 734 2406 εὐσεϐείας
757 2374 898 2411 ὠνομᾶσθη

71 2418 211 2458 παράδοσις
230 2429 237 2459 ;
268 2419 332 2448 Οὗδὲ
354 2420 403 2459 γὰρ
441 2419 502 2448 abdis
531 2419 557 2447 ὲν
573 2419 663 2451 ἄλλοις
679 2419 756 2456 τισὶν,
774 2417 898 2456 οὕμενουν

73 2462 96 2490 ἓν
111 2463 259 2503 θεολογίαις
273 2463 446 2503 λογογραφῶν
462 2475 515 2502 τις,
533 2466 561 2493 Εἰ
581 2465 611 2492 τὸ
626 2462 803 2503 ἆναμιρίϐολον
838 2471 896 2494 τοῖς

72 2507 224 2547 λεγομένοις
276 2510 500 2549 περιποιήσασθαι
542 2508 663 2547 βούλεται
704 2509 745 2545 τὸ,
783 2507 895 2548 παραδί-

72 2550 144 2592 δωσι,
167 2553 213 2581 καὶ
248 2554 291 2590 τὸ,
329 2553 406 2590 ἴσως,
444 2553 571 2588 ἀλλήλοις
598 2552 828 2593 προσεπιπλέξειεν
851 2552 896 2583 ἂν,

73 2595 129 2625 ’κπῖ
144 2598 195 2636 γὰρ
231 2605 289 2629 τοῖς
323 2597 508 2636 ἀξιωματικῶς
538 2598 684 2636 εἰρημένοις
711 2598 754 2625 ’.αἱ
776 2596 896 2635 οὐδεμίαν

69 2163 115 2186 την
145 2152 344 2192 ἐλογογράφουν
371 2152 523 2181 διδάσκαλοι
547 2163 554 2192 ;

72 2640 220 2681 ἆντιρῥησιν
248 2641 404 2682 δεχομένοις
419 2645 450 2672 τὸ
486 2642 672 2682 παραδίδωσιν,
695 2642 757 2682 δίχα
786 2644 833 2676 τῆς
850 2646 896 2670 τοῦ

73 2685 137 2718 ἴσως
160 2688 174 2715 ὁ
197 2686 277 2726 λόγος
293 2688 464 2728 ὑιραινόμενος
487 2689 608 2724 ἀπαιτεῖ,
626 2689 640 2716 ὃ
660 2688 706 2715 τὸν
728 2686 807 2727 λόγον
822 2686 896 2716 ἐκτι-

72 2730 179 2768 θέμενος
209 2731 265 2771 ἐρεῖ
293 2737 432 2772 προσφυῶς
469 2732 549 2769 τήνδε
580 2734 629 2768 τὴν
651 2732 763 2772 ἔννοιαν,
798 2733 816 2767 ἢ
839 2731 897 2761 τόδε

940 2150 1052 2181 talione
1081 2153 1168 2189 atque
1197 2149 1407 2180 incertitudine
1435 2149 1570 2180 restradi
1587 2148 1714 2185 divinas,
1733 2151 1762 2179 et

941 2194 1123 2234 potissimum
1140 2203 1206 2224 cum
1234 2193 1271 2224 de
1287 2193 1403 2234 pietatis
1419 2194 1484 2233 ipso
1500 2193 1611 2223 vertice
1627 2196 1760 2232 agentes,

940 2248 989 2269 eas
997 2238 1137 2269 Ecclesia:
1146 2239 1283 2269 doctores
1295 2239 1403 2278 scripto
1417 2236 1681 2269 commendarent?
1693 2237 1761 2267 Tra-

940 2283 1084 2314 ditionem
1111 2283 1227 2323 pietatis
1255 2292 1378 2322 magnus
1404 2282 1530 2314 Basilius
1547 2281 1658 2312 dictum
1674 2290 1760 2312 suum

940 2331 1102 2367 nuncupat,
1114 2332 1143 2358 et
1152 2327 1281 2367 fortasse
1290 2327 1430 2367 apponit?
1451 2327 1520 2363 Quae
1532 2330 1576 2357 est
1584 2326 1641 2356 ista
1652 2335 1760 2356 conse-

940 2373 1068 2413 quentiae
1079 2372 1173 2403 ratio?
1187 2373 1246 2403 Aut
1271 2372 1352 2403 enim
1368 2376 1412 2403 est
1428 2371 1545 2413 pietatis
1560 2370 1677 2402 traditio
1688 2380 1759 2401 ver-

939 2417 1022 2457 bum,
1039 2421 1067 2447 et
1083 2427 1146 2457 quae
1161 2417 1249 2449 fuerit
1264 2417 1428 2449 necessitas
1443 2416 1522 2448 illius
1539 2415 1763 2448 fortasse?Aut

939 2462 1031 2493 oratio
1047 2471 1113 2493 cum
1135 2462 1184 2493 illo
1205 2464 1332 2501 fortasse
1349 2461 1540 2498 enuntianda,
1557 2465 1586 2492 et
1600 2460 1761 2501 quomodo,

939 2506 1057 2547 pietatis
1073 2506 1191 2537 traditio
1205 2506 1400 2547 appellabitur
1410 2506 1536 2546 ?Neque
1548 2505 1626 2536 enim
1638 2505 1668 2536 in
1680 2505 1759 2543 aliis,

939 2555 1049 2582 tantum
1075 2551 1159 2582 abest
1185 2556 1214 2582 ut
1239 2551 1268 2582 in
1285 2551 1375 2582 rebus
1398 2551 1570 2590 theologicis
1583 2550 1761 2582 sententiam

938 2606 1019 2626 suam
1034 2596 1181 2635 quispiam
1199 2597 1308 2636 scripto
1335 2597 1501 2637 proferens,
1516 2595 1678 2626 dummodo
1691 2604 1760 2626 cer-

943 2645 1003 2670 tum
1017 2645 1103 2680 atque
1114 2641 1267 2671 intlubium
1278 2641 1364 2672 dictis
1376 2642 1617 2682 suiscomparare
1625 2645 1759 2678 conatur,

942 2686 993 2716 illa
1010 2686 1115 2722 trudit,
1145 2690 1173 2716 et
1193 2687 1318 2725 fortasse
1347 2687 1435 2717 simul
1451 2696 1509 2717 una
1525 2685 1759 2727 complicaverit.

939 2731 1044 2770 Magne
1059 2730 1089 2761 in
1106 2730 1192 2762 dictis
1207 2741 1273 2762 cum
1293 2731 1434 2772 dignitate
1449 2736 1478 2764 et
1498 2731 1672 2763 auctoritate
1687 2739 1759 2771 pro-
