1953 3074
181 70 236 103 183

706 69 842 103 JOANN.
860 71 969 103 VECCI
983 71 1038 102 GP.
1055 70 1323 102 PATRIARGHxﬂ.

1802 67 1857 99 184

179 136 257 174 tatis,
274 139 303 166 et
314 136 387 166 nulli
404 135 632 167 contradictioni
653 135 877 172 obnoxiis,illud
895 136 982 167 tradit

1107 136 1191 173 ῥῆμα,
1222 136 1241 170 ἢ
1255 135 1332 171 τήνδε
1359 136 1408 169 τὴν
1430 135 1558 174 σύνταξιν,
1588 135 1780 175 παραχωρήσει
1794 133 1862 166 ἴσως

178 179 290 220 absque
304 179 384 211 illius
395 180 524 220 fortasse
531 179 682 210 additione
691 180 818 220 scriptor
829 181 999 219 pronuntia-

178 225 253 254 verit
268 234 275 254 :
291 234 358 255 cum
374 233 441 254 vero
451 233 516 264 quae
527 224 692 254 contexitur
706 224 797 256 oratio
808 224 937 263 fortasse
947 234 998 255 re-

179 268 282 308 quirit,
297 269 346 308 qui
375 269 516 308 scriptum
532 269 680 305 enucleat,
704 269 858 309 aptissime
877 269 996 304 dixerit,

181 312 258 344 hanc
271 313 456 350 sententiam,
485 313 530 343 vel
546 313 603 344 hoc
617 312 751 350 verbum,
775 314 820 344 vel
836 314 912 344 hanc
924 323 998 344 con-

180 357 384 394 structionem,
391 357 540 396 permittet
549 357 671 388 fortasse
682 358 835 394 oratio,vel
844 358 998 399 concedet,

180 401 224 432 vel
241 401 393 440 prabebit,
411 402 456 432 vel
472 402 542 442 quid
559 402 658 433 simile
673 411 707 432 ex
722 403 770 440 iis,
782 411 847 442 quae
863 402 961 433 verbis
974 407 1002 433 et

179 445 330 475 adverbiis
341 445 440 476 dubiis
451 445 789 477 connectuntur.Nullus
798 446 896 486 itaque
907 456 1002 477 rema-

179 494 230 520 net
244 489 439 529 locus,neque
454 491 593 529 fortasse,
605 499 714 530 neque,
728 495 760 521 ut
772 491 802 521 id
813 499 930 530 quoque
938 500 1002 521 con-

179 534 332 571 cedamus,
348 534 496 573 cngitandi
518 544 534 564 a
549 543 655 574 magno
670 534 779 566 Basilio
790 535 820 565 in
833 535 896 574 jam
912 535 1001 566 dictis

179 578 353 617 theologicis
382 579 517 618 apposita
532 579 634 616 fuisse,
654 583 682 609 et
697 580 750 610 hac
763 579 879 610 ratione
895 588 999 610 conse-

1041 181 1054 208 ὁ
1075 179 1154 219 λόγος
1183 179 1201 213 ἢ
1238 180 1407 220 συγχωρήσει
1441 180 1521 217 ἴσως,
1556 180 1574 213 ἢ
1603 179 1753 219 ἐκχωρήσει
1780 177 1860 214 ἴσως,

1040 224 1057 258 ἥ
1091 236 1116 252 τι
1150 227 1214 262 τῶν,
1243 224 1294 252 ὃσα
1329 231 1388 256 τοῖς
1423 223 1601 256 διστακτικοῖς
1639 223 1862 260 ἐπισυμπλεκεται

1039 270 1138 308 ρἦασι
1167 279 1196 297 τε
1230 269 1273 297 καὶ
1313 269 1499 308 ἒπιρρήμασιν.
1542 270 1596 298 Οὐκ
1627 267 1686 308 ἔχει
1713 272 1775 306 γοῦν
1802 276 1862 294 τινα

1040 314 1132 353 χώραν
1159 314 1190 341 τὸ
1211 312 1289 351 ἴσως,
1320 315 1363 342 καὶ
1384 315 1414 342 τὸ
1442 312 1478 341 ’ἕν’
1501 313 1570 345 ὅλως
1604 313 1647 341 καὶ
1674 311 1862 351 συγχωρήσω-

1043 369 1103 396 μεν,
1133 358 1233 386 οἴεσθαι
1262 359 1332 396 παρὰ
1365 362 1411 386 τοῦ
1451 358 1566 397 μεγάλου
1594 356 1729 386 Βασιλείου
1755 354 1860 383 ἐκδεδό-

1043 404 1102 430 σθαι
1123 402 1165 430 ἐπὶ
1195 404 1244 436 τῆς
1273 402 1413 442 εἰρημένης
1447 402 1594 441 θεολογίας,
1623 402 1672 430 Καὶ
1687 401 1755 429 οὓτω
1768 399 1861 428 λοιπὸν

1041 447 1108 474 κατὰ
1128 448 1159 474 τὺ
1187 447 1274 480 πάντη
1304 446 1409 485 βέϐαιον
1437 447 1605 488 ἀναφαίνεται
1633 444 1678 474 ἀπ’
1709 445 1790 478 αὐτῆς
1810 446 1860 477 τῆς

1042 492 1108 519 κατὰ
1130 495 1216 519 πᾶσαν
1245 491 1362 530 ἂνάγκην
1395 493 1509 520 νοεῖσθαι
1544 490 1740 528 ἀπαιτουμένης
1762 488 1861 520 ἐννοίας

1042 536 1194 574 παραθήκην
1222 536 1292 564 εἶναι
1314 537 1356 575 τὸ,
1400 535 1479 574 ἴσως,
1515 536 1559 564 καὶ
1595 537 1626 564 τὸ
1654 533 1692 563 ’t'v'
1720 533 1788 565 ὅλως
1817 533 1862 560 καὶ

1042 581 1271 620 συγχωρήσωμεν.

179 628 307 662 quenter
321 627 457 662 tanquam
474 623 672 653 certissimum
689 628 848 662 comparet,
866 633 901 654 ex
917 623 981 662 ipsa
996 633 1061 663 quae
1076 624 1245 655 necessario
1266 629 1296 655 et
1312 624 1408 656 modis
1424 624 1561 656 omnibus
1573 622 1720 655 sententia
1731 621 1861 653 elicitur.

179 667 298 706 fortass,
315 671 355 707 et,
370 671 402 697 ut
415 668 444 698 id
460 676 573 707 quoque
581 667 791 703 concedamus,
809 667 991 698 additionem
1008 677 1083 698 esse.

221 710 330 742 3.1lInd
349 720 434 751 porro
451 711 598 751 quomodo
613 712 867 751 comprehendere
883 721 940 742 non
951 721 1001 751 po-

1081 707 1118 751 γ’.
1137 712 1241 741 Ἐκεῖνο
1256 712 1283 741 δὲ
1311 717 1367 746 πῶς
1397 716 1426 743 οὒ
1448 713 1560 742 συνιδεῖν
1580 712 1672 752 ἔσχον,
1688 711 1752 750 ὅπερ
1767 712 1784 745 ἡ
1800 711 1863 738 ἐπα-

181 755 393 794 tuerunt,quod
406 755 544 786 universa
553 755 684 786 inductio
690 756 982 795 apertissimeastruit

1083 757 1118 796 γὴ
1155 761 1227 786 πᾶσα
1261 759 1417 798 παρίστησιν
1447 759 1563 798 ἐναργῶς
1580 768 1588 798 ς
1607 758 1636 786 Εἰ
1651 757 1700 802 γαρ
1714 755 1859 802 δυσχερῶς,

180 799 296 830 Etenim
309 799 334 829 si
349 799 519 840 difﬁculter,
533 804 565 830 ut
580 800 637 840 ipsi
652 800 744 839 aiunt,
761 805 789 830 et
799 800 954 837 violenter,
973 805 1001 831 et

181 848 212 874 ut
226 843 371 884 quispiam
386 844 498 875 diceret
512 844 679 880 invitum,et
691 849 791 875 coacte
807 844 863 874 sibi
876 844 1000 884 permit-

180 892 290 919 tentem
306 897 323 919 a
351 898 383 918 se
406 889 470 929 ipso
499 893 633 919 sanctum
657 889 816 919 extorsisse
831 889 921 919 verba
936 889 997 925 illa,

180 932 321 972 Spiritum
352 941 416 963 esse
446 933 612 964 secundum
629 942 646 963 ιι
668 932 742 963 Filio
770 933 924 972 dignitate,
942 943 1000 974 qua

179 977 294 1007 ratione
308 977 485 1008 sententiam
507 978 592 1007 istam
617 977 841 1014 constabiliens,
858 977 998 1008 totdein-

180 1030 250 1061 ceps
265 1021 302 1052 de
313 1021 451 1052 secundis
464 1021 614 1061 dignitatis
625 1022 758 1060 partibus
771 1022 998 1059 verbainfercit,

180 1069 286 1096 utnon
302 1069 413 1096 tantum
430 1066 576 1096 secundas
600 1065 667 1096 Filii
694 1070 792 1105 partes
807 1075 824 1096 a
851 1067 936 1097 Patre
963 1067 1000 1097 ad

180 1109 373 1140 dicendorum
391 1110 595 1150 probationem
607 1115 780 1148 assumeret,
804 1111 856 1141 sed
871 1112 1000 1142 similem

181 1154 352 1194 angelorum
368 1159 502 1186 naturam
518 1156 641 1195 insuper
660 1155 795 1189 adderet,
814 1161 844 1186 et
860 1156 1002 1196 pleraque

181 1198 219 1230 de
234 1208 336 1229 eorum
352 1199 544 1238 dignitatibus
558 1199 668 1239 scripto
684 1200 1000 1240 consignaret,quous-

183 1252 241 1284 que
250 1243 367 1274 tandem
381 1248 409 1275 et
424 1244 498 1274 illud
510 1244 1002 1285 pronuntiaret,«Nonomne,quod

183 1287 289 1318 osdine
299 1292 329 1318 et
338 1288 479 1327 dignitate
492 1288 654 1319 secundum
667 1292 716 1319 aut
732 1289 850 1319 tertium
862 1289 1002 1326 est,idem

184 1335 213 1362 et
228 1332 373 1363 diversam
390 1336 526 1363 naturam
543 1332 654 1364 habet?
670 1344 683 1360 η
712 1332 743 1364 Si
759 1337 860 1364 coacte
883 1338 1002 1364 sanctus

1042 803 1078 833 ὡς
1095 802 1168 830 αὗτοί
1195 813 1269 842 φασι,
1306 803 1350 831 καὶ
1365 803 1410 831 σὺν
1431 804 1487 841 βίᾳ,
1518 804 1572 842 καὶ,
1609 803 1646 833 ὡς
1673 801 1704 828 ἄν
1724 811 1764 832 τις
1794 800 1860 839 ἐρεῖ,

1041 847 1108 874 κατὰ
1142 857 1200 874 τινα
1229 847 1349 875 ἀκούσιον
1374 848 1565 887 παραχώρησιν
1603 846 1705 879 ἐδέξατο
1740 846 1754 873 ὁ
1786 845 1861 883 ἆίγιος

1041 891 1125 918 εἱπεϊν
1171 891 1202 919 τὸ
1246 895 1351 929 Πνευμα
1393 891 1509 931 δεύτερον
1559 893 1604 920 τοῦ
1640 890 1700 919 ι’ίοῦ
1721 889 1860 926 ἀξιώματι,

1040 938 1097 966 πῶς
1124 934 1165 964 διὰ
1193 936 1241 968 τὴν
1269 935 1318 969 τῆς
1351 935 1454 968 ἐννοίας
1483 937 1579 970 ταύτης
1614 934 1780 967 κατασκευὴν
1814 944 1862 961 το-

1040 982 1132 1007 σοῦτον
1161 979 1254 1019 ἐφεξῆς
1281 982 1340 1013 τοῖς
1368 981 1426 1020 περὶ
1447 984 1492 1009 τοῦ
1508 981 1535 1009 ἐν
1570 983 1608 1018 τῷ
1633 979 1767 1016 δευτερείῳ
1781 977 1862 1010 ἀξιώ-

1041 1035 1124 1054 ματος
1160 1023 1350 1061 ἐμπλατύνεται
1376 1024 1478 1064 λόγοις,
1504 1026 1540 1057 ὡς
1569 1025 1607 1062 μὴ
1637 1024 1717 1062 μόνον
1738 1025 1768 1052 τὸ
1797 1023 1863 1062 πρὸς

1041 1069 1086 1095 τὸν
1116 1068 1219 1106 Πατέρα
1241 1067 1386 1109 δευτερεῖον
1414 1073 1460 1097 τοῦ
1497 1070 1557 1099 Υἰοῦ
1571 1070 1607 1101 εἷς
1629 1068 1805 1107 γατασκευῆν,
1828 1068 1865 1094 ὦν

1042 1111 1129 1150 λέγειν
1163 1111 1301 1153 ἠϐούλετο,
1332 1113 1511 1153 παραλαϐεῖν,
1541 1113 1608 1142 ἀλλὰ
1630 1114 1672 1142 καὶ
1700 1114 1730 1141 τὸ
1752 1111 1864 1152 ὃμοφυὲς

1042 1158 1093 1184 τῶν
1121 1156 1241 1196 ἀγγέλων
1277 1159 1441 1197 προσ-θεῖναι,
1479 1158 1522 1186 καὶ
1556 1157 1643 1186 πολλὰ
1671 1158 1730 1197 περὶ
1757 1160 1809 1184 τῶν
1837 1155 1863 1184 ὲν

1043 1201 1134 1233 αὒτοῖς
1161 1200 1317 1238 αξιωμάτων
1359 1201 1570 1242 λογογραφῆσαι,
1605 1202 1685 1242 μέχρι
1713 1206 1760 1230 τοῦ
1794 1200 1863 1228 ἐπα-

1043 1251 1150 1284 γαγεῖν,
1170 1257 1184 1273 α
1199 1247 1236 1274 Οὖ
1263 1249 1326 1284 πᾶν,
1356 1246 1382 1274 εἴ
1416 1257 1441 1274 τι
1468 1250 1502 1285 τῇ
1522 1245 1591 1279 τάξει
1613 1247 1657 1274 καὶ
1683 1248 1721 1283 τῷ
1735 1245 1863 1281 ἀξιώματι

1044 1288 1162 1329 δεύτερόν
1183 1290 1242 1319 ἆστι
1262 1291 1305 1318 καὶ
1323 1290 1421 1329 τρίτον,
1452 1294 1528 1319 τοῦτο
1556 1291 1600 1319 καὶ
1627 1291 1676 1324 τὴν
1705 1290 1780 1330 φύσιν
1803 1289 1864 1317 ἑτέ-

1044 1345 1090 1371 ραν
1114 1333 1204 1374 ἔχεις
1248 1336 1275 1363 Εἰ
1317 1338 1507 1375 περιστατικῶς
1551 1335 1648 1374 εἰρήκει
1682 1335 1696 1362 ὀ
1732 1333 1806 1373 ἅγιος
1834 1334 1864 1362 τὸ

183 1375 316 1428 dixisset,
328 1377 470 1426 Spiritum
481 1377 643 1428 secundum
656 1386 720 1408 esse
735 1377 835 1427 aF_i_lio
847 1377 982 1418 dignitatt

1084 1383 1150 1416 εῦμα
1172 1378 1288 1418 δεύτερον
1318 1391 1362 1412 τος
1393 1381 1452 1408 Υἱοῦ
1480 1384 1517 1417 τῷ
1557 1380 1697 1417 ἂξιώματι,
1726 1378 1790 1418 ταχ⁹
1833 1378 1864 1406 ἂι

182 1419 308 1452 fortasse
323 1421 413 1452 etiam
429 1422 540 1452 cursim
569 1422 641 1452 illud
666 1422 871 1462 przeteriisset,
888 1426 920 1453 ut
935 1432 982 1453 eui

1083 1425 1088 1450 ἰ
1109 1423 1167 1453 κατ’
1197 1423 1340 1462 ἐπιδρομὴν
1363 1425 1494 1463 παρῆλθεν
1522 1425 1596 1462 αὐτὸ,
1632 1425 1669 1456 ὡς
1696 1425 1740 1452 καὶ
1765 1423 1865 1452 λανθά-

183 1475 312 1506 quoque,
326 1466 376 1506 qui
391 1475 449 1497 non
462 1466 501 1497 ita
513 1470 623 1497 attente
637 1475 700 1497 rem
712 1467 1002 1501 examinassetJalle—

183 1514 239 1541 ret.
257 1510 468 1542 Verumtamen
497 1511 548 1542 ille
577 1511 608 1541 in
637 1511 846 1541 dissertatione
861 1511 898 1542 de
913 1520 947 1542 eo
964 1511 1004 1542 ita

184 1554 336 1596 perdurat,
350 1559 383 1586 ut
396 1565 455 1586 non
480 1559 606 1591 tantum,
629 1559 784 1595 postquam
801 1555 890 1585 multa
904 1555 941 1586 de
955 1556 1004 1586 di-

183 1599 346 1639 gnitatibus
355 1600 529 1640 angelorum
544 1599 903 1639 disputasset,induceret,
923 1599 1004 1631 «Non

184 1644 318 1682 omnino,
334 1644 360 1675 si
375 1644 445 1684 quid
463 1648 508 1675 est
522 1643 627 1675 ordine
644 1647 672 1674 et
687 1643 828 1683 dignitate
838 1645 1002 1674 secundum

183 1691 233 1719 aut
247 1687 382 1726 tertium,
400 1688 518 1719 habebit
533 1692 562 1719 et
586 1692 719 1719 naturam
746 1687 903 1726 diversam,
922 1699 934 1717 ι
952 1688 1004 1719 sed

186 1736 215 1763 et
242 1732 345 1772 paucis
365 1732 530 1772 interiectis
555 1732 688 1770 adderet,
719 1744 732 1760 ο
748 1731 1004 1768 Quemadmodum

185 1776 287 1807 multae
303 1776 472 1807 mansiones
482 1776 561 1817 apud
572 1776 881 1815 Patrem,dignitatum
897 1785 1005 1816 nempe

186 1821 381 1852 diversitates.
399 1820 509 1852 Natura
523 1829 592 1851 vero
608 1820 715 1851 similis
730 1820 902 1860 eorum,qui
912 1821 1004 1859 glori-

184 1865 384 1897 ﬁcantur.Sic
396 1865 527 1905 profecto
543 1867 573 1896 et
588 1864 714 1904 Spiritus
730 1868 851 1895 sanctus
864 1865 1007 1904 dignitate

184 1909 307 1951 quidem
319 1909 458 1940 etordine
469 1909 571 1940 tertius
581 1909 816 1949 est.Accepimus
822 1909 900 1940 enim
908 1910 1005 1949 ipsum

184 1955 303 1986 tertium
318 1963 335 1984 a
350 1953 437 1984 Patre
452 1958 480 1984 et
494 1953 568 1984 Filio
580 1957 779 1994 numeratum,
800 1963 865 1984 cum
877 1954 941 1995 ipse
948 1954 1007 1984 Do-

187 1999 287 2030 minus
303 1999 333 2029 in
352 1997 509 2029 traditione
525 1998 661 2029 salutaris
676 1998 860 2038 baptismatis
872 1998 1008 2029 ordinem

1044 1477 1097 1494 νειν
1119 1467 1216 1506 σχεδὸν
1243 1471 1296 1496 τῶν
1318 1468 1356 1505 μὴ
1373 1469 1459 1502 πάντη
1481 1468 1685 1506 ἐπεσχεμμένως
1707 1468 1769 1497 αὐτὸ
1784 1467 1865 1506 ἐπερ-

1045 1511 1172 1550 χόμενον.
1204 1508 1232 1541 Ὀ
1261 1511 1288 1540 δὲ
1302 1511 1362 1540 ἀλλ’
1386 1512 1454 1541 οὕτω
1482 1513 1599 1551 ἐπιμένει
1625 1519 1686 1545 ταῖς
1714 1513 1773 1550 περὶ
1788 1513 1866 1540 αὐτοῦ

1044 1556 1162 1595 ῥήσεσιν,
1191 1557 1228 1588 ὼς
1256 1557 1294 1593 μὴ
1326 1557 1407 1594 μόνον
1435 1558 1502 1594 μετὰ
1514 1559 1545 1586 τὸ
1566 1557 1654 1586 πολλὰ
1667 1557 1865 1596 λογογραφῆσαι

1044 1600 1102 1638 περὶ
1130 1601 1183 1628 τῶν
1208 1600 1235 1628 ἐν
1263 1600 1386 1640 ἀγγέλοις
1414 1600 1569 1639 ἀξιωμάτων
1597 1602 1753 1640 ἐπαγαγεῖν,
1788 1611 1799 1628 α
1830 1601 1866 1628 Οὒ

1045 1644 1150 1676 πάντως
1179 1644 1205 1672 εἴ
1233 1655 1257 1673 τι
1290 1649 1324 1684 τῇ
1346 1645 1416 1678 τάξει
1451 1647 1495 1674 καὶ
1523 1650 1562 1684 τῷ
1590 1645 1719 1683 ἀξιώματι
1747 1643 1866 1684 δεύτερόν

1046 1687 1100 1715 ἐστι
1128 1689 1171 1716 καὶ
1197 1689 1281 1727 τρίτον
1303 1691 1390 1726 τοῦτο,
1422 1691 1464 1718 καὶ
1491 1690 1540 1724 την
1567 1690 1643 1730 φύσιν
1658 1689 1747 1729 ἑτέραν
1763 1688 1832 1730 ἔχει,
1851 1699 1862 1715 ιι

1046 1731 1129 1760 Ἀλλὰ
1154 1733 1197 1761 καὶ
1224 1733 1295 1765 αὖθις
1330 1733 1388 1770 μετ’
1424 1733 1499 1773 ὀλίγα
1527 1727 1706 1774 προσθεῖναι(
1726 1744 1740 1760 (ι
1758 1727 1866 1772 ιὨσπερ

1045 1776 1141 1805 πολλαὶ
1163 1778 1240 1815 μοναὶ
1267 1789 1337 1818 παρα
1365 1782 1402 1816 τῷ
1430 1779 1521 1818 Πατρὶ,
1557 1778 1690 1807 τουτέστιν
1711 1777 1868 1815 ἀξιωμάτων

1046 1820 1190 1861 διαφοραί·
1222 1822 1298 1862 φύσις
1332 1822 1359 1850 δὲ
1382 1823 1458 1859 ὁμοία
1487 1824 1539 1851 τῶν
1569 1821 1745 1860 δοξαζομένων
1763 1830 1770 1837 ”
1800 1821 1868 1850 οὕτω

1047 1864 1169 1900 δηλονότι
1209 1867 1253 1894 καί
1300 1867 1331 1895 τὸ
1356 1870 1463 1905 Πνεῦμα
1504 1867 1534 1895 τὸ
1557 1867 1634 1906 ἅγιον
1663 1865 1790 1903 ἀξιώματι
1819 1865 1867 1903 μὲν

1047 1909 1194 1944 ὒποϐέϐηκε
1235 1911 1278 1939 καὶ
1333 1911 1423 1944 τάξει⁸
1472 1910 1672 1950 παρειλήφαμεν
1714 1911 1764 1949 γὰρ
1805 1911 1868 1938 αὐτὸ

1048 1955 1133 1994 τρίτον
1161 1956 1213 1984 ὰπὸ
1245 1956 1346 1994 Πατρὸς
1387 1957 1431 1984 καὶ
1468 1957 1527 1984 Υἱοῦ
1560 1956 1759 1995 ἀριθμούμενον,
1789 1956 1868 1984 αὖτοῧ

1049 2005 1095 2029 τοῦ
1123 2000 1215 2039 Κυρίου
1243 2000 1269 2028 ἐν
1304 2003 1338 2034 τῆ
1359 1999 1500 2040 παραδόσει
1535 2004 1581 2029 τοῦ
1610 2000 1739 2039 σωτηρίου
1767 2000 1868 2028 Βαπτί-

184 2043 353 2075 tradiderit.
383 2042 417 2073 In
445 2047 581 2074 naturam
612 2047 710 2074 autem
730 2043 846 2073 tertiam
862 2052 879 2074 a
893 2043 982 2074 Filim

1083 2055 1149 2076 ato:
1177 2044 1394 2083 παραδεδωκότος
1429 2047 1476 2079 τὴν
1497 2044 1569 2077 τάξιν
1597 2045 1633 2076 εἷς
1661 2045 1735 2083 φύσιν
1755 2042 1782 2071 δὲ
1809 2054 1868 2072 τινα

185 2090 273 2121 Patre
288 2088 437 2128 dejectum
465 2086 608 2128 Spiritum
631 2095 776 2127 nusquam
793 2087 969 2118 audivimus.
987 2099 1001 2115 »

185 2133 310 2166 Huncne
324 2133 356 2163 in
372 2132 504 2172 modum,
521 2132 571 2172 qui
586 2131 723 2171 dogmata
745 2131 872 2169 tradunt,
890 2131 920 2162 in
937 2141 1005 2162 ser-

186 2186 291 2210 mones
316 2177 517 2213 etfunduntur,
547 2185 614 2207 cum
643 2176 788 2207 violenter
803 2181 890 2217 atque
905 2180 1005 2208 coacte

184 2223 222 2254 de
237 2223 296 2254 illis
311 2221 369 2253 sibi
381 2230 550 2253 sermonem
568 2221 693 2252 concedi
717 2221 924 2261 cognoscunt?
939 2222 1005 2252 Non

183 2271 228 2300 est
242 2269 385 2305 hoc,non,
402 2266 531 2297 Facilius
547 2265 627 2297 enim
643 2274 709 2297 esse
725 2270 845 2297 sanctus
856 2266 1004 2306 expediis-

183 2317 239 2351 set,
253 2314 461 2344 demonstrans
475 2311 547 2342 falsa
561 2320 694 2342 asserere
707 2319 787 2347 eum,
796 2310 847 2350 qui
862 2310 1003 2350 Spiritum

184 2358 349 2389 secundum
376 2366 392 2387 a
406 2356 481 2388 Filio
506 2356 612 2386 ordine
626 2359 655 2386 et
669 2355 810 2395 dignitate
826 2354 1002 2393 afﬁrmabat,

183 2411 272 2443 quam
289 2401 315 2431 si
329 2399 620 2441 admittensSpiritus
630 2400 728 2431 aFilio
741 2403 838 2440 partes
847 2400 1003 2438 secundas,

183 2454 374 2486 summopere
385 2444 682 2485 elaboraret,adillud
697 2445 1002 2482 commonstrandum,

183 2499 311 2532 quanam
335 2489 450 2520 ratione
473 2489 551 2530 quod
567 2493 612 2520 est
627 2489 732 2520 ordine
747 2493 776 2520 et
798 2489 939 2528 dignitate
954 2498 1005 2520 se-

183 2534 325 2571 cundum,
342 2543 402 2564 non
415 2533 494 2564 idem
510 2538 590 2565 esset
605 2538 633 2565 et
648 2538 752 2564 natura
766 2534 942 2566 secundum.

223 2581 254 2611 4.
270 2578 323 2609 His
340 2579 438 2618 itaque
455 2577 643 2608 mendacium
659 2581 758 2618 aperte
771 2577 1005 2618 deprehenditur

183 2623 380 2656 asserentium
396 2627 523 2654 asancto
536 2622 709 2654 adverbium
720 2623 845 2660 fortasse
853 2622 930 2662 quod
943 2622 1003 2653 haz-

183 2669 351 2701 sitationem
360 2667 693 2708 ingenerat,appositum
707 2666 916 2698 fuisse.Totum
927 2667 1006 2697 enim

183 2714 236 2749 ille
261 2711 392 2744 studium
407 2711 577 2743 conferebat
592 2721 692 2749 suum,
714 2711 749 2742 ad
766 2711 839 2742 illud
861 2711 1007 2742 amolien-

1045 2090 1134 2127 τρίτην
1163 2088 1216 2117 διπό
1250 2089 1310 2117 Υἱοῦ
1341 2090 1384 2118 καὶ
1417 2090 1518 2129 Πατρὸς
1537 2087 1730 2126 ἐκϐαλὶόμενον
1755 2087 1868 2124 οὖδαμοῦ

1046 2134 1248 2170 μεμαθήκαμεν.
1266 2145 1280 2161 ιο
1324 2133 1399 2162 Οῧτω
1438 2140 1499 2166 ταῖς
1541 2134 1645 2172 ρήσεσιν
1688 2134 1711 2160 οἱ
1738 2131 1868 2171 δογματί-

1045 2180 1133 2212 ζοντες
1155 2177 1373 2216 ἐμπλατύνονται,
1410 2180 1455 2210 αἷς
1484 2179 1502 2212 ἡ
1529 2178 1597 2206 κατὰ
1625 2178 1656 2205 τὸ
1691 2177 1775 2215 βίαιον
1803 2188 1869 2215 συγ-

1045 2221 1166 2261 χώρησις
1196 2221 1318 2262 ἔνεστιν;
1351 2223 1404 2251 Οὔκ
1431 2222 1485 2251 ἔστι
1513 2227 1602 2256 τοῦτο,
1629 2222 1676 2250 οὒκ
1703 2220 1769 2251 ἔστι.
1794 2216 1869 2256 Ῥᾷον

1046 2266 1095 2305 γὰρ
1117 2265 1148 2294 ἂν
1184 2267 1216 2304 ᾖν
1243 2270 1280 2304 τῷ
1302 2266 1368 2304 ἁλίῳ
1388 2268 1434 2295 τὸν
1463 2267 1553 2306 ἀγῶνα
1589 2266 1674 2294 πάντα
1699 2263 1868 2304 ἓνδείξκσθαι,

1045 2321 1110 2350 προς
1146 2312 1176 2339 τὸ
1207 2310 1342 2344 ἀποδεῖξαι
1375 2311 1534 2349 ψευδόμενον
1563 2311 1607 2339 τὸν
1633 2311 1663 2338 τὸ
1693 2311 1798 2347 [Ινεῦμα
1814 2307 1870 2336 δεύ-

1045 2366 1120 2395 τερον
1140 2360 1187 2385 τοῦ
1228 2357 1287 2386 Υἱοῦ
1328 2356 1396 2390 τάξει
1437 2367 1466 2384 τε
1502 2357 1547 2384 καὶ
1574 2355 1703 2392 ἀξιώματι
1745 2353 1867 2392 λέγοντα,

1045 2400 1062 2434 ἢ
1092 2399 1224 2438 δεξαμένῳ
1243 2401 1273 2429 τὸ
1301 2402 1366 2441 πρὸς
1394 2402 1439 2429 τὸν
1470 2403 1530 2430 risv
1554 2400 1700 2439 δευτερεῖον
1721 2402 1766 2427 τοῦ
1791 2397 1870 2426 Πνεύ-

1047 2456 1142 2484 ματος,
1172 2444 1263 2473 ἔπειτα
1302 2445 1423 2485 μεγάλην
1465 2446 1598 2474 ποιεῖσθαι
1643 2442 1770 2480 σπουδὴν,
1813 2442 1870 2472 πῶς

1046 2489 1076 2518 ἂν
1100 2488 1270 2530 ἀποδειχθείη
1299 2492 1330 2519 τὸ
1349 2495 1383 2529 τῇ
1413 2490 1482 2523 τάξει
1515 2490 1559 2518 καὶ
1586 2492 1625 2526 τῷ
1653 2487 1781 2525 ἀξιώματι
1810 2485 1869 2514 δεύ-

1046 2545 1119 2572 τερον
1133 2534 1172 2572 μὴ
1188 2535 1231 2562 καὶ
1246 2537 1279 2573 τῇ
1306 2535 1379 2574 φύσει
1395 2534 1512 2575 δεύτερον
1528 2533 1610 2562 εἶναι.

1086 2573 1121 2607 δ’.
1140 2579 1188 2606 Διὰ
1212 2582 1274 2618 γοῦν
1312 2573 1393 2608 ταυτα
1420 2581 1451 2608 τὸ
1469 2573 1472 2575 Ἴ
1493 2578 1587 2616 ψευδος
1615 2575 1748 2616 πρόδηλον
1772 2574 1872 2609 ἀπελή-

1046 2622 1153 2662 λεγκται
1192 2627 1245 2652 τῶν
1275 2623 1406 2663 λεγόντων
1434 2624 1504 2663 παρὰ
1543 2625 1589 2651 τοῦ
1634 2621 1710 2660 ἁγίου
1743 2620 1871 2659 εἰρῆσθαι,

1047 2669 1077 2695 τὸ
1112 2666 1289 2708 διο-τακτικὸν,
1321 2667 1399 2706 ἴσως,
1442 2667 1584 2708 ὲπίῤῥημα,
1618 2669 1694 2694 Πᾶσα
1723 2665 1773 2704 γὰρ
1803 2665 1874 2701 αὒτῷ

1047 2713 1065 2746 ἡ
1081 2711 1182 2746 σπουδὴ
1213 2713 1277 2752 πρὸς
1307 2713 1337 2741 τὸ
1366 2713 1436 2753 παρὰ
1466 2716 1510 2741 τοῦ
1541 2710 1770 2750 Πνευματομάχου
1795 2710 1874 2738 Εὔνο-
