1953 3074
137 102 192 134 189

137 169 261 208 αἱρέσεως
290 169 500 210 θεολογηθείσαις

134 213 202 245 vota;
237 215 322 244 αὐτῶν
359 216 395 246 εἰς

131 257 204 286 Ἐπεὶ
240 262 302 297 γοῦν
331 260 344 287 ὁ

125 303 344 342 προγενεστέρων
373 305 451 332 αὑτοὺ
480 303 611 343 θεολόγων
648 305 808 341 ἀκολουθῶν,

128 345 292 386 ἆπεθάῤῥησε
336 349 486 388 χρήσασθαι
523 347 648 388 ἀγράφοις
697 350 757 389 μὲν,
802 348 952 388 ἐξηρτημέ-

126 402 185 422 ναις
221 390 248 419 δὲ
277 394 326 425 τῆς
362 395 412 420 ιῶν
453 392 635 432 παλαιοτέρων
677 393 818 432 θεολογιῶν
840 393 951 433 ἐννοίας,

129 435 272 474 θαῤῥητέον
287 437 331 465 καὶ
366 437 432 474 ἡμῖν
461 443 522 468 ταῖς
549 437 683 470 τοιαύταις
712 437 796 471 λέξεσι
823 439 950 477 χρῆσθαι,

125 480 163 511 ὡς
187 479 212 513 ἐξ
240 481 319 509 αὒτοῦ
341 482 389 519 μὲν
413 482 463 514 τὴν
493 481 580 521 ἀρχήν
608 481 760 518 λαϐούσαις,
797 483 834 518 μὴ
858 480 953 514 ἀπεξε-

124 524 255 561 νωμέναις
313 525 340 553 δὲ
394 527 443 560 τῆς
485 526 552 554 κατὰ
598 526 647 560 τὴν
691 529 797 566 Γραφὴν
832 525 951 557 εὖσεϐιιὺς

124 567 253 601 διανοίας.

692 107 740 137 DE
765 103 1018 137 PROCESSIONE
1040 105 1070 135 S.
1094 103 1276 136 SPIRITUS.

550 178 676 212 γραφαῖς,
712 171 741 200 ἐκ
781 171 808 200 δὲ
842 171 888 205 τῆς
916 170 942 199 ἐν

1028 175 1203 210 surparunt:
1219 179 1319 201 earum
1336 170 1445 211 quippe
1461 169 1584 209 singulae
1599 170 1688 201 certis
1702 174 1820 211 tempo-

445 214 575 255 ἔγγραφον
620 215 718 244 ἔκθεσιν
754 215 956 256 παραδιδομένη,

395 259 478 298 μέγας
515 259 648 293 Βασίλειος
679 267 739 292 ταῖς
769 260 878 292 ἐννοίαις
905 263 946 288 τῶ-

1031 269 1097 290 nem
1106 259 1371 300 habuere,syllabis
1378 260 1584 294 fortasse,ante
1595 260 1670 290 hanc
1677 259 1721 289 vel
1733 259 1819 290 aliam

857 304 956 337 λέξεσιν
999 308 1114 334 enatam
1131 304 1265 334 haeresim
1284 303 1501 342 intlieologicis
1525 303 1736 343 scriptionibus
1761 313 1818 335 non

1769 104 1823 136 190

999 215 1082 245 ribus
1097 215 1132 246 ad
1148 215 1326 246 refellendas
1351 224 1456 245 recens
1472 219 1586 245 exortas
1602 215 1740 252 haereses,
1758 215 1820 245 ori-

998 347 1439 388 comprebensis,verumtamen
1460 357 1494 378 ex
1507 357 1596 378 sensu
1611 357 1710 379 earum
1727 357 1819 387 expo-

995 392 1067 426 sitae,
1084 392 1252 432 scriptoque
1269 393 1463 423 demandatie.
1493 392 1566 422 Cum
1583 392 1672 431 igitur
1697 401 1819 430 magnus

996 437 1121 467 Basilius
1130 438 1283 467 sententiis
1292 437 1492 475 theologorum
1502 437 1551 476 qui
1561 445 1627 466 eum
1641 436 1819 476 praeiverunt

995 480 1147 518 insistens,
1166 481 1345 511 dictionibus
1362 491 1420 510 non
1443 481 1561 520 scriptis
1588 480 1628 510 uti
1655 490 1743 510 ausus
1760 484 1815 517 est,

995 525 1046 555 sed
1059 535 1124 564 qum
1138 529 1236 555 tamen
1251 525 1286 555 ab
1302 525 1499 565 antiquiorum
1516 525 1716 563 theologorum
1727 533 1815 555 sensu

994 570 1170 608 penderent.
1183 569 1351 599 audendum
1360 578 1479 608 quoque
1491 572 1519 598 et
1531 568 1615 599 nobis
1632 569 1732 606 fuerit,
1750 569 1816 599 illas

127 612 248 643 easdem
265 622 354 644 voces
368 622 523 654 usurpare,
541 618 680 655 tanquam
697 624 764 654 quae
778 623 812 645 ex
827 623 861 645 eo
878 613 1057 654 principium
1076 622 1242 653 sumpsere,
1262 622 1316 644 nec
1331 623 1347 643 a
1374 613 1420 652 pio
1437 612 1658 651 Scripturarum
1674 622 1762 643 sensu
1779 622 1813 642 ac

124 660 228 688 mente
241 657 397 688 recedunt.

162 696 197 733 δ’.
215 703 264 731 Καὶ
292 702 338 731 ἵνα
378 704 391 731 ὁ
427 702 505 742 λόγος
551 705 728 744 παραστήσειε
770 703 950 742 καθαρώτεαον

119 745 195 778 ὅπως
225 745 351 786 ἀγράφοις
387 748 436 785 μὲν
457 747 528 776 ἔστιν
563 748 606 777 ὅτε
641 750 654 777 ὸ
693 748 839 782 θεόληπτος
875 749 950 780 οὗτος

121 790 215 829 Πατὴρ
235 792 336 830 εχρῆτο
365 799 425 824 ταῖς
460 792 571 830 λέξεσιν,
602 793 649 821 οὒκ
683 792 893 830 ὰπεξενωμέναις
923 791 949 820 δὲ

119 837 172 867 τῆς
187 835 255 863 κατὰ
283 836 332 869 τὴν
363 837 468 876 Γραφὴν
498 836 620 870 εὖσεϐοὖς
655 837 780 877 διανοίας,
810 837 899 865 ἐκεῖνα
921 836 948 864 δὲ

119 878 295 907 ἐπισκεπτέον
323 881 405 918 ἡμᾶς,
450 881 515 920 ἅπερ
547 882 574 910 ἑν
613 882 713 921 ἀρχαῖς
740 881 864 921 εἰρημένα
895 881 950 910 ἐστὶ

118 927 167 952 τοῦ
202 923 287 962 τρίτου
316 924 396 964 λόγον
418 928 470 953 τῶν
492 926 551 954 κατ’
592 927 718 964 Εὖνομίου
748 925 949 965 ’Λντιῤῥητικῶν

117 967 208 1007 λόγων
222 970 311 1004 αὐτοῦ,
326 969 353 997 ἐν
375 971 417 1001 οἷς
434 969 501 997 οὕτω
527 970 598 1009 λέγει
616 980 623 987 ·
657 984 668 1000 ι
699 969 781 1002 Μόλις
797 971 861 998 ποτὲ
875 982 949 1010 κορε-

117 1014 190 1044 σθεὶς
211 1015 264 1041 τῶν
306 1015 341 1046 εἷς
369 1015 415 1042 τὸν
451 1015 587 1053 Μονογενῆ
629 1014 817 1055 βλασφημιῶν,
848 1014 890 1043 ἐπὶ
918 1015 947 1043 τὸ

121 1060 231 1094 Πνεῦμα
267 1058 297 1085 τὺ
326 1058 402 1096 ἅγιον
432 1059 619 1096 μετελήλυθεν,
658 1059 786 1088 ἀκόλουθα
834 1062 867 1097 τῇ
896 1059 945 1098 ὅλῃ

118 1101 201 1130 αὺτοῦ
235 1102 380 1142 τροαιρέσει
427 1104 470 1131 καὶ
511 1105 569 1141 περὶ
614 1104 704 1132 τούτου
746 1103 943 1142 διαλεγόμενος.

117 1146 218 1185 Γράφει
248 1145 275 1174 δὲ
304 1146 386 1178 οὕτως
404 1155 410 1162 ·
443 1147 604 1186 Ἀρκούντων
638 1147 664 1176 δὲ
712 1149 779 1184 ἡμῖν
818 1152 943 1177 τοσοῦτον

117 1190 178 1228 περὶ
213 1194 259 1219 τοῦ
295 1194 468 1229 Μονογενοῠς,
498 1191 641 1220 ἀκόλουθον
675 1191 706 1219 ἄν
734 1191 791 1226 εἴη,
816 1193 857 1220 καὶ
885 1193 942 1231 περὶ

118 1237 168 1262 τοῦ
193 1233 368 1270 Παρακλήτου
397 1235 489 1264 λοιπὸν
523 1237 618 1272 εἰπεῖν,
648 1235 678 1263 οὔ
708 1247 748 1264 τοι
776 1243 837 1268 ταῖς
853 1235 943 1268 ἀνεξε-

117 1278 226 1310 τάστοις
253 1279 305 1308 τῶν
327 1278 433 1307 πολλῶν
467 1279 672 1312 ἀκολουθοῦντας
698 1279 794 1315 δόξαις,
837 1281 886 1314 τὴν
917 1280 943 1308 δὲ

117 1325 173 1349 τῶν
201 1323 282 1361 ἁγίων
308 1323 336 1350 ἒν
368 1323 449 1352 ἅπασι
478 1323 657 1364 φυλάσσοντας
686 1323 852 1353 διδαάκαλίαν
881 1325 942 1357 παρ’

117 1367 156 1394 ὧν
193 1367 279 1406 τρίτον
316 1368 378 1396 αὐτὸ
422 1367 550 1405 ἀξιώματι
600 1368 646 1396 καί
695 1369 764 1401 τάξει
805 1369 942 1406 μαθόντες,

119 1411 208 1450 τρίτον
225 1411 295 1440 εἶναι
320 1413 363 1440 καὶ
391 1415 425 1450 τῇ
458 1413 531 1453 φύσει
560 1414 781 1450 πεπιστεύκαμεν.
801 1426 813 1441 ι)
843 1413 942 1453 Μέχρις

119 1454 172 1483 ὦδε
196 1456 226 1483 τὸ
252 1456 384 1495 τεμάχιον
413 1458 464 1484 τῶν
492 1457 538 1485 τοῦ
567 1458 694 1495 Εὐνόμιον
714 1458 817 1497 προθεὶς
845 1457 944 1496 λόγων,

115 1499 241 1539 ἐλέγχειν
270 1501 348 1529 αὒτὸν
377 1501 538 1541 ἂπάρχεται,
575 1502 619 1530 καί
647 1513 726 1541 φησιν
744 1512 750 1519 ⁶
771 1514 783 1529 α
816 1497 879 1531 ἸΟτι
897 1503 944 1539 μὲν

114 1545 166 1583 γὰρ
199 1546 246 1573 οὒκ
277 1545 362 1573 οἴεται
397 1544 454 1574 δεῖν
483 1549 516 1579 τῆ
565 1545 637 1584 ἁπλῇ
677 1547 721 1575 καὶ
750 1546 944 1584 ἀνεπιτηδεύτῳ

117 1589 205 1616 πίστει
247 1592 299 1618 τῶν
329 1589 434 1618 πολλῶν
464 1591 600 1630 ἐμμένειν,
629 1591 696 1620 ἀλλὰ
723 1598 860 1631 τεχνικοῖς
889 1603 942 1620 τισι

113 1633 159 1661 καὶ
188 1633 387 1673 σεσοφισμένοις
429 1634 520 1674 λόγοις
563 1635 642 1663 πάλιν
678 1637 743 1675 πρὸς
784 1637 815 1664 τὸ
850 1635 940 1664 δοκοῦν

115 1678 202 1715 ἑαυτῷ
229 1679 431 1718 περακρούεσθαι
473 1680 523 1714 τὴν
565 1679 698 1716 ἀλήθειαν,
734 1681 831 1712 ἱκανῶς
852 1680 877 1713 ἐξ
905 1682 941 1708 ὧν

114 1728 193 1750 εἶπεν
229 1721 374 1757 ἐδήλωσεν.
405 1722 556 1761 Ἀτιμάζων
587 1724 636 1763 γὰρ
676 1725 725 1757 τὴν
746 1727 798 1752 τῶν
835 1724 942 1753 πολλῶν

113 1765 202 1806 δόξαν,
219 1768 237 1805 ᾗ
253 1766 387 1803 δοξάζουσι
414 1769 445 1796 τὸ
474 1772 580 1806 Πνεῦμα
609 1770 640 1797 τὸ
668 1768 754 1807 ἅγιον,
785 1777 942 1808 προσποιεῖ.

112 1821 147 1838 τα
180 1811 230 1844 τὴν
263 1814 316 1840 τῶν
360 1812 441 1852 ἆγίων
490 1812 630 1852 φυλάσσειν
678 1812 860 1851 διδασκαλίαν,
896 1816 940 1842 καὶ

113 1856 175 1887 τοὺς
204 1856 301 1890 ταύτην
333 1857 403 1893 αὒτῷ
442 1856 659 1897 παραδεδωκότας
688 1858 829 1894 ἀποσιωπᾷ
852 1867 861 1876 ⁸
896 1859 941 1887 καὶ

111 1903 157 1927 νῦν
179 1899 245 1939 ἅπερ
270 1900 319 1929 κᾶν
351 1908 410 1933 τοῖς
453 1903 511 1941 περὶ
560 1902 605 1929 τοῦ
655 1905 816 1940 Μονογενοῦς
851 1902 940 1942 λόγοις

112 1947 197 1972 ποιῶν
227 1944 384 1984 ἀπεδείχθη.
414 1946 483 1974 Εἶτά
505 1958 570 1986 φησι
599 1946 670 1985 παρὰ
705 1947 753 1983 μὲν
780 1949 833 1975 τῶν
860 1947 940 1987 ἁγίων

111 1988 294 2026 μεμαθηκέναι
332 1991 362 2018 τὸ
384 1990 468 2029 τρίτον
499 1991 570 2019 εἶναι
599 1991 643 2018 καὶ
671 1994 704 2029 τῇ
741 1991 810 2024 τάξει
839 1993 883 2019 καὶ
903 1995 941 2029 τῷ

110 2032 253 2070 ἀξιώματι,
284 2033 345 2072 παρ’
375 2034 465 2062 ἑαυτοῦ
501 2034 528 2062 δὲ
557 2034 757 2063 πεπιστευκέναι
782 2036 812 2063 τὸ
827 2036 870 2064 καὶ
884 2037 941 2075 τρί-

111 2087 157 2105 τον
194 2076 264 2105 εἴναι
311 2081 324 2086 ’³
381 2079 387 2090 ’
505 2079 538 2096 "
590 2078 610 2094 ’³
666 2080 672 2088 '
717 2078 729 2088 "
872 2081 878 2091 ‘
916 2080 923 2090 ’

294 2090 327 2116 τῃ
355 2089 441 2118 φυσει.
480 2084 555 2111 Τινες
585 2085 612 2106 οε,
652 2090 674 2107 οι
711 2090 793 2118 αγιοι,
836 2091 879 2108 και
915 2092 942 2108 εν

112 2121 199 2150 ποίοις
228 2121 317 2161 λόγοις
352 2123 401 2156 τὴν
442 2121 610 2151 διδασκάλιαν
645 2125 813 2160 πεποίηνται,
857 2125 942 2152 εἰπεῖν

112 2167 161 2194 aint
175 2166 245 2206 ἔχει.
265 2177 276 2191 ι
295 2171 382 2196 Ταῦτα
404 2168 452 2206 μὲν
468 2179 533 2207 προς
547 2168 593 2196 τὸν
619 2171 665 2196 τοῦ
694 2167 822 2205 Εὖνομίου
838 2170 851 2197 ὁ
866 2169 941 2208 ἅγιος

113 2210 197 2250 ἕλεγχ
199 2223 240 2240 ον.

153 2251 188 2285 ε’.
205 2256 242 2283 Σὺ
256 2255 294 2292 δὲ,
312 2257 339 2284 ἓν
356 2257 370 2284 ὁ
385 2255 463 2295 λόγος
493 2258 529 2289 εἰς
557 2255 696 2290 διαιτητὴν
718 2259 770 2284 τῶν
805 2257 942 2296 παρόντων

108 2300 221 2338 ἀγώνων
249 2299 385 2331 ἐκάλεσεν.
414 2300 461 2341 ὅρα
499 2301 574 2332 ὅπως
604 2302 617 2329 ὁ
646 2301 722 2339 ἅγιος
749 2302 794 2329 τὸν
823 2307 940 2331 τοιοῦτον

107 2344 267 2384 μετέρχεται
303 2344 428 2384 ἔλεγχον,
454 2346 497 2374 καὶ
527 2346 589 2374 ὃποι
632 2346 702 2383 αὒτῷ
744 2347 820 2374 τείνει
851 2348 864 2374 ὁ
893 2353 938 2376 τοῦ

109 2388 224 2429 ἐλέγχου
269 2390 368 2422 σκοπός
387 2399 393 2404 ·
438 2389 586 2430 φιλοψευδῆ
633 2390 681 2428 μὲν
729 2391 937 2429 προηγουμένως

108 2433 275 2473 ἐλέγχειτὸν
289 2434 424 2470 κάκιστον,
455 2436 491 2467 ὡς
521 2434 645 2474 λέγοντα,
677 2436 747 2475 παρὰ
775 2437 827 2463 τῶν
856 2436 938 2475 ἁγίων

110 2477 295 2515 μεμαθηκέναι
325 2479 355 2507 τὸ
383 2480 467 2518 τρίτον
510 2486 579 2508 εῖναι
623 2481 653 2508 τὸ
688 2483 793 2517 Πνεῦμα
834 2481 877 2508 καὶ

110 2521 181 2554 τάξει
197 2523 293 2559 καὶτῷ
322 2522 464 2563 ἆξηώματι,
486 2524 530 2552 καὶ
559 2525 644 2552 εἰπεῖν
674 2526 720 2553 οὐκ
754 2524 850 2564 ἔχοντα
875 2526 941 2558 τίνες

110 2567 230 2606 οἱᾶγιοι,
248 2568 291 2595 καὶ
307 2567 337 2595 ἐκ
366 2569 451 2600 ποίοις
482 2568 573 2608 λὸγοις
616 2569 664 2602 τὴν
694 2567 860 2597 διδασκαλίαν
888 2581 939 2598 πε-

110 2611 234 2645 ποίηνται
253 2620 259 2626 “
289 2613 318 2641 οὗ
353 2612 407 2649 μὴν
433 2611 460 2640 δὲ
489 2614 533 2641 καὶ
572 2612 759 2651 ἀποδοκιμάζει
799 2618 879 2643 ταῦτα
907 2615 940 2642 τὰ

108 2655 226 2693 ῥήματα,
257 2657 293 2688 ὡς
321 2659 370 2690 τῆς
399 2656 520 2688 εὐσεϐοῦς
556 2657 670 2690 διανοίας
705 2657 841 2698 ἀλλότρια,
871 2660 938 2698 Πρὸς

108 2698 135 2727 δὲ
151 2701 183 2728 τὸ
207 2701 260 2729 ἀπὸ
287 2704 341 2728 τῶν
367 2702 492 2740 ῥημάτων
522 2703 620 2730 τούτων
653 2702 730 2736 δῆθεν
758 2703 935 2741 συναγόμενον

107 2745 179 2784 παγᾶ
193 2749 240 2774 τοῖ
262 2747 388 2783 Εὔνομίου
413 2747 550 2788 ἀπαντῶν,
579 2747 644 2788 ὅπερ
667 2749 700 2782 ἦν
723 2749 753 2777 τὸ
781 2747 844 2788 παρ’
871 2749 935 2777 ἐαυ-

1032 703 1062 733 4.
1080 703 1114 732 Et
1129 705 1161 732 ut
1175 702 1268 732 oratio
1284 701 1414 741 apertius
1428 701 1575 739 exhibeat,
1600 705 1687 741 atque
1703 710 1814 741 reprae-

992 750 1097 783 sentet,
1135 755 1193 786 que
1219 746 1349 776 rationes
1373 745 1502 779 dictione
1527 755 1584 776 non
1609 745 1734 785 scriptas
1761 745 1815 775 ali-

992 791 1108 830 quando
1126 790 1248 821 numine
1260 791 1374 820 aﬂlatus
1385 789 1432 820 hic
1444 789 1594 829 Pater,sed
1606 790 1652 829 pio
1663 799 1814 820 sacrarum

993 835 1212 875 Scripturarum
1229 835 1328 865 sensui
1344 838 1560 865 consentaneas
1576 834 1748 874 usurpabat,
1765 833 1816 864 illa

991 888 1008 909 a
1024 879 1109 910 nobis
1127 879 1341 910 consideranda
1370 883 1448 918 sunt,
1479 888 1544 918 quae
1572 877 1718 918 principio
1737 877 1815 908 tertii

990 923 1060 954 librt
1071 924 1212 954 adversus
1228 923 1407 954 Eunomium
1423 923 1690 954 Antirrheticorum
1705 922 1814 953 dictata

990 972 1071 1005 sunt,
1089 968 1201 999 scilicet
1219 977 1225 998 :
1247 981 1260 995 α
1278 967 1330 998 Vix
1349 967 1466 997 tandem
1484 966 1675 1006 blasphemiis
1691 967 1720 996 in
1738 965 1810 997 Uni-

989 1013 1121 1052 genitum
1139 1016 1295 1049 saturatus,
1312 1011 1346 1042 ad
1364 1011 1504 1052 Spiritum
1532 1016 1665 1041 sanctum
1682 1011 1809 1051 transiit,

989 1057 1109 1097 totiquze
1125 1066 1186 1088 suae
1201 1062 1401 1087 consentanea
1417 1055 1557 1086 voluntati
1573 1056 1609 1086 de
1635 1056 1698 1095 ipso
1722 1056 1808 1086 etiam

986 1101 1116 1138 disserit,
1132 1101 1173 1131 sic
1188 1101 1303 1138 dicens,
1323 1111 1334 1128 ιι
1354 1100 1427 1131 Cum
1446 1109 1512 1130 vero
1525 1101 1587 1130 haec
1604 1101 1639 1130 de
1653 1099 1810 1139 Unigenito

985 1145 1141 1183 sufﬁciant,
1159 1145 1306 1185 reliquum
1323 1149 1376 1184 est,
1410 1148 1440 1174 ut
1466 1145 1503 1175 de
1529 1144 1681 1175 Puraeleto
1693 1153 1812 1184 quoque

985 1189 1116 1220 dicamus
1129 1199 1135 1220 :
1155 1199 1208 1220 nec
1220 1189 1374 1229 opiniones
1389 1189 1548 1219 multorum
1560 1189 1671 1228 absque
1687 1189 1746 1219 ulla
1757 1198 1809 1229 e3-

985 1234 1164 1265 aminatione
1181 1228 1351 1274 sequemur,
1370 1234 1421 1264 sed
1439 1238 1607 1264 sanctorum
1625 1233 1655 1263 in
1671 1228 1810 1263 omnibus

985 1278 1150 1309 doctrinam
1163 1278 1414 1317 conservabimus,
1431 1287 1448 1308 a
1464 1277 1573 1318 quibus
1589 1287 1655 1308 cum
1670 1278 1810 1317 dignitate

987 1326 1015 1352 et
1030 1323 1135 1354 ordine
1146 1323 1264 1354 tertium
1281 1323 1376 1363 ipsum
1394 1322 1720 1360 didicerimus,tertium
1734 1332 1811 1362 quo-

987 1375 1043 1406 que
1062 1371 1163 1397 natura
1178 1377 1244 1398 esse
1261 1366 1451 1397 credidimus.
1472 1379 1485 1394 »
1504 1367 1612 1398 Adhaac
1629 1375 1724 1406 neque
1744 1375 1811 1396 ser-

986 1421 1106 1442 monum
1137 1412 1388 1442 Eunomianorum
1414 1412 1609 1449 fragmentum
1624 1411 1807 1448 exscribens,

986 1455 1192 1486 refutationem
1228 1456 1306 1486 illius
1341 1456 1423 1486 hisce
1460 1455 1558 1486 verbis
1600 1455 1770 1495 aggreditur
1799 1465 1806 1485 :

990 1511 1000 1526 α
1020 1499 1103 1536 Quod
1121 1501 1208 1539 igitur
1222 1510 1278 1530 non
1297 1505 1388 1540 putet,
1405 1504 1543 1540 oportere
1573 1500 1602 1530 in
1630 1499 1757 1539 simplici
1774 1509 1807 1530 ac

985 1553 1090 1575 secura
1104 1546 1162 1575 fide
1179 1545 1335 1575 multorum
1358 1554 1542 1584 permanere,
1569 1544 1620 1574 sed
1641 1544 1808 1575 artificiosis

984 1589 1159 1628 quibusdam
1176 1599 1210 1619 ac
1226 1589 1414 1619 cavillatoriis
1425 1589 1601 1625 rationibus,
1618 1588 1653 1618 ad
1670 1588 1711 1624 id.
1727 1588 1805 1628 quod

983 1633 1038 1663 sibi
1065 1634 1191 1670 videtur,
1220 1634 1372 1665 veritatem
1403 1642 1504 1664 rursus
1531 1637 1706 1673 commutat,
1737 1632 1808 1663 satis

983 1678 1079 1708 vrrbis
1094 1679 1155 1709 suis
1169 1678 1308 1709 ostendit.
1323 1680 1393 1710 Cum
1413 1677 1491 1708 enim
1509 1681 1679 1708 contemnat
1693 1677 1807 1717 opinio—

983 1731 1050 1752 nem
1066 1723 1299 1763 multorum,qua
1315 1722 1457 1762 Spiritum
1474 1727 1606 1752 sanctum
1626 1721 1804 1760 gloritieant,

981 1771 1150 1798 sanctorum
1177 1777 1209 1798 se
1237 1767 1358 1798 simulat
1381 1776 1557 1797 conservare
1580 1766 1756 1801 doctrinam,
1775 1770 1805 1795 et

982 1814 1058 1841 tacet
1074 1821 1134 1844 eos.
1153 1812 1201 1851 qui
1216 1812 1243 1842 ei
1268 1813 1360 1852 ipsam
1388 1812 1574 1842 tradiderunt
1593 1822 1598 1840 ι
1617 1820 1695 1841 nunc
1717 1812 1804 1841 etiam

983 1865 1017 1885 ea
1039 1855 1102 1896 ipsa
1130 1856 1251 1893 faciens,
1280 1866 1344 1896 quze
1367 1866 1433 1887 cum
1451 1857 1487 1886 de
1503 1855 1659 1895 Unigenito
1684 1856 1806 1885 haberet

983 1900 1160 1934 orationem.
1179 1901 1276 1932 facere
1291 1901 1509 1932 detnoustratus
1525 1905 1568 1931 est
1610 1899 1722 1930 Deiude
1736 1900 1775 1929 ait
1791 1908 1807 1929 a

982 1945 1093 1975 sanctis
1107 1945 1259 1984 didicisse,
1277 1946 1382 1976 ordine
1398 1955 1431 1975 ac
1447 1945 1586 1983 dignitate
1603 1944 1722 1974 tertium
1739 1952 1805 1974 esse

983 1989 1124 2028 Spiritum
1141 2000 1148 2020 :
1165 1999 1179 2020 a
1193 2000 1224 2020 se
1240 1994 1337 2020 autem
1359 1991 1421 2030 ipso
1438 1989 1601 2019 credidisse
1613 1993 1716 2018 natura
1733 1997 1799 2027 quo-

984 2042 1039 2073 que
1052 2034 1169 2065 tertium
1185 2043 1263 2067 esse.
1287 2034 1340 2070 Qui
1366 2044 1433 2065 vero
1450 2035 1491 2065 illi
1521 2033 1614 2065 sancti
1639 2033 1707 2071 sint,
1734 2032 1807 2063 etin

983 2077 1089 2118 quibus
1104 2079 1292 2110 sermonibus
1315 2089 1378 2111 eam
1403 2079 1566 2110 doctrinam
1595 2078 1728 2112 fecerint,
1748 2086 1806 2107 non

985 2123 1202 2162 pote-tdicere.
1221 2137 1233 2152 ›ι
1253 2124 1286 2154 Ει
1299 2125 1345 2155 his
1359 2124 1478 2165 quidem
1494 2128 1611 2155 sanctus
1629 2121 1804 2153 Eunomium

952 2162 974 2186 ι)
984 2167 1102 2198 refutat.

1024 2257 1051 2286 5.
1066 2256 1108 2286 Tu
1125 2267 1224 2296 porro,
1242 2267 1328 2298 quem
1350 2258 1441 2288 oratio
1458 2257 1646 2298 prresentium
1664 2255 1804 2286 certami-

983 2310 1052 2331 num
1079 2301 1224 2332 arbitrum
1251 2312 1302 2332 seu
1323 2302 1454 2342 judicent
1477 2301 1612 2337 instituit,
1635 2299 1803 2335 considera,

983 2355 1109 2386 quanam
1137 2347 1251 2377 ratione
1274 2347 1349 2377 hanc
1377 2346 1584 2376 refutatioan
1612 2345 1758 2385 disponat,
1777 2349 1806 2374 et

982 2400 1108 2430 quonam
1116 2391 1300 2422 refutatiouis
1309 2391 1388 2421 illius
1398 2400 1505 2430 scopus
1519 2390 1668 2429 respiciat,
1679 2389 1803 2428 primum

982 2435 1101 2476 quidem
1119 2440 1146 2467 et
1169 2441 1235 2466 ante
1261 2437 1360 2466 omnia
1381 2436 1541 2476 pessimum
1560 2434 1711 2465 mendacia
1739 2443 1803 2464 me-

983 2490 1100 2510 morare
1128 2481 1285 2515 cruivincit,
1305 2485 1443 2521 tanquam
1472 2480 1520 2521 qui
1544 2480 1652 2510 dicata
1669 2479 1805 2510 Patribus

984 2525 1217 2565 didicisse,Spiri
1225 2532 1230 2556 ἱ
1238 2536 1284 2556 um
1293 2525 1397 2556 ordine
1404 2526 1583 2565 etdignitate
1600 2524 1716 2554 tertium
1726 2534 1802 2560 esse,

984 2579 1039 2600 nec
1056 2570 1147 2610 possit
1160 2570 1291 2602 iudicare
1308 2571 1426 2611 quinam
1439 2571 1468 2601 lii
1480 2570 1681 2609 sanrlisiut,e:
1697 2569 1804 2609 quibus

981 2615 1011 2645 in
1028 2615 1218 2646 sermonibus
1232 2616 1396 2646 dottrinam
1427 2616 1553 2647 similem
1584 2619 1727 2650 asserant,
1747 2624 1803 2644 non

981 2659 1048 2690 ideo
1066 2664 1162 2690 tamen
1180 2660 1267 2691 verba
1294 2661 1355 2691 hinc
1381 2661 1469 2691 veluti
1488 2671 1504 2691 a
1529 2661 1576 2700 pio
1592 2668 1681 2691 sensu
1707 2660 1804 2689 aliena

979 2704 1178 2742 condemnat;
1195 2706 1229 2735 ad
1247 2705 1319 2736 illud
1343 2715 1422 2741 vero,
1451 2706 1528 2746 quod
1559 2715 1591 2735 ex
1618 2705 1803 2743 ejusremodi

977 2749 1075 2780 verbis
1103 2749 1266 2781 Eunomius
1292 2750 1459 2790 colligebat,
1486 2749 1563 2793 quod
1581 2754 1655 2787 erat,
1672 2758 1688 2779 a
1704 2748 1804 2789 seipso
