1953 3074
158 148 215 180 195

688 145 824 178 JOANN.
841 143 951 176 VECCI
966 143 1023 174 ΟΡ.
1040 140 1309 174 PATRIARCHE.

1793 142 1850 175 196

155 217 247 254 ctum,
266 215 457 247 Paracletum.
477 214 504 244 in
524 222 581 253 quo
597 210 744 250 obsignati
767 220 870 241 sumus
886 210 915 240 in

1076 208 1204 244 »άκλητον,
1224 209 1254 236 τὸ
1285 211 1389 254 Πνεῦμα
1411 211 1465 254 ,τῆς
1494 207 1631 250 ἀληθείας,
1655 209 1682 238 ἐν
1710 212 1733 247 ᾧ
1747 211 1847 250 ἓσφρα-

156 258 381 299 redemptionis,
398 258 539 298 Spiritum
557 255 699 292 veritatis,
727 255 867 295 Spiritum
884 255 977 295 adop-

156 302 244 332 tionis
260 302 290 333 in
308 313 365 343 qm-
390 303 563 334 clamamus.
582 300 665 331 Abba
681 301 788 343 Pater,
807 299 856 338 qui
874 299 981 329 dividit

156 349 184 376 et
201 342 358 377 efﬁcaciter
381 350 520 385 operatur
548 345 641 381 dona,
659 352 724 383 quae
743 352 760 373 a
777 342 837 373 Deo
860 343 978 383 dantur,

155 390 288 429 singulis,
314 395 400 430 prout
423 390 494 427 vult,
512 390 546 420 ad
565 389 721 420 utilitatem
737 397 743 419 :
761 387 917 428 Spiritum,
933 388 980 418 in-

155 444 254 474 quam,
274 444 457 475 quaacunque
481 432 745 465 audiveritaFilio
771 432 926 462 docentem
953 437 980 462 et

154 484 395 510 commonentem
426 480 549 509 omnia:
577 478 698 513 bonum,
726 476 922 507 deducentem
949 477 979 507 in

153 532 271 554 omnem
286 524 485 563 veritatem,et
497 523 720 553 conﬁrmantem
737 529 841 551 omnes
856 521 980 551 creden-

155 571 198 597 tes
212 567 246 597 ad
265 567 467 607 cognitionem
484 576 581 597 veram
609 570 637 596 et
652 569 795 601 exactam,
822 570 849 595 et
865 565 977 596 cultum

155 611 208 641 Dei
223 611 316 650 pium,
335 615 364 641 et
390 611 594 642 adorationem
622 609 796 649 spiritalem,
826 613 856 639 et
880 618 977 639 veram

154 656 323 686 confession
333 665 378 685 em
396 655 450 686 Dei
474 655 566 686 Patris
595 654 799 693 unigenitique
815 653 879 693 ejus
899 653 978 690 Filii,

154 699 340 739 Dominique
357 709 391 730 ac
406 699 459 730 Dei
476 700 570 730 nostri
583 699 652 730 Jesu
667 697 775 729 Christi
798 697 831 727 Et
847 698 982 737 haecipsa

154 743 300 783 equidem
317 744 374 774 tria
389 743 510 774 nomina
525 752 659 774 seorsum
672 743 786 781 singula
797 752 878 772 suam
895 751 983 782 pecu-

155 788 258 819 liarem
275 788 432 828 quamdam
451 788 672 828 proprietatem
696 791 797 827 aperte
813 787 982 826 slgniﬁcant

153 841 218 872 qua;
234 833 280 872 pie
296 833 437 863 consider
448 833 491 863 ari
507 833 537 864 in
559 832 633 872 ipsis
651 836 734 872 potes
755 835 842 870 atque
858 832 887 862 in
900 831 984 861 Patre

152 878 272 917 quidem
290 878 454 918 proprietas
474 878 618 913 Patrisjn
638 878 714 909 Filio
731 878 893 918 proprietas
905 877 983 915 Filii,

1021 255 1147 293 γίσθημεν
1189 254 1224 285 εἰς
1261 252 1362 290 ἡμέραν
1405 252 1613 293 ἀπολυτρώσεως
1631 263 1638 270 ⁵
1687 255 1718 282 τὸ
1745 256 1850 292 Πνεῦμα

1021 301 1070 331 τῆς
1087 298 1222 334 υἱοθεσίας,
1259 297 1286 324 ἐν
1321 301 1344 334 ᾦ
1378 297 1519 336 κράζομεν,
1551 297 1662 326 Ἀϐϐᾶὸ
1685 299 1789 338 Πατὴρ,
1818 300 1849 326 τὸ

1022 341 1133 382 διαιροῦν
1161 342 1204 370 καὶ
1232 341 1351 380 ἐνεργοῦν
1372 342 1405 369 τὰ
1431 343 1502 381 παρὰ
1524 342 1568 370 τοῦ
1603 346 1669 371 Θεοῦ
1697 343 1849 383 χαρίσματα

1023 387 1125 423 ἑκάστῳ
1139 387 1204 425 πρὸς
1226 386 1256 413 τὸ
1276 385 1417 425 συμφέρον,
1448 386 1535 419 καθὼς
1563 386 1683 425 βούλεται
1709 397 1715 404 ⁸
1752 388 1782 415 τὸ
1805 386 1848 415 δι-

1022 429 1117 458 δάσκον
1146 431 1189 458 καὶ
1215 431 1416 468 ύπομιμνῆσκον
1441 431 1538 469 πάντα,
1570 431 1618 459 ὃσα
1659 431 1748 460 ἀκούει
1778 431 1849 471 παρὰ

1021 478 1067 503 τοῦ
1102 475 1162 504 Υἱοῦ
1185 484 1192 491 ⁸
1222 476 1252 502 τὸ
1281 475 1389 514 ἀγαθὸν,
1420 476 1450 503 τὸ
1475 474 1586 515 δόηγοῦν
1620 476 1656 508 εἰς
1684 479 1771 505 πᾶσαν
1799 476 1849 504 τὴν

1020 519 1156 557 ἀλήθειαν,
1189 519 1231 547 καὶ
1264 519 1384 559 στηρίζον
1423 521 1522 552 πάντας
1564 520 1625 552 τοὺς
1672 521 1845 552 πιστεύοντας

1019 564 1084 603 πρὸς
1112 567 1208 602 γνῶσιν
1243 563 1360 603 ἀσφαλῆ,
1400 565 1444 592 καὶ
1486 563 1630 603 ὁμολογίαν
1668 564 1775 604 ἀκριϐῆ,
1805 569 1849 597 καὶ

1019 609 1203 647 πρωσκύνησιν
1234 608 1414 644 πνευματικὴν
1451 609 1495 636 καὶ
1535 608 1621 642 ἀληθῆ
1647 613 1713 638 Θεου
1743 610 1847 648 Πατρὸς

1020 655 1064 682 καὶ
1103 659 1149 683 τοῦ
1184 655 1340 693 μονογενοῦς
1385 654 1462 682 αὐτοῦ
1506 655 1565 683 Υἱοῦ
1613 658 1660 682 τοῦ
1689 655 1781 694 Κυρίου
1804 655 1849 683 καί

1022 702 1086 727 Θεου
1120 699 1197 736 ἡμῶν
1232 698 1320 731 Ἰησοῦ
1361 699 1486 738 Χριστοῦ.
1526 699 1573 727 Καὶ
1609 699 1701 727 ἑαυτοῦ
1735 699 1848 727 ἑκάστου

1022 743 1151 780 ὀνόματος
1185 742 1234 776 τὴν
1278 745 1324 770 τοῦ
1371 742 1566 780 ὀνομαζομένου
1599 742 1719 777 ἰδιότητα
1757 744 1848 783 σαφῶς

1023 788 1091 825 ἡμῖν
1113 786 1314 826 διευκρινοῦντος
1335 794 1341 801 ”
1373 788 1416 815 καὶ
1441 787 1499 826 περὶ
1526 786 1636 815 ἕκαστον
1664 791 1717 816 τῶν
1747 788 1849 825 ὀνομα-

1024 831 1141 869 ζομένων
1177 832 1282 863 πάντως
1317 833 1369 858 τῶν
1395 830 1531 870 ἐξαιρέτων
1553 831 1701 869 ἰδιωμάτων
1736 831 1848 864 εὐσεϐῶς

1025 876 1220 915 θεωρουμένων,
1256 879 1303 904 τοῦ
1328 876 1377 913 μὲν
1404 877 1505 915 Πατρὸς
1534 877 1560 904 ἓν
1589 880 1626 913 τῷ
1661 875 1782 914 ἰδιώματι
1803 879 1850 906 τοῦ

153 923 183 953 in
199 923 312 963 Spiritu
331 927 432 953 sancto
450 928 604 962 postremo
620 932 673 952 sua
687 923 821 962 quaedam
840 931 855 952 a
867 923 923 952 duo

1078 921 1140 959 πρὸς,
1156 924 1201 948 τοῦ
1221 919 1249 947 δὲ
1273 921 1332 947 Υἱοῦ
1361 919 1388 947 ἐν
1422 922 1461 956 τῷ
1494 919 1616 958 ἰδιώματι
1643 921 1689 948 τοῦ
1717 921 1788 958 Υἰοῦ,
1804 924 1849 949 τοῦ

152 966 270 998 diversa
286 967 469 1007 proprietas:
485 977 552 997 cum
571 977 668 1007 neque
683 967 810 1007 Spiritus
825 969 923 996 sancti

1078 965 1146 1004 ὶγίου
1183 965 1336 1002 Πνεύματος
1360 963 1387 991 ὲν
1417 968 1454 1001 τῷ
1489 965 1577 1001 οἰκείῳ
1611 964 1743 1003 ἰδιώματι,
1781 966 1849 1003 μήτε

152 1020 184 1041 se
199 1011 263 1051 ipso
280 1011 433 1052 loquatur,
466 1021 564 1052 neque
587 1011 681 1042 Filius
695 1021 712 1042 a
725 1011 885 1051 semetipso
901 1011 923 1041 fa

1100 1009 1173 1048 ἁγίου
1209 1009 1361 1046 Πνεύματος
1405 1008 1450 1048 ἀφ’
1478 1009 1570 1036 ἑαυτοῦ
1597 1008 1751 1050 λαλοῦντος,
1782 1011 1849 1047 μήτε

152 1055 312 1096 quidquam
330 1066 384 1087 :ac
396 1057 437 1088 Pa
450 1061 494 1086 ter
512 1056 632 1096 quidem
644 1056 749 1087 Filium
775 1056 880 1096 mittat,
895 1056 923 1086 Fi

1089 1054 1148 1081 ι”ιοῦ
1163 1053 1208 1092 ἀφ’
1223 1052 1315 1080 ἑαυτοῦ
1341 1063 1365 1080 τι
1396 1056 1544 1092 ποιοῦντος,
1574 1053 1618 1081 καὶ
1644 1057 1691 1082 τοῦ
1719 1055 1767 1091 μὲν
1792 1057 1849 1082 Πα-

151 1109 219 1130 vero
237 1095 392 1140 Spiritum
424 1095 573 1131 sanctum.
603 1103 651 1132 Sic
680 1101 848 1140 sentimus,
879 1105 907 1131 et

1078 1109 1082 1130 ;
1118 1097 1270 1134 πέμποντος
1299 1098 1345 1124 τὸν
1373 1097 1444 1133 Υἱὸν,
1466 1100 1513 1124 τοῦ
1547 1095 1574 1124 δὲ
1606 1098 1666 1126 ι’ἱοῦ
1700 1098 1849 1136 πέμποντος

151 1144 332 1184 baptizamus
348 1145 377 1176 in
394 1146 545 1176 Trinitatc
562 1145 810 1180 consubstantiali,
835 1145 922 1185 idque

1080 1141 1113 1180 ἅγ
1128 1153 1156 1169 ον
1186 1144 1292 1178 Πνεῦμα
1308 1150 1317 1158 ·
1340 1141 1409 1169 οὕτω
1430 1145 1577 1181 φρανοῦμιν
1602 1142 1645 1170 καὶ
1674 1141 1742 1170 οὕτω
1776 1143 1849 1180 $92.;-

153 1195 296 1229 praicepto
325 1190 446 1221 Domini
469 1190 560 1221 nostri
576 1192 646 1221 Jesu
662 1190 781 1226 Christi,
813 1191 861 1230 qui
876 1184 924 1220 rdi:

1078 1197 1125 1224 μεν
1156 1187 1191 1217 εἷς
1225 1184 1321 1225 Τριάόα
1356 1185 1507 1224 ὸμοούσιον,
1539 1186 1606 1213 κατὰ
1650 1186 1699 1220 τὴν
1740 1186 1849 1220 ὶντολην

156 1247 165 1261 ι
185 1234 299 1265 Euntes
313 1234 416 1265 docete
433 1244 539 1265 omnes
555 1239 669 1274 gentes,
687 1234 865 1274 baptizautes
887 1244 927 1264 eo:

1077 1232 1100 1258 δῦ
1114 1230 1160 1258 τοῦ
1196 1230 1288 1269 Κυρίου
1322 1231 1399 1267 ἡμῶν
1429 1230 1517 1263 Ἰησοῦ
1554 1233 1676 1269 Χριστοῦ,
1707 1231 1824 1263 εἰπόντος
1841 1238 1848 1246 '

150 1279 273 1309 nomine
292 1279 399 1319 Patris,
419 1284 446 1310 et
461 1280 572 1311 Filiiet
589 1279 714 1319 Spiritus
730 1279 921 1318 sam:ti,docct

1082 1274 1227 1314 ορευθέντες
1262 1274 1443 1312 μαθητεύσατε
1473 1275 1558 1302 πάντα
1595 1275 1628 1302 τὰ
1656 1274 1716 1308 ἔθνη
1751 1276 1849 1314 βαπτί-

151 1332 202 1354 eos
218 1332 335 1354 servare
350 1317 650 1364 omnia,quazcunque
667 1323 802 1354 mandavi
821 1323 903 1354 vobis
917 1325 922 1345 ε

1078 1330 1112 1350 ;ες
1141 1319 1234 1350 αὖτοὺς
1264 1320 1300 1350 εἷς
1329 1319 1359 1346 τὸ
1387 1317 1472 1355 ὄνομα
1506 1319 1553 1346 τοῦ
1596 1320 1697 1370 Πατρὸς
1725 1321 1767 1347 καὶ
1803 1323 1849 1348 τοῦ

1078 1367 1085 1370 .
1176 1364 1182 1370 .
1245 1366 1255 1370 _
1290 1363 1296 1370 .
1322 1362 1328 1370 .
1386 1366 1407 1370 -.
1445 1363 1451 1370 ,
1585 1361 1637 1370 ης.
1821 1365 1826 1370 .

150 1367 234 1413 Quae,
251 1372 406 1398 servantes
422 1361 638 1399 et'c—liaritale'm
664 1377 733 1407 erga
758 1368 840 1398 illum
868 1369 921 1399 hab

1076 1367 1099 1399 3,
1141 1364 1185 1391 καὶ
1212 1366 1258 1391 τοῦ
1284 1362 1357 1402 ἁγίου
1386 1363 1548 1400 ΙΙνεύματος,
1582 1361 1747 1396 διδάσκοντες
1788 1365 1847 1396 τοὺς

1167 1408 1171 1413 ,
1274 1406 1286 1413 ..
1348 1406 1355 1413 .
1429 1406 1438 1413 κ
1460 1409 1464 1413 ,
1539 1408 1544 1413 .
1677 1403 1695 1413 (ι

149 1421 203 1442 nos
217 1411 478 1451 demonstramus,
497 1418 525 1443 et
553 1413 634 1452 (ligni
663 1406 819 1452 eﬂicimur,
838 1414 887 1453 qui
903 1414 920 1444 it

1075 1414 1115 1436 εῖν
1138 1408 1233 1444 πάντα,
1273 1406 1322 1435 ὅσα
1346 1406 1513 1444 ἐνετειλαμεν
1535 1408 1613 1444 ἡμῖν.
1633 1419 1646 1434 ι
1677 1406 1767 1448 “Amp
1795 1420 1846 1442 τη-

149 1466 333 1495 maneamus,
352 1457 428 1487 sicut
442 1451 647 1498 scriptumiest
661 1466 667 1487 :
681 1462 781 1488 contra
793 1451 920 1497 negliger

1074 1463 1126 1484 ντες
1162 1452 1210 1489 μὲν
1244 1451 1294 1484 τὴν
1326 1451 1362 1483 εἷς
1392 1451 1468 1480 αὐτὸν
1503 1451 1611 1490 ἀγάπην
1638 1451 1845 1491 ἐπιδεικνύμεθα,

147 1510 210 1532 eam
239 1510 370 1539 servare,
405 1501 441 1532 ab
471 1495 513 1533 ea,
535 1501 686 1542 disjuncti,
713 1506 762 1532 aut
782 1495 918 1532 aliter'eﬁ

1094 1496 1121 1524 ἐν
1150 1498 1217 1534 αὑτῇ
1243 1495 1330 1533 μένειν
1379 1495 1582 1533 καταξιούμεθα,
1621 1497 1707 1529 καθὼς
1744 1497 1842 1536 γέγρα-

1081 1541 1086 1548 l
1139 1541 1145 1548 l
1235 1543 1245 1548 ν
1329 1538 1350 1548 R‘
1386 1539 1392 1548 Ι
1463 1540 1468 1548 Ι
1528 1539 1540 1548 Ἰ
1668 1540 1688 1548 QN
1759 1542 1764 1548 ι
1803 1543 1813 1548 Α

148 1546 367 1577 convincimur.
387 1557 398 1574 α
417 1545 472 1582 Qui
498 1538 589 1577 enimv
606 1555 664 1576 non
694 1546 787 1585 diligit
812 1556 859 1577 me
880 1546 919 1577 int

1078 1541 1097 1578 ί,
1114 1541 1153 1579 μὴ
1168 1543 1307 1579 τηροῦντες
1326 1538 1354 1567 δὲ
1383 1539 1505 1572 ἐναντίως
1528 1539 1636 1580 ἔχοντες
1666 1540 1847 1580 ἐλεγχόμεθα.

147 1589 304 1626 Dominus,
320 1599 474 1621 sermones
487 1599 569 1620 meos
582 1599 641 1620 non
658 1594 754 1620 servat
767 1590 828 1622 ΞΘ.»
843 1591 877 1620 Et
892 1591 918 1622 it

1075 1590 1086 1614 )
1108 1585 1146 1623 μὴ
1162 1585 1276 1622 ἆμαπῶν
1303 1585 1353 1623 γάρ
1375 1595 1420 1624 με,
1439 1595 1452 1612 ι
1482 1585 1560 1624 φησὶν
1589 1586 1602 1612 ὁ
1632 1586 1737 1635 Ιξύριος,
1757 1597 1771 1613 α
1787 1587 1846 1618 τοὺς

151 1647 164 1661 α
182 1633 238 1669 Qui
252 1634 341 1665 habet
357 1634 493 1664 mandata
520 1643 585 1664 mea
605 1639 634 1665 et
649 1634 779 1665 custodit
793 1644 838 1672 ea,
854 1635 906 1666 ille
921 1651 922 1657 ι

1074 1641 1116 1662 ους
1132 1641 1182 1668 μου
1197 1630 1227 1657 οὒ
1239 1636 1330 1668 τηρεῖ.
1348 1640 1360 1658 υ
1380 1629 1428 1657 Καὶ
1462 1628 1545 1657 πάλιν
1561 1637 1568 1644 '
1597 1640 1608 1656 ι
1643 1628 1671 1658 ’0
1698 1630 1770 1670 ἔχων
1798 1631 1845 1663 τὰς

123 1682 126 1685 ’
147 1679 197 1718 qui
214 1677 308 1718 diligit
324 1687 371 1709 me
385 1678 423 1709 9⁷,
441 1691 453 1706 ι
477 1678 512 1709 Et
527 1679 590 1709 haec
617 1678 755 1718 equidem
782 1684 826 1710 est
840 1688 857 1710 a
873 1689 894 1710 Ir

1073 1675 1127 1708 ›λάς
1142 1686 1193 1713 μου
1220 1675 1264 1702 καὶ
1292 1677 1380 1713 τηρῶν
1408 1674 1498 1712 αὗτας,
1521 1674 1624 1707 εκεῐνός
1653 1675 1723 1703 ἐστιν
1738 1677 1752 1704 ὁ
1780 1676 1844 1715 ἀγα-

148 1722 259 1752 Basilio
276 1722 355 1753 ﬁdes
371 1723 479 1754 tradita
489 1722 648 1763 ipsissimis
663 1723 770 1755 verbis.

1074 1731 1135 1757 ιμε.
1157 1731 1171 1748 ι
1195 1718 1266 1752 Λύτη
1295 1719 1376 1763 μὲνὴ
1406 1719 1476 1758 παρὰ
1502 1723 1548 1748 τοῦ
1577 1719 1693 1759 μεγάλου
1709 1719 1845 1749 Βασιλείου

1019 1763 1156 1792 ἐκδοθεῖσα
1177 1764 1264 1795 πίστις
1279 1762 1422 1796 αύτολεξεί.

191 1811 220 1842 9.
238 1811 300 1847 Qua
315 1817 427 1844 asserta
441 1816 490 1843 tua
508 1812 587 1843 hunc
603 1813 632 1844 in
649 1813 768 1844 modum
794 1812 958 1853 redarguen

1078 1799 1093 1838 Χ.
1110 1810 1146 1836 Σὺ
1161 1807 1188 1836 δὲ
1203 1808 1232 1836 ἐκ
1247 1808 1358 1844 ταύτης,
1382 1807 1422 1847 ἐφ’
1439 1809 1481 1840 οἷς
1502 1807 1604 1848 λέγεις,
1622 1807 1705 1841 οὕτως
1727 1808 1844 1848 ἀπελεγ-

149 1861 208 1886 tur.
240 1857 372 1897 Namque
394 1857 424 1887 in
442 1867 476 1888 ea
491 1867 506 1888 a
523 1858 596 1888 Filio
627 1857 770 1898 Spiritum
803 1852 920 1898 procedi

1076 1864 1122 1892 σῃ.
1147 1852 1191 1882 Ἐν
1213 1853 1296 1890 ταύτῃ
1311 1853 1361 1892 γὰρ
1383 1853 1421 1890 μὴ
1446 1853 1517 1891 παρὰ
1544 1856 1589 1880 τοῦ
1617 1854 1676 1881 Υἰοῦ
1703 1853 1844 1893 ἐκπορεύε-

146 1901 225 1940 quod
254 1896 395 1932 Italorum
423 1902 534 1933 additio
564 1896 739 1939 contendit,
771 1896 884 1942 tacens,
911 1912 917 1932 ε

1124 1898 1185 1936 ἑγων
1219 1898 1250 1925 τὸ
1280 1900 1386 1934 Πνεῦμα
1415 1898 1429 1924 ὁ
1457 1896 1544 1935 ἅγιος,
1575 1896 1639 1936 ὅπερ
1661 1898 1677 1930 ἡ
1707 1899 1845 1937 προσθήκη
1893 1917 1895 1922 ι

145 1954 263 1985 quoque
279 1950 307 1976 et
323 1955 357 1976 ex
371 1946 456 1977 Patre
473 1948 647 1987 procedere,
663 1947 740 1988 quod
757 1947 910 1978 Dominica

1087 1942 1195 1971 Ἰταλῶν
1232 1942 1369 1980 βούλεται,
1399 1943 1461 1980 σιγᾷ
1489 1942 1533 1969 καὶ
1562 1943 1590 1970 τὸ
1605 1942 1636 1969 ἐκ
1660 1943 1761 1981 [Ιατρὸς
1782 1942 1844 1970 αὐτὸ

149 1989 179 2020 in
208 1989 365 2029 Evangelia
392 1991 563 2025 enuntiavit.
595 2002 653 2032 quo
674 1987 793 2032 raperte
823 1991 916 2031 palam

1071 1989 1214 2028 ορεύεσθαι,
1238 1987 1302 2027 ὅπερ
1331 1987 1358 2015 ἐν
1387 1988 1556 2026 Εὺαγγε)ίοις
1580 1988 1597 2021 ὴ
1629 1989 1746 2027 Κυριακὴ
1768 1988 1842 2028 φωνὴ

148 2035 316 2070 conﬁrmat,
335 2044 393 2065 non
410 2036 495 2066 talem
513 2046 578 2067 esse
594 2037 775 2067 additionem
792 2036 828 2067 ab
853 2036 916 2067 ltali

1072 2032 1188 2061 ιαδεδώκε
1206 2043 1212 2048 ·
1243 2034 1286 2061 καὶ
1314 2036 1391 2061 τοῦτο
1424 2035 1506 2060 ποιῶν
1545 2032 1702 2072 παρίστησιν
1728 2033 1843 2072 ἐναργῶς

148 2078 287 2118 Symbolo
303 2079 419 2118 factam,
444 2081 560 2121 qualem
589 2081 668 2111 idem
702 2081 787 2121 ipse,
820 2081 919 2112 caeteri

1081 2089 1111 2106 το
1126 2078 1208 2110 αύτην
1233 2077 1304 2105 εῖναι
1331 2078 1496 2115 προσθήκην,
1526 2078 1576 2110 τὴν
1603 2077 1663 2116 παρ’
1693 2077 1803 2106 ἰταλιῦν
1818 2077 1844 2105 ἐν

149 2123 246 2153 nostri
262 2123 366 2154 deiferi
377 2120 492 2162 Patres,
506 2125 640 2166 eum,qui
656 2135 727 2156 sane
743 2125 812 2156 ﬁdei
828 2126 916 2166 quidp

1086 2120 1216 2159 Συμϐόλῳ
1255 2121 1400 2166 γενομένην
1439 2122 1603 2161 προσθήκην,
1644 2121 1755 2161 οἵανπερ
1801 2122 1844 2150 καὶ

147 2167 309 2206 addiderit,
326 2169 370 2199 vel
386 2169 497 2209 aliquid
528 2179 561 2200 ex
588 2179 623 2200 ea
651 2170 820 2204 detraxerit.
852 2165 918 2201 auat

1072 2178 1094 2199 ac
1112 2167 1201 2204 αὐτὸς,
1232 2167 1275 2195 καὶ
1312 2167 1335 2194 οἱ
1356 2165 1445 2194 λοιποὶ
1486 2166 1604 2205 θεοφόροι
1626 2166 1740 2206 Πατέρες
1768 2167 1843 2204 ἡμῶν

149 2212 219 2243 mali
248 2212 453 2252 subjicientes,
488 2214 715 2254 prohibuerunt.
731 2215 807 2245 Vera
830 2215 920 2254 siquic

1072 2211 1215 2250 ιγόρευσαν,
1238 2211 1324 2239 πάντα
1353 2211 1399 2238 τὸν
1426 2210 1597 2250 προστιθέντα
1625 2214 1659 2249 τῇ
1691 2212 1843 2250 ὑγιαινούσῃ

148 2261 208 2288 tum
225 2257 381 2295 additio,et
397 2259 540 2290 detractio
556 2263 613 2297 est,
629 2269 694 2289 cum
713 2269 770 2289 non
783 2259 977 2299 dictionibus.

148 2302 201 2333 sed
213 2303 367 2334 sententiis
379 2303 484 2334 alienis
501 2304 691 2344 externisque
707 2304 780 2334 ﬁdes
796 2313 868 2334 sana
884 2304 978 2335 viola-

149 2350 205 2377 tur.
234 2347 366 2387 Etenim,
392 2348 417 2378 si
446 2348 611 2379 dictionum
626 2348 777 2379 additione
802 2349 979 2388 Evangelica

152 2389 256 2421 veritas
272 2391 457 2432 vulneratur,
474 2392 623 2433 ﬁdemque
653 2392 720 2423 aliis
751 2393 921 2433 propinare,
948 2393 977 2423 in

148 2442 205 2474 qua
217 2435 402 2473 Evangelicaa
416 2435 581 2467 Servatoris
589 2446 675 2468 voces
690 2446 811 2477 prorsus
822 2446 879 2467 non
897 2437 980 2476 dige-

147 2481 261 2515 rantur,
279 2479 331 2509 sed
347 2479 467 2512 silentio
496 2481 635 2512 involuta;
661 2481 898 2522 dissimulentur,
916 2481 976 2512 Do-

147 2522 274 2554 minicas
289 2533 376 2555 voces
389 2533 433 2555 est
448 2525 568 2562 violare,
588 2531 617 2556 et
634 2526 824 2566 Evangelium
855 2526 973 2558 adulte-

147 2575 214 2598 rare
232 2577 239 2598 :
257 2568 282 2598 si
308 2568 374 2604 hoc,
401 2569 532 2610 inquam,
562 2579 662 2601 verum
686 2575 730 2601 est
755 2579 905 2611 nunquam
927 2571 975 2602 bic

148 2621 271 2650 magnus
286 2613 412 2644 Basilius
427 2619 637 2652 asseverasset,
659 2627 671 2642 (ι
690 2615 808 2655 planum
825 2620 960 2655 apertum

147 2665 204 2698 que
221 2666 287 2688 esse
301 2666 319 2687 a
332 2657 390 2688 ﬁde
401 2668 532 2700 causam,
546 2663 576 2690 et
591 2659 740 2700 superbia:
755 2659 910 2698 indicium,
928 2668 976 2694 aut

149 2710 184 2732 ex
199 2701 235 2732 iis
249 2711 315 2742 qua
331 2703 441 2744 scripta
455 2708 525 2735 sunt
536 2704 647 2744 aliquid
658 2704 796 2744 rejicere,
810 2709 859 2735 aut
869 2714 903 2736 ex
916 2715 975 2736 non

1021 2257 1117 2296 πίστει,
1145 2255 1163 2290 ἢ
1197 2255 1387 2296 ἀφαιρούμενον
1422 2255 1449 2287 ἐξ
1491 2257 1583 2292 αὐτῆς,
1627 2255 1842 2290 καταδικάζοντες

1021 2300 1174 2338 ἀναθέματι,
1211 2299 1328 2333 Ἀληθὴς
1352 2300 1402 2338 γὰρ
1423 2300 1561 2338 προσθήκη
1609 2299 1663 2328 ἐστὶ
1691 2301 1734 2328 καὶ
1762 2300 1843 2340 ἀφαί-

1020 2357 1089 2385 ρεσις
1105 2346 1136 2373 τὸ
1161 2345 1200 2383 μὴ
1223 2344 1332 2384 λέξεσιν,
1358 2343 1418 2372 ἀλλ’
1440 2344 1550 2376 ἐννοίαις
1585 2344 1715 2384 ἑκατέρως
1743 2345 1843 2373 τούτων

1019 2391 1068 2424 τὴν
1093 2391 1257 2429 ὑγιαίνουσαν
1285 2389 1373 2417 πίστιν
1418 2390 1524 2420 παθεῖν.
1568 2390 1598 2417 Εἰ
1625 2390 1674 2429 γὰρ
1709 2389 1736 2418 ἐν
1758 2389 1842 2422 λέξεσι

1023 2436 1157 2474 προσθήκη
1186 2435 1236 2468 την
1264 2433 1444 2473 Εὖαγγελικην
1469 2434 1668 2473 παραχαράττει
1705 2434 1841 2475 ἀλήθειαν,

1019 2480 1063 2508 καὶ
1083 2481 1114 2508 τὸ
1129 2480 1216 2508 πίστιν
1230 2479 1335 2510 πάντως
1365 2477 1546 2519 παραθιδοναι,
1574 2479 1618 2507 καὶ
1641 2479 1688 2511 τὰς
1720 2480 1841 2519 Εὖαγγε-

1015 2524 1089 2558 λικὰς
1111 2530 1157 2555 τοῦ
1179 2525 1304 2564 Σωτῆρος
1329 2524 1417 2564 φωνὰς
1447 2523 1474 2551 ἐν
1488 2526 1522 2562 τῇ
1548 2524 1657 2563 τοιαύτῃ
1686 2524 1771 2552 πίστει
1793 2525 1840 2553 ἐκ-

1016 2571 1139 2611 τίθεσθαι,
1164 2569 1232 2599 ἀλλὰ
1253 2569 1348 2601 ταύτας
1365 2569 1556 2608 πατρατρέχειν
1587 2572 1661 2608 σιγῇ,
1692 2570 1736 2597 καὶ
1762 2573 1840 2599 τοῦτο

1016 2615 1120 2644 ἀθετεῖν
1135 2615 1189 2643 ἐστι
1204 2615 1250 2647 τὰς
1273 2619 1318 2644 τοῦ
1347 2613 1438 2653 Κυρίου
1469 2613 1567 2653 φωνὰς,
1597 2614 1640 2642 καὶ
1663 2614 1839 2654 παραχαράτ-

1016 2670 1071 2688 τειν
1092 2661 1122 2688 τὸ
1151 2659 1323 2699 Εὗαγγέλιον.
1355 2656 1428 2686 Ἀλλ’
1459 2658 1480 2685 εἰ
1507 2661 1584 2686 τοῦτο
1612 2658 1645 2692 ἧν
1673 2658 1777 2696 ἆλεθὲς,
1793 2660 1840 2687 οὐκ

1017 2705 1048 2734 ἂν
1063 2707 1077 2734 ὁ
1098 2706 1181 2745 μέγας
1196 2706 1271 2737 οὗτος
1293 2705 1428 2738 Βασίλειος
1452 2706 1495 2732 νῦν
1523 2703 1572 2742 μὲν
1593 2703 1687 2744 ἔλεγεν
1726 2715 1738 2734 ι
1755 2715 1839 2746 φανε-

188 2785 217 2812 ίὸ
233 2788 335 2819 Matth.
351 2796 454 2827 xxvut,
473 2790 522 2832 19,
539 2789 588 2821 20.
605 2788 635 2814 ’5
649 2789 732 2821 Joan.
750 2797 810 2830 xxv,
826 2789 876 2822 24,
892 2790 920 2814 ’Ἰ
936 2790 959 2822 it

306 2788 335 2819 h.
351 2796 454 2827 xxvui,
473 2790 522 2832 19,
539 2789 588 2821 20.
605 2788 635 2814 ’5
649 2789 732 2821 Joan.
750 2797 810 2830 xxv,
826 2789 876 2822 24,
892 2790 920 2814 ’Ἰ
936 2790 1010 2822 ibid.
1027 2792 1077 2824 21.
