1953 3074
113 158 162 191 497

641 159 690 190 DE
712 156 965 191 PROCESSIONE
991 158 1020 189 S.
1044 156 1233 190 SPIRITUS.

1733 155 1791 188 198

111 224 150 264 ρᾶν
163 223 292 252 ἔκπτωσιν
318 223 430 255 πίστεως
452 223 522 252 εἶναι
550 224 594 252 καὶ
623 224 799 263 ὑπερηφανίας
834 235 882 253 κατ

1020 224 1083 264 iptis
1097 223 1332 255 inserere.»Nun
1339 233 1354 254 c
1363 232 1432 254 vero
1439 222 1641 254 deﬁnitionem
1652 221 1722 253 ﬁdei
1732 221 1791 262 pie-

110 269 190 307 γορίαν
214 267 231 301 ἢ
264 269 366 296 ἀθετεῖν
405 278 430 295 τι
459 271 511 296 τῶν
545 267 746 307 γεγραμμένων,
770 269 788 303 ἢ
813 269 922 298 ἐπεισά-

109 323 158 351 γειν
167 313 196 340 τὸ
211 312 251 346 μὴ
267 311 456 352 γεγραμμένον
473 320 481 328 '
501 324 512 339 ι
546 312 589 340 νῦν
619 311 645 340 δὲ
675 312 735 350 ὅρον
763 313 876 346 πίστεως
892 326 926 342 κα

108 355 229 388 εὐσεϐείας
265 356 420 396 παραδιδοὺς
441 357 492 390 τὴν
524 357 551 384 ἒν
593 357 762 396 ΕὖαγγεΛίοις
804 369 924 397 γεγραμ-

108 401 184 438 μένην
211 401 282 440 ἡφίει
304 404 350 428 τοῦ
374 401 467 440 Κυρίου
497 400 598 440 φωνὴν,
629 400 726 441 τὴν-ὲκ
752 402 797 429 τοῦ
823 404 924 441 Πατρὸς

107 445 135 472 τὸ
158 439 260 483 Πνεῦμα
291 439 473 484 ἐκπορεύεσθαι
514 443 652 483 λέγουσαν.
682 439 755 484 Ἀρα,
787 444 827 474 ὅτι
855 439 885 485 γε
910 447 924 474 ὀ

107 489 185 528 μέγας
212 488 348 521 Βασίλειος
377 489 403 516 ἐν
431 492 465 527 τῇ
486 489 585 517 ἐκθέσει
627 489 709 527 ταύτῃ
733 490 783 523 τῆς
811 490 924 523 πίστεως

107 536 136 564 οὐ
173 534 224 573 ἔφη
265 535 296 562 τὸ
326 535 434 571 Πνσῦμα
465 533 495 561 ἐκ
529 538 575 563 τοῦ
604 535 706 572 Πατρδς
735 534 917 574 ἐκπορεύεσθαι

106 578 212 613 ἦθέτηκί
226 589 251 606 τι
272 579 326 607 τῶν
349 577 549 618 γεγραμμένων,
578 578 622 606 καὶ
649 581 683 616 τῇ
707 578 833 617 καταδίκῃ
863 569 931 608 ἕνοὶί

107 634 152 663 χον
166 622 328 656 κατέστησεν
363 623 467 662 ἑαυτὸν,
483 622 516 656 ἢν
538 623 561 650 οἱ
591 621 707 659 Παιέρες
734 623 811 660 ἡμῶν
825 623 931 652 κατεδί-

106 679 186 696 κασαν
221 668 280 699 τοὺς
309 667 352 695 ἐπὶ
380 670 418 704 τῷ
440 665 571 704 Συμϐόλῳ
597 669 646 700 τῆς
675 667 789 699 πίστεως
817 678 928 707 προστι-

105 712 191 744 θέντας
224 711 238 744 ἦ
265 711 462 751 ἀφαιροῦντας;
502 712 549 739 καὶ
573 711 653 742 ποῖος
688 710 753 746 ᾅδης
780 713 846 740 κατὰ
882 724 928 741 του

105 759 151 790 τῆς
181 755 340 789 Ἐκκλησίας
373 759 511 796 φωστῆρος
540 755 639 783 ἐκείνου
663 756 786 789 τοιαύτην
815 757 927 796 ἀπερεύ-

106 800 173 833 ξεται
202 800 398 839 βλασφημίαν;
435 800 518 832 Αὐτός
547 800 617 827 ἐστιν
652 801 666 828 ὁ
696 811 708 828 α
738 801 850 840 φανερὰν
880 803 927 830 ἑκ-

966 269 1090 308 talisque
1099 268 1350 304 tradens,Domini
1361 277 1461 298 vocem
1471 268 1500 297 in
1509 266 1668 306 evangeliis
1680 267 1791 305 scripto

965 313 1167 351 consignatum
1180 312 1391 349 deseruit,eam
1405 320 1591 351 nempe.quze
1605 310 1745 350 Spiritum
1757 319 1792 340 ex

965 357 1053 387 Patre
1070 356 1365 396 procedereintnnat.
1381 355 1455 386 Num
1466 355 1562 395 itaque
1577 364 1699 394 magnus
1712 355 1792 385 Basi~

966 400 1033 437 lius,
1051 401 1130 440 quod
1146 401 1175 430 in
1194 401 1248 431 hac
1262 400 1329 431 lidei
1341 400 1523 440 expositione
1535 398 1676 438 Spiritum
1686 408 1720 429 ex
1732 400 1792 430 Pa-

965 449 1010 475 tre
1022 444 1302 485 proce.lere,tacuit,
1314 444 1424 485 aliquid
1436 453 1471 475 ex
1483 443 1603 483 scriptis
1619 442 1745 481 violavit,
1763 448 1792 473 et

968 488 1108 528 [:mnisiis
1124 489 1268 519 obnoxius
1280 489 1372 519 fartus
1388 492 1442 528 est,
1459 487 1566 528 quibus
1582 489 1681 518 Patres
1698 487 1790 518 nostri

974 542 1024 563 eos
1040 533 1207 573 subjecere,
1224 533 1274 573 qui
1290 533 1319 563 in
1337 532 1405 563 fidei
1427 532 1559 572 symbolo
1574 531 1729 568 adderent,
1747 531 1793 562 vel

972 579 1175 610 detraherent?
1187 579 1220 610 Et
1235 579 1370 619 quisnam
1387 588 1472 610 orcus
1491 578 1630 608 adversus
1645 577 1654 608 i
1667 578 1717 608 lud
1734 578 1793 610 Ec-

972 624 1071 654 clesiae
1089 625 1188 654 lumen
1214 624 1342 654 similem
1358 623 1572 663 blasphemiam
1589 623 1767 653 eructaverit
1783 622 1795 654 ?

972 668 1025 699 llle
1040 668 1104 708 ipse
1128 673 1183 705 est,
1201 668 1251 708 qui
1290 681 1302 696 α
1322 668 1397 698 haud
1415 667 1535 698 dubium
1552 677 1568 697 a
1583 667 1641 697 ﬁde
1665 676 1764 698 casum
1779 680 1792 695 ι)

969 717 1128 753 nuncupat.
1146 725 1156 741 α
1175 718 1225 743 aut
1237 713 1347 753 aliquid
1365 722 1399 743 ex
1413 712 1532 752 scriptis
1548 710 1727 752 improbare,
1742 717 1796 743 aut

968 757 1089 794 addere,
1107 757 1292 796 Apostolum,
1319 761 1437 797 sumpto
1465 766 1498 786 ex
1522 756 1643 786 homine
1659 757 1796 796 exemplo

968 802 1231 832 vehementissime
1259 801 1500 840 interdicentem,
1518 810 1554 831 ne
1584 800 1655 840 quid
1680 810 1799 837 eorum,

105 856 204 873 πτωσιν
245 845 358 876 πίστεως
375 857 388 872 ι»
427 844 568 873 ἀποκαλῶν
602 857 612 872 α
630 845 660 872 τὸ
691 845 794 873 ἀθετεῖν
822 857 846 875 τι
875 860 876 864 η

1028 855 1034 876 ε
1063 846 1092 876 in
1118 846 1224 876 divinis
1256 845 1376 876 Litteris
1400 845 1559 881 habentur,
1585 845 1732 883 dematur,
1749 850 1799 876 aut

105 888 305 928 γεγραμμένων,
343 889 360 923 ἢ
389 889 552 928 ἐπεισαγετν,
595 890 638 918 καὶ
675 889 701 917 ἐν
735 892 774 926 τῷ
801 891 876 930 παρά·

1028 895 1103 925 atur,
1121 890 1284 922 adducens.
1302 890 1356 920 Hic
1373 895 1419 921 est
1432 890 1482 930 qui
1499 890 1561 920 hch
1583 889 1708 927 intonat,
1727 894 1756 920 et
1770 889 1799 920 in

104 934 148 961 τὸν
185 933 349 962 ’Λπόστολον
377 933 403 962 ἐν
433 933 605 973 ὑποδείγματι
634 934 786 972 ἀνθρωπίνῳ
813 934 875 974 σιροᾶ

1028 934 1102 965 osita
1116 944 1133 965 a
1149 944 1180 964 se
1193 935 1250 965 lide
1262 935 1382 965 silentio
1399 934 1521 965 involvit
1545 934 1581 964 de
1609 933 1799 973 processione

105 977 183 1017 τέρως
199 978 394 1017 ἀπαγορεύοντα
424 979 454 1006 τὸ
490 980 641 1018 προσθεῖναι
678 978 695 1012 ἣ
716 978 822 1019 ὑφελεῖν
851 990 876 1007 τι

1030 979 1100 1009 ‘itus
1113 980 1312 1018 evangelicam
1325 978 1489 1010 Servatoris
1498 979 1642 1016 vocem,si
1657 983 1801 1010 accuratae

104 1029 164 1054 ταῖς
199 1023 382 1055 θεοπνεύστοις
407 1026 536 1063 Γραφατς.
564 1035 575 1051 n
602 1022 683 1054 Αὐτός
713 1023 783 1051 ἐστιν
805 1025 818 1051 ὁ
845 1035 875 1052 τα

1030 1023 1084 1053 alis
1094 1023 1333 1054 imminutionem
1341 1024 1468 1064 aliquam
1476 1023 1701 1063 censuisset,vel
1708 1024 1799 1054 lineo-

105 1066 201 1106 λέγων,
220 1067 263 1094 καὶ
289 1067 315 1095 έν
332 1067 364 1101 τῆ
395 1066 527 1105 ἐκδοθείσῃ
555 1067 616 1107 παρ’
642 1069 722 1097 αὑτοῦ
751 1069 839 1096 πίστει
863 1080 876 1095 σ

1028 1068 1062 1097 vel
1073 1067 1210 1098 litterulis
1223 1077 1321 1104 voces,
1339 1069 1388 1108 qui
1414 1068 1444 1097 in
1460 1067 1568 1098 divinis
1581 1067 1697 1098 Litteris
1713 1067 1799 1106 dige—

105 1115 142 1149 πῇ
175 1111 339 1151 παρα-τρέχει
375 1113 425 1145 τὴν
469 1113 528 1151 περὶ
575 1115 626 1146 τῆς
667 1111 845 1152 ἒκπορεύσεως

1033 1115 1089 1149 tur,
1106 1121 1224 1151 quoquo
1242 1112 1328 1142 modo
1343 1112 1479 1142 mutitare
1491 1112 1504 1142 27
1517 1111 1580 1142 Non
1597 1116 1640 1142 est
1657 1112 1724 1148 hoc,
1741 1121 1798 1142 non

105 1157 256 1194 Πνεύματος
280 1156 460 1196 Εὗαγγελικὴν
490 1160 535 1185 τοῦ
557 1156 681 1195 Σωτῆρος
715 1158 816 1196 φωνην,
855 1157 876 1184 εἲ

1033 1157 1333 1196 Verumtamen,dum
1351 1157 1474 1187 minime
1483 1156 1605 1187 dubium
1620 1156 1800 1186 infidelitatis

105 1201 193 1240 ὕφεσιν
230 1212 288 1230 τινα
316 1201 365 1235 τῆς
401 1199 522 1240 ἀκριϐοῦς
551 1200 681 1233 εὐσεϐείας
710 1200 861 1240 διεγίνωακε

1027 1206 1190 1237 umentum,
1208 1206 1236 1232 et
1251 1202 1398 1241 superbia;
1422 1201 1564 1232 indicium
1579 1206 1673 1241 vocat,
1691 1200 1798 1240 aliquid

105 1245 213 1285 ὑφελεῖν
249 1248 329 1285 μέχρι
371 1257 504 1285 στοιχεων
543 1257 571 1273 τε
601 1246 644 1274 καὶ
674 1247 838 1284 γραμμάτων

1025 1246 1091 1286 iptis
1107 1248 1246 1287 rejicere,‘
1263 1251 1291 1277 et
1303 1257 1338 1278 ex
1363 1257 1422 1278 non
1443 1247 1563 1287 scriptis
1587 1247 1775 1278 introducere
1791 1252 1796 1269 ί

106 1300 176 1321 τινας
193 1290 356 1329 ἐγκειμένων
380 1290 406 1319 ἐν
435 1297 496 1322 ταῖς
525 1290 704 1328 θεοπνεύστοις
735 1297 851 1330 γραφαῖ;

1028 1301 1104 1331 nque
1119 1292 1292 1331 Apostolnm
1317 1292 1446 1331 adducit,
1475 1296 1592 1332 sumpto
1617 1292 1652 1322 ab
1679 1291 1799 1322 homine

107 1333 195 1374 Eum;
235 1335 290 1363 Οὐκ
319 1334 373 1363 ἔστι
407 1340 497 1371 τοῦτο,
521 1335 567 1363 οὐκ
604 1335 686 1365 ἔκτιν.
724 1334 800 1363 Ἀλλ’
841 1335 869 1362 ἐν

1027 1335 1122 1375 rmplo,
1140 1336 1345 1367 vehementius
1360 1336 1640 1373 interdicentem,ne
1660 1336 1729 1376 quid
1746 1345 1798 1366 eo-

109 1380 222 1418 φανερᾶν
250 1379 382 1407 ἔκπτωσιν
415 1380 542 1415 πίστεως,
568 1380 611 1407 καὶ
639 1380 818 1419 ὑπερηφανίας
846 1391 879 1407 κα

1033 1390 1123 1420 1,(μιίο
1133 1380 1163 1410 in
1176 1380 1285 1411 divinis
1302 1381 1418 1412 Litteris
1430 1381 1587 1417 habentur,
1605 1384 1741 1411 dematur
1752 1385 1802 1410 aut

109 1422 200 1460 γορίαν
238 1422 385 1451 ἀποκαλεῖν
420 1424 450 1450 τὸ
479 1423 583 1451 ἀθετεῖν
611 1434 635 1451 τι
658 1426 710 1451 τῶν
732 1423 880 1462 γεγραμμέι

1027 1425 1113 1461 latur,
1133 1430 1193 1455 tum
1207 1426 1392 1463 postmodum
1407 1425 1474 1455 lidei
1491 1425 1651 1455 editionem
1666 1425 1798 1462 tradens,

109 1465 127 1499 ἢ
142 1465 293 1505 ἐπεισάγειν
308 1468 339 1495 τὸ
363 1467 401 1505 μὴ
437 1467 630 1507 γεγραμμένον⁷
655 1468 699 1495 καὶ
728 1467 754 1495 ἐν
781 1471 819 1504 τῷ
848 1479 880 1495 ππ

1029 1470 1178 1509 .ngelicam
1196 1479 1295 1500 vocem
1313 1469 1652 1509 asserentem,Spiritum
1666 1479 1699 1499 ex
1716 1469 1800 1499 Patre

109 1520 164 1549 γειν
202 1511 249 1539 τὸν
288 1511 451 1540 Ἀπόστολον
487 1512 514 1539 ἐν
562 1511 731 1551 ὑποδείγματι
786 1512 880 1551 ἇνθρωπ

1028 1515 1153 1554 ncedere,
1185 1514 1291 1545 tacitus
1321 1514 1463 1554 praeterit,
1494 1514 1580 1554 plane
1608 1513 1799 1549 demonstrat,

110 1554 289 1595 σφοδροτέροις
330 1557 526 1596 ἀπαγορεύοντα
560 1557 590 1584 τὸ
611 1558 762 1594 προσθεῖναι
793 1556 810 1590 ἢ
832 1557 878 1596 ὑφε

1029 1568 1094 1594 'um,
1113 1568 1178 1598 qua:
1193 1558 1302 1598 scripta
1327 1562 1405 1598 sunt,
1429 1558 1616 1588 violationem
1643 1567 1702 1588 non
1723 1567 1800 1595 esse,

112 1610 136 1627 τι
169 1599 197 1628 ἒν
226 1607 287 1632 ταῖς
315 1601 495 1632 θεοπνεύστοις
533 1603 662 1640 Γραφαῖς,
701 1601 762 1629 εἶτα
797 1600 882 1641 παραίδ

1033 1603 1125 1633 tiones
1147 1607 1207 1633 tum
1234 1603 1430 1642 evnngelicas,
1454 1607 1513 1633 tum
1530 1602 1717 1643 apostolicas,
1735 1611 1801 1632 cum

113 1643 260 1673 ἓκτίθεσθαι
295 1645 420 1683 πίστεως,
458 1646 501 1674 καὶ
529 1645 578 1679 την
620 1645 801 1684 Εὒαγγελικὴν
848 1657 884 1685 φα

1035 1648 1208 1687 theologicis
1225 1651 1394 1685 tractamus,
1413 1647 1532 1678 silentio
1558 1647 1695 1682 obruere,
1715 1646 1802 1677 dum-

112 1688 284 1730 ἀποσιωπᾶν,
300 1690 349 1724 τὴν
370 1689 498 1729 λέγουσαν
514 1691 545 1718 τὸ
571 1693 677 1727 Πνεῦμα
704 1690 733 1718 ἐκ
762 1694 807 1718 τοῦ
836 1694 883 1718 Πα-

1033 1693 1070 1723 do
1094 1702 1127 1722 ex
1154 1692 1276 1722 aliarum
1305 1692 1436 1722 omnium
1466 1691 1629 1722 dictionum
1659 1691 1804 1721 sententia

112 1732 311 1774 ἐκπορεύεσθαι,
334 1733 431 1773 ἐναργῆ
456 1741 573 1762 ποιεῖται
602 1733 732 1766 ἀπόδειξιν
752 1736 797 1762 τοῦ
825 1735 864 1772 μὴ

1035 1736 1146 1775 οἶοςίςίι
1163 1736 1240 1766 di:ta
1259 1741 1427 1767 accuratum
1445 1736 1668 1776 perfectumque
1683 1735 1803 1766 intelle-

113 1778 309 1818 γεγραμμένων
337 1778 406 1807 εἶναι
436 1779 559 1812 ἀθέτησιν
581 1779 611 1806 τὸ
639 1777 721 1811 λέξεις
750 1780 777 1807 ἓν
807 1779 884 1811 ταῖς¹

1033 1792 1058 1811 in
1078 1781 1281 1821 prtesel'erunt.
1300 1781 1334 1811 Et
1350 1781 1373 1810 si
1391 1780 1471 1811 nulla
1485 1781 1578 1820 pietas
1603 1780 1804 1818 imminuitur,

112 1821 216 1862 λογίαις
259 1823 460 1851 ἀποσιωπᾶσθαι
487 1823 669 1862 Εὖαγγελϊκὲις
704 1834 732 1851 τε
767 1824 811 1851 καὶ
839 1823 883 1851 ἆπι

1034 1836 1049 1856 n
1066 1826 1185 1865 scriptas
1196 1826 1341 1856 dictiones
1357 1824 1729 1861 detrahuntur,dummodo
1740 1834 1805 1855 sen-

112 1866 202 1905 λιιᾶς,
221 1867 335 1900 ὁπηνίκα
365 1867 395 1895 ἐκ
422 1870 470 1901 της
505 1868 607 1899 ἑννοίας
637 1871 689 1896 τῶν
718 1867 805 1896 ἄλλῶν
829 1867 883 1896 ἀπα

1035 1871 1073 1900 tia
1089 1870 1203 1910 pietatis
1216 1870 1270 1900 erit
1284 1870 1400 1900 violatio
1417 1869 1579 1900 dictionum
1594 1869 1805 1909 additio,dum-

115 1910 213 1944 λέξεων
230 1911 400 1951 αἱθεολογίαιι
427 1913 457 1940 τὸ
485 1911 591 1951 ἀκριϐὲς
626 1913 669 1940 καὶ
699 1911 800 1944 ἐντελὲς
836 1913 938 1953 ἆποφέ-
981 1912 1804 1954 ῐηοιιιιθᾱιιὶιπυῐη(ΙίειίυηυιηεεηῑθηιὶίιῃυΙΙελίηνερίο

113 1966 216 1995 ρονται,
255 1957 304 1985 Καὶ
326 1957 348 1984 εἰ
376 1958 414 1995 μὴ
437 1956 567 1989 εὐσεϐείας
589 1956 657 1984 ἔστιν
686 1957 819 1997 ἀφαιρεσις
841 1959 858 1991 ἡ

1032 1968 1070 1989 2m
1087 1958 1313 1989 immulaldlinc
1331 1967 1426 1998 neque
1444 1962 1471 1988 tu
1490 1968 1523 1988 ex
1538 1958 1586 1993 iis,
1602 1967 1666 1998 quae
1680 1958 1803 1988 tradun-

113 2001 251 2041 γοαφικῶν
281 2001 414 2040 ἀφαίρεσις
439 2001 546 2038 λέξεων,
583 2001 695 2035 ὁπηνίκα
744 2001 797 2041 ἓχῃ
826 2003 855 2030 τὶ

1043 2003 1079 2034 de
1096 2003 1247 2033 additione
1271 2007 1300 2033 et
1324 2003 1509 2033 detractione
1537 2012 1553 2032 a
1580 2006 1681 2033 sancto
1697 2002 1726 2032 iu
1745 2003 1804 2042 jam

113 2044 247 2076 εὐσεϐείας
289 2045 483 2085 ἀπηρτισμένην
513 2047 530 2079 ἡ
572 2045 669 2085 ἔννοια,
713 2045 770 2074 οὐδὲ
809 2045 884 2074 εὖσεϐ

1034 2044 1107 2074 lucto
1122 2043 1186 2073 libri
1204 2047 1370 2082 segmento,
1398 2043 1489 2082 probe
1505 2052 1538 2073 ac
1555 2042 1659 2072 merito
1685 2051 1739 2073 nos
1754 2051 1805 2072 re-

114 2088 183 2117 ἐστὶν
205 2089 330 2123 ἀθέτησις
358 2093 411 2118 τῶν
438 2089 534 2123 λέξεων
562 2091 579 2124 ἡ
605 2091 755 2130 προσθήκη⁷
785 2091 885 2124 ὁπηνίκι

1037 2087 1155 2125 hendis,
1172 2087 1223 2126 qui
1241 2089 1380 2117 Romana;
1398 2087 1538 2118 Ecclesiae
1552 2087 1725 2118 societatem
1743 2096 1806 2117 am-

113 2137 165 2162 τῶν
202 2134 412 2174 προστιθεμένων
465 2135 561 2167 λέξεων
602 2134 687 2163 ἔννοια
729 2135 779 2168 τὴν
808 2133 884 2162 εὺσέϐ

1036 2132 1090 2163 xati
1105 2141 1218 2169 sumus,
1237 2135 1374 2171 tanquam
1388 2132 1418 2171 ii,
1437 2133 1486 2172 qui
1503 2131 1721 2171 dignoscimus,
1740 2131 1807 2172 pie-

115 2177 315 2218 i’mzpa-notntw
343 2187 478 2220 συντηρεϊ.
497 2175 581 2208 ιὈθεν
602 2178 659 2209 οὐδὲ.
694 2180 725 2207 σὺ
754 2179 784 2207 ἐκ
806 2180 859 2208 τῶν

1036 2187 1074 2208 am
1103 2176 1254 2208 additione
1278 2176 1309 2206 in
1336 2175 1473 2216 Symbolo
1503 2176 1578 2207 facta
1609 2175 1690 2206 nullo
1721 2176 1807 2205 modo

115 2224 269 2262 προσθήκης
297 2224 341 2252 καὶ
374 2224 535 2265 ἀφαιρέσεως
574 2228 613 2262 τῷ
654 2225 720 2263 ἁγίῳ
761 2224 890 2263 ῥηθέντων
919 2225 946 2255 ἐν
989 2223 1066 2265 13)(ἲὶἵ

114 2271 149 2306 τῇ
168 2267 319 2307 δηλωθείσῃ
335 2263 466 2309 περικοπῇ
482 2269 570 2301 καλῶς
584 2270 655 2307 ἡμᾶς
669 2268 829 2308 ἀπελέγχειν
852 2269 994 2307 ὑπέλαϐες,
1011 2272 1044 2307 τῇ
1061 2263 1200 2304 Ῥωμαϊκῇ
1228 2266 1416 2303 σπεισαμένους
1433 2264 1578 2302 Ἐκκλησίᾳ
1606 2267 1642 2297 ὡς
1659 2264 1809 2303 διαγνόντας

115 2311 201 2351 μηδὲν
215 2313 265 2348 τὴν
276 2312 408 2343 εὐσέϐειαν
422 2314 452 2342 ἐκ
464 2317 514 2347 τῆς
530 2314 557 2342 ἐν
573 2317 611 2351 τῷ
625 2312 755 2352 Συμϐόλῳ
769 2315 923 2353 προσθήκης
939 2314 1118 2353 λυμαίνεσθαι,

156 2353 187 2387 ι’.
212 2352 297 2386 ’Ἐστι
318 2357 345 2386 δέ
366 2369 407 2386 σοι
423 2359 464 2387 καὶ
479 2358 506 2391 ἐξ
526 2358 615 2387 ἄλλων
644 2363 690 2388 τοῦ
725 2352 847 2397 ῥηθέντος
863 2358 927 2398 λόγο

1045 2358 1074 2388 0.
1104 2356 1193 2387 Potes
1219 2355 1288 2386 item
1318 2359 1347 2386 et
1370 2364 1404 2386 ex
1433 2354 1498 2385 aliis
1520 2354 1580 2393 jam
1598 2353 1724 2385 laudata;
1738 2363 1808 2385 ora-

117 2400 215 2434 λέξεων
242 2402 319 2431 τοῦτο
360 2405 535 2440 καταμαθεῖν,
567 2402 812 2442 Προεπαγγέλλεται
850 2403 888 2442 γὰγ

1038 2402 1073 2433 iis
1103 2400 1200 2432 verbis
1224 2400 1282 2431 hoc
1310 2399 1389 2430 idem
1406 2407 1582 2439 agnoscere,
1599 2398 1745 2430 Promittit
1764 2403 1809 2429 et-

117 2446 192 2485 ἆῖγιος
220 2453 280 2479 τοῖς
315 2447 503 2485 αἰτησαμένοις
546 2447 624 2475 αὺτὸν
664 2447 714 2481 τὴν
741 2449 790 2480 τῆς
830 2447 944 2480 πίστεως

118 2490 221 2520 ἔκθεσιν
263 2491 406 2524 ἀνοθεύτως
443 2493 488 2521 καὶ
536 2491 727 2525 ἀκαπηλεύτως
770 2490 944 2531 παραδοῦναι,

118 2537 162 2564 καὶ
185 2537 222 2568 ὡς
251 2536 334 2571 αὐτήν
368 2536 396 2564 ἒν
423 2537 470 2571 τῆς
505 2537 676 2565 θεοπνεύστου
703 2538 810 2575 Γραφῆς
839 2536 946 2574 ἔμαθεν,

121 2579 166 2609 Ἐν
192 2581 243 2620 γὰρ
277 2584 326 2619 μιᾷ
353 2584 405 2609 τῶν
433 2586 478 2611 τοῦ
515 2580 638 2620 ῥηθέντος
679 2580 761 2620 λόγου
795 2584 946 2620 περικοπῶν

121 2625 192 2654 οὕτω
215 2625 286 2665 λέγει
316 2629 405 2665 σαφῶς
422 2636 430 2644 ·
463 2638 476 2654 α
496 2626 624 2654 Διακόνου
646 2625 672 2653 δὲ
694 2629 788 2653 πιστοῦ
803 2624 872 2653 ἴδιον
886 2624 946 2654 ἴστε

120 2670 229 2702 πάντως
243 2671 288 2699 καὶ
319 2671 389 2698 αὗτοὶ
422 2671 464 2709 τί,
491 2671 560 2709 ἅπερ
588 2669 618 2698 ἂν
647 2671 682 2702 εἷς
710 2670 770 2701 τοὺς
793 2669 946 2702 συνδούλους

122 2715 298 2753 οἰκονομῆσαι
333 2715 403 2754 παρὰ
431 2717 476 2744 τοῦ
504 2715 604 2754 ἀγαθοῦ
640 2714 773 2743 Δεσπότου
808 2716 946 2751 πιστευθῆ,

120 2760 207 2788 ταύτα
227 2758 354 2788 διασῶσαι
377 2760 478 2793 τούτοις
503 2759 648 2792 ἆνοθεύτως
677 2760 720 2788 καὶ
743 2758 945 2797 ἀκαπηλεύτως,

121 2803 208 2832 ’Ὥστε
223 2804 298 2843 κάγώ
324 2804 390 2843 ἅπερ
418 2804 514 2842 ἔμαθον
543 2804 574 2832 ἐκ
603 2806 651 2837 τῆς
680 2804 851 2832 θεοπνεύστου
880 2808 949 2843 Γρα-

986 2448 1066 2479 enim
1092 2449 1212 2476 sanctus
1233 2445 1281 2481 iis,
1313 2443 1363 2484 qui
1392 2444 1428 2474 ab
1459 2453 1494 2474 eo
1524 2444 1719 2483 postularant,
1742 2443 1812 2473 ﬁdei

989 2490 1214 2532 expositionem,
1246 2489 1410 2529 integram,
1436 2493 1465 2519 et
1490 2488 1588 2518 nullus
1618 2487 1663 2519 rei
1691 2487 1813 2518 alterius

988 2535 1166 2568 admistione
1191 2533 1386 2565 adulteratam
1404 2533 1533 2571 tradere,
1564 2536 1594 2564 et
1622 2541 1657 2563 ea
1686 2532 1811 2573 ratione,

989 2591 1046 2622 qua
1061 2590 1095 2611 ex
1113 2578 1220 2609 divinis
1238 2578 1357 2610 Litteris
1373 2582 1542 2618 acceperat.
1558 2578 1692 2618 Namque
1707 2577 1737 2608 in
1755 2587 1814 2607 una

989 2625 1123 2666 ejusdem
1134 2623 1274 2654 orationis
1291 2623 1441 2664 pericopa,
1459 2623 1523 2653 haec
1545 2622 1631 2663 plane
1657 2623 1813 2658 habentur,

992 2671 1109 2700 «Porro
1122 2668 1220 2700 fidelis
1245 2668 1373 2699 ministri
1402 2668 1458 2698 hoc
1488 2676 1553 2698 esse
1578 2667 1729 2707 proprium
1750 2667 1814 2696 sine

989 2714 1080 2745 dubio
1091 2713 1174 2744 scitis
1190 2722 1243 2744 vos
1261 2722 1379 2753 quoque
1394 2712 1547 2752 nimirum,
1566 2716 1598 2742 ut
1611 2721 1676 2752 quae
1691 2721 1708 2741 a
1727 2710 1814 2741 beni-

991 2768 1050 2799 gno
1068 2757 1191 2789 Domino
1207 2758 1236 2788 in
1253 2766 1413 2789 conservos
1425 2766 1495 2789 suos
1506 2755 1712 2787 distribuenda
1729 2763 1815 2799 acce-

992 2798 1080 2845 perit,
1093 2803 1155 2834 haec
1170 2803 1243 2842 ipsis
1271 2802 1398 2842 integra,
1427 2805 1455 2832 et
1484 2800 1595 2832 nullius
1621 2799 1667 2830 rei
1695 2798 1816 2830 alterius
