1953 3074
173 156 228 188 199

709 159 815 190 JOAN.
840 159 951 191 VECCI
973 160 1029 192 ΟΡ.
1053 158 1309 192 ΡΑΤΒΙΑΒΟΗλΕ

1799 156 1857 188 200

170 224 351 255 admistione
388 225 549 255 adulterata
583 225 737 256 custodiat.
768 225 913 262 Quocirca
938 234 984 265 egi

1065 225 1098 264 ἧς,
1116 228 1197 254 ταῦτα
1212 226 1280 263 ἡμῖν
1308 225 1465 266 παραθέσθαι
1500 225 1567 254 κατᾶ
1595 225 1625 253 τὸ
1653 224 1763 263 ἀρέσκον
1799 226 1854 260 Θιῷ

169 279 286 310 quoque
298 279 362 309 quae
373 279 408 300 ex
423 269 530 299 divinis
540 269 660 300 Ditteris
676 271 789 310 accepi,
807 271 869 301 haec
885 279 989 310 quem-

168 314 325 344 admodum
340 314 390 344 Dei
408 314 542 343 voluntas
555 313 650 350 est,ad
671 323 859 344 communem
877 314 989 344 utilita-

169 362 226 388 tem
243 367 391 397 exponere
409 357 490 387 vobis
509 362 610 388 teneor
623 358 803 388 necessario.
819 358 888 394 uQui
904 359 991 397 igitur

168 402 342 442 postulatam
360 402 448 432 ﬁdem
467 403 657 441 integram,et
673 404 752 434 nulla
768 404 797 434 in
825 413 858 434 re
874 403 990 434 adulte-

169 451 260 477 ratam
279 446 493 486 postulantibus
508 447 626 477 tradere
641 448 808 487 proﬁtetur,
826 457 918 488 eaque
935 447 991 477 illis

167 500 271 531 appou:
284 500 316 521 re
335 491 490 530 promittit,
518 500 583 531 quae
609 491 673 531 ipse
692 501 725 522 ex
742 492 848 534 divinis
875 492 993 522 Litteris

166 535 281 573 didicit,
311 535 336 565 si
362 535 406 565 vel
423 535 601 565 dictionibus
619 536 725 566 divinae
745 537 902 575 Scripturas
918 536 986 566 doc-

167 580 244 610 trina
275 579 488 619 praescribitur,
506 588 634 618 quanam
667 580 781 611 ratione
811 581 840 610 in
857 581 915 610 ﬁde
930 585 990 610 tra-

165 624 262 654 denda
277 623 395 653 silentio
413 623 564 664 praeteriit,
590 624 750 654 dictionem
777 625 856 655 illam
882 624 987 664 ipsam,

165 678 252 708 quam
273 667 416 698 Dominus
445 667 474 697 in
492 667 656 707 Evangeliis
685 668 954 709 pronuntiavit?Et
967 669 990 699 si

164 711 314 752 praeteriit,
331 711 480 751 quomodo
508 712 667 750 mendacii,
691 713 832 752 illiusque
862 712 990 752 ingentis

164 766 222 787 non
241 756 297 786 erit
311 765 392 792 reus,
410 756 460 796 qui
478 756 654 795 promiserat
679 757 799 797 quidem
823 766 984 796 apponere,

162 810 227 840 quae
243 809 276 830 ex
296 799 395 830 divina
420 800 575 840 Scriptura
605 801 761 837 didicerat,
788 805 817 831 ct
833 810 868 831 ea
886 805 986 831 tamen

161 854 227 885 quae
242 845 367 875 maxime
383 846 515 874 omnium
546 846 713 875 nvcessaria
737 845 922 880 videbantur,
940 849 985 875 ta-

161 889 243 920 cuit?
259 890 336 920 Sane
352 888 402 928 qui
419 898 557 928 magnum
586 889 728 919 Basilium
751 890 867 929 pietatis
883 889 988 919 docto—

160 943 224 964 rem
252 933 420 968 conﬁtetur,
450 934 700 972 quemadmodum
733 944 797 972 ego,
817 938 845 964 et
861 933 989 973 Spiritus

161 977 356 1008 diversorium
372 986 439 1007 eum
452 981 700 1014 tenet,assensum
716 977 986 1018 przebebitmullam

162 1023 249 1053 aliam
264 1021 301 1052 ob
315 1031 435 1052 causam
460 1031 527 1052 eum
555 1030 702 1062 asserere,
731 1022 865 1052 lraditam
895 1021 932 1052 ab
956 1031 988 1052 se

161 1067 250 1097 ﬁdem
266 1067 409 1106 integram
427 1070 537 1103 esse,et
552 1066 633 1096 nulla
649 1066 678 1096 in
695 1075 727 1096 re
744 1066 948 1103 adulteratam,
959 1070 986 1096 et

165 1115 194 1142 ut
206 1121 270 1142 eam
286 1121 319 1141 ex
336 1110 444 1141 divinis
456 1110 572 1141 Litteris
585 1110 775 1151 didicerat,et
792 1109 986 1140 nihilominus

162 1155 342 1186 dictionibus
371 1154 550 1193 evangelicis
576 1156 613 1185 de
640 1154 830 1194 processione
859 1154 986 1194 Spiritus

161 1204 323 1236 carentem,
356 1208 443 1239 quam
466 1198 543 1238 quod
561 1208 618 1229 non
636 1198 827 1236 dictionlbus,
845 1198 897 1228 sed
914 1207 985 1228 sen-

161 1244 261 1275 tentiis
276 1244 305 1274 in
322 1244 379 1274 ﬁde
395 1243 588 1280 additionem,
605 1248 655 1274 aut
670 1243 908 1273 imminutionem
921 1251 987 1272 csse

164 1289 242 1320 dicat
255 1289 448 1320 etdecernat.
472 1288 555 1318 Adeo
577 1288 674 1328 itaque
705 1288 792 1317 ﬁrma
809 1291 987 1326 patenteque

163 1333 426 1367 demonstratione.
445 1341 502 1363 non
519 1332 550 1362 in
565 1331 745 1362 dictionibus
760 1333 811 1362 sed
825 1333 853 1362 in
865 1335 987 1362 senten-

161 1377 207 1409 bis
223 1377 385 1408 consistere
399 1377 579 1407 additionem
594 1376 860 1407 veldetractionem
876 1376 905 1406 in
917 1375 988 1415 ﬁde,

161 1423 269 1453 frustra
283 1431 438 1452 Sermones
453 1422 636 1452 confundere
652 1421 926 1461 deprehendimini,
939 1423 989 1460 qui

160 1477 229 1498 cum
245 1466 519 1498 RomanaEcclesia
533 1467 705 1497 societatem
720 1466 822 1496 initam
846 1469 875 1496 et
886 1474 989 1505 pacem

160 1511 247 1543 nobis
263 1511 446 1552 exprobatis.

484 1574 607 1606 CAPUT
629 1574 679 1606 IV.

159 1635 316 1666 Adversus
330 1642 377 1665 eos
392 1635 446 1673 qui
458 1632 984 1673 addubi'antsuperemlicto.¢0uod

220 1683 238 1705 a
254 1674 337 1705 Filio
352 1672 415 1704 esse
429 1674 554 1714 dicztur,
573 1674 612 1704 ad
625 1673 749 1704 Patrem
766 1672 908 1712 refertur.
927 1685 940 1700 »

206 1783 233 1812 l.
253 1780 309 1812 Sed
325 1790 404 1818 cum,
422 1780 492 1811 dum
509 1781 545 1811 de
558 1780 643 1811 dictis
656 1780 726 1815 illis,
740 1789 804 1820 quae
816 1779 984 1819 perFilium

161 1830 190 1857 et
208 1835 241 1856 ex
259 1825 332 1856 Filio
352 1835 417 1856 esse
433 1825 577 1865 Spiritum
594 1829 742 1862 astruunl,
759 1825 815 1855 alia
830 1830 917 1865 atque
928 1824 986 1854 alia

163 1870 347 1909 ohjiciendo,
365 1870 413 1910 qui
442 1870 531 1900 rebus
557 1870 704 1900 similibus
734 1869 859 1909 inhiant,
876 1869 983 1899 defessi

158 1914 281 1952 fuerint,
298 1924 400 1944 rursus
417 1914 534 1951 incerti,
552 1914 798 1954 haesitabuntque,
822 1914 958 1954 inquiunt
976 1924 982 1944 :

159 1959 193 1990 Et
208 1959 354 1989 undenam
366 1959 685 1999 addisceremus,quod
698 1969 714 1989 a
736 1959 809 1989 Filio
826 1967 891 1988 esse
907 1958 984 1989 dici-

159 2008 217 2042 tur,
234 2004 272 2034 ad
288 2004 402 2034 Patrem
418 2003 592 2034 relationem
608 2003 734 2034 habere?
745 2004 804 2034 Nos
814 2003 850 2033 ad
867 2011 982 2039 eorum,

160 2057 224 2088 quae
240 2047 275 2078 ab
292 2047 364 2087 ipsis
380 2048 576 2088 postulantur,
604 2047 890 2078 demonstrationem
916 2056 982 2078 cum

160 2093 258 2133 aptius
286 2091 360 2122 nihil
392 2097 443 2123 aut
471 2092 665 2133 opportunius
695 2093 802 2123 afferre
820 2092 980 2129 valeamus,

158 2147 246 2178 quam
263 2146 328 2177 quae
344 2146 467 2176 magnus
495 2137 622 2168 Basilius
647 2137 677 2167 in
699 2137 758 2167 ﬁne
772 2136 909 2167 secunda;
925 2136 980 2166 ad-

157 2191 259 2213 versus
273 2182 448 2212 Eunomium
464 2182 604 2212 orationis
619 2180 702 2221 dixit,
728 2181 779 2211 illa
798 2180 901 2212 eadem
932 2182 979 2211 in—

1030 271 1095 308 πρὸς
1117 270 1147 297 τὸ
1161 272 1237 307 κοινῇ
1258 270 1387 309 συμφέρον
1422 269 1560 310 ὀφειλέτης
1577 269 1642 307 εἰμί.
1676 266 1702 298 ’0
1730 269 1791 308 γοῦν
1805 267 1853 300 τὴν

1032 316 1225 349 ἆπαιτηθεϊσαν
1257 328 1309 355 παρ
1344 317 1422 345 αὖτινῦ
1451 316 1536 344 πίστιν
1565 317 1700 345 ἀνιιθευτον
1726 316 1770 344 καὶ
1784 315 1852 342 ἀκα-

1031 360 1163 394 πήλεοτον
1193 367 1252 393 τοῖς
1282 361 1468 398 αἰτησαμένοις
1496 359 1657 400 παραδοῦναι
1684 357 1852 399 ἐπαγγελλό-

1033 415 1123 442 μενος,
1159 405 1269 433 κάκεῖνα
1305 405 1394 438 αὺτοῖς
1423 405 1581 444 παραθέσθαι
1625 404 1854 444 καθυπισχνούμε-

1033 460 1090 488 νος,
1126 448 1190 489 ἅπερ
1220 450 1250 478 ἐκ
1276 452 1325 483 τῆς
1357 450 1526 478 θεοπνεύστον
1556 451 1661 489 Γραφῆς
1696 448 1802 487 ἔμαθεν,
1831 447 1852 475 εἰ

1033 494 1113 533 μέχρι
1138 494 1232 526 λέξεων
1254 495 1271 528 ἡ
1293 497 1342 528 τῆς
1368 495 1540 522 θεοπνεύστου
1561 495 1666 533 Γραφῆς
1702 490 1852 521 διδασκαλία

1033 538 1177 578 ὂιώρισττι,
1212 541 1268 571 πῶς
1305 539 1336 567 ἂν
1371 539 1398 566 ἐν
1424 543 1462 576 τῷ
1497 537 1664 577 παραδιδόναι
1690 538 1739 571 τὴν
1767 537 1851 565 πίστι-ι

1032 587 1121 621 σιωπῇ
1148 583 1377 623 παραδεδραμήκει
1410 582 1478 616 λέξιν
1521 583 1603 616 αὖτὴν
1632 582 1745 622 ἐκείνην,
1782 581 1800 615 ἢ
1826 580 1851 609 ἐν

1031 627 1200 667 Εὐαγγελίοις
1222 629 1236 656 ὁ
1264 629 1355 666 Κύριος
1384 628 1516 668 εἴρηκεν;
1561 628 1591 656 Εἰ
1626 627 1652 655 δὲ
1690 626 1850 666 παρέδραμε,

1033 675 1089 704 πῶς
1107 672 1153 700 οὐκ
1169 671 1259 700 ἄντοῦ
1287 672 1410 711 μεγίστοδ
1439 672 1548 710 ψεύδους
1577 671 1660 712 ἑάλω,
1689 670 1851 710 ἐπαγγειλά-

1032 727 1109 753 μενος
1144 717 1192 754 μὲν
1215 718 1310 757 εἰπεῖν,
1333 716 1398 757 ἅπερ
1427 716 1522 755 ἔμαθεν
1549 716 1580 744 ἐκ
1606 719 1655 750 τῆς
1682 716 1851 744 θεοπνεύστου

1030 764 1148 801 Γραφῆς,
1166 765 1273 789 σιωπῶν
1299 761 1325 789 δὲ
1355 762 1387 790 τὰ
1408 761 1509 799 μᾶλλον
1538 760 1664 789 δοκοῦντα
1689 764 1742 789 τῶν
1766 759 1851 788 ἄλλων

1574 805 1658 844 μέγαν
1716 803 1849 833 Βασίλειον

1577 849 1665 889 ὥσπερ
1706 849 1771 888 ἐγώ,
1809 849 1851 876 καὶ

1027 805 1242 845 ἀναγκαιότερα;
1277 806 1383 838 Πάντως
1420 807 1434 833 ὁ
1476 807 1521 833 τὸν

1031 848 1185 878 διδάσκαλον
1213 848 1344 882 εὐσεϐείας
1380 849 1529 889 ὁμολογῶν,

1032 894 1182 931 Πνεύματος
1218 894 1382 932 καταγώγιον
1417 894 1547 922 πιστεύων
1575 894 1646 921 εἶναι
1675 894 1762 930 αὑτὸν,
1791 893 1852 920 σὺν·

1029 940 1101 966 Θοιτο
1116 937 1146 965 ἂν
1160 939 1189 967 οὒ
1217 937 1251 965 δι’
1274 937 1340 966 ἀλλο
1362 949 1387 966 τι
1416 938 1488 977 λέγει
1518 939 1595 966 αὐτὸν
1613 938 1663 966 τὶν
1698 937 1759 977 παρ’
1775 939 1852 966 αὐτου

1030 980 1152 1010 δοθεῖσαν
1187 983 1275 1010 πίστιν
1304 983 1439 1012 ἀνόθευτον
1468 983 1538 1010 εἶναι
1574 983 1618 1010 καὶ
1656 981 1850 1021 ἀκαπήλεοτον,

1029 1026 1073 1054 καὶ
1095 1027 1131 1057 ὡς
1161 1027 1241 1060 αὐτὴν
1276 1025 1371 1063 ἔμαθεν
1400 1026 1430 1054 ἐκ
1457 1029 1506 1060 τῆς
1534 1026 1705 1054 θεοπνεύστου
1733 1028 1849 1065 Υραφῆς,

1029 1071 1073 1098 κιὶ
1104 1071 1185 1098 ταῦτα
1227 1070 1342 1103 ἐλλιπῶς
1374 1073 1426 1098 τῶν
1479 1070 1519 1099 ἐπὶ
1548 1074 1582 1108 τῇ
1626 1070 1777 1109 ἔκπορεύσει
1804 1073 1849 1097 τοῦ

1028 1115 1179 1152 Πνεύματος
1197 1115 1381 1154 Εύαγγελιχῶν
1409 1114 1502 1148 λέξεων
1530 1114 1655 1155 ἔχουσαν,
1680 1113 1740 1143 ἀλλ’
1763 1116 1781 1150 ἦ
1810 1112 1850 1143 διὰ

1027 1160 1057 1186 τὸ
1079 1162 1117 1196 μὴ
1139 1159 1166 1187 ἐν
1182 1158 1292 1196 λέξεσιν,
1308 1158 1368 1187 ἀλλ’
1403 1159 1516 1190 ἐννοίαις
1544 1159 1638 1198 κρίνειν
1667 1160 1743 1187 αὐτὸν
1756 1160 1806 1192 την
1823 1158 1850 1185 ἐν

1027 1206 1063 1241 τῇ
1078 1203 1163 1231 πίστει
1206 1204 1360 1243 προσθήκην
1388 1204 1431 1231 καὶ
1467 1203 1569 1242 ὕφεσιν,
1593 1203 1668 1232 Οὕτω
1702 1202 1729 1230 δὲ
1745 1201 1849 1241 βεϐαίας

1029 1246 1241 1287 ἂναφαινομένης
1269 1252 1318 1283 τῆς
1351 1246 1506 1280 ἀποδείξεως
1541 1249 1587 1276 τοῦ
1618 1248 1655 1285 μὴ
1684 1247 1711 1276 ἐν
1739 1246 1847 1284 λέξεσιν,

1029 1291 1088 1319 ἀλλ’
1119 1292 1229 1324 ἐννοίαις
1250 1299 1380 1332 περιεῖναι
1410 1294 1440 1320 τὸ
1469 1292 1511 1320 ἐπὶ
1537 1296 1571 1331 τῇ
1599 1293 1684 1320 πίστει
1698 1293 1849 1330 προσθεῖναι

1030 1337 1073 1364 καὶ
1088 1335 1205 1376 ὑφελεῖν,
1228 1337 1299 1374 μάτη
1321 1336 1414 1365 λοιπὸν
1435 1336 1557 1376 λέγοντες
1571 1338 1648 1374 ὑμεῖς
1669 1336 1849 1376 ἀπελέγχεσθε

1031 1382 1054 1408 οἱ
1074 1382 1123 1415 τήν
1140 1375 1294 1418 Ῥωμαϊκῆς
1310 1375 1478 1415 Ἐκκλησίαςν
1501 1381 1671 1420 καταλλαγὴν
1685 1382 1728 1409 καὶ
1745 1375 1849 1420 εἰρήνην

1030 1424 1226 1464 διεγκαλοῦντες
1240 1426 1319 1463 ἡμῖν.

1345 1581 1469 1608 meum.
1496 1583 1515 1606 Δ
1523 1573 1538 1609 ’.

1029 1646 1044 1666 (
1060 1638 1127 1676 Πρὸς
1156 1638 1216 1678 τοὺς
1245 1637 1443 1678 διαποροῦντας.
1475 1649 1489 1665 «
1507 1639 1536 1666 Εἰ
1564 1638 1595 1666 τὸ
1615 1638 1687 1678 παρὰ
1714 1643 1760 1668 τοῦ
1788 1638 1848 1667 1⁸ἷοῦ

1065 1677 1137 1719 εἶναι
1171 1677 1315 1717 λεγόμενον
1341 1679 1406 1717 πρὸς
1431 1678 1476 1706 τὸν
1511 1678 1613 1718 Πατέρα
1639 1678 1689 1712 τὴν
1716 1678 1847 1719 ἆναφοραν

1065 1717 1135 1757 ἔχει.
1155 1729 1167 1747 ι

1066 1776 1094 1809 α’
1107 1779 1182 1810 Ἀλλ’
1195 1781 1251 1810 ἐπεὶ
1279 1783 1394 1816 ὁπηνίκα
1420 1789 1481 1815 ταῖς
1511 1783 1582 1822 παρὰ
1615 1786 1661 1811 τοῦ
1687 1783 1748 1811 Υἱοῦ
1761 1783 1804 1811 καὶ
1818 1782 1848 1811 ἐκ

1024 1831 1070 1855 τοῦ
1100 1827 1160 1854 Υἱοῦ
1194 1828 1317 1855 εἶναιτὸ
1352 1830 1458 1864 Πνεῦμα
1487 1826 1628 1861 δηλούσαις
1669 1827 1760 1865 ῥήσεσι
1795 1831 1847 1856 τῶν

1026 1871 1107 1910 ἁγίων
1129 1871 1303 1909 ἁποκαμωσιν
1331 1871 1475 1911 ἀντιλέγειν
1506 1873 1530 1899 οἱ
1557 1873 1622 1911 πρὸς
1650 1871 1726 1900 τοῦτο
1741 1871 1847 1910 ίεπιῤῥε-

1026 1922 1088 1947 πεϊς
1103 1914 1298 1955 διαποροῦντες,
1321 1917 1364 1944 καὶ
1380 1916 1460 1944 πάλιν
1488 1917 1572 1956 φασί·
1607 1917 1656 1945 Καὶ
1691 1917 1770 1944 πόθεν
1799 1927 1848 1952 μα-

1025 1960 1083 1988 Θεῖν
1110 1959 1201 1997 ἕξομεν
1230 1961 1260 1988 τὸ
1289 1961 1359 2000 παρὰ
1387 1965 1432 1989 τοῦ
1461 1961 1521 1989 Tim”)
1547 1960 1689 2000 λεγόμενον
1717 1961 1788 1989 εἶναι
1811 1961 1847 1992 εἰς

1024 2004 1070 2032 τὸν
1085 2003 1188 2042 Πατέρα
1201 2004 1251 2038 τὴν
1279 2004 1410 2045 ἆναφορὰν
1439 2004 1537 2045 ἔχειν,
1562 2005 1643 2042 ὴμετς
1673 2005 1709 2037 εἰς
1737 2004 1845 2033 ἀπόδει-

1024 2048 1074 2086 ξιν,
1103 2050 1139 2076 ὧν
1175 2049 1324 2089 ἀπαιτοῦσι,
1355 2048 1437 2087 μηδὲν
1461 2050 1568 2089 ἔχοντες
1597 2050 1682 2078 εἰπεῖν
1710 2050 1846 2089 προσφυέ-

1024 2103 1125 2132 στερον,
1143 2095 1178 2121 ὦν
1193 2095 1207 2121 ὁ
1222 2094 1305 2133 μέγας
1335 2093 1384 2132 ἔφη
1414 2094 1548 2126 Βασίλειος
1574 2094 1633 2133 περὶ
1661 2094 1694 2122 τὰ
1723 2093 1786 2127 τέλη
1800 2099 1848 2124 τοῦ

1022 2136 1140 2177 δευτέρου
1155 2141 1207 2167 τῶν
1229 2138 1287 2167 κατ’
1324 2139 1450 2176 Εὖνομίου
1479 2138 1567 2178 λόγων
1594 2138 1673 2168 αὐτοῦ
1696 2138 1786 2166 ἐκεῖνα
1813 2137 1847 2172 δὴ

1020 2182 1064 2210 καὶ
1078 2182 1259 2222 προτείνομεν,
1277 2182 1293 2211 ἃ
1315 2184 1358 2212 καὶ
1383 2182 1490 2224 ἔχουσιν
1517 2183 1599 2216 οὕτως
1624 2185 1632 2198 ⁶
1667 2195 1676 2210 ιι
1697 2183 1802 2212 Ἐκεῖνο
1818 2182 1846 2211 δὲ

157 2227 289 2258 medium
313 2225 501 2264 adducimus,
518 2235 583 2266 quae
598 2227 676 2256 hunc
692 2226 722 2255 in
740 2225 859 2255 modum
876 2234 908 2255 se
924 2225 978 2255 ha-

1065 2238 1070 2254 t
1092 2230 1145 2255 τῶν
1169 2227 1275 2255 πάντων
1303 2227 1410 2264 ἄδηλον,
1441 2227 1482 2255 ὅτι
1518 2227 1623 2265 οὐδεμία
1659 2227 1775 2267 ἐνέργεια
1801 2232 1848 2256 τοῦ

158 2272 248 2303 bent:
267 2269 367 2301 «Illud
383 2280 451 2301 vero
467 2271 513 2301 cui
530 2280 587 2301 non
611 2274 698 2310 patet,
721 2270 798 2310 quod
816 2270 895 2300 nulla
912 2269 978 2301 Filii

159 2317 291 2357 operatio
307 2325 324 2346 a
345 2316 432 2346 Patre
456 2315 550 2346 divisa
574 2321 640 2346 est:
659 2324 714 2346 nec
736 2318 780 2345 est
807 2314 920 2354 aliquid
949 2314 978 2344 in

158 2361 262 2398 rebus,
278 2359 354 2400 quod
376 2359 449 2390 Filio
465 2359 546 2397 insit,
565 2364 593 2391 et
608 2370 624 2390 a
648 2362 735 2391 Patre
763 2359 892 2390 alienum
917 2358 979 2389 sit?

158 2418 172 2433 ι
185 2405 303 2442 Omnia,
322 2416 335 2432 ι
353 2404 459 2444 inquit,
478 2416 488 2433 (ι
508 2414 574 2435 mea
588 2409 636 2435 tua
647 2409 725 2441 sunt,
746 2408 774 2435 et
785 2407 834 2434 tua
849 2404 975 2435 mean.»

154 2450 309 2487 Quomodo
326 2459 394 2489 ergo
412 2450 537 2490 Spiritus
553 2460 671 2482 causam
690 2455 719 2482 et
743 2451 888 2490 originem
903 2450 977 2482 Uni-

157 2495 255 2535 genito
269 2495 324 2526 soli
339 2496 481 2533 attribuit,
496 2501 525 2527 et
539 2496 574 2527 ad
592 2497 656 2536 ejus
680 2497 876 2527 accusandam
892 2501 977 2527 natu-

156 2549 220 2572 ram
231 2540 320 2579 hujus
335 2541 513 2571 creationem
530 2541 660 2581 accipit?
677 2541 707 2572 Si
721 2541 807 2580 igitur
818 2541 876 2571 duo
893 2540 977 2581 priu—

156 2585 233 2626 cipia
252 2584 283 2615 in
308 2584 475 2625 oppositum
489 2585 567 2616 inter
580 2595 612 2617 se
627 2586 751 2626 ducens,
770 2586 831 2616 haec
846 2586 896 2626 ait,
910 2595 978 2616 cum

156 2629 318 2663 Manichaw
335 2634 363 2659 et
378 2630 527 2661 Marciane
549 2630 817 2666 conteretur.Quod
830 2631 853 2660 si
870 2630 905 2661 ab
921 2640 978 2661 uno

157 2675 327 2715 dependere
340 2683 373 2704 ac
390 2674 509 2713 prodire
524 2676 624 2706 omnia
648 2680 740 2715 putat,
766 2675 844 2716 quod
862 2685 878 2706 a
903 2675 978 2705 Bilio

154 2729 220 2751 esse
237 2718 346 2749 dicitur
371 2718 489 2754 factum,
508 2720 544 2750 ad
562 2720 685 2760 primam
701 2729 821 2750 causam
837 2719 975 2757 refertur,

153 2773 245 2806 quare
259 2769 288 2795 et
303 2763 328 2794 si
336 2767 443 2795 cuncta
455 2764 598 2805 producta
610 2774 675 2796 esse
684 2764 869 2805 perVerbum
883 2764 977 2796 Deum

191 2850 222 2876 ’⁸
234 2849 338 2883 Jsann.
356 2856 427 2889 xm,
444 2849 495 2882 10.

1021 2272 1081 2299 Υἱοῦ
1096 2272 1296 2310 ἀτοτετμημέντ,
1313 2271 1366 2300 ἐστι
1382 2272 1427 2301 τοῦ
1453 2273 1567 2312 Πατρὸς,
1591 2271 1647 2300 οὐδὲ
1675 2272 1730 2300 ἐστι
1759 2283 1783 2300 τι
1819 2271 1848 2299 ἐν

1020 2317 1080 2348 τοῖς
1102 2317 1158 2344 οὗσί
1180 2321 1218 2354 τῷ
1234 2319 1286 2354 Υἱῷ
1300 2318 1434 2358 ὑπάρχον,
1450 2317 1464 2345 ὅ
1493 2323 1538 2348 τοῦ
1565 2318 1667 2357 Πατρὸς
1697 2316 1847 2357 ἠλλοτρίω-

1021 2371 1086 2401 ται;
1108 2373 1117 2389 ι
1138 2362 1226 2390 Πάντα
1248 2363 1307 2402 γὰρ,
1328 2374 1342 2390 »
1361 2363 1437 2403 φησὶ,
1477 2374 1488 2391 ι
1507 2363 1540 2390 τὰ
1568 2362 1619 2400 ἐμὰ
1647 2363 1681 2390 σά
1709 2362 1775 2400 ἐστι,
1801 2363 1848 2390 καὶ

1020 2406 1053 2434 τὰ
1075 2407 1108 2434 σὰ
1136 2406 1198 2444 ἐμά,
1218 2417 1229 2433 ι
1262 2410 1322 2439 Πῶς
1346 2408 1390 2435 οὖν
1416 2408 1466 2441 τὴν
1495 2409 1541 2436 τοῦ
1576 2408 1727 2445 Πνεύματος
1762 2407 1848 2435 αἰτίαν

1019 2453 1058 2487 τῷ
1087 2454 1234 2491 Μονογενεϊ
1261 2452 1335 2489 μόνῳ
1371 2454 1539 2491 προστίθησι,
1581 2453 1625 2480 καὶ
1666 2452 1847 2492 κατηγόρημα

1019 2499 1069 2529 τῆς
1098 2496 1201 2535 φύσεως
1229 2498 1308 2526 αὐτοῦ
1336 2497 1386 2531 τὴν
1416 2497 1508 2526 τούτου
1537 2495 1667 2530 λαμϐάνει
1714 2496 1846 2536 δημιουρ-

1020 2541 1102 2581 γίαν;
1132 2542 1161 2570 Et
1190 2541 1237 2579 μὲν
1266 2540 1310 2570 δύο
1345 2541 1434 2582 ἀρχὰς
1463 2541 1672 2582 ἀντιπαρεξὶτων
1714 2541 1846 2576 ἀλλήλαις

1019 2586 1101 2615 ταῦτά
1118 2597 1196 2626 φησι,
1225 2586 1288 2624 μετὰ
1318 2587 1467 2627 Μανιχαίου
1495 2587 1538 2616 καὶ
1566 2587 1718 2627 Μαρκίωνος
1735 2597 1844 2626 συντρι-

1018 2632 1152 2670 βήσεται·
1178 2632 1200 2660 εἰ
1213 2631 1241 2660 δὲ
1266 2636 1328 2671 μιᾶς
1363 2632 1467 2665 ἐξάπτει
1493 2633 1527 2661 τὰ
1553 2633 1627 2674 ὄντα,
1655 2634 1686 2661 τὸ
1714 2644 1785 2673 παρα
1799 2637 1847 2662 τοῦ

1020 2678 1081 2704 Υἷοῦ
1110 2678 1265 2716 γεγενῆσθαι
1297 2677 1440 2717 λεγόμενον
1464 2679 1528 2718 πρὸς
1551 2679 1599 2712 τὴν
1627 2678 1736 2718 πρώτην
1760 2677 1845 2706 αἰτίαν

1018 2721 1067 2755 τὴν
1080 2721 1211 2761 ἀναφορὰν
1240 2721 1310 2762 ἕχει.
1349 2719 1437 2752 ιὨσυιτε
1461 2722 1509 2752 κᾶν
1536 2723 1622 2751 πάντα
1649 2724 1685 2755 εἷς
1711 2723 1742 2750 τὺ
1771 2721 1846 2750 εἶναι

1019 2768 1154 2807 πρρῆχθαι
1183 2767 1226 2796 διὰ
1250 2769 1296 2797 τοῦ
1318 2773 1383 2798 Θεοῦ
1412 2769 1497 2809 Λόγου
1526 2770 1690 2807 πιστεύωμεν
1720 2767 1789 2796 ἀλλὰ
1810 2768 1844 2796 τὸ
