1953 3074
193 148 245 184 211

728 149 833 180 JOAN.
857 147 967 180 VECCI
987 146 1042 177 GP.
1068 143 1324 177 PATRIARCH/E

1816 138 1872 172 212

192 219 307 256 dimus;
325 218 589 248 nihilominuscum
606 215 792 255 paucaetiam
804 214 890 245 nobis
901 222 1024 254 suppe—.

1108 224 1120 240 α
1136 221 1143 228 ⁸
1161 212 1269 252 ἔχοντες
1285 210 1312 240 δὲ
1336 210 1407 249 ὅμως
1437 211 1480 239 καὶ
1509 210 1577 248 ὀλίγ’
1606 209 1672 238 ἅττα
1702 209 1800 246 εἰπεῖν,
1815 207 1873 237 ὅσον

192 263 374 304 tant,quibus
385 261 578 292 dubitantium
588 260 746 291 desideriis
761 268 903 304 occurere
921 260 1011 304 mini-

193 302 286 343 mum,
302 314 561 345 possumus,eaque
578 314 637 335 non
654 304 691 334 de
703 304 824 343 nostris,
837 303 888 333 sed
905 302 1013 343 quibus

193 361 284 382 sacra:
299 351 458 388 Scriptura:
488 359 541 380 nos
571 350 739 379 conducere
765 357 958 383 consuevere,
976 347 1010 378 ad

193 396 254 426 veri
271 395 498 426 declarationem
516 395 684 434 quamdam,
703 402 827 432 eamque
849 392 1013 423 subobscu-

193 449 269 480 ram,
291 440 354 470 haec
367 439 402 469 ad
419 439 510 469 animi
526 439 631 469 dubios
647 437 1012 477 incertosque,profamur.

195 485 254 514 Vos
265 483 416 519 dubitatis,
430 483 577 521 quomodo
593 483 680 512 simul
710 492 775 513 cum
801 482 875 513 Filio
890 482 1015 521 Spiritus

194 537 227 559 ex
245 527 340 564 Patre,
357 532 387 558 et
403 528 550 567 quomodo
564 537 615 566 per
629 527 735 558 Filium
753 537 786 557 ex
805 529 887 557 Patre
909 535 1014 566 proce-

195 571 253 602 dit?
261 572 296 602 At
309 576 408 601 nostra
423 571 516 601 oratio
533 571 634 602 Patres
649 576 768 602 nostros
780 571 932 609 theologos
952 574 1015 600 cate

196 616 286 651 novit,
301 616 331 645 in
345 615 494 655 aliquibus
510 615 600 646 rebus
623 616 793 654 theologicis
820 615 1014 655 exponendis,

197 659 340 699 imagines
354 660 494 699 quasdam
502 660 781 700 usurpasse,quibus
792 659 905 699 concipi
917 659 1015 696 datur,

195 713 254 735 non
283 713 349 734 esse
377 714 497 744 prorsus
522 704 694 741 absurdum,
714 714 779 735 esse
794 705 867 734 duos
883 704 1014 740 effectus,

195 747 247 788 qui
262 748 350 778 simul
366 757 382 778 a
398 748 492 787 prima
507 758 594 779 causa
609 753 758 785 emanent,
777 752 805 778 et
816 748 890 778 alios
907 747 1017 777 nihilo-

196 793 294 822 minus
309 802 362 831 per
376 793 464 823 alium
490 793 539 824 sit.
569 794 646 824 Ante
662 794 734 824 alios
749 792 916 832 txregorius,
936 791 983 822 cui
1003 801 1018 822 a

196 837 342 875 theologia
357 846 521 876 cognomen
537 841 592 873 est,
609 839 714 875 solem,
733 838 859 874 radium,
873 841 901 866 et
915 837 1018 867 lumen

1054 258 1146 297 μικρόν
1174 269 1198 285 τι
1242 258 1290 291 τὴν
1339 261 1384 286 τοῦ
1432 256 1592 296 ἀποροῦντος
1641 255 1873 294 παραμυθήσασθαι

1053 302 1152 342 ἔφεσιν,
1180 303 1223 330 καὶ
1252 306 1333 330 ταῦτα
1374 301 1420 330 οὒκ
1446 300 1471 333 ἐξ
1499 301 1610 338 ἑαυτῶν,
1641 300 1700 328 ἀλλ’
1735 298 1761 332 ἒξ
1790 300 1825 327 ὧν
1849 299 1874 326 αἱ

1053 347 1123 374 θεῖαι
1154 347 1253 386 Γραφαὶ
1286 346 1335 379 τὴν
1372 345 1549 385 ψυχαγωγίαν
1584 346 1660 382 ἡμῶν
1706 342 1873 384 πραγματεύ-

1056 402 1127 419 ονται
1159 392 1224 430 πρὸς
1254 390 1368 429 ἀμυδράν
1409 401 1466 418 τινα
1512 393 1557 418 τοῦ
1606 389 1717 423 amcos;
1766 388 1874 427 ἔμφασιν

1055 435 1115 463 τάδε
1141 435 1206 474 πρὸς
1233 436 1293 466 τοὺς
1325 434 1511 474 ὂιαποροῠντάς
1541 445 1637 473 φαμεν,
1668 429 1760 471 ιΥμεῒς
1805 431 1873 459 ἆπο-

1056 487 1138 519 ρεῖτε,
1164 483 1220 511 πῶς
1242 480 1298 516 ἅμα
1311 479 1377 518 (Υἱῷ
1412 479 1442 507 τὸ
1468 482 1573 516 Πνεῦμα
1588 478 1617 506 ἐκ
1646 482 1691 506 τοῦ
1720 477 1819 516 Πατρὸς
1834 475 1875 503 καὶ

1056 528 1113 556 πῶς
1154 524 1186 552 δι’
1239 526 1300 552 Υἱοῡ
1335 524 1502 564 ἐκπορεύεται
1551 523 1582 551 ἐκ
1617 522 1743 562 [ἰατρόςς
1781 517 1809 549 Ὀ
1849 518 1875 547 δὲ

1056 569 1183 608 ἡμέτερος
1218 568 1296 607 λόγος
1327 569 1387 600 τοὺς
1418 567 1555 607 θεολόγους
1600 568 1677 605 ἡμῶν
1706 565 1762 595 οἶδε
1791 563 1874 594 Πατέ-

1058 625 1116 652 ρας,
1131 613 1233 644 εἰκόνας
1262 613 1333 645 τινὰς
1363 611 1563 652 παραλαϐόντας
1595 612 1667 640 ἔστιν
1695 611 1725 639 οὗ
1752 614 1804 639 τῶν
1818 611 1876 638 θεο-

1058 658 1166 697 λογιιῦν,
1198 657 1223 690 ἐξ
1247 659 1283 685 ὧν
1306 656 1360 685 ἔστι
1397 656 1581 692 διανοήσασθαι
1621 657 1659 694 μὴ
1687 656 1774 688 πάντη
1809 654 1875 683 εἶναι

1059 703 1213 742 ἀμήχανον,
1245 702 1315 730 εἶναὶ
1349 712 1407 729 τινα
1443 701 1487 730 δύο
1524 702 1638 738 αἰτιατὰ,
1669 701 1712 729 καὶ
1747 699 1800 738 ἅμα
1834 703 1877 727 τοῦ

1058 741 1162 786 πρώτου
1191 747 1271 774 αἰτίου
1307 746 1504 785 προερχόμενα,
1534 746 1584 774 ’καὶ
1631 744 1704 782 ὅμως
1735 743 1775 771 διὰ
1802 741 1876 770 θατέ-

1059 802 1102 830 ρου
1117 791 1147 818 τὸ
1183 789 1280 829 ἕτερον.
1320 791 1417 818 Αὐτίκα
1452 789 1594 830 Γρηγόριος
1625 791 1638 818 ὁ
1667 792 1716 823 τῆς
1746 786 1877 825 θεολογίας

1059 835 1208 874 ἐπώνυμος,
1237 834 1323 872 ἥλιον,
1354 835 1461 871 ἆκτῗνα,
1491 835 1534 862 καὶ
1562 838 1616 874 φῶς
1654 835 1689 866 εἷς
1718 833 1804 861 εἰκόνα
1830 833 1876 864 τῆς

195 881 231 912 ad
250 882 448 921 eﬂingendum
471 883 544 913 nulli
562 882 1018 913 assimilandamTriademassu-

1108 880 1235 907 ικονίστου
1263 877 1462 918 παραλαμϐάνει
1502 878 1621 918 Τριάδος,
1658 881 1719 910 Φῶς
1749 881 1809 916 γοῦν
1836 876 1878 903 καὶ

197 926 375 957 mit.Lumen
390 927 488 967 itaque
500 932 528 958 et
542 927 643 958 radius
656 937 672 958 e
688 927 777 958 solari
789 927 870 957 disco
884 935 941 956 una
954 935 1019 965 pro-

197 975 327 1008 manant,
340 981 491 1002 necunom
509 972 575 1002 sine
589 972 749 1007 altero.sed
765 971 843 1002 aliud
859 980 910 1011 per
926 970 1015 1001 aliud:

196 1024 323 1054 namque
337 1024 389 1055 per
404 1015 519 1046 radium
536 1016 646 1047 lumen:
667 1021 694 1046 et
710 1016 798 1054 hujus
808 1014 1018 1045 demonstratio

199 1063 253 1099 est,
270 1059 334 1099 ipse
350 1063 452 1090 noster
475 1069 582 1091 sensus
599 1060 815 1100 improbabilis.
831 1059 863 1090 In
879 1069 937 1099 quo
950 1068 1019 1098 ergo

197 1104 331 1134 vulnerat
354 1104 434 1134 illius
459 1105 555 1135 simul
577 1106 732 1140 rationem,
751 1113 807 1144 que
838 1113 890 1143 per
903 1104 1018 1134 radium

197 1148 318 1178 luminis
333 1149 480 1179 emanalio
496 1149 538 1180 ﬁt.
565 1149 648 1185 Quod
665 1150 707 1180 vel
727 1159 817 1179 unum
833 1148 1019 1178 solummodo

197 1193 363 1232 exemplum
379 1202 395 1223 a
411 1194 575 1230 nomine,et
590 1193 909 1232 counitioneTlieologo
925 1193 1016 1222 tradi-

198 1241 258 1267 tum
266 1237 384 1268 abunde
393 1239 638 1278 persundahit,ne
654 1239 683 1268 in
694 1242 849 1278 posterum
866 1238 896 1267 in
905 1241 1020 1267 contro-

197 1281 323 1311 versiam
339 1290 436 1319 voces,
450 1282 537 1312 simul
553 1291 618 1312 cum
635 1281 708 1313 Filio
726 1286 753 1312 et
768 1291 821 1322 per
834 1281 940 1312 Filium
954 1289 1019 1312 esse

198 1324 340 1364 Spiritum
365 1335 399 1356 ex
430 1326 602 1357 Patre.Itein
618 1335 732 1362 rursus,
750 1328 879 1363 oculum,
897 1326 1018 1362 fontem,

198 1370 355 1400 ettluvium
368 1370 514 1401 sententia
535 1380 588 1402 sua
611 1371 779 1411 exemplare
790 1371 849 1407 dat,
868 1374 895 1400 et
912 1370 1021 1400 notitia;

197 1413 318 1453 vestigia
334 1423 340 1445 :
356 1418 384 1445 et
401 1418 469 1445 sunt
481 1415 620 1455 equidem
637 1425 670 1446 ex
688 1415 772 1445 oculo
801 1415 865 1444 fons
877 1419 905 1444 et
916 1414 1021 1444 ﬂuvius

197 1458 297 1496 simul,
315 1459 448 1499 quamvis
477 1460 506 1490 in
531 1461 666 1490 confesso
693 1459 730 1490 sit
759 1459 835 1499 apud
852 1468 954 1489 omnes
971 1468 1022 1498 per

197 1502 307 1532 fontem
322 1503 443 1533 ﬂuvium
460 1512 596 1540 esse,nec
612 1503 682 1534 illud
699 1512 753 1542 per
770 1504 878 1533 fontem
894 1513 927 1533 ex
937 1503 1021 1533 oculo

197 1547 318 1578 ﬂuvium
334 1547 455 1578 exsilire
484 1549 571 1578 simul
588 1557 654 1579 esse
669 1558 735 1578 cum
753 1548 831 1578 fonte
843 1547 932 1578 lmdit.
949 1548 1021 1578 Etsi

198 1600 257 1621 non
273 1591 421 1630 displicet,
440 1592 526 1622 dictis
543 1602 577 1622 ea
592 1601 720 1632 quoque,
740 1602 805 1632 qua:
815 1593 903 1623 aliter
911 1592 1021 1623 aliised

196 1637 227 1665 in
243 1635 378 1666 eamdem
394 1636 570 1667 sententiam
597 1637 725 1676 exempli
756 1646 844 1667 causa
860 1637 1021 1674 dictarunt,

197 1679 371 1720 subdantur,
387 1680 464 1719 fons,
481 1681 598 1717 ﬂuvius,
615 1689 704 1721 aqua,
722 1681 817 1718 radix,
831 1691 943 1721 ramus,
963 1681 1020 1712 fru-

198 1727 272 1761 ctus,
287 1733 365 1762 rosa,
383 1725 448 1764 llos,
467 1725 550 1756 odor.
566 1724 683 1756 Similia
697 1726 831 1765 exempla
847 1726 945 1755 animo
957 1726 1037 1756 vol--

200 1772 312 1808 ventes,
329 1769 380 1808 qui
395 1769 583 1806 addubitant,
598 1779 655 1810 qua
670 1770 783 1800 ratione
799 1775 827 1800 et
850 1770 937 1800 simul
954 1779 1020 1801 cum

197 1812 270 1843 Filio
287 1817 316 1843 et
331 1822 386 1853 per
399 1813 507 1844 Filium
523 1815 650 1855 Spiritus
665 1824 700 1845 ex
719 1816 816 1855 Patre,
832 1815 908 1845 ultra
933 1824 1020 1855 quam

198 1867 251 1898 par
269 1862 325 1896 est,
343 1858 453 1889 curiosi
469 1867 534 1890 esse
549 1860 696 1890 desinent.
723 1859 799 1890 Satis
829 1859 909 1890 enim
939 1859 1022 1890 vobis

197 1906 254 1939 est,
265 1902 301 1932 ad
318 1903 563 1942 compescendam
580 1904 793 1940 curiositatem,
809 1905 886 1934 scire
901 1904 1022 1944 eos,qui

197 1955 250 1987 per
264 1946 371 1978 Filium
397 1948 619 1988 processionem
648 1949 853 1989 decreverunt,
871 1958 934 1979 eam
952 1948 1021 1979 abs-

196 2000 254 2032 que
270 1994 403 2031 tempore
420 1996 449 2022 et
463 2002 552 2033 supra
582 1996 698 2033 tempus
721 1993 862 2030 tenuisse,
890 1996 917 2023 et
943 2003 1020 2023 nun-

196 2035 348 2075 quippiam
377 2036 438 2066 sive
467 2037 677 2077 periculosum,
696 2037 757 2069 sive
773 2037 867 2068 errori
892 2037 1021 2077 implici-

197 2083 258 2110 tum
274 2080 454 2112 decrevisse.

514 2180 636 2212 CAPUT
660 2180 709 2212 VI.

1061 924 1133 955 ἀκτὶς
1160 928 1206 952 τοῦ
1240 923 1351 957 ἡλιακοῦ
1387 923 1474 952 δίο-κου
1514 923 1568 961 ἅμα
1610 923 1796 963 προέρχονται,
1837 921 1879 948 καὶ

1061 967 1192 1007 οὒδετερον
1227 972 1272 996 τοῦ
1297 968 1385 1007 ἐτέρου
1410 968 1505 1008 χωρίς,
1536 967 1605 996 ἆλ.’.ὰ
1644 967 1685 996 διὰ
1718 966 1824 1005 θατέρου
1850 966 1879 992 τὸ

1061 1012 1159 1052 ἕτερον,
1188 1013 1236 1040 Διὰ
1265 1013 1313 1051 γὰρ
1342 1015 1391 1046 τῆς
1421 1013 1528 1044 ἀκτῖνος
1557 1014 1588 1041 τὸ
1616 1017 1683 1053 φῶς,
1717 1013 1764 1040 Καὶ
1791 1010 1880 1053 τούτοο

1061 1056 1192 1090 ἀπόδειξις
1229 1057 1294 1090 αὒτή
1330 1056 1517 1089 ἀναπόδεικτος
1554 1058 1631 1093 ἡμῶν
1674 1057 1808 1090 αἴσθησις.
1851 1050 1880 1083 Τί

1061 1106 1122 1140 γοῦν
1138 1101 1286 1139 ἐλυμῆνλτο
1307 1103 1352 1129 τὸν
1367 1105 1411 1129 τοῦ
1434 1100 1488 1139 ἅμα
1517 1101 1597 1141 λόγον
1613 1103 1630 1135 ὴ
1659 1101 1700 1130 διὰ
1727 1104 1775 1134 τῆς
1801 1100 1878 1128 ἀκτῖ-

1061 1157 1103 1177 νος
1119 1150 1164 1174 τοῦ
1192 1147 1278 1186 φωτὸς
1301 1145 1433 1186 πρόοδοςς
1465 1147 1514 1176 Καὶ
1540 1146 1591 1180 ἤδη
1620 1146 1646 1174 ἕν
1675 1145 1750 1174 τοῦτό
1772 1156 1812 1173 σοι
1826 1156 1879 1172 πα-

1061 1190 1187 1230 ρὶδειγμα
1211 1191 1346 1230 πρόκειται
1381 1191 1452 1230 παρα
1477 1195 1522 1219 τοῦ
1553 1192 1596 1221 καὶ
1630 1191 1680 1224 τὴν
1702 1190 1809 1228 κλῆσιν,
1839 1189 1881 1217 καὶ

1061 1235 1108 1268 τὴν
1153 1238 1249 1273 γνῶσιν
1299 1234 1429 1273 Θεολόγου
1473 1234 1556 1272 δοθὲν,
1593 1236 1682 1263 ἱκανὸν
1717 1241 1819 1271 πεῖσαι,
1842 1233 1880 1270 μὴ

1062 1277 1235 1318 ἆμφιϐάλλειν
1257 1290 1298 1318 σε,
1329 1279 1382 1316 ἅμα
1416 1280 1469 1316 Υἱῴ
1497 1281 1539 1307 καὶ
1577 1278 1617 1307 διά
1645 1284 1690 1308 τοῦ
1725 1281 1785 1307 Υἱοῡ
1813 1284 1880 1306 εἶναι

1061 1325 1092 1351 τὸ
1105 1327 1209 1361 Πνεῦμα
1239 1323 1268 1351 ἐκ
1290 1328 1335 1352 τοῦ
1363 1324 1475 1359 Πατρός.
1508 1323 1590 1352 Ἀλλὰ
1618 1325 1661 1352 καὶ
1689 1323 1768 1352 πάλιν
1805 1324 1880 1351 δαῦ-

1062 1369 1105 1399 τὸς
1142 1368 1287 1408 ὀφθαλμὸν,
1325 1369 1427 1408 πηγὴν,
1465 1371 1507 1397 καὶ
1533 1370 1653 1407 ποταμὸν
1683 1370 1718 1401 εἷς
1755 1367 1879 1408 παραδεί-

1062 1424 1150 1451 γματα
1171 1416 1220 1446 τής
1249 1414 1330 1447 αὐτῆς
1353 1414 1452 1444 ἐννοίας
1475 1412 1602 1451 λαμϐάνει
1632 1414 1675 1442 καὶ
1704 1414 1751 1442 εἶσὶ
1783 1413 1830 1450 μὲν
1852 1413 1881 1441 ἐκ

1062 1462 1108 1485 τοῦ
1149 1457 1282 1498 ὀφθαλμοῦ
1311 1459 1327 1492 ἡ
1350 1459 1437 1497 πηγὴ,
1463 1459 1506 1486 καὶ
1541 1460 1555 1486 ὁ
1583 1459 1702 1495 ποταμὸς
1732 1458 1785 1496 ἅμα
1814 1456 1881 1485 ἀλλὰ

1063 1501 1104 1531 διὰ
1139 1505 1187 1535 τῆς
1210 1506 1301 1541 πηγῆς
1327 1503 1544 1542 ὁμολογουμένως
1576 1504 1590 1531 ὁ
1611 1504 1730 1540 ποταμὸς
1758 1503 1802 1531 καὶ
1836 1503 1880 1530 οὖ-

1063 1546 1104 1574 δὲν
1130 1559 1154 1574 τι
1177 1546 1328 1585 λυμαίνεται
1364 1549 1408 1576 τὸν
1435 1551 1480 1576 τοῦ
1516 1547 1570 1585 ἅμα
1599 1547 1677 1586 λόγον
1708 1549 1739 1575 τὸ
1767 1546 1807 1575 διὰ
1834 1547 1881 1581 τῆς

1064 1594 1154 1631 πηγῆς
1190 1592 1219 1619 ἐκ
1248 1596 1292 1621 τοῦ
1326 1591 1460 1632 ὀφθαλμοῦ
1490 1592 1610 1631 προϊέναι
1638 1593 1682 1620 τὸν
1705 1592 1836 1629 ποταμόν.
1855 1593 1883 1620 Εἰ

1064 1636 1091 1664 δὲ
1117 1635 1251 1674 βούλεσθε,
1281 1643 1338 1669 τοῖς
1375 1637 1522 1675 εἰρημένοις
1558 1636 1806 1676 ἐπισυναφθήτωσαν
1841 1637 1884 1664 καὶ

1066 1680 1131 1721 ἅπερ
1146 1680 1219 1710 ἄλλοι
1250 1681 1349 1718 ἄλλως,
1372 1683 1407 1714 εἷς
1436 1680 1462 1709 δὲ
1487 1681 1535 1715 τὴν
1564 1681 1645 1715 αὐτὴν
1674 1681 1753 1709 εἷπον
1781 1681 1881 1709 ἔννοιαν

1065 1725 1321 1765 παραδειγματικῶς,
1366 1726 1454 1764 πηγὴ,
1489 1726 1620 1762 ποταμὸς,
1685 1725 1763 1764 ὕδωρ,
1815 1726 1881 1764 ῥίζα,

1063 1769 1169 1810 κλάδος,
1201 1772 1310 1810 καρπὸς1
1340 1770 1424 1810 ῥόδον,
1462 1770 1550 1806 ἄνθος,
1574 1770 1660 1807 ὀσμή,
1694 1771 1731 1799 Τὰ
1763 1781 1883 1807 τοιαυτα¹

1063 1813 1227 1853 λογιζόμενοι
1270 1815 1468 1855 παραδείγματα
1506 1816 1528 1842 οἱ
1581 1814 1775 1853 διαποροῦντες,
1827 1818 1884 1846 πῶς

1063 1862 1106 1888 καὶ
1142 1859 1196 1897 ἅμα
1226 1862 1288 1898 Υἱῴ,
1326 1862 1368 1889 καὶ
1397 1859 1438 1888 διὰ
1467 1864 1514 1889 τοῦ
1556 1861 1617 1888 Υἱοῦ
1658 1861 1688 1887 τὸ
1722 1863 1828 1898 Πνεῦμα
1857 1860 1888 1888 ἐκ

1063 1908 1107 1932 τοῦ
1143 1906 1255 1944 Πατρὸς,
1299 1905 1366 1944 πέρα
1413 1909 1458 1933 τοῦ
1500 1905 1605 1943 μετρίου
1654 1903 1887 1944 πολυπραγμονεῖν

1063 1949 1264 1980 ὑποστέλλεσθε,
1296 1948 1396 1978 ’ἰκανὸν
1425 1950 1475 1989 γὰρ
1502 1950 1570 1987 ἡμῖν
1593 1950 1629 1981 εἰς
1671 1949 1720 1982 τὴν
1749 1952 1797 1983 τῆς
1835 1962 1887 1978 πο-

1065 1993 1285 2032 λυπραγμοσύνης
1313 1995 1465 2034 ἀποτροπὴν
1495 1995 1524 2022 τὸ
1552 1993 1644 2022 εἰδέναι
1676 1995 1714 2025 ὡς
1737 1996 1761 2022 οἱ
1788 1995 1836 2028 τὴν
1852 1993 1887 2022 δι’

1067 2039 1126 2066 1⁵ἱοὺ
1155 2037 1371 2076 ὃεόογματικότες
1399 2039 1550 2078 ἐκπόρευσιν
1585 2038 1712 2078 ἄχρονον,
1735 2039 1779 2067 καὶ
1804 2039 1888 2077 ὑπὲρ-

1064 2093 1161 2122 χρονον
1182 2083 1279 2116 ταύτην
1295 2083 1426 2123 ἐφρόνουν,
1446 2084 1488 2111 καὶ
1512 2083 1558 2112 οὒκ
1580 2082 1610 2111 ἄν
1625 2093 1687 2111 ποτε
1703 2083 1846 2123 ἔπισφαλές
1862 2095 1888 2111 τι

1062 2127 1120 2166 περὶ
1135 2129 1215 2161 αὐτῆς
1231 2127 1414 2167 ἐδογμάτισαν.

1374 2183 1498 2210 smmi.
1522 2175 1573 2217 ς’.

1685 1724 1763 1764 ὕδωρ,

216 2225 266 2256 Ad
282 2234 331 2267 eos
346 2227 399 2266 qui
416 2227 541 2258 dicunt:
564 2239 575 2255 (ι
595 2227 632 2258 Si
643 2236 699 2267 per
722 2227 836 2258 Filium
860 2227 1001 2265 prooedit,

1108 2223 1133 2255 ὸς
1155 2224 1214 2255 τοὺς
1236 2224 1372 2263 λέγοντας,
1394 2235 1405 2252 (ι
1433 2225 1460 2253 Εἰ
1483 2223 1516 2252 δι’
1545 2225 1605 2254 Υἱοῦ
1633 2224 1811 2264 ἐκπορεύεται,
1829 2228 1890 2257 πῶς

245 2266 335 2297 modo
351 2276 414 2298 non
429 2271 499 2298 sunt
515 2267 583 2298 duo:
597 2266 767 2299 existentiw
783 2267 942 2308 Spiritus?
959 2279 970 2296 ν

236 2314 264 2344 1.
281 2312 317 2343 Et
330 2322 390 2353 quo
406 2319 503 2351 pacto,
521 2315 669 2354 inquiunt,
689 2324 845 2354 possumus
861 2313 1024 2353 dicerepel‘

193 2356 302 2388 Filium
321 2358 464 2397 Spiritum
480 2359 644 2398 procedere
660 2358 771 2398 absque
788 2368 821 2389 eo
838 2359 916 2398 quod
927 2358 1026 2388 conci-

197 2400 395 2441 piamusduas
404 2402 531 2441 Spiritus
541 2402 739 2439 exsistenlias,
759 2412 847 2432 unam
874 2412 909 2432 ex
925 2403 1022 2433 Patre,

195 2445 316 2476 alteram
333 2455 386 2486 per
400 2446 523 2476 Filium?
547 2446 737 2486 Ecquisnam,
755 2457 771 2477 ο
793 2446 960 2486 ainici,lnec
975 2446 1025 2477 vos

196 2489 318 2520 edocuit
345 2489 523 2530 improbatis
556 2495 644 2531 atque
672 2491 799 2527 sivititiae
829 2491 940 2531 plcna?
969 2490 1024 2527 Qui

196 2534 274 2565 enim
290 2534 403 2565 similia
419 2535 567 2573 effutiunt,
586 2545 645 2566 non
661 2546 765 2567 omnes
783 2540 908 2576 utroque
920 2536 1020 2574 modo,

196 2579 248 2609 sed
263 2578 294 2609 hi
310 2579 429 2619 quidem
448 2580 639 2620 malitiose,hi
651 2580 1021 2621 vero‘imprudenter,mul-

197 2622 332 2653 titudinis
347 2623 471 2654 auribus
486 2624 674 2663 obstrepunt.
692 2625 824 2665 Namque
839 2625 888 2665 qui
904 2629 1025 2656 conten-

198 2667 329 2698 tionibus
338 2668 529 2706 addicuntur,
547 2669 739 2710 reliquosque
760 2679 863 2700 omnes
883 2678 1025 2710 superare

197 2721 387 2752 summopere
402 2714 556 2751 anhelant,
576 2714 606 2744 in
622 2723 695 2754 quos
711 2723 777 2745 sese
793 2714 1024 2754 inferunt,atque

197 2756 398 2794 intrudunt,hi
414 2759 542 2799 maligne
552 2759 654 2790 omnia
670 2763 698 2789 et
713 2759 1026 2791 comminiscuntur.et

198 2801 361 2834 enuntiant.
374 2803 430 2834 Alii
446 2808 580 2835 naturam
599 2803 678 2834 nacti
693 2803 872 2843 simplicem,
886 2803 1026 2843 nullaque

1208 2265 1269 2305 οὒχὶ
1284 2264 1328 2293 δύο
1343 2263 1464 2304 ὑπάρξεις
1485 2268 1529 2293 τοῦ
1544 2263 1714 2304 Πνεύματοςς
1735 2276 1746 2293 υ

1108 2308 1145 2344 α’.
1163 2315 1211 2343 Καὶ
1224 2318 1281 2347 πῶς
1296 2314 1362 2349 ἔστι,
1388 2314 1460 2353 φασὶ,
1476 2312 1509 2340 δι’
1527 2314 1586 2341 Υἱοῦ
1615 2313 1701 2353 λεγειν
1730 2315 1759 2342 τὸ
1781 2317 1893 2351 Πνεῦμα

1067 2359 1283 2399 ἐκπορευόμενον,
1321 2359 1365 2386 καὶ
1400 2358 1437 2395 μή

1067 2404 1228 2442 Πνεύματος,
1260 2404 1320 2441 μίαν
1356 2404 1385 2431 ἐκ
1415 2406 1459 2431 τοῦ
1502 2403 1612 2442 Πατρὸς,
1652 2404 1696 2431 καὶ
1722 2403 1812 2442 ἑτέραν
1848 2402 1894 2432 διὰ

1065 2452 1110 2477 τοῦ
1146 2450 1229 2488 rio-3;
1262 2449 1310 2477 Καὶ
1352 2448 1402 2487 τίς,
1438 2449 1460 2475 ὦ
1517 2447 1624 2485 ἐτοτροι,
1660 2446 1770 2480 ἐδίδαξεν
1820 2449 1894 2485 ὑμᾶς

1064 2497 1158 2532 ταὺτα,
1175 2493 1192 2527 ἢ
1217 2493 1384 2532 κανουργῖας,
1407 2491 1425 2525 ἦ
1454 2492 1578 2525 ὰνοησίας
1611 2491 1673 2520 ὄντα
1704 2493 1811 2530 pacti;
1832 2496 1896 2521 "raw

1064 2537 1113 2576 γὰρ
1148 2537 1364 2576 άπερευγομὲθων
1407 2541 1486 2565 ταῦτα
1528 2536 1556 2564 οὗ
1602 2537 1697 2568 πάντες
1739 2537 1893 2576 ἀμφότερα,

1064 2580 1124 2609 ἁλλ’
1154 2583 1176 2609 οἱ
1213 2582 1261 2620 μὲν
1291 2581 1455 2620 κακούργως,
1486 2581 1509 2608 οἱ
1551 2580 1577 2608 δὲ
1620 2581 1740 2615 ἀνοήτως
1764 2583 1813 2615 τῆς
1839 2583 1898 2609 τῶν

1065 2625 1170 2654 πολλῶν
1199 2627 1281 2660 ἀκοῆς
1310 2625 1534 2665 καταφλυαροῡσιν
1563 2625 1636 2654 αὒτά.
1677 2628 1726 2657 Οἱς
1763 2625 1812 2663 μὲν
1842 2626 1899 2666 γὰρ

1482 2356 1525 2386 δύο
1566 2365 1638 2386 νοεῖν
1684 2358 1804 2398 ὑπάρξεις
1842 2364 1893 2387 τοῦ

1065 2671 1082 2704 ἡ
1118 2671 1212 2709 γνώμη
1236 2671 1393 2712 φιλόνεικος,
1416 2670 1460 2697 καὶ
1503 2669 1723 2708 περισπούδαστον
1760 2670 1791 2697 τὸ
1819 2670 1900 2698 πάν-

1065 2726 1111 2748 τας
1147 2719 1220 2752 νικᾷν
1249 2718 1292 2748 οἷς
1327 2713 1396 2747 ἅπαξ
1423 2714 1465 2742 καὶ
1495 2713 1668 2750 εἱσωδίζουσιν
1694 2715 1813 2754 ἑαυτοὺς,
1846 2715 1900 2743 οὗ-

1066 2771 1106 2788 τοι
1137 2761 1288 2800 κακούργως
1324 2760 1409 2788 πάντα
1430 2759 1473 2787 καὶ
1501 2757 1661 2787 διανοοῦνται
1690 2759 1734 2787 καὶ
1755 2758 1898 2798 λέγουσιν.

1069 2799 1168 2834 ηΛλλοι
1191 2804 1217 2833 δὲ
1240 2805 1349 2845 γνώμης
1375 2803 1501 2845 τυχόντες
1527 2803 1721 2844 ἀπερισκέπτου
1751 2804 1795 2831 καὶ
1828 2804 1902 2843 ἀφε-
