1953 3074
108 127 158 159 221

106 207 163 224 στον
192 196 290 234 μονάδα
326 197 356 225 τὸ
376 201 427 226 πᾶν
449 197 537 226 ἐκεῖνο
571 200 618 231 τῆς
648 197 734 229 οὖσίας
768 197 953 237 φαντάζεταιΛ

105 240 219 280 πέλαγος
244 250 249 256 ·
272 243 317 270 καὶ
333 241 386 270 ἔστι
414 253 444 281 γε
467 242 548 279 μονὰς
573 242 693 281 ἀόριστος
715 241 834 278 ἀληθῶς,
857 243 924 280 μήτε

105 286 182 314 ποθὲν
197 286 347 325 ἆργομένη,
371 287 439 324 μήτε
468 288 517 314 ποῖ
546 286 663 325 λήγουσα
681 295 687 301 ·
719 286 781 315 ὅταν
809 286 835 314 δὲ
859 287 926 315 κατὰ

104 331 189 358 πίστιν
219 329 386 363 ἀνεξέταστόν
420 342 449 359 τε
472 332 516 359 καὶ
551 330 747 368 ἀναπόδεικτον,
780 331 840 359 ποία
877 332 925 370 γὰρ

105 374 134 402 ἂν
161 374 208 408 εἴη
237 376 265 403 ἓν
292 382 352 407 τοῖς
378 375 442 415 ὑπὲρ
470 376 545 415 φύσιν
582 374 736 415 ἆπύδειξις;
767 377 802 408 εἷς
832 375 926 415 Τριάδα

104 419 252 455 προσώπων
295 419 392 448 ὂιελετν
435 421 540 460 ὁρμήσῃ
569 424 618 453 τὴν
654 421 778 454 τοιαύτην
814 419 923 457 μονάδα⁷

103 463 164 496 ὅλος
193 465 241 498 τῆς
270 463 329 493 κατ’
350 465 466 493 ἐπίνοιαν
495 465 592 503 γίνεται
613 463 775 503 διαιρέσεως,
792 468 843 493 πᾶν
859 465 924 498 νόη-

103 519 140 545 μα
167 508 319 546 οὗσιώόους,
355 510 399 538 καὶ
435 511 623 549 πραγματικῆς
662 508 811 547 διαιρέσεως
847 510 924 537 ἀπωο

100 553 237 593 Θούμενος,
267 554 311 582 καὶ
352 554 443 582 τούτου
471 553 546 585 ὄντος
580 565 610 592 γε
652 553 863 592 ὁμολογουμένου
899 554 926 582 ἐν

101 598 165 636 αύτῇ
194 601 230 636 τῇ
257 598 316 627 κατ’
347 599 462 627 ἐπίνοιαν
497 600 635 636 θαυμαστῇ
659 597 793 637 διαιρέσει,
810 601 867 630 πῶς
895 598 924 626 ἂν

103 642 146 676 εἴη
167 643 242 682 τριὰς
264 644 281 677 ἡ
304 644 394 683 Τριὰς,
418 644 493 681 εἰμὴ
508 644 538 671 τὸ
558 642 638 680 μέσον
654 641 699 676 εἴη
720 642 747 670 ἐν
759 643 824 681 ανῖιτῇ
841 652 848 682 ς
879 638 922 674 Ὠς

101 687 148 726 γὰρ
176 689 221 716 καὶ
243 689 455 728 προειρήκειμεν,
500 688 521 715 εἰ
560 687 599 725 μὴ
643 687 696 715 ἐστι
733 686 823 724 μέσον.
867 687 923 716 οὐδὲ

101 731 188 770 Τριὰς,
218 733 262 760 καὶ
281 734 302 760 εἱ
326 732 363 770 μὴ
391 732 446 760 ἐστι
469 731 561 768 μέσον,
591 742 663 770 ταγα
691 730 722 758 ἂν
738 731 856 769 ἂναζήσῃ
873 735 923 759 Σα-

99 775 214 808 ὄέλλιος,
230 778 274 805 καὶ
289 778 306 811 ἡ
321 781 366 805 τοῦ
382 775 525 805 Σαϐελλίου
540 775 698 816 συναλοιφή.

648 131 695 161 DE
718 129 970 162 PROCESSIONE
993 127 1023 159 S.
1048 130 1232 161 SPIRITUS.

1735 123 1793 156 222

966 197 1052 237 longe
1071 197 1186 238 lateque
1199 203 1328 237 vagatus,
1345 207 1402 228 non
1428 197 1551 238 reperit,
1569 196 1619 227 ubi
1635 195 1786 229 subsistat,

967 247 1016 272 aut
1045 242 1207 280 accumbat,
1236 243 1377 274 unitatem
1408 242 1476 273 ullis
1507 241 1642 273 terminis
1657 240 1788 270 circum—

967 285 1292 325 scriptam,universum
1309 286 1380 316 illud
1396 286 1532 317 essentiae
1548 286 1668 326 pelagus
1684 292 1790 323 cogno-

967 330 1042 360 scit:
1057 335 1084 360 et
1096 335 1139 361 est
1150 340 1218 361 vere
1229 331 1326 361 unitas
1337 331 1538 368 interminata,
1547 339 1643 370 neque
1653 327 1791 359 alicunde

968 374 1146 415 principium
1156 384 1434 416 agnoscens,neque
1445 375 1509 406 loco
1522 375 1551 405 in
1562 374 1660 414 aliquo
1670 372 1788 403 ﬁniens:

968 419 1019 449 sed
1032 429 1099 450 cum
1113 420 1170 450 fide
1183 421 1263 450 omni
1279 421 1413 450 examine
1439 424 1468 451 et
1479 418 1732 450 demonstratione
1741 426 1789 447 su-

968 465 1178 505 periore.(quaa
1187 466 1264 496 enim
1278 466 1306 495 in
1320 466 1366 505 iis,
1384 475 1448 506 quae
1460 475 1551 505 supra
1565 468 1697 494 naturam
1708 466 1788 500 sunt,

967 509 1180 540 demonstratio
1210 519 1274 540 esse
1305 510 1449 550 poterit?)
1474 511 1549 540 hanc
1575 507 1730 539 monadem
1758 507 1786 537 in

966 554 1103 584 Triadem
1115 555 1248 585 dividere
1260 555 1425 591 tentaverit,
1444 559 1521 585 totus
1536 554 1566 584 in
1582 552 1727 584 divisione
1737 560 1789 591 per

966 598 1147 629 intellectum
1167 599 1331 638 excogitata
1348 601 1511 637 ﬁt,omnem
1529 597 1705 634 essentialis,
1719 605 1786 626 rea-

966 643 1061 682 lisque
1077 643 1230 675 divisionis
1256 644 1465 683 cogitationem
1497 643 1647 683 expellens
1666 652 1672 671 :
1691 646 1718 672 et
1733 641 1788 671 hoc

965 697 1031 718 cum
1053 688 1115 727 jam
1140 688 1170 718 in
1200 689 1343 719 confessis
1357 689 1405 725 sit,
1423 689 1451 718 in
1467 689 1522 719 hac
1538 697 1589 728 per
1605 686 1785 718 intellectum

967 736 1129 771 pertentala
1141 733 1308 763 admirabili
1326 733 1482 769 divisione,
1499 732 1648 773 quomodo
1659 729 1787 760 Trinitas

966 777 1081 807 trinitas
1091 777 1252 814 fuerit,nisi
1262 783 1340 809 esset
1351 778 1381 808 in
1392 778 1455 818 ipsa
1469 777 1598 808 medium
1607 779 1621 807 τί
1636 774 1787 811 Quemad-

101 821 221 851 modum
239 830 317 851 entm
334 825 420 852 antea
434 821 572 856 diximus,
588 820 614 851 si
631 820 761 850 medium
777 830 834 850 non
851 825 905 857 est,
922 830 1017 861 neque
1032 821 1160 852 Trinitas
1179 822 1256 852 erit:
1276 826 1304 853 et
1318 822 1342 852 si
1360 823 1492 853 medium
1523 831 1580 852 non
1608 820 1708 856 fuerit,
1722 818 1784 849 for-

102 869 175 896 tasse
190 864 349 902 Sabellius,
367 865 547 906 Sabelliique
563 867 725 897 contractio
737 864 900 896 reviviscet.

138 906 190 947 ς’,
210 911 238 939 Εἰ
260 909 287 938 δὲ
309 911 340 938 σὺ
368 911 416 944 τὴν
445 910 504 938 κατ’
532 910 646 938 ἐπίνοιαν
669 910 771 938 ἁκούων
786 909 919 949 διαίρεσιν,
934 914 951 938 Β

100 955 127 983 οὒ
147 956 261 996 φυσικὴν
289 956 333 983 καὶ
375 954 488 989 οὒσιώόη
531 955 578 989 τὴν
607 960 652 984 τοῦ
687 956 869 992 μεσιτεύὸντος
896 955 923 983 ἐν

99 1003 131 1037 τῇ
168 998 229 1028 κατ’
272 999 398 1034 ἐπίνοιαν,
442 999 565 1038 διαιρέσει
606 1000 748 1039 προσώπου
791 1000 922 1036 μεσιτείαν

101 1043 222 1084 δέχεσθαι
256 1044 351 1084 θέλεις,
388 1044 457 1072 ἀλλὰ
495 1043 580 1084 λέγεις
622 1045 672 1084 ὡς,
711 1044 767 1072 ἐπεὶ
800 1043 921 1083 διαίρεσις

100 1089 151 1117 ἐστι
163 1089 224 1117 κατ’
262 1089 389 1126 ἐπίνοιαν,
420 1090 463 1117 καὶ
485 1094 502 1123 ὴ
531 1089 649 1126 μεσιτεὶα
684 1088 777 1117 λοιπὸν
800 1088 826 1116 ἐν
855 1088 921 1127 ψιλῇ

103 1135 168 1172 μόνῃ
197 1134 253 1162 ἐστὶ
288 1137 375 1174 φωνῇ,
414 1133 483 1162 ἀλλὰ
513 1133 614 1167 πολλῆς
645 1133 698 1161 ἴσοι
726 1133 817 1172 γέμειν
845 1139 921 1163 τοῦτο

99 1178 142 1212 τῇς
172 1178 292 1215 πλάνῇς,
328 1179 371 1206 καὶ
419 1178 448 1207 οὗ
496 1179 526 1206 τὸ
561 1179 641 1218 τυχὸν
670 1177 837 1215 λυμαίνεσθαι
872 1178 920 1212 τὴν

113 1223 121 1234 ν
148 1221 171 1233 ’β
341 1223 347 1231 ι
427 1223 433 1233 ἴ
608 1223 615 1234 Ι
646 1223 652 1233 Ἰ
681 1223 687 1233 Ι
831 1223 836 1232 Ι

100 1233 240 1252 ευσεοειαν.
267 1223 295 1252 Εἰ
320 1234 369 1262 γαρ
400 1222 440 1251 δια
475 1223 524 1257 τὴν
556 1234 605 1251 χατ
644 1233 758 1251 επινοιαν
785 1222 917 1259 διαιρεσιν,

98 1268 139 1296 καὶ
159 1269 209 1301 τὴν
252 1267 278 1295 ἐν
301 1274 359 1300 τοῖς
387 1266 574 1306 διαιρουμένοις
611 1267 760 1306 προσώποις
789 1267 920 1304 μεσιτείαν

101 1313 126 1340 ἓν
159 1311 228 1350 ψιλῇ
260 1312 328 1350 μόνῃ
357 1315 431 1352 φωνῇ
452 1311 544 1346 διανοῇ
569 1313 611 1340 καὶ
640 1312 769 1352 φαντάζῃ,
787 1312 815 1339 τὸ
836 1313 919 1352 κειρά-

100 1356 172 1385 λαιον
200 1357 342 1396 οἰχήσεταί
381 1368 422 1385 σοι
457 1359 506 1390 τῆς
549 1355 690 1392 εύσεϐείας,
731 1357 774 1384 καὶ
803 1357 819 1390 ἡ
844 1357 922 1395 Τριὰς

100 1401 183 1430 οὒκέτι
211 1402 362 1441 προσώπων
404 1402 526 1431 ἑνουσίων
560 1402 604 1429 καὶ
640 1401 822 1430 ἐνυποστάτων
849 1400 922 1428 ἔσται

101 1447 188 1486 Τριᾶς,
230 1446 331 1482 ἐπινοίᾳ
365 1445 392 1474 δὲ
427 1447 470 1474 καὶ
509 1445 575 1484 ψιλῆ
597 1446 666 1484 μόνῃ
697 1449 771 1486 φωνῇ
793 1446 822 1473 τὸ
851 1446 921 1474 εἶναι

103 1491 233 1531 ἐχόντων.
264 1490 347 1519 Ἀλλὰ
389 1498 467 1523 ποῖος
510 1490 573 1527 ᾅδης
606 1491 731 1524 τοιαύτην
756 1490 921 1529 ἁπερεύξεται

102 1535 294 1575 βλασφημίαν,
322 1537 351 1564 Ei.
379 1537 428 1575 γὰρ
463 1537 507 1564 καὶ
537 1537 553 1569 ἡ
586 1539 638 1563 τῶν
660 1535 804 1575 εἶρημένων
838 1546 920 1574 προς-

100 1580 178 1608 ώπων
207 1580 332 1620 διαίρεσις
354 1579 412 1608 κατ’
441 1580 556 1608 ἐπίνοιαν
584 1580 639 1608 ἐστι
668 1591 695 1607 τε
723 1580 767 1608 καὶ
803 1579 917 1619 λέγεται,

101 1623 166 1652 ἀλλὰ
208 1635 240 1664 γε
270 1624 354 1653 αύτῶν
396 1624 505 1653 ἕκαστον
547 1625 688 1663 πρόσωπόν
723 1625 792 1653 ἐστιν
814 1624 919 1658 ἀληθῶς

99 1668 211 1697 ἐνούοιον
240 1669 284 1697 χαὶ
305 1668 492 1709 ἐνυπόστατον,
529 1670 573 1699 καὶ
609 1670 661 1709 οὔχ
689 1668 729 1697 ὅτι
752 1671 769 1703 ἡ
797 1668 919 1708 διαίρεσις

97 1713 154 1742 κατ’
190 1713 320 1749 ἐπίνοιαν,
360 1713 412 1748 ἢδη
450 1714 494 1742 καὶ
535 1715 552 1748 ἡ
595 1715 693 1742 τούτων
727 1714 832 1753 ὕπαρξις
862 1713 919 1742 κατ’

97 1757 224 1790 ἐπίνοιαν.
270 1759 318 1788 Καὶ
366 1758 408 1787 διὰ
443 1759 526 1787 ταῦτα
559 1761 576 1794 ἡ
614 1763 659 1788 τοῦ
701 1761 761 1788 Υἱοῦ
803 1759 921 1796 μεσιτεία

97 1804 190 1842 φυσικὴ
230 1803 274 1831 καὶ
314 1803 442 1838 ούσιώδης
475 1803 530 1833 ἐστὶ
571 1805 651 1842 μέσον
687 1805 789 1843 Πατρὸς
815 1815 843 1832 τε
876 1801 920 1833 καὶ

96 1848 177 1885 ῐΙνεύμ
182 1859 246 1879 ατος
252 1871 258 1877 .

135 1888 170 1928 ζ’.
207 1893 321 1925 Τούτους
349 1893 403 1932 ἐγω
423 1894 471 1928 τῆς
501 1895 633 1931 μεσιτείας
669 1893 759 1932 διδωμι
788 1905 828 1923 σοι
858 1895 916 1926 τοὺς

98 1936 201 1978 λόγους,
232 1938 331 1971 ταύτης
359 1938 491 1977 ἐξηγητὴν
520 1939 598 1968 αὐτὸν
636 1939 737 1967 ἐκεῖνον
765 1939 811 1967 τὸν
841 1940 916 1978 εἰρη-

97 1982 157 2010 κότα
197 1982 302 2021 Πατέρα
333 1983 467 2021 εὑρίσκων,
507 1984 624 2022 Εἶρηκὼς
661 1984 711 2023 γὰρ
732 1984 856 2023 πρότερον
885 1985 916 2012 τὸ

101 2038 113 2054 ι
140 2026 180 2056 διὰ
209 2030 256 2055 τοῦ
288 2030 440 2067 προσεχῶς,
464 2038 479 2057 ι
527 2027 594 2056 οὕτω
635 2029 665 2056 τὸ
695 2031 744 2061 τῆς
785 2030 916 2066 μεσιτείας

99 2070 230 2111 ἐπήγαγεν
266 2070 361 2109 ὄνομα,
398 2071 498 2103 δεικνὺς
541 2072 656 2101 ἐντεῦθεν
684 2073 720 2104 ὡς
750 2072 836 2101 αἴτιον
872 2077 917 2101 τοῦ

97 2115 139 2149 τῆς
162 2116 297 2154 μεσιτείας
325 2115 453 2154 ὀνόματος
484 2116 554 2145 τοῦτ’
578 2117 640 2145 αὖτὸ
669 2117 701 2151 ἦν
731 2118 761 2145 τὸ
796 2116 836 2147 διὰ
871 2122 916 2146 τοῦ

99 2160 153 2189 rio-3
181 2160 211 2188 ἐκ
242 2164 290 2189 τοῦ
323 2162 424 2199 Πατρὸς
459 2162 528 2189 εἶναι
557 2162 587 2190 τὸ
629 2165 745 2199 Πνεῦμα,
789 2163 825 2190 Σὺ
853 2166 914 2202 γοῦν

1002 910 1033 944 ὃ.
1049 910 1132 946 Quod
1149 911 1173 941 si
1194 916 1224 942 tu
1251 911 1402 942 intellectu
1419 912 1521 942 factam
1538 909 1713 941 divisionem
1729 917 1783 939 au-

965 954 1061 996 diens,
1081 957 1246 987 naturalem
1262 960 1292 987 et
1306 956 1494 987 essentialem
1512 964 1658 997 personae,
1676 962 1740 994 qua
1754 953 1784 983 in

964 999 1109 1031 divisione
1126 1001 1290 1031 secundum
1301 1001 1483 1032 intellectum
1499 1000 1596 1031 media
1611 1003 1665 1036 est,
1676 997 1785 1029 media-

965 1043 1074 1075 tionein
1085 1046 1242 1076 admittere
1251 1046 1418 1086 renuis,sed
1430 1045 1668 1084 contendis,cum
1680 1041 1783 1073 divisio

964 1090 1206 1128 perintellectum
1218 1090 1474 1128 tit,mediationem
1483 1098 1600 1130 quoque
1609 1098 1674 1119 esse
1687 1089 1715 1118 in
1723 1087 1785 1117 sola

964 1135 1040 1163 nuda
1059 1144 1141 1175 voce,
1166 1135 1240 1166 scito
1268 1136 1324 1166 hoc
1348 1135 1433 1176 plane
1449 1135 1577 1166 maxime
1593 1132 1782 1164 temerarium

963 1187 1040 1213 esse,
1058 1180 1228 1220 errorisque
1245 1180 1376 1219 plenum,
1405 1189 1458 1210 nec
1480 1184 1629 1219 utcunque
1645 1177 1782 1218 pietatem

962 1223 1283 1255 vulnerare.Etenimsi
1296 1228 1416 1265 propter
1425 1224 1591 1255 secundum
1602 1222 1782 1252 intellectum

963 1267 1149 1306 divisionem,
1164 1273 1193 1299 et
1209 1269 1238 1299 in
1255 1269 1357 1299 divisis
1379 1278 1513 1308 personis
1529 1266 1737 1298 mediationem
1752 1265 1782 1296 in

962 1313 1042 1342 nuda
1053 1314 1114 1344 sola
1129 1323 1200 1345 voce
1216 1314 1406 1352 intelligis,ac
1416 1311 1784 1349 comminisceris,summa

965 1357 1017 1387 tibi
1030 1357 1144 1397 pietatis
1157 1358 1414 1398 periciitabitur,et
1428 1358 1558 1388 Trinitas
1573 1367 1630 1388 nou
1647 1356 1702 1387 erit
1718 1365 1783 1396 ρει*-

964 1412 1101 1434 sonarum
1120 1405 1248 1434 essentia
1262 1409 1291 1435 et
1302 1404 1449 1444 hypostasi
1459 1403 1681 1434 subsistentium
1693 1402 1782 1432 trini-

964 1448 1073 1485 tas,sed
1085 1449 1263 1488 cogitatione
1279 1449 1493 1485 tantummodo,
1505 1453 1534 1479 et
1546 1448 1626 1478 nuda
1636 1448 1699 1477 sola
1710 1455 1782 1477 voce

964 1492 1178 1524 exsistentium.
1195 1495 1232 1524 At
1247 1493 1383 1534 quisnam
1395 1502 1482 1523 orcus
1495 1492 1621 1523 similem
1640 1491 1781 1530 blasphe-

964 1537 1052 1568 miam
1069 1538 1214 1568 eructabit
1225 1539 1237 1567 ?
1250 1538 1329 1569 Licet
1341 1538 1419 1568 enim
1431 1537 1577 1568 dicturum
1590 1544 1780 1575 perstinarum

931 1577 950 1602 ο
963 1582 1066 1612 divisio
1084 1583 1249 1613 secundum
1266 1583 1446 1626 intellectum
1464 1582 1512 1619 sit,
1528 1586 1556 1612 et
1569 1585 1727 1617 asseratur,
1737 1583 1783 1626 est

962 1631 1059 1658 tamen
1075 1636 1257 1668 unaquaeque
1286 1623 1388 1658 earum
1409 1635 1537 1667 persona
1553 1635 1633 1663 vero,
1652 1623 1783 1655 essentia

961 1675 990 1702 et
1004 1671 1153 1711 hypostasi
1167 1672 1344 1704 subsistens.
1355 1671 1387 1702 Et
1397 1681 1455 1702 non
1467 1671 1544 1712 quod
1555 1669 1659 1700 divisio
1675 1677 1784 1699 secun~

962 1714 1031 1745 dum
1063 1715 1246 1747 intellectum
1277 1721 1331 1754 est,
1359 1725 1460 1746 earum
1476 1724 1595 1756 quoque
1611 1714 1781 1745 exsistentia

963 1760 1126 1791 secundum
1154 1761 1336 1792 intellectum
1372 1761 1438 1791 erit.
1466 1761 1685 1800 l’roptereaque
1716 1757 1782 1789 Filii

965 1805 1031 1834 med
1046 1805 1103 1836 atio
1127 1807 1268 1837 naturalis
1293 1810 1321 1836 et
1332 1805 1497 1837 essentialis
1513 1809 1557 1835 est
1572 1804 1649 1834 inter
1662 1804 1780 1835 Patrem

959 1853 988 1880 et
1003 1848 1157 1889 Spiritum.

998 1895 1016 1926 7
1045 1896 1167 1935 Hosego
1177 1894 1425 1926 tibimedialionis
1436 1894 1518 1925 trado
1531 1892 1783 1933 sermones,illius

957 1939 1151 1980 interpretem
1179 1940 1261 1971 illum
1278 1939 1375 1979 ipsum
1393 1941 1521 1976 l‘atrem,
1538 1939 1587 1979 qui
1607 1937 1780 1975 tradiderat,

959 1991 1075 2016 nactus.
1093 1984 1226 2025 Namque
1242 1994 1309 2014 cum
1329 1984 1409 2024 prius
1436 1984 1559 2014 dixisset
1577 1993 1582 2013 :
1600 1996 1611 2011 ι(
1629 1984 1686 2014 Per
1700 1990 1779 2016 eum.

960 2030 1008 2069 qui
1023 2030 1213 2060 continenter
1229 2034 1283 2066 est,
1305 2041 1316 2055 η
1348 2028 1447 2058 statim
1469 2027 1657 2059 mediationis
1672 2035 1781 2057 nomen

959 2074 1177 2114 adjunxit.inde
1193 2077 1441 2112 commonstrans,
1457 2071 1782 2104 inediationisnominis

958 2128 1074 2150 causam
1092 2129 1158 2150 esse
1174 2120 1231 2149 hoc
1246 2117 1421 2158 ipsum,Per
1434 2117 1541 2148 Filium
1559 2127 1592 2148 ex
1611 2118 1698 2148 Patre
1713 2115 1781 2156 Spi—

957 2163 1045 2194 ritum
1060 2173 1134 2194 esse.
1149 2163 1192 2194 Tu
1205 2172 1274 2202 ergo
1288 2172 1324 2193 ne
1336 2162 1409 2193 solis
1421 2161 1542 2192 vocibus
1555 2162 1701 2192 malitiose
1711 2160 1781 2191 insi-

98 2205 132 2241 μὴ
146 2205 239 2242 μόναις
270 2206 332 2237 ταῖς
361 2205 445 2239 λέξεσι
467 2207 620 2246 πανούργως
642 2206 835 2242 ἐπικαθήμενος
878 2208 908 2237 εἷς

1003 2208 1135 2249 ns,quasi
1152 2213 1211 2238 tres
1227 2212 1347 2238 naturas
1362 2206 1508 2237 inferrent
1519 2207 1598 2237 dicta
1608 2205 1780 2242 criminare,

98 2249 186 2288 Τριᾶδι
219 2250 322 2290 φῦσεων
351 2251 383 2279 τὰ
425 2251 550 2290 εἰρημένα
579 2250 713 2291 διάϐαλλε,
746 2252 812 2289 μηδὲ
836 2264 914 2291 φυσι-

98 2300 151 2325 κοῖς
179 2294 271 2333 λόγοις
300 2295 334 2323 τὰ
360 2295 424 2334 ὒπὲρ
457 2296 532 2335 φύσιν
568 2295 626 2324 Θέλε
657 2303 798 2325 κατανοεῖν
843 2291 918 2324 Ἀλλ’

99 2337 165 2371 εἰδὼς
195 2338 336 2378 ἔινέφικιον
370 2340 442 2368 εἶναι
479 2341 556 2368 παντὶ
578 2342 752 2377 κατανοῆσαι,
783 2344 839 2372 πῶς
875 2336 918 2368 καὶ

97 2382 149 2421 τρία
176 2385 220 2412 καὶ
254 2383 280 2411 ἔν
315 2385 337 2412 ὼ
365 2384 459 2418 θεότης
495 2385 560 2421 ἐστὶ,
591 2386 634 2413 καὶ
667 2387 711 2414 τὸν
739 2388 787 2418 τῆς
809 2384 917 2424 Τριάδος

97 2426 201 2465 φύλαττε
230 2427 321 2467 λόγον,
345 2430 408 2457 καθὸ
438 2430 515 2469 Τριὲις
541 2431 554 2457 ὁ
579 2431 653 2465 Θεὸς,
687 2429 769 2467 μηδεν
784 2429 915 2458 ὑποστελ-

97 2469 200 2510 λόμενος
215 2474 246 2502 τὸ
278 2474 356 2511 μέςον
387 2473 472 2513 λέγειν
498 2476 525 2502 ἓν
540 2478 574 2513 τῇ
596 2474 695 2514 Τριάδι,
724 2476 767 2503 καὶ
795 2476 840 2503 τὸν
868 2477 916 2508 τῆς

98 2516 199 2552 μονάδος
232 2519 338 2546 πίστευε
375 2518 447 2558 ὅρον,
485 2521 549 2548 καθὸ
593 2520 674 2558 μονὰς
699 2519 768 2548 ἐστιν
797 2521 810 2548 ὁ
839 2521 913 2553 Θεὸς,

98 2560 212 2596 μηδόλως
241 2562 401 2601 ὰποτολμῶν
426 2565 456 2592 τὸ
485 2563 564 2601 μέσον
590 2563 677 2603 λέγειν
699 2564 724 2592 ἐν
753 2565 786 2598 τῇ
814 2564 914 2602 Τριάδι,

99 2606 141 2649 Fui
175 2607 241 2636 οὕτω
278 2608 316 2645 μὴ
358 2615 419 2640 ταῖς
448 2608 558 2648 λέξεσιν,
590 2610 625 2641 ὡς
654 2608 730 2649 ἔφην,
761 2610 913 2649 πανούργως

98 2646 293 2690 ἒπικαθήμενος,
325 2652 393 2681 ἀλλα
435 2653 498 2685 ταῖς
534 2653 644 2685 ἐννοίαις
672 2646 723 2682 τῶν
745 2646 911 2691 λέξεωνέμ-

98 2695 217 2731 καθύνωμ,
237 2697 336 2735 γνῶναι
365 2697 439 2738 ’έχεις
460 2699 495 2730 ὡς
522 2697 583 2738 οὒχὶ
605 2697 646 2726 διὰ
682 2700 711 2726 τὸ
741 2700 854 2739 φυσικῶς
869 2700 912 2727 καὶ

96 2736 216 2782 οὖσιωίὦς
248 2742 393 2778 μεσιτεύειν
424 2743 469 2770 τὸν
507 2743 565 2771 Γὶὸν
597 2746 630 2780 τῇ
667 2742 696 2770 ἐκ
738 2747 782 2771 τοῦ
811 2745 911 2782 Πατρὸς

960 2262 1057 2290 neque
1072 2262 1088 2283 a
1105 2257 1207 2283 natura
1223 2252 1320 2293 petitis
1349 2251 1525 2287 rationibus,
1546 2260 1611 2291 qua
1623 2259 1711 2289 supra
1724 2258 1780 2279 na-

961 2302 1054 2328 turam
1072 2298 1313 2337 sunt,percipere
1323 2295 1542 2337 praesume.Sed
1557 2304 1666 2335 gnarus
1682 2293 1780 2324 omni-

961 2341 1014 2372 bus
1031 2342 1313 2382 incomprehensum
1331 2350 1396 2371 esse
1413 2340 1656 2379 cognitione,qua
1667 2339 1781 2369 ratione

959 2386 1059 2417 Deitas
1069 2391 1097 2418 et
1109 2397 1197 2417 unum
1211 2390 1239 2417 et
1259 2386 1315 2416 tria
1329 2389 1407 2421 sunt,
1426 2390 1454 2415 et
1469 2384 1619 2415 Trinitatis
1637 2383 1780 2414 rationem

959 2441 1111 2471 conserva,
1128 2441 1186 2472 qua
1200 2431 1277 2462 Deus
1293 2430 1424 2461 Trinitas
1440 2434 1494 2466 est.
1513 2439 1569 2460 non
1585 2429 1734 2468 refugiens
1751 2427 1779 2457 in

958 2476 1102 2508 Trinitate
1132 2477 1262 2507 medium
1292 2475 1406 2510 dicere,
1435 2479 1462 2504 et
1482 2473 1600 2505 unitatis
1615 2473 1778 2505 ﬁnitionem

961 2525 1131 2561 teneto,qua
1143 2520 1325 2551 unitasDeus
1341 2523 1395 2555 est,
1407 2518 1487 2549 nullo
1505 2518 1592 2549 modo
1608 2519 1731 2556 audens,
1750 2518 1779 2548 in

959 2566 1069 2596 unitate
1087 2566 1217 2596 medium
1235 2563 1477 2604 interponere.Et
1487 2563 1530 2594 sic
1544 2573 1602 2594 non
1615 2563 1780 2601 voc:bus,ut

956 2610 1028 2651 dixi,
1040 2610 1194 2650 insistens,
1213 2610 1266 2640 sed
1282 2610 1312 2640 in
1329 2608 1491 2639 sententias
1506 2608 1670 2639 dictionum
1686 2617 1779 2648 pene-

955 2659 1046 2694 trans,
1073 2655 1183 2695 capies,
1216 2664 1273 2685 non
1299 2657 1454 2694 propterea
1468 2653 1544 2694 quod
1564 2654 1737 2684 naturaliter
1752 2657 1780 2683 et

956 2699 1155 2730 cssentialiter
1168 2698 1262 2730 Filius
1273 2698 1383 2729 mediat
1392 2698 1422 2728 in
1434 2697 1564 2737 Spiritus
1575 2707 1608 2729 ex
1621 2698 1704 2729 Patre
1715 2707 1780 2738 pro-

956 2744 1102 2784 ce>sione,
1121 2749 1253 2775 naturam
1271 2743 1401 2775 divinam
1422 2742 1524 2783 dividi,
1542 2743 1593 2773 sed
1610 2742 1688 2783 quod
1704 2751 1778 2772 con-

96 2779 235 2823 ἐκπορεύσει
257 2789 303 2814 τοῦ
339 2788 501 2825 Πνεῦματος,
534 2787 549 2820 ἱ,
583 2787 638 2814 θεία
667 2787 742 2826 φύσις
772 2786 908 2827 διῄρησαι,

1000 2779 1101 2828 ιειιιυιί
1109 2788 1237 2830 Spiritus
1253 2787 1453 2820 essentialiter
1467 2779 1547 2819 Patri
1558 2796 1611 2827 per
1619 2779 1777 2825 ~Filium,in
