1953 3074
148 132 205 165 243

679 130 815 163 JOANN.
832 130 940 163 VECCI
956 132 1011 162 CP.
1030 131 1297 164 PATRIARGH/E.

1774 132 1838 164 244

147 198 288 230 exsiliens
311 198 486 229 naturaliter
509 202 537 228 et
561 197 781 229 essentialiter?
809 197 913 234 Nemo,
935 200 965 226 ut

1047 199 1145 226 λοῦσθαι
1174 200 1362 240 πνευματικὸν,
1392 199 1454 228 ὅταν
1483 204 1617 240 μυριαχοῦ
1656 202 1704 234 τῆς
1728 203 1836 240 Γραφῆς

146 251 227 280 reor,
243 242 383 274 adversus
395 243 546 274 veritatem
579 243 618 273 ita
633 242 852 273 inverecundus
867 241 966 276 fuerit.

147 290 179 317 ut
195 297 229 318 ex
245 287 302 327 his,
316 298 379 327 quae
394 288 620 327 Chrysostomus
635 287 672 317 de
688 287 861 317 nominibus
876 286 970 327 Spiri-

145 335 193 362 tus
209 332 399 372 praescripsit,
424 337 535 363 certain
555 336 764 372 patentemque
779 332 968 362 demonstra-

147 385 214 406 nem
232 386 290 406 non
306 376 423 414 habeat,
442 377 535 416 ipsam
551 376 696 407 Paracleti
714 381 848 407 naturam
858 376 969 415 signiﬁ-

145 420 215 458 cari,
234 430 298 450 cum
316 421 381 461 quis
397 421 575 462 simpliciter
588 426 616 452 et
632 421 805 452 indistincte
826 420 968 461 Spiritum

146 468 278 495 sanctum
297 467 483 506 pronuntiat.

145 510 295 547 Πνεύματος
312 511 528 550 ὁμολογουμένην
542 511 599 551 ἔχει
616 511 744 544 ἀπόδειξιν
762 515 807 539 τοῦ
823 510 903 544 αὲην
919 512 967 543 τήν

145 554 219 592 ἅγιον
235 554 301 594 λέγῃ
317 555 387 583 ἀλῶν
403 557 446 583 καὶ
461 555 693 596 ἀπροσδιορίστως,

182 600 211 629 4.
222 599 282 630 Hac
292 599 546 631 demonstratione
564 610 616 641 pro
632 605 711 631 certo
724 601 965 640 habita,quanam

142 643 259 674 ratione
269 645 338 674 hinc
348 645 420 675 citra
428 645 694 676 contradictionem
711 655 769 676 non
778 649 967 685 sequeturre-

143 689 245 719 futatio
263 689 437 726 dicentium,
455 699 489 720 ex
505 690 580 720 Filio
595 699 744 725 emanare,
773 690 968 730 pt'osilireque

143 732 286 772 Spiritum
311 738 457 772 sanctum,
477 735 564 765 veluti
580 735 690 766 donum
712 735 860 775 quoddam
876 734 966 774 spiri-

143 777 216 808 tale?
236 778 295 809 Sed
310 778 406 809 adhuc
423 779 499 810 ultra
515 780 692 810 blaterantes
708 780 892 819 obstrepunt.
917 779 964 816 Et,

142 821 313 862 ubicunque
321 822 447 863 Spiritus
456 825 549 855 sancti
558 824 667 854 mentio
680 824 967 863 iutroduci‘.ur,sem~

1010 241 1170 280 εὒρίσκηται,
1189 241 1232 270 νῦν
1248 243 1297 280 μὲν
1323 243 1353 271 τὸ
1376 246 1481 281 Πνεῦμα
1510 245 1539 272 τὸ
1565 244 1640 283 ἇίγιον
1671 245 1701 272 ἐκ
1729 245 1835 283 Πατρὸς

1010 287 1053 314 καὶ
1082 287 1143 315 Υὶοῦ
1176 288 1283 326 προϊὸν,
1316 291 1358 316 νῦν
1380 287 1406 315 δὲ
1435 287 1461 320 εξ
1496 289 1597 329 ἀμφοῖν
1619 288 1752 329 ιῖθπαίρχον³
1790 289 1837 316 καὶ

1011 336 1054 360 νῦν
1076 331 1123 368 μὲν
1139 330 1169 359 ἐκ
1189 336 1234 361 τοῦ
1251 333 1352 372 Πατρὸς
1382 333 1514 371 πηγάζον,
1545 337 1587 361 νῦν
1623 333 1650 361 δὲ
1665 333 1696 361 ἐκ
1711 335 1756 362 τοῦ
1771 335 1837 361 Υἱοῦ

1011 375 1154 411 ἀναϐλύζον
1190 380 1305 416 φυσικῶς
1334 388 1362 404 τε
1398 378 1441 405 καὶ
1471 377 1629 417 οὖσιωδὼςς
1665 376 1752 409 Οὐδεὶς
1789 377 1834 414 ἂν,

1011 420 1101 457 οἴμαι,
1145 422 1193 454 τῆς
1228 420 1351 454 ἀληθείας
1377 421 1446 450 οὕτω
1466 421 1714 459 καταναιδεύσηται,
1736 423 1772 454 ὠς
1795 423 1836 460 μὴ

1012 464 1037 498 ἐξ
1058 466 1095 493 ὧν
1117 466 1130 493 ὁ
1159 465 1352 505 Χρυσοῤῥήμων
1382 466 1432 506 ἔφη
1455 468 1512 506 περὶ
1541 467 1594 495 τῶν
1616 467 1752 505 ὀνομάτων
1787 471 1838 496 τοῦ

991 514 1037 539 τοῦ
1067 509 1239 549 Παραχλῆτου
1267 510 1342 550 φύσιν
1366 510 1505 544 δηλοῦσθαι
1535 512 1648 545 ὁπηνίκα
1672 523 1712 544 τις
1730 515 1838 549 Πνεῦμα

1047 595 1082 630 δ’,
1120 601 1222 633 Ταύτης
1266 596 1290 628 δ’
1331 600 1542 640 ὁμολογηθείσης
1577 604 1627 635 τῆς
1662 600 1834 642 ἀποδείξεως,

1007 648 1064 676 πῶς
1087 645 1133 672 οὒκ
1164 645 1349 685 ὰναντιῤῥητος
1377 645 1548 681 ἀκολουθήσει
1584 647 1699 675 ἐντεῦθεν
1716 648 1730 674 ὁ
1753 646 1835 686 ἔλεγ-

1008 697 1058 728 χος
1094 693 1146 717 τῶν
1177 689 1307 728 λεγόντων
1329 692 1360 718 εκ
1388 694 1435 719 τοῦ
1464 692 1525 720 Υὶοῦ
1552 690 1705 727 ὰναϐλύζειν
1736 702 1764 719 τε
1790 692 1838 719 καὶ

1009 733 1187 772 ἀναπηγείζειν
1228 736 1258 762 τὸ
1299 739 1405 772 Πνεῦμα
1439 737 1469 764 τὸ
1518 735 1605 775 ἅγιον,
1637 737 1673 768 ὡς
1712 736 1835 776 χάρισμά

1009 789 1033 805 τι
1049 779 1237 816 πνευματικόν,
1266 778 1339 808 Ἀλλ’
1367 780 1421 808 ἰδοὺ
1436 780 1516 809 πάλιν
1544 780 1720 820 λαλαγοῦντές
1743 792 1806 821 φασι
1827 791 1833 797 ·

1009 823 1058 850 Καὶ
1099 825 1119 850 εἱ
1148 824 1188 861 μὴ
1217 826 1354 864 πανταχοί
1382 826 1560 862 πνευματικὸν
1583 824 1711 860 δηλοῦται
1747 826 1835 865 χάρι-

142 875 196 906 per
208 866 319 897 donum
336 868 468 907 spiritale
479 869 625 900 denotari,
639 874 667 899 et
683 874 819 909 tanquam
830 878 847 899 a
858 877 963 899 conce-

1047 878 1071 905 α,
1089 868 1154 896 ὅπου
1170 868 1210 906 ¹ἒὶν
1232 869 1322 907 ῥηθείη
1354 870 1385 897 τὸ
1413 873 1519 908 Πνεῦμα
1548 871 1578 898 τὸ
1601 870 1687 909 ἅγιον,
1717 871 1753 901 ὡς
1780 870 1835 898 ἀπὸ

141 911 257 951 ptaculo
269 922 358 943 carne
374 913 583 951 Domini,dona
595 914 691 953 dignis
703 913 964 953 impendi.Quibus

1047 915 1148 949 αμενῆς
1177 916 1226 947 τῆς
1254 917 1300 942 τοῦ
1350 915 1441 953 Κυρίου
1483 915 1590 952 σαρκὸς,
1619 915 1664 942 καὶ
1698 913 1834 952 διανέμειν

141 965 195 986 nos
210 966 314 987 rursus
330 958 394 989 hzec
406 958 535 998 objiccre
546 968 603 989 non
617 958 964 989 detrectamus.Addece-

1067 958 1224 996 1χαρίσματα
1266 959 1326 991 τοῖς
1355 958 1446 992 ἀξίοις.
1471 962 1553 998 γΠρὸς
1588 959 1631 990 οὓς
1660 957 1717 986 οὐδὲ
1746 959 1830 996 ἡμεῖς

142 1002 192 1031 bat
207 1010 267 1037 vos,
285 1002 334 1041 qui
352 997 571 1034 inconsiderate
595 1004 632 1034 de
651 1003 821 1034 nominibus
837 1003 964 1042 Spiritus

1047 1000 1085 1028 λιν
1134 1000 1222 1041 λέγειν
1250 1002 1422 1040 ἀναδυόμεθα.
1471 997 1548 1031 ’Ἔδει
1577 1002 1619 1030 δὲν
1659 1003 1727 1040 ὑμᾶς
1770 1003 1831 1035 τοὺς

142 1045 314 1082 decernitis,
331 1047 401 1083 illis,
420 1057 484 1087 quae
508 1048 567 1087 jam
591 1058 681 1088 supra
706 1053 805 1078 nostra
829 1047 963 1078 oratione

1047 1046 1201 1084 ερισκέπτως
1236 1048 1295 1086 περὶ
1324 1051 1376 1075 τῶν
1419 1048 1554 1085 ὀνομάτων
1596 1052 1642 1076 τοῦ
1677 1048 1830 1084 Πνεῦματος

141 1090 287 1130 complexi
303 1093 551 1132 sumus,suaderi,
568 1098 596 1122 at
610 1102 688 1132 cum,
706 1093 774 1123 licet
790 1092 962 1129 exilem,rc-

1047 1091 1209 1127 νματίζοντας
1245 1093 1383 1125 πεισθῆναι
1412 1099 1470 1124 τοῖς
1500 1093 1596 1124 ἱκανῶς
1624 1091 1676 1125 ἤδη
1704 1094 1742 1128 τῷ
1756 1091 1830 1131 λόγῳ

139 1135 349 1174 prehensionis
366 1142 465 1166 tamen
480 1146 579 1167 ausam
592 1137 674 1167 vobis
692 1137 822 1177 praebent
834 1137 862 1167 in
871 1146 961 1177 supra

1047 1136 1063 1162 )‘t
1091 1136 1188 1164 τούτων
1217 1136 1430 1178 διειλημμένοις,
1451 1137 1508 1165 ἐπεὶ
1530 1136 1557 1165 δὲ
1586 1136 1652 1174 ἡμῖν
1680 1137 1716 1168 εἰς
1746 1136 1829 1175 ἀγενῆ

138 1179 256 1210 laudata
284 1180 549 1212 orationeabeato
579 1182 785 1222 Chrysostomo
816 1182 957 1221 exposita,

1047 1190 1059 1207 α
1086 1180 1184 1219 γίνεται
1212 1182 1341 1221 πρόφασιν
1369 1183 1401 1211 τὰ
1447 1185 1486 1219 τῷ
1525 1181 1645 1220 μακαρίῳ
1673 1180 1827 1220 Χρυτοῤῥή-

138 1223 191 1254 illa
207 1225 376 1264 evangelica
392 1226 616 1266 interpretante,
633 1239 645 1254 (ι
664 1227 704 1257 De
719 1236 784 1257 meo
801 1226 957 1266 accipiet,»

1047 1236 1062 1251 tl.
1086 1224 1245 1263 ἐξηγηθέντα
1274 1226 1361 1259 καλῶς
1392 1227 1418 1254 ἐν
1451 1230 1489 1264 τῷ
1517 1225 1568 1260 ἤδη
1591 1225 1734 1259 δηλωθέντι
1756 1225 1829 1264 λόγῳ

139 1278 192 1307 age
201 1269 262 1309 jam
282 1279 316 1300 ea
327 1270 486 1302 dilucidius
497 1275 727 1311 exponantur,ut
744 1272 835 1310 magis
847 1281 881 1301 ac
894 1281 958 1301 ma-

1050 1274 1080 1298 οῦ
1115 1270 1158 1298 ἐπὶ
1191 1271 1225 1304 τῆ
1260 1271 1424 1311 Εὖαγγελικῇ
1465 1272 1539 1310 ῥήσει
1584 1274 1629 1308 τῇ,
1664 1281 1676 1298 ιι
1702 1271 1748 1298 Ἐκ
1782 1274 1829 1298 τοῦ

138 1314 182 1354 gis
189 1321 293 1346 vestrae
301 1315 555 1356 interpretationis
563 1316 691 1347 absurda
703 1316 850 1347 sententia
861 1316 962 1347 redar-

1047 1317 1068 1341 )ῦ
1083 1313 1210 1353 λήψεται,
1234 1328 1247 1344 ι)
1281 1317 1341 1355 φερε
1369 1315 1402 1350 δὴ
1438 1316 1482 1344 καὶ
1518 1315 1556 1343 ἔτι
1591 1314 1766 1354 δισσαφητέον
1795 1315 1829 1342 τα

138 1362 363 1397 guatur.Aureo
392 1360 510 1401 eloquio
539 1361 680 1400 praeditus
707 1362 793 1392 Pater
821 1361 963 1392 adversus

1047 1360 1066 1387 ›ὶ
1087 1361 1197 1397 τούτων,
1227 1362 1262 1393 ὡς
1279 1360 1309 1389 ἂν
1345 1360 1391 1394 εἴη
1421 1361 1463 1389 ἐπὶ
1485 1359 1565 1388 πλέον
1595 1360 1643 1393 τὴν
1673 1359 1769 1388 ἄτοπον
1784 1359 1826 1388 ὲν-

137 1403 206 1434 illos
221 1409 370 1435 certamen
387 1406 519 1441 subiens,
536 1407 585 1446 qui
602 1415 635 1437 ex
651 1407 705 1436 hoc
721 1406 812 1440 dicto.
836 1405 962 1445 Spiritus

1047 1415 1076 1431 αν
1110 1405 1304 1445 ὰπελέγχεσοαι
1332 1408 1380 1439 τῆς
1422 1405 1550 1444 ὑμετέρας
1605 1403 1824 1443 παρεξηγτςσεως⁷

138 1453 273 1480 naturam
287 1450 362 1480 infra
374 1459 440 1481 esse
453 1442 588 1482 naturam
602 1450 669 1481 Filii
683 1442 876 1490 comprobare
888 1451 963 1481 nite-

1064 1450 1256 1488 Χρυσοῤῥήμων
1291 1450 1394 1490 Πατὴρ,
1429 1449 1488 1478 κατ’
1532 1450 1637 1477 ἐκείνων
1665 1450 1710 1476 τὸν
1738 1450 1828 1487 ἀγῶνα

135 1493 315 1534 bantur;quo
329 1495 407 1525 enim
426 1500 520 1535 pacto,
537 1495 682 1532 dicentes,
702 1504 768 1526 esse
785 1499 881 1535 potest
896 1495 957 1535 Spi»

1050 1494 1169 1531 ούμενος,
1196 1493 1274 1534 οἵπερ
1303 1495 1332 1522 ἐκ
1358 1496 1407 1528 τῆς
1437 1495 1539 1533 ῥήσεως
1567 1494 1665 1526 ταῦτης
1697 1494 1825 1526 συστῆσαι

135 1538 210 1569 ritus
224 1539 298 1570 Filio
318 1540 451 1580 aequalis,
470 1542 519 1580 qui
535 1550 570 1570 ex
586 1549 621 1570 eo
637 1540 746 1578 accipit
757 1545 785 1570 et
797 1544 961 1571 mutuatur?

1047 1537 1160 1574 ῖούδαζον
1184 1540 1231 1574 τήν
1261 1541 1305 1567 τοῦ
1326 1539 1476 1576 Πνεύματος
1512 1539 1586 1578 φύσιν
1613 1541 1662 1571 τῆς
1699 1539 1745 1566 τοῦ
1768 1539 1828 1567 rio-3

135 1584 165 1614 in
183 1594 242 1614 una
262 1585 409 1624 prmdictm
425 1585 567 1616 orationis
583 1589 665 1624 parte
691 1585 752 1615 haec
777 1585 813 1615 ad
838 1585 959 1616 verbum

1047 1583 1167 1621 ιυφίεσθαι
1197 1584 1309 1623 φύσεως,
1335 1587 1392 1615 πῶς
1414 1584 1463 1623 γὰρ
1493 1583 1523 1611 ἄν
1556 1583 1614 1619 εἴη,
1646 1582 1748 1622 ἔλεγον)
1765 1582 1826 1611 ἴσον

137 1628 286 1666 edisserit,
302 1641 315 1657 σ
333 1629 375 1660 De
383 1638 448 1659 meo
460 1629 631 1670 accipiet,et
642 1629 828 1659 annuntiabit
844 1629 957 1666 vobis,»

1047 1628 1099 1654 ὶτὸ
1128 1629 1246 1666 Πνεῦμα,
1273 1627 1298 1661 ἐξ
1335 1629 1414 1658 αὐτοῦ
1435 1627 1567 1659 λαμϐάνον
1595 1629 1638 1655 καὶ
1669 1626 1824 1665 δανειζόμε-

137 1677 166 1703 et
180 1678 211 1703 ut
227 1673 362 1705 ostendat
388 1684 448 1704 non
468 1674 598 1714 Spiritus
627 1674 721 1704 sancti
746 1674 798 1704 sed
814 1674 960 1704 donorum

1065 1671 1113 1709 ;έν
1128 1673 1201 1712 μέρει
1224 1677 1272 1702 τοῦ
1301 1673 1423 1712 ῥηθέντος
1445 1672 1525 1713 λόγου
1553 1673 1636 1704 οὕτως
1665 1672 1707 1700 ἐπὶ
1729 1671 1825 1705 λέξεων

137 1718 320 1748 mentionem
336 1718 556 1756 fecisse,subdit
570 1723 724 1759 postquam
742 1718 826 1750 dixit:
841 1718 883 1749 De
894 1728 960 1750 meo

1047 1729 1053 1749 λ
1071 1725 1078 1732 '
1098 1728 1112 1744 ι
1129 1716 1178 1746 Ἐκ
1192 1723 1238 1747 τοῦ
1257 1719 1307 1756 μοῦ
1322 1717 1450 1756 λήψεται,
1480 1719 1523 1746 καὶ
1545 1717 1687 1756 ἀναγγελεῖ
1716 1717 1791 1754 ὑμῖν.
1812 1728 1823 1745 ο

136 1762 266 1802 aecipiet
279 1763 436 1794 confestim
455 1774 461 1792 :
475 1763 664 1804 Quacunque
681 1763 771 1794 habet
785 1762 881 1803 Pater,
897 1773 962 1794 mea

1049 1784 1056 1798 ,
1072 1760 1119 1789 ἵνα
1135 1761 1215 1799 δείξη,
1233 1762 1272 1790 ὅτι
1297 1765 1325 1792 οὒ
1357 1762 1403 1790 τοῦ
1418 1763 1491 1802 ᾁγιου
1521 1762 1672 1800 Πνεύματος
1707 1762 1827 1799 ἐμνημό-

138 1811 217 1839 sum.
237 1819 250 1835 ι
1003 1817 1102 1845 νευσεν,
1120 1807 1188 1839 ἀλλὰ
1202 1811 1254 1836 τῶν
1269 1807 1385 1848 ϐωρεῶν,
1403 1808 1496 1847 ἐπάγει
1513 1809 1579 1846 μετὰ
1592 1809 1622 1835 τὸ
1637 1808 1734 1838 εἰπεῖν,
1754 1819 1765 1834 u
1780 1806 1825 1836 Ἐν

1001 1855 1047 1879 τοῦ
1062 1851 1126 1890 ἐμοῦ
1141 1852 1268 1892 λήψεται,
1285 1865 1299 1881 ι
1314 1853 1398 1893 εὐθῦς,
1419 1865 1431 1880 α
1449 1854 1536 1882 Πάντα
1562 1852 1610 1881 ὅσα
1632 1851 1690 1892 ἔχει
1706 1853 1720 1880 ὁ
1735 1852 1825 1891 Πατὴρ

1003 1895 1084 1929 ἐστιν,
1103 1909 1117 1925 ι

179 1943 208 1974 5.
225 1941 260 1973 Et
276 1951 366 1973 aurea
381 1941 551 1983 eloquentia
581 1944 669 1975 Pater
697 1943 760 1974 haec
787 1943 885 1974 tradit.
902 1942 962 1974 Vos

1047 1936 1077 1972 ε’.
1096 1943 1144 1972 Καὶ
1160 1945 1174 1972 ὁ
1190 1944 1237 1981 μὲν
1266 1943 1460 1984 Χροσοῤῥήμων
1482 1944 1573 1983 Πατὴρ
1602 1945 1693 1973 ταῦτα,
1728 1937 1825 1979 1Υμεῖς

137 1996 206 2018 vero
232 1987 414 2018 dictionibus
438 1988 585 2019 malitiose
605 1988 788 2023 insistentes,
805 1988 962 2018 audirnles

1065 1994 1125 2020 ταῖς
1153 1987 1234 2022 λέξεις
1263 1990 1417 2028 πανούργως
1451 1989 1638 2024 ἐπιχαθήμενοι
1687 1987 1825 2019 ἀκούοντες

136 2035 271 2063 sanctum
284 2032 412 2068 tradere.
425 2042 482 2063 non
493 2032 620 2073 Spiritus
637 2034 741 2070 sancti,
751 2033 803 2064 sed
814 2033 960 2063 donorum

1053 2032 1153 2072 οᾶγιος
1189 2033 1239 2073 ἔφη
1268 2034 1308 2062 ὅτι
1331 2036 1359 2063 οὐ
1381 2038 1426 2062 τοῦ
1453 2034 1527 2073 ἁγίου
1557 2033 1707 2069 Πνεύματος
1737 2031 1824 2069 ἐμνη-

136 2077 320 2108 mentionem
336 2077 587 2118 fecisse,Verbum
605 2079 783 2118 arripientes
798 2087 831 2108 ex
847 2078 963 2118 animo,

136 2121 212 2152 Vide
229 2122 328 2159 modo,
347 2123 519 2163 inquitis,en
536 2124 654 2163 eloquio
670 2133 760 2154 aureo
779 2122 958 2159 Pateritlud,

139 2177 150 2194 α
166 2166 209 2198 De
225 2176 291 2197 meo
305 2168 441 2208 accipiet;
450 2178 527 2198 nnon
536 2169 571 2198 ad
588 2169 684 2208 ipsum
696 2169 849 2208 Spiritum,
861 2167 912 2198 sed
923 2167 958 2198 ad

1002 2075 1137 2114 μόνευσεν,
1156 2076 1223 2106 ἀλλὰ
1247 2082 1301 2106 τῶν
1322 2078 1436 2118 δωρεῶν,
1458 2078 1514 2106 ὅλοι
1549 2081 1599 2112 τῆς
1627 2076 1723 2109 λέξεῶς
1749 2075 1822 2115 γίνε-

1172 2118 1190 2128 υ
1346 2124 1350 2133 ,
1440 2125 1447 2133 ς
1521 2125 1526 2131 ι
1721 2121 1728 2130 ³
1756 2122 1761 2130 ι

1001 2123 1055 2161 σθε⁷
1092 2123 1136 2151 καὶ
1190 2128 1254 2163 Οριι³
1286 2133 1376 2164 φατε⁸
1400 2123 1454 2152 ἷδου
1499 2135 1548 2163 γαρ
1579 2125 1593 2151 ὁ
1630 2121 1824 2161 Χρυσορρίιμων

1001 2166 1092 2206 Πατὴρ
1114 2168 1155 2204 τὸ,
1177 2178 1188 2194 tI
1207 2167 1255 2196 Ἐκ
1282 2172 1328 2197 τοῦ
1349 2169 1413 2207 ἐμοῦ
1440 2168 1567 2206 λήψεται,
1587 2179 1598 2196 ι)
1630 2168 1676 2195 οῦκ
1707 2167 1742 2198 εἰς
1759 2166 1823 2194 αὐτὸ

134 2211 213 2242 dona
228 2212 309 2243 illius
325 2207 491 2245 refert.Nos
507 2207 607 2244 autem
621 2223 679 2244 non
693 2207 769 2250 aliis,
786 2212 837 2243 sed
855 2212 891 2242 iis
907 2222 956 2242 so-

1072 2213 1188 2250 Πνεῦμα,
1219 2212 1278 2241 ἀλλ’
1308 2215 1344 2246 οἷς
1373 2215 1405 2241 τὰ
1440 2219 1486 2243 τοῦ
1521 2213 1671 2250 Πνεύματος
1700 2210 1822 2250 ἀναφέρει

132 2256 297 2294 lummodo,
309 2259 440 2299 quaejam
449 2258 545 2289 dictus
562 2259 645 2289 Pater
655 2263 722 2288 ante
746 2263 774 2288 et
790 2262 855 2297 post
869 2257 959 2288 verba

135 2303 261 2333 adducta
277 2303 476 2339 concinnavit,
491 2309 615 2334 vestram
635 2304 720 2343 plane
742 2303 911 2340 absurdam,
930 2306 959 2332 et

127 2356 145 2378 a
158 2347 404 2380 rationealienam
420 2348 754 2380 demonstrabimus.Ait
769 2347 848 2378 enim
866 2347 956 2386 paulo

130 2395 198 2422 ante
213 2392 303 2423 verba
316 2393 404 2424 allata
419 2402 425 2424 :
447 2406 459 2421 α
478 2395 520 2425 De
537 2403 601 2424 meo
617 2393 815 2433 accipiet,)de
831 2392 958 2432 his,quae

132 2435 205 2467 mihi
222 2437 335 2468 homini
352 2438 506 2469 Dominico
521 2438 728 2479 suppeditavit,
740 2436 876 2477 accipiet,
895 2436 958 2475 ipse

130 2481 182 2521 qui
198 2481 293 2519 dedit,
307 2482 357 2522 qui
371 2483 451 2513 venit
467 2487 494 2513 et
510 2483 592 2515 stetit
616 2491 707 2522 super
731 2491 790 2519 me,
807 2482 858 2521 qni
876 2480 958 2511 unxit

131 2535 191 2565 me,
206 2526 256 2566 qui
272 2526 477 2564 sanctiﬁcavit,
493 2528 542 2568 qui
559 2528 589 2558 in
613 2536 745 2558 eremum
773 2525 914 2556 conduxit
929 2529 956 2555 et

128 2570 272 2602 victorem
287 2571 416 2604 reduxit.
434 2585 448 2601 ι
465 2571 539 2608 Quid
557 2573 605 2603 hic
620 2581 671 2603 vos
682 2571 792 2608 dicitis,
802 2570 852 2611 qui
864 2569 956 2600 nimia

131 2615 251 2647 licentia
267 2615 463 2657 libertateque
478 2617 597 2648 dicendi
621 2616 763 2658 quidquid
786 2615 815 2645 in
833 2615 956 2645 buccam

126 2665 254 2699 venerit,
270 2661 426 2693 enuntiare
442 2671 500 2693 non
513 2662 680 2694 veremini?
697 2660 891 2701 Spiritumne,
906 2658 956 2699 (ιυί

127 2715 162 2737 ex
178 2705 334 2738 Dominico
349 2707 471 2738 homine
485 2707 604 2747 accipit,
621 2706 756 2746 spiritale
764 2707 874 2737 donum
884 2703 957 2734 dici-

125 2751 173 2790 tis,
192 2755 222 2782 et
237 2761 296 2782 non
312 2753 498 2784 Paracletum
516 2752 627 2792 ipsum?
637 2751 848 2782 Verumtamen
867 2747 954 2778 dictis

119 2796 262 2828 attentius
277 2797 411 2829 animum
426 2797 597 2835 advertens,
616 2795 836 2836 pronuntiatum
854 2793 951 2834 Spiri-

999 2257 1162 2295 χαρίσματα.
1182 2253 1276 2295 Ἡμεῖς
1299 2257 1326 2286 δὲ
1350 2260 1397 2287 οὒκ
1411 2257 1437 2291 ἐξ
1461 2257 1560 2295 ἄλλων,
1591 2256 1650 2285 ἀλλ’
1687 2255 1712 2289 ἐξ
1727 2257 1764 2284 ὧν
1779 2260 1823 2287 καὶ

999 2301 1109 2339 πρὸτῆς
1138 2302 1239 2341 ῥήσεως
1267 2304 1365 2336 ταύτης
1379 2304 1422 2331 καὶ
1457 2304 1524 2342 μετὰ
1548 2303 1596 2337 τὴν
1621 2302 1696 2341 ῥῆσιν
1724 2301 1821 2333 ταύτην

998 2347 1075 2378 αὐτὸς
1118 2348 1132 2375 ὁ
1162 2348 1355 2387 χρυσοῤῥῆμων
1383 2348 1445 2388 ἔφη,
1474 2350 1504 2376 τὸ
1533 2351 1583 2381 τῆς
1608 2348 1681 2385 ὑμῶν
1707 2345 1820 2376 διανοίας

999 2391 1138 2430 ἀλόγιστον
1154 2392 1346 2432 ἀπελέγξομεν,
1377 2395 1446 2427 Φησῖ
1461 2395 1510 2433 γὰρ
1533 2392 1614 2432 ὀλίγῳ
1641 2394 1690 2425 τῆς
1717 2391 1820 2431 ῥήσεως

999 2437 1136 2476 πρότερον,
1164 2447 1175 2464 ι
1195 2437 1241 2466 Ἐκ
1262 2439 1308 2466 τοῦ
1323 2438 1387 2476 ἐμοῦ
1412 2438 1538 2476 λήψεται.
1557 2449 1571 2464 ιο
1597 2437 1640 2470 Ἐξ
1667 2436 1703 2465 ὧν
1718 2435 1820 2475 ἐχορή-

999 2482 1066 2519 γησέ
1094 2492 1139 2518 μοι
1170 2486 1208 2519 τῷ
1240 2487 1359 2522 Κυριακῷ
1390 2483 1530 2522 ἀνθρώπῳ,
1567 2481 1681 2519 λήψεται
1703 2480 1766 2509 αὺτὸ
1790 2481 1820 2508 τὸ

998 2524 1121 2563 δεδωκὸς,
1145 2527 1175 2554 τὸ
1204 2526 1289 2563 ἐλθὸν,
1319 2528 1362 2555 καὶ
1400 2534 1495 2565 μεῖναν
1517 2527 1544 2555 ἐν
1564 2526 1634 2564 ἐμοὶ,
1663 2526 1693 2553 τὸ
1720 2524 1819 2564 χρϊσάν

999 2581 1043 2608 με,
1081 2572 1110 2598 τὶ
1132 2571 1256 2610 ἀγιάσαν,
1288 2573 1318 2599 τὸ
1347 2572 1480 2611 ἀναγαγὸν
1515 2572 1551 2603 εἷς
1579 2573 1628 2604 τὴν
1658 2569 1768 2609 ἔρημον,
1789 2569 1820 2597 τὸ

998 2615 1166 2654 ὑποστρέψειν
1202 2627 1235 2654 με
1265 2617 1386 2651 νικητήν,
1407 2627 1418 2645 υ
1450 2616 1479 2645 Τί
1500 2619 1562 2655 γοῦν
1597 2616 1674 2652 ὑμεῖς
1695 2624 1772 2654 φατε,
1795 2613 1818 2641 οἱ

997 2660 1066 2687 κατὰ
1082 2659 1185 2694 πολλὴν
1221 2659 1308 2688 ἄδειαν
1330 2662 1360 2688 τὸ
1381 2661 1574 2700 παριστάμενον
1609 2660 1661 2700 οὔχ
1688 2658 1817 2687 ὑποστελ-

997 2702 1104 2742 λόμενοι
1121 2703 1231 2745 λέγεινς
1254 2699 1320 2744 ἸἈραι
1350 2706 1379 2733 τὸ
1413 2699 1517 2743 Πνεῦμα
1539 2705 1569 2732 τὸ
1596 2706 1628 2732 εκ
1653 2707 1698 2732 τοῦ
1728 2708 1822 2742 Κυρια-

996 2753 1042 2778 κοῦ
1074 2750 1209 2789 ἀνθρώπου
1241 2749 1376 2788 λαμϐάνον
1409 2750 1584 2788 πνευματικὸν
1616 2749 1736 2789 χάρισμα
1772 2748 1818 2776 εἶ-

995 2794 1037 2821 ναί
1063 2805 1140 2833 φατε,
1171 2795 1214 2822 καὶ
1244 2795 1304 2834 θῦχὶ
1346 2795 1424 2825 αὒτῖνν
1464 2793 1662 2834 Παράκλητονς
1703 2791 1777 2821 Ἀλλ’
1805 2793 1819 2820 ὁ
