1953 3074
67 145 122 179 253

607 146 655 176 DE
678 142 934 176 PROCESSIONE
957 142 986 173 S.
1011 142 1198 174 SPIRITUS.

1696 145 1751 177 254

65 213 167 251 Πατρὸς
196 213 340 253 εὒρίσκεταί
368 223 408 245 τις
436 212 491 241 τῶν
519 211 601 250 ἆγίων
630 209 714 249 λέγων
728 211 757 238 τὸ
773 214 889 248 Πνεῦμα,

974 213 1102 240 ictorum
1119 210 1283 242 inveniatur
1304 211 1404 242 dicere
1433 210 1584 251 Spiritum,
1618 213 1689 244 nihil
1706 213 1765 244 dif-

65 256 124 285 ἀλλ’
156 257 229 287 οωὲν
256 259 321 298 φησὶ
350 257 471 298 διαφέροι
492 257 557 296 πρὸς
598 255 628 284 τό
658 255 687 283 ἐκ
716 256 818 294 Πατρὸς
847 256 891 283 καὶ

71 304 132 330 Υἳοῦ
160 302 282 342 ὑπάρχον
325 303 401 338 αὐτὸ,
437 301 558 339 ἀξιοῦμεν
592 301 650 332 τοὺς
678 303 729 328 τῶν
762 299 890 340 ἑκατέρων

67 346 156 386 λόγων
190 348 320 387 ἀκροατὰς
359 347 534 384 ἆπροσπαθῶς
577 344 724 378 διατεθῆναι
751 346 815 383 πρὸς
844 345 892 378 τὴν

66 390 218 430 διάγνωσιν.
256 393 285 421 Οἱ
314 392 362 430 μὲν
390 391 435 425 τὴν
450 391 525 430 ῥῆσιν
539 389 750 429 προϐαλλόμενοι
781 390 891 426 ταύτην,

65 436 96 465 ἐκ
124 436 207 473 μόνου
228 440 275 465 τοῦ
304 437 406 476 Πατρὸς
428 437 458 463 τὸ
487 438 605 474 Πνεῦμα,
648 433 775 473 λέγουσαν
811 435 892 471 εἶναι,

66 481 149 519 μόνου
185 485 231 510 τοῦ
265 481 340 520 ἁγίου
374 480 499 519 Κυρίλλου
521 490 619 512 ταυτην
647 479 718 507 εἶναι
741 490 815 519 φασι,
852 480 895 506 καὶ

66 526 93 553 ὲν
117 529 166 563 μιᾷ
187 530 320 565 περικοπῆ
350 526 403 554 τῶν
440 526 518 554 αὐτοῦ
553 524 767 563 συγγραμμάτων
795 523 894 561 ὁμολο-

66 573 144 609 γοῦσι
172 571 271 604 ταύτην
301 570 472 610 εὑρίσκεσθαι,
496 580 540 597 και
564 567 694 601 ἀπόδειξιν
720 572 766 597 τοῦ
798 569 895 602 ταύτης

69 614 223 647 ἀξιοπίστου
255 615 327 643 οὐδὲν
369 615 458 654 ἕτερον
494 612 686 653 προϐάλλεσθαι
715 612 833 653 ἔχουσιν,
878 613 896 646 ἢ

66 659 116 692 τὴν
138 660 192 688 τῶν
221 659 342 698 βίϐλιων,
373 660 453 693 αἷςὴ
483 659 559 697 ῥῆσις
594 658 746 698 ἐμφέρεται,
777 657 894 686 παλαιό-

65 715 148 737 τητα.

106 743 142 778 ε’.
169 744 264 785 Ἡμεῖς
287 747 314 776 δὲ
341 748 553 788 ἆνθυποφὲρομεν
583 749 618 780 ὡς
649 747 705 776 ἐπεί
734 748 804 787 παρὰ
828 749 896 776 πάν-

64 805 118 822 των
161 794 260 821 τούτων
297 797 392 825 κοινῶς
436 792 610 831 ὡμολόγηται
639 792 720 830 μόνου
746 796 792 820 τοῦ
821 793 895 832 ἁγίου

64 837 196 876 Κυρίλλου
229 839 295 866 εῑνῡι
321 837 421 870 ταύτην
442 837 490 871 τὴν
512 838 599 876 ῥῆσιν,
623 839 682 868 me:
707 836 778 869 ἅντις
793 838 823 865 τὸ
845 840 893 871 τῆς

63 882 140 916 δίκης
171 881 255 922 φιλῶν
289 881 398 921 ἆρρεπὲς
439 882 468 910 οὒ
497 882 530 910 τὰ
558 882 698 920 νικητήρια
727 880 796 909 δύσει
835 889 893 914 τοῖς

63 926 175 967 ἔχουσιν
191 926 329 959 ἀποδεῖξαι
363 930 454 966 σαφῶς
476 926 546 965 παρά
567 937 595 953 τε
624 929 669 954 τοῦ
691 925 807 965 μεγάλου
818 926 894 955 Ἀθα-

61 972 165 1008 νασέου,
203 972 275 1011 παρά
302 982 330 1000 τε
364 975 411 1000 τοῦ
439 970 556 1010 μεγάλου
585 969 736 1007 Βασιλείου,
773 971 843 1009 παρά
865 983 892 999 τε

62 1021 110 1046 τοῦ
154 1017 271 1056 Κύπσης,
320 1017 391 1056 παρα
434 1027 462 1044 τε
483 1019 530 1044 τοῦ
552 1015 746 1054 Χρυσοστόμου,
770 1016 840 1054 παρά
864 1027 892 1044 τε

62 1064 109 1090 τοῦ
146 1060 264 1100 μεγάλου
301 1060 455 1101 Ἐπιφανίου
497 1061 697 1099 Θεολογηθῆναι,
722 1061 765 1088 καὶ
793 1061 823 1088 ἐκ
847 1065 892 1089 τοῦ

68 1107 131 1134 fio-3
153 1107 184 1134 τὸ
219 1109 324 1144 Πνεῦμα
352 1106 482 1145 ὑπάρχειν
518 1105 697 1137 ἐνυποστάτως
728 1105 772 1133 καὶ
794 1107 890 1135 οὗσιω-

64 1149 144 1189 ὂῶςς
170 1150 313 1188 Σηπτεον,
346 1152 412 1190 πρὸς
440 1152 489 1183 τῆς
516 1149 639 1182 ἀληθείας
663 1151 755 1186 αὐτῆς,
787 1150 891 1179 είὲστιν

61 1193 135 1226 ὅλως
159 1195 177 1228 ἡ
214 1198 259 1223 τοῦ
289 1195 346 1226 ἑνὸς
383 1195 510 1234 μαρτυρία
531 1197 609 1230 τριῶν
631 1195 674 1222 καὶ
703 1193 739 1226 δὶς
761 1196 893 1224 τοσούτων

59 1239 97 1269 εἷς
122 1238 285 1271 ἀξιοπιστίαν
313 1239 502 1278 προτιμοτέρα,
532 1239 560 1266 Εἰ
589 1237 615 1266 δὲ
645 1239 688 1266 καὶ
715 1239 791 1267 αὐτὸν
818 1240 891 1268 ἐχετ-

59 1294 118 1320 νον,
151 1283 181 1311 ὃν
213 1283 240 1311 ὲν
275 1286 323 1321 μιᾷ
352 1286 435 1322 ταύτῃ
470 1284 522 1311 των
550 1284 650 1311 οἰκείων
679 1290 891 1323 συγγραμμάτων

59 1331 198 1367 περικοπῇ
224 1339 303 1368 φασιν
319 1328 389 1356 οὗτοι
411 1329 441 1355 τὸ
474 1331 578 1365 Πνεῦμα
600 1327 629 1355 ἐκ
657 1328 738 1365 μόνου
760 1332 805 1356 τοῦ
835 1332 891 1357 Πα-

57 1374 122 1411 τρὸς
152 1373 239 1400 εἰπεῖν
267 1372 462 1410 ἐκπορεύεσθαι,
492 1371 658 1411 παραστῆιται
681 1371 763 1404 ἔξειὸ
792 1374 892 1402 τούτοις

59 1417 270 1456 ἆλτιιρερόμενος
300 1417 440 1457 πολλοιγοῦ
476 1420 529 1445 τῶν
566 1417 780 1456 συγγραμμάτων
815 1418 893 1446 αὖτοῦ

59 1461 206 1501 διαρρήδην
248 1461 433 1502 διατρανούντα
473 1464 504 1490 ὲκ
545 1466 588 1491 τοῦ
632 1463 731 1501 Πατρὸς
772 1464 815 1491 καὶ
847 1467 892 1491 τώ

61 1508 123 1534 Γὶοῦ
174 1510 290 1546 φυσικῶς
345 1507 389 1535 καὶ
433 1507 616 1537 ἐνυποστάτως
673 1507 717 1534 καὶ
759 1506 892 1538 οὖσιωδῶς

60 1551 135 1579 εἶναι
167 1552 197 1578 τὸ
228 1554 345 1591 Πνεῦμα,
382 1551 421 1583 τίς
452 1550 482 1578 ἂν
517 1551 679 1579 πιστεύσειεν
708 1551 784 1580 αότὸν
807 1552 891 1590 ἐαυτῷ

59 1595 167 1624 ὶναντία
182 1597 229 1623 τὸν
250 1596 325 1635 ἅγιον
341 1595 477 1635 θεολογετν
494 1605 502 1635 ;

101 1635 158 1677 ς’,
189 1641 256 1680 Πρὸς
282 1641 331 1677 μὲν
367 1642 410 1669 οὖν
439 1641 469 1668 τὸ
495 1640 566 1679 παρὰ
587 1644 633 1668 τοῦ
654 1641 728 1680 ὰγίου
765 1641 890 1680 Κυρίλλου

59 1685 144 1722 μόνου
158 1685 270 1724 ῥηθῆναι
285 1685 335 1718 τὴν
353 1696 367 1712 α
391 1685 420 1713 ἐκ
439 1685 520 1722 μόνου
545 1690 591 1714 τοῦ
608 1686 707 1724 Πατρὸς
731 1698 745 1713 ι
761 1685 890 1725 λέγουσαν

60 1730 139 1768 ῥῆσιν
168 1731 204 1761 εἷς
247 1729 397 1769 ἀντιῤῥησιν
439 1729 640 1769 προϐαλλόμεθα
675 1731 705 1759 τὸ
735 1731 804 1769 παρὰ
838 1734 891 1758 τῶν

60 1773 308 1813 ἀναγεγραμμένων
355 1774 487 1813 θεολόγων
543 1775 664 1814 Πατέρων
713 1775 823 1813 ῥηθῆναι
861 1777 892 1804 τὸ

62 1830 77 1846 ι
102 1819 132 1846 ὲκ
170 1819 271 1858 Πατρὸς
291 1820 334 1847 καὶ
351 1821 412 1849 Υἱοῦ
429 1827 436 1834 ·
463 1831 475 1847 υ
503 1820 539 1851 εἷς
561 1819 589 1847 δὲ
611 1819 742 1853 ἀπόδειξιν
763 1822 809 1848 τοῦ
824 1820 892 1858 μηδὲ

60 1863 90 1891 ἔν
114 1866 149 1901 τῇ
176 1865 226 1900 μιᾷ
265 1863 349 1897 ταύτη
379 1868 512 1903 περικοπῇ
547 1868 585 1901 τῷ
616 1865 683 1904 ἁγίῳ
711 1864 828 1904 Κορίλλῃ)
842 1865 891 1899 τὴν

60 1907 154 1947 φωνὴν
177 1908 278 1943 ταύτην
305 1908 417 1946 ῥηθῆναι
445 1909 475 1937 τὸ
506 1908 599 1946 μηδενὶ
628 1913 679 1938 τῶν
695 1909 818 1938 ἁπάντων
847 1921 888 1938 πι-

60 1953 198 1981 στεύεσθαι
220 1953 305 1981 εἰπεῖν
327 1964 352 1980 τι
377 1953 422 1981 τὸν
450 1952 525 1992 ἅγιον
555 1953 682 1992 Κύριλλον
698 1955 782 1991 ἑαυτῷ
801 1978 807 1985 ,
826 1957 890 1992 προς

61 1996 90 2025 δὲ
118 1997 170 2030 τὴν
196 2008 259 2037 ’παρι
288 1997 372 2025 αὒτῶν
399 1997 618 2037 προϐεϐλημένην
646 1998 812 2032 παλαιότητα
839 2001 892 2027 τῶν

61 2041 160 2080 βίϐλων
197 2042 349 2076 παλαιότης
399 2042 673 2083 ἀντιπροϐληθήσεται
706 2043 813 2082 βίϐλων,
845 2044 892 2072 Καὶ

63 2087 124 2126 εἴγε
159 2098 183 2115 τι
212 2087 279 2119 ἴσως
295 2087 354 2127 ἔχει
370 2087 467 2125 βίϐλων
496 2088 643 2121 παλαιότης
666 2087 762 2126 βίϐλων
778 2087 893 2116 παλαιό-

61 2143 123 2165 τητι
159 2132 306 2172 μάχεσθαι,
349 2132 417 2160 ἀλλὰ
458 2133 588 2161 κάνταῦθα
616 2134 837 2173 ὑπερεκπερισσοῦ
863 2134 893 2161 τὸ

61 2179 136 2213 νικᾷν
165 2175 416 2216 ἐπιϐραϐευθήσεται
445 2181 483 2214 τῷ
506 2179 536 2206 τὸ
558 2177 652 2206 πλεῖον
680 2178 761 2211 ἕξοντι
784 2178 826 2206 ἐπὶ
855 2181 892 2215 τῷ

62 2222 176 2260 ἀριθμῷ.
220 2222 248 2249 Εἰ
277 2222 326 2261 γὰρ
347 2223 390 2250 καὶ
419 2221 504 2250 πολλὰ
531 2223 706 2261 προτείνουσιν
737 2222 807 2250 οὗτοι
829 2221 890 2250 δελ-

60 2265 149 2305 τάρια,
185 2263 253 2293 ἅλλα
279 2265 304 2298 ἐξ
332 2264 420 2294 ἄλλων
457 2267 667 2307 μεταγραφέντα,
696 2267 746 2298 ὀἷς
768 2268 785 2301 ἡ
816 2267 891 2305 ῥῆσις

61 2309 128 2343 αὕτη
151 2309 303 2350 ὲμοέρεται,
328 2309 387 2338 ἀλλ’
410 2310 474 2350 ἐγὼ,
499 2313 530 2345 νὴ
549 2312 578 2339 τὸ
600 2315 648 2345 τῆς
676 2312 801 2346 ἀληθείας
823 2312 890 2351 κρά-

62 2365 118 2392 τος,
155 2354 198 2382 ἐπὶ
234 2356 335 2394 μακρὸν
357 2354 408 2389 ἤδη
437 2355 533 2395 χρόνον
562 2359 607 2384 τοῦ
629 2357 783 2393 ζητήματος
799 2367 889 2384 κινου-

65 2410 154 2437 μειον,
185 2398 255 2432 ἅπαξ
279 2399 315 2427 ἐνὶ
343 2400 417 2437 μόνῳ
445 2400 571 2440 δελταρίῳ
598 2401 811 2438 πεπαλαιωμένῳ
843 2401 890 2431 τὰς

63 2443 137 2481 ὄψεις
167 2442 309 2480 ἐπέϐαλον,
339 2445 388 2478 τὴν
410 2444 485 2484 ῥῆσιν
522 2445 625 2485 φέροντι
654 2446 764 2483 ταύτην,
796 2446 891 2474 καὶτὸ

62 2487 208 2527 δελτάριον,
249 2489 286 2521 ὡς
328 2488 353 2522 ἐξ
389 2489 481 2528 ἐράνου
511 2491 553 2518 καὶ
595 2489 727 2529 συλλογῆς
763 2489 890 2530 διαφόρων

62 2534 276 2574 συγγραμμάτων
306 2535 486 2574 συγκείμενον,
517 2536 546 2563 οὖ
583 2536 660 2575 μέρος
690 2535 773 2564 ἐδόκει
802 2535 890 2574 βίϐλου

60 2580 124 2616 τῶν,
148 2580 241 2608 ὁποῖαι
277 2579 373 2608 πολλαὶ
400 2583 440 2616 τῷ
474 2581 595 2620 Θεῃγόρῳ
624 2581 742 2621 Κῦρίλλῳ
763 2580 888 2615 διεπονῆ-

59 2625 141 2657 θησαν
183 2623 248 2653 Οέιδὲ
282 2625 309 2642 ι’
375 2624 417 2642 νλ
480 2626 491 2631 “
594 2637 598 2641 ·
627 2627 633 2636 ‘
690 2627 712 2643 ’-
738 2627 744 2635 ’
789 2637 802 2641 -
860 2626 864 2631 ’

146 2646 152 2652 .
290 2635 332 2664 γαρ
361 2633 418 2652 (ιδοι
446 2636 524 2655 τουτο
561 2636 654 2665 μικρον
677 2637 711 2658 εις
735 2637 889 2666 απο.ροπην

59 2671 107 2702 τῆς
123 2669 240 2708 ῥήσεως,
271 2670 301 2697 τὸ
316 2669 344 2696 ἐν
373 2668 492 2707 μηδεμιᾷ
528 2673 581 2698 τῶν
609 2669 705 2708 βίϐλων
729 2671 827 2704 ταύτην
843 2671 888 2698 εῦ-

59 2714 189 2753 ρίσκεσθαι
240 2715 277 2741 ὧν
325 2713 438 2742 ἑκάστου
467 2715 498 2742 τὶ
520 2718 566 2743 τοῦ
595 2714 669 2754 ἁγίου
697 2715 889 2755 συγγράμματα

59 2757 145 2788 διόλου
175 2759 269 2799 αὗχεϊ.
299 2759 370 2790 Τέως
393 2759 465 2796 ὅμως
496 2760 518 2787 εἰ
552 2761 595 2788 καὶ
617 2759 711 2788 παλιὸν
733 2761 766 2793 ἦν
788 2761 818 2787 τὸ
837 2759 887 2797 ἐμ-

60 2804 179 2843 φανισθὶν
210 2815 256 2842 μοι
283 2805 358 2832 τοῦτο
388 2802 533 2844 δελτάριον,
568 2803 635 2832 ἀλλὰ
667 2806 721 2834 ιίνα
743 2803 886 2845 παραδέξε-

256 2489 286 2504 ἰ-
329 2488 352 2504 ζῑ

249 2500 286 2521 ως
328 2500 353 2522 ες

931 254 1009 285 ferre
1024 254 1059 285 ab
1077 264 1122 291 eo,
1141 264 1174 286 ex
1187 257 1273 287 Patre
1290 265 1396 295 nempe
1421 260 1450 286 et
1479 256 1554 287 Filio
1570 258 1652 288 i'lum
1672 263 1766 295 e550,)

932 307 1071 338 rogamus
1087 303 1280 340 utrorumque
1306 309 1474 331 sermonem
1505 301 1666 339 auditores,
1680 303 1764 332 omni

935 343 1094 374 affectione
1120 349 1244 381 semota,
1259 345 1288 374 in
1299 345 1444 384 judicium
1457 346 1569 377 venire.
1583 346 1637 382 Qui
1650 347 1760 376 dictum

935 389 992 419 hoc
1014 392 1192 428 proponunt,
1210 398 1244 418 ex
1273 389 1335 418 solo
1351 390 1435 420 Patre
1450 389 1592 429 Spiritum
1610 400 1674 421 esse
1686 390 1760 420 insi—

937 442 1041 469 nuans,
1058 433 1149 462 solius
1165 433 1259 464 sancti
1274 433 1372 473 Cyrilli
1384 433 1468 464 illud
1481 444 1546 465 esse
1569 439 1715 475 asserunt,
1735 439 1763 465 et

936 478 966 508 in
982 488 1041 509 uno
1054 484 1206 517 segmento
1219 480 1298 509 illius
1310 479 1503 518 scriptionum
1520 481 1648 512 inveniri
1671 482 1763 512 faten-

937 527 1028 558 tur,et
1041 523 1075 553 ad
1092 524 1177 554 tidem
1191 524 1232 554 illi
1249 525 1512 564 auctoritatemque
1528 526 1759 563 conciliandam,

937 567 1010 597 nihil
1024 567 1103 597 aliud
1120 568 1257 605 afferunt,
1275 578 1362 608 quam
1380 569 1516 600 codicum
1544 570 1573 600 in
1590 570 1696 610 quibus
1712 579 1760 600 re-

938 612 1061 652 peritur,
1082 613 1299 653 antiquitatem.

978 748 1004 778 5,
1025 747 1083 778 Nos
1099 755 1167 779 vero
1184 752 1287 778 contra
1314 748 1485 788 objicinius.
1502 750 1575 779 Cum
1600 749 1676 789 apud
1709 749 1762 780 hos

938 800 1043 822 omnes
1055 792 1252 823 unis'aniinis
1277 793 1305 823 in
1337 794 1474 823 confesso
1502 793 1550 829 sit,
1580 794 1635 824 hoc
1651 793 1760 824 dictum

906 837 1028 867 Bsancti
1048 836 1146 877 Cyrilli
1162 837 1254 867 solius
1283 847 1358 877 esse,
1391 847 1519 878 quanam
1549 838 1662 868 ratione
1678 838 1760 877 quis-

935 881 1012 922 piam
1028 882 1104 922 aequi
1119 892 1233 919 amans,
1250 887 1279 913 et
1307 885 1425 922 gemina
1449 883 1561 923 justum
1591 883 1676 914 lance
1692 893 1760 913 sus-

935 927 1081 966 pendens,
1100 927 1254 958 \ictoriani
1269 938 1325 958 nou
1342 928 1401 958 illis
1425 928 1579 965 concedet,
1598 928 1647 968 qui
1665 928 1759 968 palam

934 971 1148 1008 demonstrant,
1167 978 1196 1003 et
1212 982 1228 1002 a
1244 982 1348 1011 magno
1377 972 1551 1010 Athanasio,
1579 977 1606 1003 et
1622 981 1638 1004 a
1656 982 1759 1011 magno

934 1015 1053 1053 Basilio,
1071 1026 1125 1046 nec
1137 1026 1194 1047 non
1208 1016 1442 1057 Ny~seno,atque
1459 1017 1680 1057 Chrysostonio.
1697 1022 1758 1048 tum

934 1061 1022 1091 etiam
1031 1072 1045 1090 ει
1058 1071 1164 1100 magno
1175 1061 1337 1101 Epiphanio
1347 1062 1485 1092 traditum
1498 1062 1632 1098 l'uisse,et
1645 1071 1677 1092 ex
1685 1061 1758 1093 Filio

933 1106 1074 1145 Spiritum
1094 1115 1159 1136 esse
1193 1115 1245 1136 sua
1261 1106 1420 1146 hypostasi,
1441 1111 1470 1136 et
1483 1106 1628 1136 essentia?
1640 1111 1667 1137 et
1684 1116 1757 1137 con-

934 1150 1124 1181 siderandum
1141 1150 1242 1190 utique
1266 1158 1322 1187 est,
1349 1160 1403 1191 per
1427 1150 1579 1181 veritatem
1604 1151 1697 1190 ipsam
1722 1161 1758 1181 au

933 1195 1024 1225 unius
1037 1195 1251 1232 testimonium,
1281 1195 1369 1225 trium
1395 1196 1439 1226 vel
1462 1205 1513 1225 sex
1533 1198 1706 1226 auctoritate
1722 1197 1758 1226 ad

934 1240 1022 1269 fidem
1036 1239 1268 1279 comparandum
1282 1239 1377 1279 potius
1388 1239 1450 1270 sit?
1473 1239 1555 1275 Quod
1572 1239 1597 1270 si
1622 1243 1651 1270 et
1675 1240 1758 1270 illum

934 1284 1030 1324 ipsum
1045 1294 1131 1324 quem
1146 1284 1175 1313 in
1187 1293 1244 1313 uua
1257 1290 1368 1314 lanium
1380 1284 1566 1324 propriorum
1578 1289 1759 1315 commenta-

934 1328 1045 1359 riorum
1061 1328 1199 1369 pericopa
1212 1333 1346 1359 asserunt
1359 1328 1546 1367 hi,Spirilum
1559 1338 1592 1358 ex
1603 1329 1665 1359 solo
1673 1328 1760 1360 Patre

935 1374 1098 1413 procedere
1133 1373 1307 1406 :d‘ﬁimasse.
1348 1372 1543 1412 comprobare
1572 1373 1680 1413 poterit
1708 1373 1759 1413 qui

935 1417 994 1448 illis
1024 1418 1193 1458 opponitur,
1226 1417 1325 1447 multis
1353 1417 1419 1447 aliis
1460 1416 1655 1457 scriptionum
1686 1417 1758 1448 locis

934 1466 1034 1502 aperte
1051 1463 1232 1497 edicentem,
1250 1472 1282 1492 ex
1311 1461 1396 1492 Patre
1426 1465 1454 1491 et
1479 1461 1554 1492 Filio
1571 1462 1755 1498 naturaliter,

936 1506 1129 1547 hypostatice,
1148 1511 1176 1537 et
1201 1506 1401 1536 essentialiter
1430 1506 1570 1545 Spiritum
1597 1515 1674 1546 esse,
1692 1506 1759 1546 quis

935 1551 1038 1582 credet
1053 1552 1190 1582 eumdem
1221 1558 1354 1581 sanctum
1384 1550 1563 1590 sibimetipsi
1579 1551 1757 1582 adversari?

971 1642 1001 1671 6.
1020 1640 1064 1671 Ad
1082 1640 1154 1671 illud
1170 1641 1267 1681 itaque
1292 1640 1385 1670 sancti
1415 1639 1515 1679 Cyrilli
1541 1640 1632 1670 solius
1647 1639 1758 1669 dictum

931 1684 1100 1723 insinuans,
1132 1696 1145 1715 ι
1163 1695 1197 1716 ex
1224 1685 1285 1716 solo
1300 1684 1398 1721 Patre,
1418 1696 1429 1712 υ
1463 1689 1567 1714 contra
1582 1683 1759 1724 opponimus

933 1731 1010 1770 quod
1027 1739 1043 1760 a
1068 1731 1130 1769 jam
1155 1730 1282 1760 laudatis
1307 1729 1446 1760 Patribus
1462 1729 1605 1768 theologis
1621 1729 1757 1763 traditur.

937 1786 948 1802 ι
967 1784 1001 1805 ex
1016 1776 1101 1806 Patre
1118 1780 1146 1805 et
1159 1775 1236 1806 Filio
1253 1785 1259 1804 :
1283 1787 1293 1803 υ
1314 1775 1350 1804 ad
1365 1774 1630 1804 demonstrandum
1658 1783 1756 1814 neque

934 1819 964 1850 in
981 1829 1038 1850 una
1065 1829 1099 1850 ac
1129 1821 1267 1860 pericopa
1295 1828 1311 1850 a
1341 1826 1443 1850 sancto
1461 1818 1567 1859 Cyrillo
1596 1819 1756 1849 dictionem

932 1864 1009 1895 hanc
1024 1864 1118 1894 fuisse
1136 1864 1289 1901 insertam,
1320 1863 1398 1904 quod
1428 1863 1526 1894 nullus
1556 1873 1590 1894 ex
1617 1863 1756 1893 omnibus

933 1909 1044 1946 credet,
1062 1914 1194 1939 sanctum
1211 1909 1349 1949 Cyrillum
1376 1908 1563 1938 adversantia
1578 1907 1758 1948 sibimeiipsi

934 1955 1116 1986 enuntiasse.
1133 1956 1178 1987 Ad
1193 1960 1365 1996 praeteusani
1379 1955 1521 1995 peripsos
1532 1954 1667 1984 codicum
1680 1953 1758 1984 anti-

935 2000 1087 2039 quitatem,
1100 2001 1236 2030 codicum
1251 2000 1374 2030 aliorum
1389 1998 1550 2039 antiquitus
1562 2002 1754 2038 proponelur.

934 2044 1004 2076 Etsi
1017 2045 1087 2084 quid
1101 2045 1174 2075 forte
1187 2045 1322 2076 codicum
1339 2044 1501 2084 antiquitas
1526 2044 1660 2074 codicum
1676 2044 1756 2074 anti-

935 2091 1089 2130 quitatem,
1107 2091 1294 2121 contundere
1304 2090 1393 2128 valet,
1405 2090 1472 2119 hinc
1485 2098 1601 2129 quoque
1611 2088 1710 2118 multis
1721 2097 1756 2119 ex

936 2134 1067 2174 partibus
1083 2135 1259 2174 palmaiium
1286 2134 1404 2165 dabitur
1429 2134 1484 2171 illi,
1502 2133 1552 2172 qui
1580 2133 1683 2173 majori
1700 2142 1757 2162 nu-

903 2177 1016 2208 I)mero
1029 2179 1210 2219 constipatus
1223 2179 1356 2210 accedet.
1376 2179 1454 2208 Licet
1478 2178 1557 2208 enim
1581 2178 1637 2217 lpSI
1652 2177 1757 2207 multas

933 2223 1090 2254 schedulas
1108 2224 1267 2261 proferant,
1292 2224 1366 2254 alias
1394 2232 1426 2253 ex
1444 2223 1509 2252 aliis
1536 2222 1710 2261 descriptas,
1727 2221 1757 2251 in

932 2267 1042 2308 quibus
1056 2268 1168 2298 dictum
1186 2269 1241 2299 hoc
1276 2267 1494 2301 circumfertur,
1512 2266 1563 2296 sed
1597 2266 1680 2302 mihi,
1699 2265 1756 2295 vim

932 2312 1026 2352 ipsam
1056 2313 1188 2344 veritatis
1219 2318 1320 2353 testor,
1351 2321 1418 2343 cum
1448 2312 1570 2351 quwsiio
1601 2311 1757 2340 lucernul-

933 2361 978 2388 tos
1006 2358 1064 2396 jam
1095 2367 1187 2388 annos
1218 2359 1246 2388 in
1278 2357 1478 2388 controversia
1506 2357 1553 2392 sit,
1582 2355 1672 2386 semul
1702 2364 1759 2385 una

933 2402 1118 2433 solummodo
1147 2403 1290 2433 srhedula
1323 2406 1498 2432 vetustatem
1529 2401 1639 2437 ferens,
1669 2405 1699 2430 et
1727 2401 1756 2429 in

933 2456 990 2487 qua
1005 2447 1115 2478 dictum
1132 2448 1295 2488 legebatur,
1313 2447 1430 2487 objecta
1459 2451 1503 2477 e~t
1541 2456 1634 2486 eaque
1666 2446 1757 2476 veluti

934 2500 968 2522 ex
997 2501 1075 2523 Varia
1107 2492 1294 2530 collectione,
1347 2491 1546 2531 congericquo
1576 2491 1756 2521 diversarum

933 2536 1128 2577 scriptionum
1155 2538 1293 2573 conﬂata,
1323 2546 1381 2567 non
1409 2545 1476 2576 pars
1501 2535 1568 2566 libri
1591 2535 1757 2571 videbatur,

933 2583 1035 2621 quales
1052 2582 1152 2613 multa;
1165 2592 1216 2622 per
1242 2582 1414 2622 deiloquunl
1439 2580 1579 2621 Cyrillum
1602 2579 1760 2611 elaboratae

931 2630 1008 2656 sunt.
1025 2627 1092 2658 Haec
1105 2627 1195 2657 etiam
1210 2637 1267 2657 non
1280 2627 1360 2666 parvi
1372 2626 1514 2656 momenti
1526 2625 1658 2656 lueritad
1675 2625 1759 2655 refel-

932 2670 1052 2701 lendum
1067 2671 1191 2711 dictum,
1209 2671 1285 2712 quod
1304 2673 1332 2701 in
1346 2671 1427 2701 nullo
1454 2671 1557 2701 cod.ce
1581 2670 1756 2710 rtperiatur,

931 2715 982 2755 qui
994 2716 1087 2746 s..ncti
1105 2717 1214 2755 scripta
1240 2725 1294 2756 per
1322 2725 1426 2746 onincs
1450 2724 1519 2746 suas
1545 2719 1643 2754 partes
1674 2723 1756 2744 coll:-

931 2760 1090 2800 plectatur,
1108 2761 1225 2801 illisque
1237 2760 1400 2801 superbiat.
1418 2759 1534 2790 Interea
1552 2760 1619 2789 licet
1637 2763 1758 2789 celusta-

930 2807 1065 2847 temprac
1079 2815 1109 2837 se
1123 2805 1236 2837 ferebat
1265 2809 1416 2846 comperta
1445 2813 1497 2845 per
1526 2814 1573 2835 uie
1602 2802 1753 2842 schedula,
