1953 3074
188 151 246 184 307

734 153 838 186 JOAN.
856 153 971 186 VECCI
987 153 1041 184 ΟΡ.
1059 151 1314 186 PATRIARCH/E

1811 150 1872 184 308

189 218 362 258 plerumque
375 219 472 249 divina
484 219 638 259 Scriptura
649 219 853 250 indiﬂ‘erenter
863 219 960 250 dictio]

1101 223 1253 261 ηγορετσθαι
1282 222 1331 256 τῇς
1368 223 1413 249 τοῦ
1448 222 1549 259 Πατρὸς
1578 219 1655 254 δόξης
1683 219 1798 259 εὐλόγως
1830 218 1870 246 εἱ-

190 267 325 303 usurpat,
343 272 405 294 rem
423 263 588 303 subjectam
616 273 674 294 non
691 264 813 300 laedens,
828 268 857 294 et
871 263 901 294 in
920 264 1011 294 rebus

190 307 383 346 exponendis,
402 307 573 338 nominibus
591 308 730 345 abutitur,
749 308 856 349 quibus
872 308 963 348 probe
978 317 1010 338 se

189 360 239 381 eas
255 351 385 382 indicare
403 356 514 392 putet.»
532 352 626 382 Dictis
642 353 801 390 similibus,
815 353 864 394 qui
884 362 936 383 «ex
953 354 1010 384 Pa-

189 400 234 425 tre
249 404 303 434 per
319 395 443 426 Filium»
462 397 747 436 exsistentiam,cum
760 407 805 435 ea,
824 406 888 437 quae
903 401 947 427 est
959 406 1011 428 «ex

191 443 315 480 utroque
334 452 345 468 η
365 449 423 470 non
447 441 597 471 coharere
613 442 805 475 contendunt,
822 442 1010 473 refelluntur.

187 482 221 512 Et
234 483 288 515 hoc
304 492 447 514 concesso
461 484 612 515 fatendum
623 489 866 525 est.quaecunque
884 485 1011 526 Spiritus

189 537 222 558 ex
239 527 313 559 Filio
327 529 428 565 habet,
445 529 522 568 quod
540 538 574 559 ea
591 538 642 568 per
658 530 762 560 Filium
781 530 896 566 habeat,
925 539 959 560 ea
975 538 1010 561 ex

188 572 262 602 Filio
287 573 408 609 habere,
440 573 532 612 probe
561 573 630 604 dici.
649 573 774 613 Spiritus
791 574 870 604 enim
885 583 918 604 ex
935 574 1008 605 Filio

188 624 339 656 emanans,
358 626 416 646 non
434 621 570 657 tanquam
602 626 636 648 ex
654 618 785 658 proprio,
803 627 835 648 ac
862 617 978 648 diverso
992 627 1009 647 a

188 661 275 691 Patre
290 661 370 691 fonte
382 666 510 694 emanat.
524 661 589 701 sed,
601 662 679 702 quod
689 671 722 692 ex
736 663 822 692 Patre
838 671 890 702 per
901 662 1006 693 Filium

188 709 316 739 emanat.
335 705 402 735 ideo
421 715 454 735 ex
470 705 546 736 Filio
562 715 721 741 emanare;
739 711 779 745 et,
796 706 872 746 quod
892 715 943 746 per
958 706 1006 736 Fi-

188 747 259 777 lium
277 749 451 786 eﬂ‘unditur,
469 759 503 780 ex
518 749 592 781 Filio
609 751 717 781 dicitur
729 750 851 781 effundi.
869 752 1009 782 Nectan—

1051 272 1112 293 πεῖν
1129 266 1260 305 ’ἐπείπερ
1297 265 1399 305 ἠνέχθη
1441 266 1484 293 καὶ
1512 265 1553 294 επ⁹
1585 266 1663 294 αὑτοῦ
1692 265 1721 292 τὸ
1749 263 1781 292 δι’
1824 263 1866 293 οὗ.

1052 308 1204 349 Ἀδιαφορεϊ
1232 310 1281 348 γὰρ
1311 309 1362 337 ἔσθ’
1399 309 1442 337 ὅτε
1476 310 1534 349 περὶ
1574 309 1621 341 τὰς
1666 308 1747 341 λέξεις
1776 308 1793 341 ἡ
1815 307 1872 335 θεία

1052 357 1070 381 Γ
1072 354 1153 394 ραφὴ,
1188 353 1268 392 μηδὲν
1309 353 1431 382 ἆόικοῦσα
1459 354 1488 382 τὸ
1510 353 1697 391 ὑποκείμενον,
1727 362 1871 391 καταχρη-

1053 399 1210 436 στικώτερον
1245 398 1272 426 δὲ
1301 409 1357 430 πως
1387 398 1543 437 ἐπιφέρουσα
1577 405 1635 430 τοῖς
1664 395 1871 434 σημαινομένοις

1051 443 1083 469 τά
1110 453 1139 470 τε
1160 442 1265 480 ῥήματα
1284 443 1328 470 καὶ
1342 443 1374 470 τὰ
1394 440 1427 469 δι’
1449 444 1485 469 ὦν
1507 441 1538 469 ἂν
1559 441 1650 475 οἴηται
1662 439 1871 473 καταδηλοῠσθαι

1051 486 1150 517 καλῶς.
1181 487 1223 515 Ἐν
1258 487 1364 518 ταύταις
1393 485 1425 519 δὴ
1445 493 1507 518 ταῖς
1529 487 1631 525 ῥήσεσι,
1654 486 1698 513 καὶ
1713 486 1734 513 oi
1756 484 1806 518 τήν
1842 484 1872 511 ἐκ

1052 532 1151 568 Πατρδς
1185 530 1218 558 δι’
1240 532 1300 560 Υἱοῦ
1335 529 1441 569 ὕπαρξιν
1469 529 1661 567 ἀσυμϐίϐαστον
1682 530 1747 568 πρὸς
1767 529 1817 561 τὴν
1846 527 1872 559 ἐξ

1050 574 1149 614 ἀμφοῖν
1179 575 1249 602 εἶναι
1278 573 1466 610 διενιστάμενοι
1481 574 1770 613 καταγωνισθήσονταν,
1801 572 1870 600 Τού-

1049 629 1095 646 του
1120 617 1146 646 δὲ
1175 618 1304 654 δοθέντος,
1335 618 1565 657 ὁμολογηθήσεται
1588 620 1631 647 καὶ
1652 617 1728 646 πάνθ’
1756 617 1804 644 ὅσα
1841 617 1871 644 τὸ

1051 665 1155 700 Πνεῦμα
1184 663 1209 695 ἐξ
1238 664 1296 691 ι’ἱοῦ
1325 662 1397 702 ἔχει,
1423 661 1467 690 διὰ
1496 664 1525 690 τὸ
1553 661 1587 690 δι’
1611 662 1670 690 Υἱοῦ
1698 661 1770 702 ἔχειν
1792 661 1870 700 αὗτὰ,

1051 706 1169 745 λέγεσθαι
1191 711 1273 735 ταῦτα
1301 707 1374 747 ἔχειν
1395 709 1426 736 ὲκ
1451 712 1496 736 τοῦ
1534 708 1605 738 Υἱοῠ.
1632 707 1666 735 Τὸ
1680 707 1730 746 γὰρ
1752 709 1870 742 Πνεῦμα,

1051 751 1136 780 ἒκτοῦ
1150 752 1210 779 Υἱοῦ
1245 750 1399 787 ἂναϐλύζον,
1431 752 1482 790 οὔχ
1510 752 1547 782 ὡς
1572 750 1597 784 ἐξ
1625 750 1688 782 ἰδίας
1717 751 1787 789 παρὰ
1825 750 1871 776 τὸν

188 792 341 823 tummodo
357 793 386 823 in
407 793 587 824 dictionibus
599 794 656 824 illis
672 794 820 831 omnibus,
839 803 904 834 qua”:
915 794 959 833 sig

1099 795 1154 834 τέρα
1168 795 1259 833 πηγῆς
1278 794 1420 830 ἆναϐλύζον
1436 795 1517 831 ἐστιν,
1544 794 1602 822 ἀλλ’
1639 794 1679 822 ὅτι
1714 794 1743 821 ἐκ
1770 794 1870 831 Πατρὸς

188 835 275 866 ﬁcant
285 837 448 868 naturalem
463 841 549 877 atque
562 839 748 869 essentialem
759 839 837 869 illius
850 838 956 877 perFili

1101 838 1199 875 ϐλύζει,
1227 838 1260 866 δι’
1292 840 1352 868 Υἱοῠ
1373 840 1416 867 καὶ
1445 838 1470 871 ἐξ
1496 839 1555 867 Υἱοῦ
1576 838 1679 878 λέγεται
1708 837 1869 873 ἀναϐλύζει-ι,

188 891 222 912 ex
237 881 321 912 Patre
337 884 666 919 exsistentiamﬁicitur
683 893 747 914 esse
759 888 830 914 etex
840 883 959 923 Filio,qi

1128 883 1161 911 δι’
1193 885 1252 913 Υἶοῦ
1279 884 1471 924 προχεόμενον,
1508 884 1613 923 λέγεται
1640 885 1798 923 προχεῖσθαι
1827 883 1870 909 καὶ

188 935 240 965 per
261 926 368 957 Filium
398 932 452 964 est,
485 929 538 959 sed
555 929 641 959 etiam
661 938 695 958 ex
712 928 786 958 Filio
802 927 949 963 exhiberi,

1101 932 1146 956 τοῦ
1181 930 1251 965 Υἱοῡ,
1267 930 1309 956 καὶ
1339 928 1371 956 δι’
1407 930 1466 956 Υἱοῦ
1493 929 1700 968 προερχόμενον,
1717 927 1760 954 καὶ
1782 927 1810 953 ἐκ
1826 930 1870 954 τοῦ

188 970 274 1010 mitti,
291 972 368 1011 quod
386 981 420 1002 ex
435 972 520 1002 Patre
536 981 589 1012 per
615 972 721 1002 Filium
739 973 813 1002 mitti
831 976 859 1002 et
874 971 959 1002 exhib

1098 976 1110 1000 5
1143 974 1316 1012 προερχεσθαι
1345 972 1465 1011 λέγεται.
1507 973 1554 1001 Καὶ
1575 972 1605 1000 οὗ
1634 972 1712 1009 μόνον
1738 971 1780 998 ἐπὶ
1809 977 1869 1001 ταῖς

187 1014 307 1047 dicitur.
1048 1016 1131 1049 λέξεσι
1153 1017 1258 1047 ταύταις
1287 1024 1348 1049 ταῖς
1377 1016 1516 1049 δηλούσαις
1543 1020 1658 1056 φυσικῶς
1687 1016 1730 1044 καὶ
1771 1016 1869 1043 οὗσιω-

188 1058 238 1091 δῶς
256 1060 383 1099 ὑπάρχειν
400 1060 462 1088 αὖτὸ
478 1060 510 1088 δι’
528 1064 595 1088 Υιοῦ
623 1061 652 1089 ἐκ
675 1063 776 1101 Πατρὶς
791 1062 875 1089 πᾶνξα
904 1061 1010 1100 λέγεται
1025 1063 1094 1089 εἶναι
1123 1064 1165 1089 και
1180 1061 1209 1089 ἐκ
1224 1061 1345 1097 τοῦΥίοῦ,
1374 1060 1422 1088 ὅσα
1437 1061 1491 1088 ἐστὶ
1505 1059 1547 1089 διὰ
1561 1062 1688 1097 τοῦΥἱοῦ,
1705 1059 1771 1089 ἀλλὰ
1786 1060 1830 1087 καί
1846 1058 1871 1091 ἐξ

181 1104 241 1130 rio-3
271 1105 472 1143 χορηγούμενον
501 1106 543 1133 καὶ
574 1107 756 1145 πεμπὸμενον,
786 1105 827 1134 διὰ
861 1107 890 1133 τὸ
925 1106 954 1134 ἐκ
983 1106 1084 1145 Πατρὸς
1126 1104 1159 1132 δι’
1177 1107 1236 1134 Υἱοῦ
1279 1106 1439 1142 πέμπεσθαι,
1481 1105 1524 1133 καὶ
1553 1106 1728 1145 χορηγεῖσθαι
1759 1103 1867 1143 λέγεται

189 1159 278 1177 ταυτα.

229 1192 275 1223 Η.
293 1193 505 1233 Praeterea,qui
521 1202 554 1223 ex
567 1194 653 1224 Patre
670 1194 815 1232 Spiritum
836 1194 1000 1225 immediatt

1098 1190 1139 1225 α’.
1172 1189 1235 1223 ιἘπ’ἰι
1271 1193 1297 1222 δὲ
1326 1195 1350 1222 oi.
1379 1194 1484 1231 ἇμέσως
1514 1194 1544 1222 ὲκ
1572 1194 1672 1232 Πατρὸς
1697 1192 1728 1221 τὸ
1764 1194 1869 1229 Πνεῦμα

187 1243 253 1266 esse
269 1238 433 1274 enuntiant,
451 1237 497 1267 his
519 1237 623 1268 iisdem
638 1238 746 1279 scripto
763 1238 911 1268 mandatis
923 1242 958 1269 te:

1099 1249 1170 1270 οντες
1201 1239 1281 1274 εἶναι,
1309 1239 1360 1266 κάκ
1388 1241 1440 1266 τῶν
1478 1241 1612 1278 γραφικῶν
1633 1237 1730 1265 τούτων
1752 1235 1870 1275 ἀπελεγ-

187 1279 295 1311 muniis
309 1281 494 1320 rejicientur.
511 1281 726 1321 Thaumaturgo
736 1282 882 1321 siquidem
895 1282 958 1321 Gre;

1099 1285 1194 1318 icovut
1223 1283 1335 1321 ῥήσεων.
1366 1286 1417 1311 Τοῦ
1455 1283 1503 1322 γὰρ
1539 1285 1740 1320 Θαυματουργοῦ
1772 1281 1870 1319 Πατρὸς

186 1324 231 1355 rio
246 1325 442 1363 decernente,
466 1325 599 1356 cDomini
616 1327 731 1358 Patrem
748 1336 813 1357 esse
829 1327 952 1366 principi

1099 1328 1194 1366 λγορίοπ)
1221 1326 1351 1366 ἀριόήλως
1380 1326 1564 1365 θεολογοῦντος
1586 1326 1626 1354 ὅτι
1651 1337 1663 1354 tt
1691 1330 1742 1354 Του
1778 1325 1870 1364 Κυρίου

186 1368 222 1398 ab
235 1373 345 1400 εἰει-[ιο
363 1379 430 1400 eum
447 1375 650 1411 generantem,
664 1377 691 1401 et
707 1371 864 1401 Dominum
882 1370 957 1411 Spiri

1098 1372 1175 1411 ἰατὴρ
1203 1372 1288 1411 ἀρχὴ,
1318 1370 1410 1402 etaim;
1433 1372 1510 1400 αὐτὸν
1535 1371 1675 1410 γςννήσας,
1692 1371 1735 1398 καὶ
1764 1370 1869 1408 πρωτό-

185 1416 370 1453 prototypum
402 1415 485 1453 (10);
515 1427 526 1442 ››
556 1415 704 1455 quomodo
729 1415 909 1453 intelligetur
925 1424 956 1445 er

1099 1426 1128 1446 ος
1163 1417 1209 1444 τοῦ
1230 1415 1378 1452 Υνεύματος
1406 1416 1420 1443 6
1449 1415 1555 1454 Κύριος,
1586 1426 1598 1443 ν
1635 1415 1692 1446 πῶς
1713 1414 1869 1446 νοηθήσεται

185 1457 312 1497 Spiritus
327 1458 486 1489 Dominum
503 1463 700 1499 prototypum,
717 1459 741 1490 si
762 1459 889 1500 Spiritus
906 1460 956 1490 imi

1100 1461 1165 1499 πρὸς
1189 1461 1218 1488 τὸ
1245 1463 1349 1497 Πνεῦμα
1382 1463 1428 1488 τοῦ
1458 1460 1549 1499 Κυρίου
1583 1459 1757 1499 προτὸτυπον,
1776 1458 1797 1485 εἶ
1826 1459 1869 1485 καὶ

185 1501 274 1539 diate,
301 1503 550 1543 quemadmodum
569 1505 671 1544 Filius,
701 1513 734 1534 ex
754 1504 837 1534 Patre
853 1504 917 1534 est?
932 1505 956 1534 si

1105 1508 1210 1542 Πνεῦμα
1225 1503 1340 1541 ᾑμέσως
1369 1505 1405 1535 ὡς
1435 1505 1448 1531 6
1478 1504 1535 1536 Υἱὶς
1563 1503 1593 1531 ἒκ
1622 1504 1720 1542 [Ia-:96:
1736 1513 1746 1538 ;
1762 1502 1779 1536 ἢ
1812 1505 1869 1532 πῶς

184 1547 331 1586 quomodo
341 1548 644 1588 intelligetur,Filium
656 1549 816 1587 imaginem
828 1557 893 1578 esse
902 1549 955 1578 Pat‘

1099 1550 1206 1584 θήσεται
1250 1550 1263 1575 6
1306 1548 1353 1585 μὲν
1382 1549 1442 1579 Υἱὸς
1471 1549 1547 1576 εἰκὼν
1581 1551 1626 1575 τοῦ
1661 1548 1773 1585 Πατρὸς,
1790 1547 1820 1574 τὸ
1843 1545 1870 1573 δὲ

184 1594 214 1620 et
229 1589 369 1630 Spiritum
382 1592 540 1629 imaginem
557 1592 648 1623 Filii?
661 1592 882 1632 sive,quomodo
899 1592 955 1623 inte

1101 1596 1154 1630 ῦμα
1181 1593 1257 1621 εἰκὼν
1284 1594 1331 1620 τοῦ
1353 1594 1437 1632 Tim};
1464 1592 1482 1625 ἢ
1510 1594 1566 1624 πῶς
1596 1592 1752 1625 νοηθήσεται
1780 1592 1794 1618 6
1822 1591 1871 1627 μὲν

184 1639 280 1672 getur,
298 1636 412 1666 Patrem
429 1635 503 1666 Filio
521 1636 708 1676 praeintelligi
725 1641 955 1676 tanquam‘causz

1099 1637 1139 1676 τηρ
1159 1637 1394 1676 προεπινοούμενος
1422 1640 1467 1664 τοῦ
1497 1637 1556 1664 1·ξώ
1576 1639 1614 1672 τῷ
1630 1636 1714 1673 αἰτίῳ,
1731 1636 1745 1662 6
1761 1633 1787 1662 δὲ
1811 1636 1870 1664 Υἱὸς

184 1682 213 1708 et
225 1678 332 1709 Filium
349 1680 512 1710 secundum
529 1681 664 1710 eamdem
682 1689 778 1710 causa;
790 1680 936 1710 rationem
953 1681 1007 1721 hy-

184 1723 294 1761 postasi
310 1723 439 1763 Spiritus
450 1726 463 1753 ?
487 1724 560 1758 sive,
583 1725 730 1764 quomodo
743 1724 935 1763 intelligetur,
951 1727 1006 1755 Pa-

185 1769 258 1796 trem
273 1767 417 1806 majorem
431 1777 495 1798 esse
503 1768 588 1805 Filio,
605 1772 633 1798 et
642 1768 748 1799 Filium
762 1768 873 1808 Spiritu
883 1773 983 1800 sancto
995 1770 1007 1799 Υ

182 1810 254 1846 sive,
287 1811 435 1851 quomodo
462 1811 654 1851 intelligetur,
672 1813 814 1852 Spiritum
833 1822 885 1852 per
900 1813 1005 1843 Filium

182 1855 322 1894 conjungi
335 1855 437 1886 Patri?
452 1855 487 1886 Et
502 1866 568 1895 qua:
585 1861 727 1896 praeterea
743 1861 859 1887 sanctus
875 1857 1005 1888 Athana-

182 1899 242 1929 sius
272 1899 308 1929 ad
334 1900 526 1940 Serapionem
557 1901 680 1941 epistola
704 1900 740 1931 de
765 1901 1005 1940 Spiritujsancto,

181 1942 320 1980 dictavit;
335 1944 475 1984 probans,
492 1946 644 1976 aeamdem
661 1946 800 1976 unionem
814 1945 924 1976 habere
935 1945 1004 1985 Spi-

181 1987 269 2017 ritum
286 1997 355 2027 erga
380 1989 498 2026 Filium,
529 1999 616 2030 quam
641 1990 704 2029 ipse
720 1989 808 2020 habet
823 1990 858 2020 ad
877 1990 1004 2029 l’atrem,

180 2031 258 2071 quod
275 2032 368 2063 Filius
382 2032 503 2069 aPatre,
517 2033 645 2072 Spiritus
655 2043 724 2064 vero
737 2043 753 2064 a
765 2034 837 2064 Filio
853 2034 1004 2072 mittatur;

180 2079 209 2105 et
222 2077 310 2106 Pater
321 2077 441 2117 quidem
458 2087 473 2107 a
487 2077 573 2115 Filio,
593 2079 685 2109 Filius
698 2087 765 2109 vero
781 2087 797 2108 a
811 2078 923 2117 Spiritu
939 2079 1004 2118 glo-

180 2119 324 2154 rificetur.
344 2133 355 2150 »
375 2121 488 2158 Quibus
499 2122 571 2154 satis
586 2127 688 2162 aperte
704 2123 848 2159 decernit,
866 2123 1003 2154 eumdem

179 2165 317 2196 ordinem
330 2170 361 2197 et
371 2170 505 2197 naturam
522 2167 632 2197 habere
643 2167 783 2207 Spiritum
799 2176 867 2205 erga
883 2166 999 2203 Filium,

178 2218 265 2249 quam
284 2210 376 2241 Filius
391 2210 479 2242 habet
493 2220 563 2249 erga
585 2211 714 2242 Patrem.
732 2211 799 2242 Htec
812 2220 934 2251 magnas
951 2212 1001 2242 tibi

175 2257 264 2294 atque
275 2254 413 2294 ingentes
425 2257 575 2296 suppetias
587 2256 682 2286 ferent
692 2256 728 2286 ad
751 2266 801 2287 eos
809 2256 1001 2297 refellendos,

175 2298 225 2338 qui
240 2298 411 2330 immediate
427 2309 461 2330 ex
488 2300 573 2332 Patre
589 2301 731 2341 Spiritum
759 2310 837 2341 esse,
851 2310 884 2331 ex
900 2304 1003 2331 ventre

175 2347 320 2380 eructant,
334 2353 389 2374 nec
406 2344 606 2384 intelligendis
622 2345 784 2385 Scripturis
799 2345 927 2375 studium
941 2345 1000 2375 col-

175 2387 282 2418 locant.
299 2387 407 2425 Quare,
435 2393 475 2429 tu,
494 2399 547 2429 per
576 2389 681 2420 Filium
699 2390 840 2420 exsistere
856 2389 1000 2428 Spiritum

174 2435 321 2468 sanctum,
339 2433 429 2463 multa
446 2442 513 2463 cum
538 2434 717 2465 conﬁdentia
733 2438 761 2464 et
774 2443 846 2474 pura
862 2434 892 2463 in
907 2434 1000 2464 Deum

174 2483 238 2515 spe,
263 2479 292 2505 et
306 2484 341 2506 ex
357 2476 445 2513 Filio,
463 2477 546 2508 fateri
573 2488 610 2508 ne
635 2478 820 2509 reformides.
839 2477 897 2508 Nos
913 2486 1001 2517 porro

173 2519 209 2549 ad
226 2523 286 2550 tres
301 2524 367 2550 tuas
392 2521 637 2561 interrogationes
653 2523 760 2554 divinis
776 2522 952 2561 Scripturis,
970 2526 1002 2552 ut

169 2564 231 2602 jam
244 2564 556 2601 vidisti,constabilitis
567 2567 814 2607 responsionibus
825 2565 1000 2602 adductis,si

213 2623 273 2665 ([01
287 2624 480 2664 Prototypum
494 2624 624 2665 Spiritus
639 2626 797 2657 Dominum
811 2625 1005 2656 Thaumatur-

170 2672 224 2703 gus
253 2662 418 2706 Gregorius
442 2662 630 2706 nuncupant,
656 2666 809 2699 Oratione,
828 2667 913 2706 cujus
930 2666 1002 2696 illud

170 2710 214 2745 est
236 2704 415 2745 principium
434 2715 441 2734 :
457 2704 668 2738 lnimi'cissimi
682 2711 711 2736 el
727 2706 822 2737 alieni
834 2704 870 2736 ίιῡ
887 2711 1002 2745 aposto-

168 2743 229 2786 lica
245 2743 433 2786 confessione
457 2750 537 2778 sunt.
564 2746 731 2786 Imaginem
756 2755 824 2776 vero
844 2743 999 2786 Fili/Spi-

1048 1682 1115 1710 κατὰ
1136 1683 1181 1710 τὸν
1210 1682 1259 1715 τὴς
1296 1682 1378 1713 αἷτὶας
1400 1680 1479 1719 λόγον
1493 1681 1728 1720 προεπινοούμενος
1758 1680 1804 1712 τῆς
1825 1685 1872 1708 τοῦ

1048 1726 1197 1763 Πνεύματος
1239 1726 1432 1765 Siros-sintne;
1467 1725 1484 1758 ἢ
1513 1728 1570 1756 πῶς
1601 1726 1755 1759 νοηθήσεται
1779 1726 1792 1751 ὁ
1822 1724 1872 1760 μὲν

1049 1771 1138 1810 Πατὴρ
1188 1771 1283 1807 μείζων
1322 1773 1366 1798 τοῦ
1410 1770 1479 1805 Υἱοῦ,
1523 1770 1536 1796 6
1591 1768 1618 1796 δὲ
1674 1770 1732 1799 Υἱὸς
1774 1768 1871 1805 μείζων

1049 1818 1092 1842 τοῦ
1114 1815 1287 1854 Πνεύματος;
1317 1814 1335 1847 ἢ
1363 1817 1420 1845 πῶς
1451 1814 1607 1847 νοηθήσεται
1642 1814 1672 1841 τὸ
1695 1815 1800 1849 Πνεῦμα
1829 1811 1871 1839 διὰ

1047 1862 1093 1885 τοῦ
1122 1860 1181 1886 Υἱοῦ
1217 1858 1411 1894 συναπτόμενον
1444 1861 1482 1894 τῷ
1512 1858 1618 1896 Πατρὶ;
1641 1856 1724 1885 Ἀλλὰ
1739 1857 1782 1884 καὶ
1803 1855 1871 1895 ἅπερ

1047 1904 1061 1930 ὃ
1087 1902 1169 1942 μέγας
1195 1902 1348 1933 Ἀθανάσιος
1374 1902 1400 1930 ἐν
1430 1905 1463 1940 τῇ
1479 1903 1543 1941 πρὸς
1560 1901 1714 1941 Σεραπίωνα
1739 1901 1797 1939 περὶ
1825 1905 1872 1928 τοῦ

1047 1948 1120 1986 ἁγίου
1163 1949 1314 1985 Πνεύματος
1370 1946 1441 1985 λέγει
1488 1946 1626 1985 ἐπιστολῇ,
1668 1945 1871 1980 κατασκευάζων

1050 2003 1063 2018 ε
1080 1992 1129 2025 τὴν
1144 1992 1225 2025 αὐτὴν
1254 1991 1327 2031 ἔχειν
1349 1991 1461 2023 ἑνότητα
1485 1992 1514 2018 τὸ
1537 1994 1640 2027 Πνεῦμα
1656 1991 1720 2029 πρὸς
1735 1989 1780 2017 τὸν
1797 1990 1868 2025 Υὶὸν,

1046 2035 1080 2070 ἣν
1095 2037 1170 2069 αὐτὸς
1199 2036 1258 2076 ἔχει
1286 2037 1352 2075 πρὸς
1379 2036 1425 2063 τὸν
1458 2035 1570 2074 Πατέρα,
1601 2034 1653 2062 ἀπὸ
1674 2037 1720 2062 τοῦ
1745 2034 1790 2061 τὸν
1820 2034 1870 2070 μὶν

1046 2081 1105 2108 Υἱὸν
1133 2082 1203 2120 παρὰ
1246 2082 1357 2120 Πατρὸς,
1389 2081 1419 2108 τὸ
1446 2079 1474 2106 δὲ
1503 2082 1608 2116 Πνεῦμα
1636 2079 1706 2117 παρὰ
1735 2081 1780 2105 τοῦ
1809 2079 1871 2106 fiat}

1045 2124 1272 2153 ἀποστέλλεσθαι·
1302 2125 1345 2152 καὶ
1374 2124 1418 2151 τόν
1447 2124 1495 2160 μὲν
1524 2123 1627 2162 Πατέρα
1645 2123 1714 2162 παρὰ
1748 2126 1794 2150 τοῦ
1809 2122 1871 2150 Υἱοῦ

1043 2169 1087 2196 τὸν
1111 2168 1137 2196 δὲ
1168 2170 1226 2196 Υἱὸν
1256 2169 1325 2208 παρὰ
1352 2172 1398 2196 τοῦ
1423 2168 1573 2203 Πνεύματος
1603 2166 1762 2202 δοξάζεσθαι.
1783 2178 1794 2193 ι
1826 2165 1871 2194 Ἐν

1044 2214 1086 2244 οἷς
1115 2213 1160 2241 καὶ
1189 2213 1256 2242 πάνυ
1281 2213 1398 2251 καθαρῶς
1427 2211 1509 2251 λέγει,
1556 2212 1680 2244 τοιαύτην
1705 2210 1785 2244 ταξιν,
1825 2212 1871 2238 καὶ

1043 2257 1117 2296 φύσιν
1147 2256 1228 2296 ’ἔχειν
1252 2258 1281 2284 τὸ
1310 2259 1415 2293 Πνεῦμα
1443 2256 1507 2294 πρὸς
1535 2256 1579 2283 τὸν
1607 2255 1754 2291 Υἶὸν,οἵαν
1770 2256 1784 2282 ὸ
1809 2255 1870 2285 Υἱὸς

1043 2300 1117 2340 ἔχειν
1146 2302 1208 2336 πρὸς
1240 2302 1283 2328 τὸν
1312 2300 1426 2339 Πατέρα,
1456 2298 1587 2338 μεγάλην,
1620 2300 1664 2327 καὶ
1694 2300 1748 2327 οὑτι
1772 2299 1870 2338 μικρὰν

1041 2344 1145 2384 παρέξει
1181 2355 1220 2372 σοι
1247 2345 1296 2378 τὴν
1326 2344 1500 2383 συγκρότησιν
1531 2345 1595 2382 πρὸς
1626 2344 1670 2371 τὸν
1686 2343 1798 2383 ἔλεγχον
1813 2346 1869 2370 τῶν

1042 2389 1146 2427 ἀμέσως
1176 2389 1205 2416 ἐκ
1236 2390 1337 2428 Πατρὸς
1367 2389 1438 2416 εἶναι
1470 2389 1501 2415 τὸ
1544 2391 1649 2425 Πνεῦμα
1682 2387 1735 2415 ἀπὸ
1763 2386 1869 2418 κοιλίας

1043 2433 1228 2472 ὲρευγομένων,
1264 2434 1306 2460 καὶ
1350 2434 1396 2463 τὰς
1438 2433 1543 2472 Γραφὰς
1586 2433 1624 2469 μὴ
1662 2430 1865 2470 διερευνώντων,

1043 2478 1131 2506 Τοίνυν
1153 2479 1196 2505 καὶ
1212 2479 1242 2505 σὺ
1277 2477 1325 2515 μὲν
1351 2478 1381 2505 τὸ
1409 2475 1441 2504 δι’
1478 2477 1539 2505 Υἱοῦ
1566 2477 1686 2516 ὑπάρχον
1700 2477 1731 2504 ὲκ
1755 2479 1801 2503 τοῦ
1816 2478 1871 2503 Πα-

1042 2523 1102 2560 τρὸς
1131 2523 1205 2562 ἅγιον
1244 2523 1349 2560 Πνεύμα
1377 2522 1443 2559 μετὰ
1479 2520 1578 2549 πολλου
1607 2524 1654 2548 τοῦ
1681 2519 1787 2559 θαῤῥους
1824 2521 1871 2547 καὶ

1042 2568 1155 2606 καθαρᾶς
1184 2567 1233 2600 τὴς
1267 2568 1303 2598 εὶς
1340 2568 1404 2594 Θεὸν
1433 2564 1547 2602 ἐλπίδος,
1578 2566 1622 2593 καὶ
1637 2564 1661 2597 ἐξ
1692 2566 1752 2594 Υἱοῦ
1778 2563 1870 2602 λέγειν

1045 2627 1166 2666 δρὶνίίιι
1181 2627 1385 2667 prwintelligi,
1405 2626 1564 2666 Gregorius
1580 2626 1728 2666 Nyssenus
1755 2625 1784 2655 in
1801 2625 1868 2664 pri-

1045 2676 1093 2697 mo
1120 2666 1260 2698 adversus
1285 2668 1462 2698 Eunumium
1488 2666 1690 2697 Antirrhetico
1711 2667 1873 2703 :etmajo-

1043 2716 1105 2737 rem
1121 2707 1252 2747 Spiritu,
1282 2717 1406 2746 magnus
1431 2707 1610 2738 Athanasius
1626 2705 1870 2747 adversusrAria-

1040 2756 1094 2777 nos
1123 2745 1256 2778 oratione
1279 2745 1395 2787 prima;
1417 2751 1456 2781 et,
1488 2748 1637 2787 Spiritum
1665 2755 1723 2785 per
1750 2745 1870 2787 Filium

168 2785 276 2820 ritum,
294 2785 373 2815 inter
387 2784 461 2828 alios
477 2791 504 2816 et
526 2786 609 2816 divus
626 2784 763 2828 Cyriltus,
781 2787 810 2815 in
827 2786 901 2816 libro
914 2784 996 2816 Tbe-
1038 2784 1483 2827 adjungiPetra-Damascenus
1496 2784 1524 2817 in
1536 2787 1800 2828 theologicishcap.
1817 2786 1865 2816 ιι.

166 2833 343 2862 saurorum;
373 2829 403 2855 et
420 2826 535 2857 ("ilium
550 2827 714 2857 secundum
730 2835 830 2856 causa
845 2829 995 2858 rationem
