  <div class='ocr_page' id='page_1' title='image "/cluster/home/n/w/nwhite01/storage/ocr_20150623/141/njp.32101010942868/162.png"; bbox 0 0 1953 3074; ppageno 0'>
   <div class='ocr_carea' id='block_1_1' title="bbox 89 151 148 184">
    <p class='ocr_par' dir='ltr' id='par_1_1' title="bbox 89 151 148 184">
     <span class='ocr_line' id='line_1_1' title="bbox 89 151 148 184; baseline -0.017 0"><span class='ocrx_word' id='word_1_1' title='bbox 89 151 148 184; x_wconf 83' lang='grc'><strong>313</strong></span> 
     </span>
    </p>
   </div>
   <div class='ocr_carea' id='block_1_2' title="bbox 85 215 910 260">
    <p class='ocr_par' dir='ltr' id='par_1_2' title="bbox 85 215 910 260">
     <span class='ocr_line' id='line_1_2' title="bbox 85 215 910 260; baseline -0.006 -12"><span class='ocrx_word' id='word_1_2' title='bbox 85 221 134 254; x_wconf 73' lang='grc' dir='ltr'>τὴν</span> <span class='ocrx_word' id='word_1_3' title='bbox 149 219 208 248; x_wconf 80' lang='grc' dir='ltr'>καθ’</span> <span class='ocrx_word' id='word_1_4' title='bbox 231 220 308 257; x_wconf 76' lang='grc' dir='ltr'>ἡμῶν</span> <span class='ocrx_word' id='word_1_5' title='bbox 336 220 414 260; x_wconf 78' lang='grc' dir='ltr'>ἱσχὺν</span> <span class='ocrx_word' id='word_1_6' title='bbox 443 218 650 258; x_wconf 82' lang='grc' dir='ltr'>παρεχόμενον;</span> <span class='ocrx_word' id='word_1_7' title='bbox 678 218 707 246; x_wconf 82' lang='lat' dir='ltr'><strong>El</strong></span> <span class='ocrx_word' id='word_1_8' title='bbox 735 215 762 244; x_wconf 75' lang='grc' dir='ltr'>δὲ</span> <span class='ocrx_word' id='word_1_9' title='bbox 797 216 910 256; x_wconf 77' lang='grc' dir='ltr'>πρὸτῆς</span> 
     </span>
    </p>
   </div>
   <div class='ocr_carea' id='block_1_3' title="bbox 84 260 908 304">
    <p class='ocr_par' dir='ltr' id='par_1_3' title="bbox 84 260 908 304">
     <span class='ocr_line' id='line_1_3' title="bbox 84 260 908 304; baseline -0.006 -12"><span class='ocrx_word' id='word_1_10' title='bbox 84 263 260 304; x_wconf 69' lang='grc' dir='ltr'><strong>διαστάσεως,</strong></span> <span class='ocrx_word' id='word_1_11' title='bbox 277 266 334 293; x_wconf 90' lang='grc' dir='ltr'>τίνα</span> <span class='ocrx_word' id='word_1_12' title='bbox 369 264 400 292; x_wconf 75' lang='grc' dir='ltr'>ἂν</span> <span class='ocrx_word' id='word_1_13' title='bbox 429 264 488 303; x_wconf 70' lang='grc' dir='ltr'>ἔχοι</span> <span class='ocrx_word' id='word_1_14' title='bbox 510 263 588 302; x_wconf 78' lang='grc' dir='ltr'>Λόγον</span> <span class='ocrx_word' id='word_1_15' title='bbox 610 262 657 293; x_wconf 82' lang='grc' dir='ltr'><strong>τὰς</strong></span> <span class='ocrx_word' id='word_1_16' title='bbox 678 260 782 299; x_wconf 73' lang='grc' dir='ltr'>βίϐλους</span> <span class='ocrx_word' id='word_1_17' title='bbox 804 261 908 289; x_wconf 83' lang='grc' dir='ltr'>νοθεύε-</span> 
     </span>
    </p>
   </div>
   <div class='ocr_carea' id='block_1_4' title="bbox 86 305 909 348">
    <p class='ocr_par' dir='ltr' id='par_1_4' title="bbox 86 305 909 348">
     <span class='ocr_line' id='line_1_4' title="bbox 86 305 909 348; baseline -0.007 -11"><span class='ocrx_word' id='word_1_18' title='bbox 86 310 157 348; x_wconf 79' lang='grc' dir='ltr'>σθαι,</span> <span class='ocrx_word' id='word_1_19' title='bbox 179 307 221 336; x_wconf 81' lang='grc' dir='ltr'><strong>ἐπ’</strong></span> <span class='ocrx_word' id='word_1_20' title='bbox 251 308 359 341; x_wconf 64' lang='grc' dir='ltr'>ἐκείνοις</span> <span class='ocrx_word' id='word_1_21' title='bbox 380 315 439 341; x_wconf 76' lang='grc' dir='ltr'>τοῖς</span> <span class='ocrx_word' id='word_1_22' title='bbox 468 307 556 346; x_wconf 81' lang='grc' dir='ltr'><strong>λόγοις</strong></span> <span class='ocrx_word' id='word_1_23' title='bbox 586 307 631 335; x_wconf 78' lang='grc' dir='ltr'><strong>καὶ</strong></span> <span class='ocrx_word' id='word_1_24' title='bbox 659 305 784 345; x_wconf 70' lang='grc' dir='ltr'>δόγμασι,</span> <span class='ocrx_word' id='word_1_25' title='bbox 799 306 858 344; x_wconf 82' lang='grc' dir='ltr'>περὶ</span> <span class='ocrx_word' id='word_1_26' title='bbox 873 305 909 332; x_wconf 77' lang='grc' dir='ltr'>ὦν</span> 
     </span>
    </p>
   </div>
   <div class='ocr_carea' id='block_1_5' title="bbox 86 349 910 393">
    <p class='ocr_par' dir='ltr' id='par_1_5' title="bbox 86 349 910 393">
     <span class='ocr_line' id='line_1_5' title="bbox 86 349 910 393; baseline -0.005 -13"><span class='ocrx_word' id='word_1_27' title='bbox 86 352 160 382; x_wconf 75' lang='grc' dir='ltr'>οὐδὲν</span> <span class='ocrx_word' id='word_1_28' title='bbox 174 354 283 391; x_wconf 77' lang='grc' dir='ltr'>ζήτημα</span> <span class='ocrx_word' id='word_1_29' title='bbox 296 352 329 386; x_wconf 77' lang='grc' dir='ltr'><strong>ἧν</strong></span> <span class='ocrx_word' id='word_1_30' title='bbox 345 363 353 393; x_wconf 65' lang='grc' dir='ltr'><strong>ς</strong></span> <span class='ocrx_word' id='word_1_31' title='bbox 380 352 413 380; x_wconf 86' lang='grc' dir='ltr'><strong>δι’</strong></span> <span class='ocrx_word' id='word_1_32' title='bbox 429 352 522 380; x_wconf 77' lang='grc' dir='ltr'>ὁποϊόν</span> <span class='ocrx_word' id='word_1_33' title='bbox 542 362 567 379; x_wconf 90' lang='grc' dir='ltr'><strong>τι</strong></span> <span class='ocrx_word' id='word_1_34' title='bbox 597 350 666 378; x_wconf 74' lang='grc' dir='ltr'>ἔστιν</span> <span class='ocrx_word' id='word_1_35' title='bbox 694 349 737 377; x_wconf 75' lang='grc' dir='ltr'><strong>ὅτε</strong></span> <span class='ocrx_word' id='word_1_36' title='bbox 765 350 808 377; x_wconf 82' lang='grc' dir='ltr'><strong>καὶ</strong></span> <span class='ocrx_word' id='word_1_37' title='bbox 822 359 910 385; x_wconf 77' lang='grc' dir='ltr'>παρα-</span> 
     </span>
    </p>
   </div>
   <div class='ocr_carea' id='block_1_6' title="bbox 85 393 910 437">
    <p class='ocr_par' dir='ltr' id='par_1_6' title="bbox 85 393 910 437">
     <span class='ocr_line' id='line_1_6' title="bbox 85 393 910 437; baseline -0.006 -12"><span class='ocrx_word' id='word_1_38' title='bbox 85 397 208 437; x_wconf 75' lang='grc' dir='ltr'>φέρονται</span> <span class='ocrx_word' id='word_1_39' title='bbox 243 408 314 428; x_wconf 88' lang='grc' dir='ltr'>τινες</span> <span class='ocrx_word' id='word_1_40' title='bbox 342 398 407 435; x_wconf 82' lang='grc' dir='ltr'>πρὸς</span> <span class='ocrx_word' id='word_1_41' title='bbox 437 397 594 434; x_wconf 75' lang='grc' dir='ltr'><strong>κακουργίαν</strong></span> <span class='ocrx_word' id='word_1_42' title='bbox 627 393 740 425; x_wconf 72' lang='grc' dir='ltr'>τοιάνδε.</span> <span class='ocrx_word' id='word_1_43' title='bbox 764 393 828 423; x_wconf 69' lang='grc' dir='ltr'>Οὔτε</span> <span class='ocrx_word' id='word_1_44' title='bbox 849 398 910 432; x_wconf 84' lang='grc' dir='ltr'>γοῦν</span> 
     </span>
    </p>
   </div>
   <div class='ocr_carea' id='block_1_7' title="bbox 86 439 910 481">
    <p class='ocr_par' dir='ltr' id='par_1_7' title="bbox 86 439 910 481">
     <span class='ocr_line' id='line_1_7' title="bbox 86 439 910 481; baseline -0.006 -12"><span class='ocrx_word' id='word_1_45' title='bbox 86 443 100 469; x_wconf 82' lang='lat'><strong>6</strong></span> <span class='ocrx_word' id='word_1_46' title='bbox 127 444 176 474; x_wconf 82' lang='grc' dir='ltr'>τῆς</span> <span class='ocrx_word' id='word_1_47' title='bbox 204 442 298 481; x_wconf 80' lang='grc' dir='ltr'>μάχης</span> <span class='ocrx_word' id='word_1_48' title='bbox 327 441 425 481; x_wconf 79' lang='grc' dir='ltr'><strong>χρόνος</strong></span> <span class='ocrx_word' id='word_1_49' title='bbox 454 441 511 468; x_wconf 70' lang='grc' dir='ltr'>οὔτε</span> <span class='ocrx_word' id='word_1_50' title='bbox 533 441 547 468; x_wconf 99' lang='lat'><strong>6</strong></span> <span class='ocrx_word' id='word_1_51' title='bbox 574 439 621 473; x_wconf 83' lang='grc' dir='ltr'><strong>τῆς</strong></span> <span class='ocrx_word' id='word_1_52' title='bbox 650 439 750 478; x_wconf 79' lang='grc' dir='ltr'>εἱρένης</span> <span class='ocrx_word' id='word_1_53' title='bbox 773 444 910 477; x_wconf 70' lang='grc' dir='ltr'>συγχωρεῖ</span> 
     </span>
    </p>
   </div>
   <div class='ocr_carea' id='block_1_8' title="bbox 85 482 909 524">
    <p class='ocr_par' dir='ltr' id='par_1_8' title="bbox 85 482 909 524">
     <span class='ocr_line' id='line_1_8' title="bbox 85 482 909 524; baseline -0.005 -11"><span class='ocrx_word' id='word_1_54' title='bbox 85 484 275 524; x_wconf 77' lang='grc' dir='ltr'>παραδέξασθαι</span> <span class='ocrx_word' id='word_1_55' title='bbox 305 486 352 518; x_wconf 76' lang='grc' dir='ltr'>τὰς</span> <span class='ocrx_word' id='word_1_56' title='bbox 378 485 427 518; x_wconf 82' lang='grc' dir='ltr'>τὴν</span> <span class='ocrx_word' id='word_1_57' title='bbox 457 484 532 524; x_wconf 72' lang='grc' dir='ltr'>ῥῆσιν</span> <span class='ocrx_word' id='word_1_58' title='bbox 564 483 674 515; x_wconf 81' lang='grc' dir='ltr'><strong>ἐντελῶς</strong></span> <span class='ocrx_word' id='word_1_59' title='bbox 722 482 836 522; x_wconf 72' lang='grc' dir='ltr'>ἐχούσας</span> <span class='ocrx_word' id='word_1_60' title='bbox 865 482 909 520; x_wconf 86' lang='grc' dir='ltr'><strong>βί-</strong></span> 
     </span>
    </p>
   </div>
   <div class='ocr_carea' id='block_1_9' title="bbox 84 526 909 570">
    <p class='ocr_par' dir='ltr' id='par_1_9' title="bbox 84 526 909 570">
     <span class='ocr_line' id='line_1_9' title="bbox 84 526 909 570; baseline -0.004 -13"><span class='ocrx_word' id='word_1_61' title='bbox 84 529 162 560; x_wconf 72' lang='grc' dir='ltr'>ϐλους</span> <span class='ocrx_word' id='word_1_62' title='bbox 192 530 227 561; x_wconf 79' lang='grc' dir='ltr'>εἰς</span> <span class='ocrx_word' id='word_1_63' title='bbox 255 530 407 570; x_wconf 79' lang='grc' dir='ltr'><strong>προσθήκην</strong></span> <span class='ocrx_word' id='word_1_64' title='bbox 435 528 583 562; x_wconf 72' lang='grc' dir='ltr'><strong>νοθευθῆναι</strong></span> <span class='ocrx_word' id='word_1_65' title='bbox 619 527 833 566; x_wconf 74' lang='grc' dir='ltr'>παρέγφραπτον,</span> <span class='ocrx_word' id='word_1_66' title='bbox 862 526 909 559; x_wconf 76' lang='grc' dir='ltr'><strong>τὰς</strong></span> 
     </span>
    </p>
   </div>
   <div class='ocr_carea' id='block_1_10' title="bbox 83 569 907 610">
    <p class='ocr_par' dir='ltr' id='par_1_10' title="bbox 83 569 907 610">
     <span class='ocr_line' id='line_1_10' title="bbox 83 569 907 610; baseline -0.005 -9"><span class='ocrx_word' id='word_1_67' title='bbox 83 571 110 600; x_wconf 69' lang='grc' dir='ltr'>δὲ</span> <span class='ocrx_word' id='word_1_68' title='bbox 133 573 172 609; x_wconf 79' lang='grc' dir='ltr'><strong>μη</strong></span> <span class='ocrx_word' id='word_1_69' title='bbox 187 572 256 601; x_wconf 78' lang='grc' dir='ltr'>οὕτω</span> <span class='ocrx_word' id='word_1_70' title='bbox 274 573 317 601; x_wconf 82' lang='grc' dir='ltr'>καὶ</span> <span class='ocrx_word' id='word_1_71' title='bbox 346 571 417 610; x_wconf 76' lang='grc' dir='ltr'>μάλα</span> <span class='ocrx_word' id='word_1_72' title='bbox 446 571 557 610; x_wconf 77' lang='grc' dir='ltr'>βεϐαίως</span> <span class='ocrx_word' id='word_1_73' title='bbox 584 573 598 599; x_wconf 87' lang='lat'><strong>6</strong></span> <span class='ocrx_word' id='word_1_74' title='bbox 627 571 731 603; x_wconf 81' lang='grc' dir='ltr'>συνετὸς</span> <span class='ocrx_word' id='word_1_75' title='bbox 760 569 907 608; x_wconf 79' lang='grc' dir='ltr'>διαγνώσε-</span> 
     </span>
    </p>
   </div>
   <div class='ocr_carea' id='block_1_11' title="bbox 83 614 908 656">
    <p class='ocr_par' dir='ltr' id='par_1_11' title="bbox 83 614 908 656">
     <span class='ocr_line' id='line_1_11' title="bbox 83 614 908 656; baseline -0.001 -13"><span class='ocrx_word' id='word_1_76' title='bbox 83 627 126 644; x_wconf 73' lang='grc' dir='ltr'><strong>ται</strong></span> <span class='ocrx_word' id='word_1_77' title='bbox 163 617 193 644; x_wconf 81' lang='grc' dir='ltr'>τὸ</span> <span class='ocrx_word' id='word_1_78' title='bbox 214 615 274 645; x_wconf 84' lang='grc' dir='ltr'>κατ’</span> <span class='ocrx_word' id='word_1_79' title='bbox 303 617 437 656; x_wconf 80' lang='grc' dir='ltr'>ἀφαίρεσιν</span> <span class='ocrx_word' id='word_1_80' title='bbox 465 617 508 645; x_wconf 82' lang='grc' dir='ltr'><strong>καὶ</strong></span> <span class='ocrx_word' id='word_1_81' title='bbox 556 615 700 655; x_wconf 77' lang='grc' dir='ltr'>διαγραφὴν</span> <span class='ocrx_word' id='word_1_82' title='bbox 728 614 908 651; x_wconf 82' lang='grc' dir='ltr'>νενοθευμένον</span> 
     </span>
    </p>
   </div>
   <div class='ocr_carea' id='block_1_12' title="bbox 83 657 906 700">
    <p class='ocr_par' dir='ltr' id='par_1_12' title="bbox 83 657 906 700">
     <span class='ocr_line' id='line_1_12' title="bbox 83 657 906 700; baseline -0.005 -10"><span class='ocrx_word' id='word_1_83' title='bbox 83 660 169 700; x_wconf 79' lang='grc' dir='ltr'>ἔχειν,</span> <span class='ocrx_word' id='word_1_84' title='bbox 208 663 252 690; x_wconf 82' lang='grc' dir='ltr'><strong>καὶ</strong></span> <span class='ocrx_word' id='word_1_85' title='bbox 286 660 422 700; x_wconf 85' lang='grc' dir='ltr'>κίϐδηλον,</span> <span class='ocrx_word' id='word_1_86' title='bbox 445 660 519 689; x_wconf 81' lang='grc' dir='ltr'>Ἐπεὶ</span> <span class='ocrx_word' id='word_1_87' title='bbox 546 660 594 699; x_wconf 82' lang='grc' dir='ltr'><strong>γὰρ</strong></span> <span class='ocrx_word' id='word_1_88' title='bbox 616 661 630 688; x_wconf 83' lang='grc' dir='ltr'>ὁ</span> <span class='ocrx_word' id='word_1_89' title='bbox 670 661 718 693; x_wconf 80' lang='grc' dir='ltr'>τῆς</span> <span class='ocrx_word' id='word_1_90' title='bbox 746 657 906 691; x_wconf 76' lang='grc' dir='ltr'>διαστάσεως</span> 
     </span>
    </p>
   </div>
   <div class='ocr_carea' id='block_1_13' title="bbox 82 703 906 745">
    <p class='ocr_par' dir='ltr' id='par_1_13' title="bbox 82 703 906 745">
     <span class='ocr_line' id='line_1_13' title="bbox 82 703 906 745; baseline -0.002 -12"><span class='ocrx_word' id='word_1_91' title='bbox 82 705 183 745; x_wconf 83' lang='grc' dir='ltr'>χρόνον</span> <span class='ocrx_word' id='word_1_92' title='bbox 219 706 255 738; x_wconf 85' lang='grc' dir='ltr'><strong>εἰς</strong></span> <span class='ocrx_word' id='word_1_93' title='bbox 290 704 463 737; x_wconf 71' lang='grc' dir='ltr'>ἑκατοντάδας</span> <span class='ocrx_word' id='word_1_94' title='bbox 485 704 548 736; x_wconf 84' lang='grc' dir='ltr'>ὁλας</span> <span class='ocrx_word' id='word_1_95' title='bbox 589 704 655 732; x_wconf 80' lang='grc' dir='ltr'><strong>ὲτῶν</strong></span> <span class='ocrx_word' id='word_1_96' title='bbox 689 703 833 743; x_wconf 79' lang='grc' dir='ltr'>παρετάθη,</span> <span class='ocrx_word' id='word_1_97' title='bbox 863 703 906 731; x_wconf 70' lang='grc' dir='ltr'><strong>καὶ</strong></span> 
     </span>
    </p>
   </div>
   <div class='ocr_carea' id='block_1_14' title="bbox 83 747 905 790">
    <p class='ocr_par' dir='ltr' id='par_1_14' title="bbox 83 747 905 790">
     <span class='ocr_line' id='line_1_14' title="bbox 83 747 905 790; baseline -0.004 -12"><span class='ocrx_word' id='word_1_98' title='bbox 83 750 131 777; x_wconf 73' lang='grc' dir='ltr'><strong>οὐκ</strong></span> <span class='ocrx_word' id='word_1_99' title='bbox 165 749 249 789; x_wconf 79' lang='grc' dir='ltr'>ὀλίγοι</span> <span class='ocrx_word' id='word_1_100' title='bbox 281 750 461 790; x_wconf 75' lang='grc' dir='ltr'>ἀνεφάννησαν</span> <span class='ocrx_word' id='word_1_101' title='bbox 476 748 517 776; x_wconf 80' lang='grc' dir='ltr'><strong>διὰ</strong></span> <span class='ocrx_word' id='word_1_102' title='bbox 540 748 621 784; x_wconf 79' lang='grc' dir='ltr'>μέσου</span> <span class='ocrx_word' id='word_1_103' title='bbox 646 748 803 779; x_wconf 80' lang='grc' dir='ltr'>ἐνστατικῶς</span> <span class='ocrx_word' id='word_1_104' title='bbox 838 747 905 775; x_wconf 81' lang='grc' dir='ltr'>πάνυ</span> 
     </span>
    </p>
   </div>
   <div class='ocr_carea' id='block_1_15' title="bbox 81 788 904 833">
    <p class='ocr_par' dir='ltr' id='par_1_15' title="bbox 81 788 904 833">
     <span class='ocr_line' id='line_1_15' title="bbox 81 788 904 833; baseline -0.002 -11"><span class='ocrx_word' id='word_1_105' title='bbox 81 795 149 831; x_wconf 80' lang='grc' dir='ltr'>πρὸς</span> <span class='ocrx_word' id='word_1_106' title='bbox 185 788 296 833; x_wconf 77' lang='grc' dir='ltr'>λογικὰς</span> <span class='ocrx_word' id='word_1_107' title='bbox 327 788 450 826; x_wconf 78' lang='grc' dir='ltr'>διαλέξεις</span> <span class='ocrx_word' id='word_1_108' title='bbox 478 793 547 821; x_wconf 81' lang='grc' dir='ltr'>κατὰ</span> <span class='ocrx_word' id='word_1_109' title='bbox 566 796 619 821; x_wconf 84' lang='grc' dir='ltr'>τῶν</span> <span class='ocrx_word' id='word_1_110' title='bbox 648 788 783 830; x_wconf 71' lang='grc' dir='ltr'>Ῥωμαίων</span> <span class='ocrx_word' id='word_1_111' title='bbox 804 790 904 820; x_wconf 85' lang='grc' dir='ltr'>ἀποδυ-</span> 
     </span>
    </p>
   </div>
   <div class='ocr_carea' id='block_1_16' title="bbox 528 147 1334 183">
    <p class='ocr_par' dir='ltr' id='par_1_16' title="bbox 528 147 1334 183">
     <span class='ocr_line' id='line_1_16' title="bbox 528 147 1334 183; baseline -0.005 0"><span class='ocrx_word' id='word_1_112' title='bbox 528 152 577 183; x_wconf 77' lang='lat' dir='ltr'><strong>AD</strong></span> <span class='ocrx_word' id='word_1_113' title='bbox 605 150 839 182; x_wconf 61' lang='lat' dir='ltr'><strong>THEODORL’M</strong></span> <span class='ocrx_word' id='word_1_114' title='bbox 863 147 1034 180; x_wconf 64' lang='lat' dir='ltr'><strong>SUGD.EIE</strong></span> <span class='ocrx_word' id='word_1_115' title='bbox 1059 149 1171 180; x_wconf 22' lang='lat' dir='ltr'><strong>EPISC‘</strong></span> <span class='ocrx_word' id='word_1_116' title='bbox 1200 150 1272 180; x_wconf 82' lang='lat' dir='ltr'><strong>LIB.</strong></span> <span class='ocrx_word' id='word_1_117' title='bbox 1295 150 1334 179; x_wconf 88' lang='lat' dir='ltr'><strong>II.</strong></span> 
     </span>
    </p>
   </div>
   <div class='ocr_carea' id='block_1_17' title="bbox 1719 150 1776 182">
    <p class='ocr_par' dir='ltr' id='par_1_17' title="bbox 1719 150 1776 182">
     <span class='ocr_line' id='line_1_17' title="bbox 1719 150 1776 182; baseline 0.018 -1"><span class='ocrx_word' id='word_1_118' title='bbox 1719 150 1776 182; x_wconf 77' lang='grc'><strong>814</strong></span> 
     </span>
    </p>
   </div>
   <div class='ocr_carea' id='block_1_18' title="bbox 921 213 1774 254">
    <p class='ocr_par' dir='ltr' id='par_1_18' title="bbox 921 213 1774 254">
     <span class='ocr_line' id='line_1_18' title="bbox 921 213 1774 254; baseline 0.005 -12"><span class='ocrx_word' id='word_1_119' title='bbox 921 213 999 249; x_wconf 77' lang='grc' dir='ltr'>Αεὶι,</span> <span class='ocrx_word' id='word_1_120' title='bbox 1016 217 1045 244; x_wconf 92' lang='lat' dir='ltr'><strong>et</strong></span> <span class='ocrx_word' id='word_1_121' title='bbox 1060 213 1176 244; x_wconf 89' lang='lat' dir='ltr'><strong>animus</strong></span> <span class='ocrx_word' id='word_1_122' title='bbox 1193 213 1271 244; x_wconf 87' lang='lat' dir='ltr'><strong>illius</strong></span> <span class='ocrx_word' id='word_1_123' title='bbox 1296 223 1353 244; x_wconf 92' lang='lat' dir='ltr'><strong>non</strong></span> <span class='ocrx_word' id='word_1_124' title='bbox 1372 214 1409 244; x_wconf 74' lang='lat' dir='ltr'><strong>sit</strong></span> <span class='ocrx_word' id='word_1_125' title='bbox 1424 223 1440 244; x_wconf 90' lang='lat' dir='ltr'><strong>a</strong></span> <span class='ocrx_word' id='word_1_126' title='bbox 1455 215 1604 254; x_wconf 81' lang='lat' dir='ltr'><strong>sapientia</strong></span> <span class='ocrx_word' id='word_1_127' title='bbox 1629 222 1774 252; x_wconf 83' lang='lat' dir='ltr'><strong>remotus,</strong></span> 
     </span>
    </p>
   </div>
   <div class='ocr_carea' id='block_1_19' title="bbox 951 257 1776 298">
    <p class='ocr_par' dir='ltr' id='par_1_19' title="bbox 951 257 1776 298">
     <span class='ocr_line' id='line_1_19' title="bbox 951 257 1776 298; baseline 0.002 -10"><span class='ocrx_word' id='word_1_128' title='bbox 951 257 1095 290; x_wconf 73' lang='lat' dir='ltr'><strong>admittet.</strong></span> <span class='ocrx_word' id='word_1_129' title='bbox 1114 262 1257 297; x_wconf 84' lang='lat' dir='ltr'><strong>tempore,</strong></span> <span class='ocrx_word' id='word_1_130' title='bbox 1272 268 1329 298; x_wconf 91' lang='lat' dir='ltr'><strong>quo</strong></span> <span class='ocrx_word' id='word_1_131' title='bbox 1340 258 1433 288; x_wconf 69' lang='lat' dir='ltr'><strong>&quot;inter</strong></span> <span class='ocrx_word' id='word_1_132' title='bbox 1449 259 1595 290; x_wconf 82' lang='lat' dir='ltr'><strong>Ecclesias</strong></span> <span class='ocrx_word' id='word_1_133' title='bbox 1611 259 1776 290; x_wconf 61' lang='lat' dir='ltr'><strong>inimicitiae</strong></span> 
     </span>
    </p>
   </div>
   <div class='ocr_carea' id='block_1_20' title="bbox 951 302 1773 344">
    <p class='ocr_par' dir='ltr' id='par_1_20' title="bbox 951 302 1773 344">
     <span class='ocr_line' id='line_1_20' title="bbox 951 302 1773 344; baseline 0.002 -12"><span class='ocrx_word' id='word_1_134' title='bbox 951 307 1137 339; x_wconf 73' lang='lat' dir='ltr'><strong>exercentur,</strong></span> <span class='ocrx_word' id='word_1_135' title='bbox 1155 307 1323 332; x_wconf 84' lang='lat' dir='ltr'><strong>nostrorum</strong></span> <span class='ocrx_word' id='word_1_136' title='bbox 1337 302 1421 332; x_wconf 70' lang='lat' dir='ltr'><strong>librov</strong></span> <span class='ocrx_word' id='word_1_137' title='bbox 1433 312 1481 333; x_wconf 92' lang='lat' dir='ltr'><strong>um</strong></span> <span class='ocrx_word' id='word_1_138' title='bbox 1495 304 1679 344; x_wconf 77' lang='lat' dir='ltr'><strong>exrriptores</strong></span> <span class='ocrx_word' id='word_1_139' title='bbox 1693 304 1773 334; x_wconf 90' lang='lat' dir='ltr'><strong>omi-</strong></span> 
     </span>
    </p>
   </div>
   <div class='ocr_carea' id='block_1_21' title="bbox 951 346 1772 386">
    <p class='ocr_par' dir='ltr' id='par_1_21' title="bbox 951 346 1772 386">
     <span class='ocr_line' id='line_1_21' title="bbox 951 346 1772 386; baseline 0.002 -10"><span class='ocrx_word' id='word_1_140' title='bbox 951 346 1026 377; x_wconf 89' lang='lat' dir='ltr'><strong>sisse</strong></span> <span class='ocrx_word' id='word_1_141' title='bbox 1042 351 1089 377; x_wconf 86' lang='lat' dir='ltr'><strong>aut</strong></span> <span class='ocrx_word' id='word_1_142' title='bbox 1105 347 1277 386; x_wconf 87' lang='lat' dir='ltr'><strong>apposuisse</strong></span> <span class='ocrx_word' id='word_1_143' title='bbox 1298 347 1407 386; x_wconf 79' lang='lat' dir='ltr'><strong>aliquid</strong></span> <span class='ocrx_word' id='word_1_144' title='bbox 1427 348 1536 378; x_wconf 66' lang='lat' dir='ltr'><strong>nostris</strong></span> <span class='ocrx_word' id='word_1_145' title='bbox 1562 348 1772 386; x_wconf 75' lang='lat' dir='ltr'><strong>voluminibus,</strong></span> 
     </span>
    </p>
   </div>
   <div class='ocr_carea' id='block_1_22' title="bbox 952 390 1772 430">
    <p class='ocr_par' dir='ltr' id='par_1_22' title="bbox 952 390 1772 430">
     <span class='ocr_line' id='line_1_22' title="bbox 952 390 1772 430; baseline 0.004 -11"><span class='ocrx_word' id='word_1_146' title='bbox 952 390 1029 430; x_wconf 84' lang='lat' dir='ltr'><strong>quod</strong></span> <span class='ocrx_word' id='word_1_147' title='bbox 1043 390 1133 421; x_wconf 90' lang='lat' dir='ltr'><strong>robur</strong></span> <span class='ocrx_word' id='word_1_148' title='bbox 1145 391 1321 421; x_wconf 84' lang='lat' dir='ltr'><strong>adversariis</strong></span> <span class='ocrx_word' id='word_1_149' title='bbox 1338 391 1446 421; x_wconf 72' lang='lat' dir='ltr'><strong>nostris</strong></span> <span class='ocrx_word' id='word_1_150' title='bbox 1460 392 1614 422; x_wconf 85' lang='lat' dir='ltr'><strong>adversum</strong></span> <span class='ocrx_word' id='word_1_151' title='bbox 1632 401 1686 422; x_wconf 90' lang='lat' dir='ltr'><strong>nos</strong></span> <span class='ocrx_word' id='word_1_152' title='bbox 1699 402 1772 422; x_wconf 80' lang='lat' dir='ltr'><strong>con-</strong></span> 
     </span>
    </p>
   </div>
   <div class='ocr_carea' id='block_1_23' title="bbox 952 434 1774 476">
    <p class='ocr_par' dir='ltr' id='par_1_23' title="bbox 952 434 1774 476">
     <span class='ocr_line' id='line_1_23' title="bbox 952 434 1774 476; baseline 0.002 -12"><span class='ocrx_word' id='word_1_153' title='bbox 952 435 1091 466; x_wconf 89' lang='lat' dir='ltr'><strong>ciliasset.</strong></span> <span class='ocrx_word' id='word_1_154' title='bbox 1110 434 1139 466; x_wconf 91' lang='lat' dir='ltr'><strong>Si</strong></span> <span class='ocrx_word' id='word_1_155' title='bbox 1153 439 1220 465; x_wconf 81' lang='lat' dir='ltr'><strong>ante</strong></span> <span class='ocrx_word' id='word_1_156' title='bbox 1249 435 1416 470; x_wconf 68' lang='lat' dir='ltr'><strong>«lissidium,</strong></span> <span class='ocrx_word' id='word_1_157' title='bbox 1449 445 1514 476; x_wconf 60' lang='lat' dir='ltr'><strong>quae</strong></span> <span class='ocrx_word' id='word_1_158' title='bbox 1530 445 1617 466; x_wconf 77' lang='lat' dir='ltr'><strong>causa</strong></span> <span class='ocrx_word' id='word_1_159' title='bbox 1632 436 1720 467; x_wconf 83' lang='lat' dir='ltr'><strong>fuerit</strong></span> <span class='ocrx_word' id='word_1_160' title='bbox 1739 436 1774 466; x_wconf 91' lang='lat' dir='ltr'><strong>li-</strong></span> 
     </span>
    </p>
   </div>
   <div class='ocr_carea' id='block_1_24' title="bbox 951 479 1774 521">
    <p class='ocr_par' dir='ltr' id='par_1_24' title="bbox 951 479 1774 521">
     <span class='ocr_line' id='line_1_24' title="bbox 951 479 1774 521; baseline 0.001 -12"><span class='ocrx_word' id='word_1_161' title='bbox 951 479 1021 510; x_wconf 90' lang='lat' dir='ltr'><strong>bros</strong></span> <span class='ocrx_word' id='word_1_162' title='bbox 1031 479 1215 511; x_wconf 83' lang='lat' dir='ltr'><strong>adulterandi</strong></span> <span class='ocrx_word' id='word_1_163' title='bbox 1229 480 1260 510; x_wconf 90' lang='lat' dir='ltr'><strong>in</strong></span> <span class='ocrx_word' id='word_1_164' title='bbox 1282 479 1472 510; x_wconf 86' lang='lat' dir='ltr'><strong>sermonibus</strong></span> <span class='ocrx_word' id='word_1_165' title='bbox 1487 480 1523 510; x_wconf 90' lang='lat' dir='ltr'><strong>iis</strong></span> <span class='ocrx_word' id='word_1_166' title='bbox 1552 484 1639 521; x_wconf 87' lang='lat' dir='ltr'><strong>atque</strong></span> <span class='ocrx_word' id='word_1_167' title='bbox 1655 480 1774 520; x_wconf 82' lang='lat' dir='ltr'><strong>dogma—</strong></span> 
     </span>
    </p>
   </div>
   <div class='ocr_carea' id='block_1_25' title="bbox 951 523 1774 565">
    <p class='ocr_par' dir='ltr' id='par_1_25' title="bbox 951 523 1774 565">
     <span class='ocr_line' id='line_1_25' title="bbox 951 523 1774 565; baseline 0.002 -11"><span class='ocrx_word' id='word_1_168' title='bbox 951 523 1038 561; x_wconf 88' lang='lat' dir='ltr'><strong>tibus,</strong></span> <span class='ocrx_word' id='word_1_169' title='bbox 1052 524 1090 555; x_wconf 89' lang='lat' dir='ltr'><strong>de</strong></span> <span class='ocrx_word' id='word_1_170' title='bbox 1102 524 1208 564; x_wconf 88' lang='lat' dir='ltr'><strong>quibus</strong></span> <span class='ocrx_word' id='word_1_171' title='bbox 1224 524 1304 555; x_wconf 92' lang='lat' dir='ltr'><strong>nulla</strong></span> <span class='ocrx_word' id='word_1_172' title='bbox 1327 525 1449 564; x_wconf 60' lang='lat' dir='ltr'><strong>quaestio</strong></span> <span class='ocrx_word' id='word_1_173' title='bbox 1466 528 1545 555; x_wconf 88' lang='lat' dir='ltr'><strong>mota</strong></span> <span class='ocrx_word' id='word_1_174' title='bbox 1560 530 1635 563; x_wconf 88' lang='lat' dir='ltr'><strong>erat,</strong></span> <span class='ocrx_word' id='word_1_175' title='bbox 1652 530 1774 565; x_wconf 82' lang='lat' dir='ltr'><strong>propter</strong></span> 
     </span>
    </p>
   </div>
   <div class='ocr_carea' id='block_1_26' title="bbox 950 569 1773 610">
    <p class='ocr_par' dir='ltr' id='par_1_26' title="bbox 950 569 1773 610">
     <span class='ocr_line' id='line_1_26' title="bbox 950 569 1773 610; baseline 0.001 -11"><span class='ocrx_word' id='word_1_176' title='bbox 950 578 1037 609; x_wconf 88' lang='lat' dir='ltr'><strong>quam</strong></span> <span class='ocrx_word' id='word_1_177' title='bbox 1045 569 1204 610; x_wconf 89' lang='lat' dir='ltr'><strong>aliquando</strong></span> <span class='ocrx_word' id='word_1_178' title='bbox 1213 569 1249 600; x_wconf 90' lang='lat' dir='ltr'><strong>ad</strong></span> <span class='ocrx_word' id='word_1_179' title='bbox 1261 569 1370 600; x_wconf 85' lang='lat' dir='ltr'><strong>similia</strong></span> <span class='ocrx_word' id='word_1_180' title='bbox 1387 569 1533 600; x_wconf 78' lang='lat' dir='ltr'><strong>maleﬁcia</strong></span> <span class='ocrx_word' id='word_1_181' title='bbox 1547 579 1696 601; x_wconf 89' lang='lat' dir='ltr'><strong>nonnemo</strong></span> <span class='ocrx_word' id='word_1_182' title='bbox 1712 570 1773 601; x_wconf 87' lang='lat' dir='ltr'><strong>adi-</strong></span> 
     </span>
    </p>
   </div>
   <div class='ocr_carea' id='block_1_27' title="bbox 949 613 1772 655">
    <p class='ocr_par' dir='ltr' id='par_1_27' title="bbox 949 613 1772 655">
     <span class='ocr_line' id='line_1_27' title="bbox 949 613 1772 655; baseline 0.002 -11"><span class='ocrx_word' id='word_1_183' title='bbox 949 613 1050 652; x_wconf 83' lang='lat' dir='ltr'><strong>gitur?</strong></span> <span class='ocrx_word' id='word_1_184' title='bbox 1061 613 1163 654; x_wconf 86' lang='lat' dir='ltr'><strong>Neque</strong></span> <span class='ocrx_word' id='word_1_185' title='bbox 1179 614 1279 654; x_wconf 83' lang='lat' dir='ltr'><strong>itaque</strong></span> <span class='ocrx_word' id='word_1_186' title='bbox 1307 624 1413 654; x_wconf 65' lang='lat' dir='ltr'><strong>pugnaa</strong></span> <span class='ocrx_word' id='word_1_187' title='bbox 1429 619 1546 654; x_wconf 87' lang='lat' dir='ltr'><strong>tempus</strong></span> <span class='ocrx_word' id='word_1_188' title='bbox 1577 624 1672 655; x_wconf 88' lang='lat' dir='ltr'><strong>neque</strong></span> <span class='ocrx_word' id='word_1_189' title='bbox 1689 615 1772 654; x_wconf 83' lang='lat' dir='ltr'><strong>pacis</strong></span> 
     </span>
    </p>
   </div>
   <div class='ocr_carea' id='block_1_28' title="bbox 950 658 1770 698">
    <p class='ocr_par' dir='ltr' id='par_1_28' title="bbox 950 658 1770 698">
     <span class='ocr_line' id='line_1_28' title="bbox 950 658 1770 698; baseline 0.001 -10"><span class='ocrx_word' id='word_1_190' title='bbox 950 658 1103 698; x_wconf 85' lang='lat' dir='ltr'><strong>permittit,</strong></span> <span class='ocrx_word' id='word_1_191' title='bbox 1121 664 1152 689; x_wconf 89' lang='lat' dir='ltr'><strong>ut</strong></span> <span class='ocrx_word' id='word_1_192' title='bbox 1166 659 1355 689; x_wconf 86' lang='lat' dir='ltr'><strong>admittamus</strong></span> <span class='ocrx_word' id='word_1_193' title='bbox 1387 658 1547 695; x_wconf 87' lang='lat' dir='ltr'><strong>volumina,</strong></span> <span class='ocrx_word' id='word_1_194' title='bbox 1561 659 1671 690; x_wconf 91' lang='lat' dir='ltr'><strong>dictum</strong></span> <span class='ocrx_word' id='word_1_195' title='bbox 1690 659 1770 690; x_wconf 82' lang='lat' dir='ltr'><strong>inte-</strong></span> 
     </span>
    </p>
   </div>
   <div class='ocr_carea' id='block_1_29' title="bbox 947 703 1771 743">
    <p class='ocr_par' dir='ltr' id='par_1_29' title="bbox 947 703 1771 743">
     <span class='ocr_line' id='line_1_29' title="bbox 947 703 1771 743; baseline -0.001 -9"><span class='ocrx_word' id='word_1_196' title='bbox 947 711 1031 742; x_wconf 78' lang='lat' dir='ltr'><strong>grum</strong></span> <span class='ocrx_word' id='word_1_197' title='bbox 1061 703 1252 743; x_wconf 88' lang='lat' dir='ltr'><strong>continentia,</strong></span> <span class='ocrx_word' id='word_1_198' title='bbox 1282 703 1437 733; x_wconf 86' lang='lat' dir='ltr'><strong>additione</strong></span> <span class='ocrx_word' id='word_1_199' title='bbox 1468 703 1579 734; x_wconf 85' lang='lat' dir='ltr'><strong>inserta</strong></span> <span class='ocrx_word' id='word_1_200' title='bbox 1607 703 1771 734; x_wconf 86' lang='lat' dir='ltr'><strong>adulterata</strong></span> 
     </span>
    </p>
   </div>
   <div class='ocr_carea' id='block_1_30' title="bbox 946 746 1770 788">
    <p class='ocr_par' dir='ltr' id='par_1_30' title="bbox 946 746 1770 788">
     <span class='ocr_line' id='line_1_30' title="bbox 946 746 1770 788; baseline 0 -12"><span class='ocrx_word' id='word_1_201' title='bbox 946 746 1037 778; x_wconf 84' lang='lat' dir='ltr'><strong>fuisse</strong></span> <span class='ocrx_word' id='word_1_202' title='bbox 1050 757 1057 786; x_wconf 89' lang='lat'><strong>;</strong></span> <span class='ocrx_word' id='word_1_203' title='bbox 1070 751 1110 788; x_wconf 84' lang='lat' dir='ltr'><strong>at,</strong></span> <span class='ocrx_word' id='word_1_204' title='bbox 1128 747 1195 787; x_wconf 83' lang='lat' dir='ltr'><strong>alia,</strong></span> <span class='ocrx_word' id='word_1_205' title='bbox 1209 757 1273 788; x_wconf 67' lang='lat' dir='ltr'><strong>qua:</strong></span> <span class='ocrx_word' id='word_1_206' title='bbox 1287 757 1345 778; x_wconf 93' lang='lat' dir='ltr'><strong>non</strong></span> <span class='ocrx_word' id='word_1_207' title='bbox 1357 749 1519 785; x_wconf 80' lang='lat' dir='ltr'><strong>continent,</strong></span> <span class='ocrx_word' id='word_1_208' title='bbox 1537 748 1666 788; x_wconf 79' lang='lat' dir='ltr'><strong>prudens</strong></span> <span class='ocrx_word' id='word_1_209' title='bbox 1681 748 1770 788; x_wconf 87' lang='lat' dir='ltr'><strong>quili-</strong></span> 
     </span>
    </p>
   </div>
   <div class='ocr_carea' id='block_1_31' title="bbox 947 790 1770 832">
    <p class='ocr_par' dir='ltr' id='par_1_31' title="bbox 947 790 1770 832">
     <span class='ocr_line' id='line_1_31' title="bbox 947 790 1770 832; baseline 0.001 -11"><span class='ocrx_word' id='word_1_210' title='bbox 947 790 995 822; x_wconf 87' lang='lat' dir='ltr'><strong>bet</strong></span> <span class='ocrx_word' id='word_1_211' title='bbox 1011 796 1039 822; x_wconf 90' lang='lat' dir='ltr'><strong>et</strong></span> <span class='ocrx_word' id='word_1_212' title='bbox 1055 801 1143 832; x_wconf 88' lang='lat' dir='ltr'><strong>quam</strong></span> <span class='ocrx_word' id='word_1_213' title='bbox 1160 792 1326 823; x_wconf 85' lang='lat' dir='ltr'><strong>certissime</strong></span> <span class='ocrx_word' id='word_1_214' title='bbox 1342 792 1476 832; x_wconf 91' lang='lat' dir='ltr'><strong>spurium</strong></span> <span class='ocrx_word' id='word_1_215' title='bbox 1506 792 1535 822; x_wconf 89' lang='lat' dir='ltr'><strong>in</strong></span> <span class='ocrx_word' id='word_1_216' title='bbox 1566 801 1599 823; x_wconf 90' lang='lat' dir='ltr'><strong>se</strong></span> <span class='ocrx_word' id='word_1_217' title='bbox 1614 792 1724 823; x_wconf 89' lang='lat' dir='ltr'><strong>habere</strong></span> <span class='ocrx_word' id='word_1_218' title='bbox 1741 795 1770 822; x_wconf 91' lang='lat' dir='ltr'><strong>et</strong></span> 
     </span>
    </p>
   </div>
   <div class='ocr_carea' id='block_1_32' title="bbox 80 835 1769 880">
    <p class='ocr_par' dir='ltr' id='par_1_32' title="bbox 80 835 1769 880">
     <span class='ocr_line' id='line_1_32' title="bbox 80 835 1769 880; baseline 0 -14"><span class='ocrx_word' id='word_1_219' title='bbox 80 839 192 867; x_wconf 75' lang='grc' dir='ltr'>σέιιενοι</span> <span class='ocrx_word' id='word_1_220' title='bbox 220 839 273 868; x_wconf 74' lang='grc' dir='ltr'>τῶν</span> <span class='ocrx_word' id='word_1_221' title='bbox 301 837 372 876; x_wconf 75' lang='grc' dir='ltr'>μάλα</span> <span class='ocrx_word' id='word_1_222' title='bbox 407 838 515 866; x_wconf 82' lang='grc' dir='ltr'>εἰκότων</span> <span class='ocrx_word' id='word_1_223' title='bbox 560 837 690 876; x_wconf 74' lang='grc' dir='ltr'>λογιεῖται</span> <span class='ocrx_word' id='word_1_224' title='bbox 723 847 763 869; x_wconf 87' lang='grc' dir='ltr'><strong>τις</strong></span> <span class='ocrx_word' id='word_1_225' title='bbox 795 835 1416 880; x_wconf 72' lang='grc' dir='ltr'>βίϐλων,Βθιηεηῑὶίυῐη,εεηοεεθι.Ειεηὶῐη,</span> <span class='ocrx_word' id='word_1_226' title='bbox 1434 846 1500 868; x_wconf 91' lang='lat' dir='ltr'><strong>cum</strong></span> <span class='ocrx_word' id='word_1_227' title='bbox 1516 836 1631 867; x_wconf 90' lang='lat' dir='ltr'><strong>dissidii</strong></span> <span class='ocrx_word' id='word_1_228' title='bbox 1649 840 1769 876; x_wconf 84' lang='lat' dir='ltr'><strong>tempus</strong></span> 
     </span>
    </p>
   </div>
   <div class='ocr_carea' id='block_1_33' title="bbox 79 880 1334 922">
    <p class='ocr_par' dir='ltr' id='par_1_33' title="bbox 79 880 1334 922">
     <span class='ocr_line' id='line_1_33' title="bbox 79 880 1334 922; baseline 0.001 -12"><span class='ocrx_word' id='word_1_229' title='bbox 79 886 158 911; x_wconf 81' lang='grc' dir='ltr'>τινῶν</span> <span class='ocrx_word' id='word_1_230' title='bbox 179 883 352 922; x_wconf 74' lang='grc' dir='ltr'>διαγραφῆναι</span> <span class='ocrx_word' id='word_1_231' title='bbox 376 883 451 921; x_wconf 76' lang='grc' dir='ltr'>ῥῆσιν</span> <span class='ocrx_word' id='word_1_232' title='bbox 472 882 586 918; x_wconf 80' lang='grc' dir='ltr'>ἐκείνην,</span> <span class='ocrx_word' id='word_1_233' title='bbox 614 881 640 914; x_wconf 78' lang='grc' dir='ltr'><strong>ἐξ</strong></span> <span class='ocrx_word' id='word_1_234' title='bbox 668 882 701 914; x_wconf 80' lang='grc' dir='ltr'><strong>ἧς</strong></span> <span class='ocrx_word' id='word_1_235' title='bbox 730 881 777 909; x_wconf 79' lang='grc' dir='ltr'><strong>οὒκ</strong></span> <span class='ocrx_word' id='word_1_236' title='bbox 791 881 903 919; x_wconf 78' lang='grc' dir='ltr'>ἀγεννὴς</span> <span class='ocrx_word' id='word_1_237' title='bbox 944 880 980 910; x_wconf 90' lang='lat' dir='ltr'><strong>ad</strong></span> <span class='ocrx_word' id='word_1_238' title='bbox 994 889 1138 912; x_wconf 88' lang='lat' dir='ltr'><strong>annorum</strong></span> <span class='ocrx_word' id='word_1_239' title='bbox 1153 885 1294 912; x_wconf 83' lang='lat' dir='ltr'><strong>centenas</strong></span> <span class='ocrx_word' id='word_1_240' title='bbox 1325 891 1334 920; x_wconf 64' lang='grc' dir='ltr'><strong>ι</strong></span> 
     </span>
    </p>
   </div>
   <div class='ocr_carea' id='block_1_34' title="bbox 929 880 1766 922">
    <p class='ocr_par' dir='ltr' id='par_1_34' title="bbox 944 880 1766 921">
     <span class='ocr_line' id='line_1_34' title="bbox 944 880 1766 921; baseline 0.001 -11"><span class='ocrx_word' id='word_1_241' title='bbox 944 880 980 910; x_wconf 91' lang='lat' dir='ltr'><strong>ad</strong></span> <span class='ocrx_word' id='word_1_242' title='bbox 994 889 1138 912; x_wconf 89' lang='lat' dir='ltr'><strong>annorum</strong></span> <span class='ocrx_word' id='word_1_243' title='bbox 1153 885 1294 912; x_wconf 84' lang='lat' dir='ltr'><strong>centenas</strong></span> <span class='ocrx_word' id='word_1_244' title='bbox 1325 881 1473 920; x_wconf 86' lang='lat' dir='ltr'><strong>periodos,</strong></span> <span class='ocrx_word' id='word_1_245' title='bbox 1489 890 1599 921; x_wconf 86' lang='lat' dir='ltr'><strong>easque</strong></span> <span class='ocrx_word' id='word_1_246' title='bbox 1624 881 1766 919; x_wconf 83' lang='lat' dir='ltr'><strong>integras,</strong></span> 
     </span>
    </p>
   </div>
   <div class='ocr_carea' id='block_1_35' title="bbox 78 924 902 968">
    <p class='ocr_par' dir='ltr' id='par_1_35' title="bbox 78 924 902 968">
     <span class='ocr_line' id='line_1_35' title="bbox 78 924 902 968; baseline -0.001 -13"><span class='ocrx_word' id='word_1_247' title='bbox 78 929 91 955; x_wconf 87' lang='lat'><strong>6</strong></span> <span class='ocrx_word' id='word_1_248' title='bbox 105 927 220 968; x_wconf 80' lang='grc' dir='ltr'>ἔλεγχος</span> <span class='ocrx_word' id='word_1_249' title='bbox 256 928 423 968; x_wconf 76' lang='grc' dir='ltr'>ἀναφαίνεται</span> <span class='ocrx_word' id='word_1_250' title='bbox 452 928 504 955; x_wconf 79' lang='grc' dir='ltr'>τῶν</span> <span class='ocrx_word' id='word_1_251' title='bbox 531 927 582 960; x_wconf 85' lang='grc' dir='ltr'>τὴν</span> <span class='ocrx_word' id='word_1_252' title='bbox 608 925 742 954; x_wconf 85' lang='grc' dir='ltr'>διάστασιν</span> <span class='ocrx_word' id='word_1_253' title='bbox 768 927 821 953; x_wconf 78' lang='grc' dir='ltr'>τῶν</span> <span class='ocrx_word' id='word_1_254' title='bbox 837 924 902 954; x_wconf 81' lang='grc' dir='ltr'><strong>Ἐκ-</strong></span> 
     </span>
    </p>
   </div>
   <div class='ocr_carea' id='block_1_36' title="bbox 76 970 902 1011">
    <p class='ocr_par' dir='ltr' id='par_1_36' title="bbox 76 970 902 1011">
     <span class='ocr_line' id='line_1_36' title="bbox 76 970 902 1011; baseline -0.001 -11"><span class='ocrx_word' id='word_1_255' title='bbox 76 972 199 1006; x_wconf 74' lang='grc' dir='ltr'>κλησιῶν</span> <span class='ocrx_word' id='word_1_256' title='bbox 240 972 449 1002; x_wconf 77' lang='grc' dir='ltr'>ἐπισπευδόντων</span> <span class='ocrx_word' id='word_1_257' title='bbox 489 972 571 1011; x_wconf 81' lang='grc' dir='ltr'>ὅσπερ</span> <span class='ocrx_word' id='word_1_258' title='bbox 612 971 656 999; x_wconf 79' lang='grc' dir='ltr'>καὶ</span> <span class='ocrx_word' id='word_1_259' title='bbox 688 970 902 1010; x_wconf 74' lang='grc' dir='ltr'>ἔπισυγκροτούν-</span> 
     </span>
    </p>
   </div>
   <div class='ocr_carea' id='block_1_37' title="bbox 76 1014 900 1057">
    <p class='ocr_par' dir='ltr' id='par_1_37' title="bbox 76 1014 900 1057">
     <span class='ocr_line' id='line_1_37' title="bbox 76 1014 900 1057; baseline -0.002 -13"><span class='ocrx_word' id='word_1_260' title='bbox 76 1028 142 1045; x_wconf 79' lang='grc' dir='ltr'>των.</span> <span class='ocrx_word' id='word_1_261' title='bbox 163 1018 213 1045; x_wconf 81' lang='grc' dir='ltr'><strong>Διὰ</strong></span> <span class='ocrx_word' id='word_1_262' title='bbox 226 1021 288 1057; x_wconf 83' lang='grc' dir='ltr'>γοῦν</span> <span class='ocrx_word' id='word_1_263' title='bbox 305 1021 386 1046; x_wconf 81' lang='grc' dir='ltr'>ταῦτα</span> <span class='ocrx_word' id='word_1_264' title='bbox 411 1017 470 1054; x_wconf 78' lang='grc' dir='ltr'>ἐμοὶ</span> <span class='ocrx_word' id='word_1_265' title='bbox 495 1016 560 1048; x_wconf 79' lang='grc' dir='ltr'>τέως</span> <span class='ocrx_word' id='word_1_266' title='bbox 595 1014 669 1043; x_wconf 72' lang='grc' dir='ltr'>δοκεῖ</span> <span class='ocrx_word' id='word_1_267' title='bbox 695 1016 742 1043; x_wconf 85' lang='grc' dir='ltr'>τὸν</span> <span class='ocrx_word' id='word_1_268' title='bbox 767 1021 829 1046; x_wconf 79' lang='grc' dir='ltr'>ταῖς</span> <span class='ocrx_word' id='word_1_269' title='bbox 856 1015 900 1052; x_wconf 86' lang='grc' dir='ltr'><strong>βί-</strong></span> 
     </span>
    </p>
   </div>
   <div class='ocr_carea' id='block_1_38' title="bbox 76 1058 901 1101">
    <p class='ocr_par' dir='ltr' id='par_1_38' title="bbox 76 1058 901 1101">
     <span class='ocr_line' id='line_1_38' title="bbox 76 1058 901 1101; baseline -0.005 -11"><span class='ocrx_word' id='word_1_270' title='bbox 76 1060 154 1093; x_wconf 77' lang='grc' dir='ltr'>ϐλοις</span> <span class='ocrx_word' id='word_1_271' title='bbox 186 1061 396 1101; x_wconf 75' lang='grc' dir='ltr'>ἐπιγραφόμενον</span> <span class='ocrx_word' id='word_1_272' title='bbox 429 1060 477 1094; x_wconf 78' lang='grc' dir='ltr'><strong>τὴν</strong></span> <span class='ocrx_word' id='word_1_273' title='bbox 505 1059 685 1099; x_wconf 67' lang='grc' dir='ltr'>παραφθορὰν,</span> <span class='ocrx_word' id='word_1_274' title='bbox 719 1061 764 1092; x_wconf 78' lang='grc' dir='ltr'>αἷς</span> <span class='ocrx_word' id='word_1_275' title='bbox 790 1058 901 1090; x_wconf 68' lang='grc' dir='ltr'>ἐντελῶς</span> 
     </span>
    </p>
   </div>
   <div class='ocr_carea' id='block_1_39' title="bbox 76 1102 901 1144">
    <p class='ocr_par' dir='ltr' id='par_1_39' title="bbox 76 1102 901 1144">
     <span class='ocr_line' id='line_1_39' title="bbox 76 1102 901 1144; baseline -0.006 -9"><span class='ocrx_word' id='word_1_276' title='bbox 76 1107 93 1139; x_wconf 73' lang='grc' dir='ltr'>ἢ</span> <span class='ocrx_word' id='word_1_277' title='bbox 109 1107 188 1144; x_wconf 77' lang='grc' dir='ltr'>ῥῆσις</span> <span class='ocrx_word' id='word_1_278' title='bbox 204 1113 303 1143; x_wconf 72' lang='grc' dir='ltr'>χεῖται,</span> <span class='ocrx_word' id='word_1_279' title='bbox 319 1107 356 1138; x_wconf 85' lang='grc' dir='ltr'><strong>ὡς</strong></span> <span class='ocrx_word' id='word_1_280' title='bbox 393 1105 629 1144; x_wconf 77' lang='grc' dir='ltr'>προανατέτακτσι,</span> <span class='ocrx_word' id='word_1_281' title='bbox 659 1109 761 1135; x_wconf 71' lang='grc' dir='ltr'>κοιναῖς</span> <span class='ocrx_word' id='word_1_282' title='bbox 783 1102 901 1142; x_wconf 74' lang='grc' dir='ltr'>ἄντικρυς</span> 
     </span>
    </p>
   </div>
   <div class='ocr_carea' id='block_1_40' title="bbox 75 1147 900 1190">
    <p class='ocr_par' dir='ltr' id='par_1_40' title="bbox 75 1147 900 1190">
     <span class='ocr_line' id='line_1_40' title="bbox 75 1147 900 1190; baseline -0.001 -13"><span class='ocrx_word' id='word_1_283' title='bbox 75 1149 189 1182; x_wconf 73' lang='grc' dir='ltr'>ἐννοίαις</span> <span class='ocrx_word' id='word_1_284' title='bbox 225 1151 380 1190; x_wconf 82' lang='grc' dir='ltr'>μαχόμενον</span> <span class='ocrx_word' id='word_1_285' title='bbox 409 1149 553 1190; x_wconf 78' lang='grc' dir='ltr'>φαίνεσθαι,</span> <span class='ocrx_word' id='word_1_286' title='bbox 595 1149 631 1180; x_wconf 86' lang='grc' dir='ltr'>ὡς</span> <span class='ocrx_word' id='word_1_287' title='bbox 667 1149 711 1176; x_wconf 78' lang='grc' dir='ltr'><strong>τὸν</strong></span> <span class='ocrx_word' id='word_1_288' title='bbox 739 1147 900 1187; x_wconf 79' lang='grc' dir='ltr'>πειρώμενον</span> 
     </span>
    </p>
   </div>
   <div class='ocr_carea' id='block_1_41' title="bbox 75 1193 899 1230">
    <p class='ocr_par' dir='ltr' id='par_1_41' title="bbox 75 1193 899 1230">
     <span class='ocr_line' id='line_1_41' title="bbox 75 1193 899 1230; baseline -0.004 -7"><span class='ocrx_word' id='word_1_289' title='bbox 75 1197 121 1223; x_wconf 82' lang='grc' dir='ltr'>τὸν</span> <span class='ocrx_word' id='word_1_290' title='bbox 157 1195 234 1229; x_wconf 75' lang='grc' dir='ltr'>ἥλιον</span> <span class='ocrx_word' id='word_1_291' title='bbox 256 1194 463 1223; x_wconf 72' lang='grc' dir='ltr'>διαϐεϐαιοῦσθαι</span> <span class='ocrx_word' id='word_1_292' title='bbox 499 1194 608 1225; x_wconf 81' lang='grc' dir='ltr'>σκότους</span> <span class='ocrx_word' id='word_1_293' title='bbox 643 1193 714 1222; x_wconf 76' lang='grc' dir='ltr'>εἶναι</span> <span class='ocrx_word' id='word_1_294' title='bbox 748 1193 899 1230; x_wconf 73' lang='grc' dir='ltr'>ποιητικὸν,</span> 
     </span>
    </p>
   </div>
   <div class='ocr_carea' id='block_1_42' title="bbox 74 1236 900 1280">
    <p class='ocr_par' dir='ltr' id='par_1_42' title="bbox 74 1236 900 1280">
     <span class='ocr_line' id='line_1_42' title="bbox 74 1236 900 1280; baseline -0.004 -12"><span class='ocrx_word' id='word_1_295' title='bbox 74 1240 106 1267; x_wconf 79' lang='grc' dir='ltr'><strong>τὰ</strong></span> <span class='ocrx_word' id='word_1_296' title='bbox 119 1240 187 1280; x_wconf 79' lang='grc' dir='ltr'>ὑπὲρ</span> <span class='ocrx_word' id='word_1_297' title='bbox 213 1242 265 1278; x_wconf 82' lang='grc' dir='ltr'>γῆν</span> <span class='ocrx_word' id='word_1_298' title='bbox 292 1239 471 1278; x_wconf 74' lang='grc' dir='ltr'>διιππεύονια,</span> <span class='ocrx_word' id='word_1_299' title='bbox 501 1238 545 1266; x_wconf 80' lang='grc' dir='ltr'>καὶ</span> <span class='ocrx_word' id='word_1_300' title='bbox 565 1237 682 1276; x_wconf 84' lang='grc' dir='ltr'>πληροῦν</span> <span class='ocrx_word' id='word_1_301' title='bbox 709 1236 789 1266; x_wconf 84' lang='grc' dir='ltr'>πάλιν</span> <span class='ocrx_word' id='word_1_302' title='bbox 813 1238 900 1276; x_wconf 78' lang='grc' dir='ltr'>φωτὸς</span> 
     </span>
    </p>
   </div>
   <div class='ocr_carea' id='block_1_43' title="bbox 74 1281 900 1324">
    <p class='ocr_par' dir='ltr' id='par_1_43' title="bbox 74 1281 900 1324">
     <span class='ocr_line' id='line_1_43' title="bbox 74 1281 900 1324; baseline -0.005 -12"><span class='ocrx_word' id='word_1_303' title='bbox 74 1285 107 1312; x_wconf 82' lang='grc' dir='ltr'><strong>τὰ</strong></span> <span class='ocrx_word' id='word_1_304' title='bbox 121 1284 252 1324; x_wconf 77' lang='grc' dir='ltr'>ἡμέτερα,</span> <span class='ocrx_word' id='word_1_305' title='bbox 270 1284 296 1311; x_wconf 78' lang='grc' dir='ltr'>ἐν</span> <span class='ocrx_word' id='word_1_306' title='bbox 317 1284 356 1321; x_wconf 83' lang='grc' dir='ltr'>τῷ</span> <span class='ocrx_word' id='word_1_307' title='bbox 385 1284 429 1312; x_wconf 83' lang='grc' dir='ltr'>τὸν</span> <span class='ocrx_word' id='word_1_308' title='bbox 459 1282 560 1310; x_wconf 79' lang='grc' dir='ltr'>δυτικὸν</span> <span class='ocrx_word' id='word_1_309' title='bbox 585 1281 743 1321; x_wconf 80' lang='grc' dir='ltr'>ὑποτρέχειν</span> <span class='ocrx_word' id='word_1_310' title='bbox 770 1281 900 1320; x_wconf 80' lang='grc' dir='ltr'>ὁρίζοντα,</span> 
     </span>
    </p>
   </div>
   <div class='ocr_carea' id='block_1_44' title="bbox 75 1325 900 1368">
    <p class='ocr_par' dir='ltr' id='par_1_44' title="bbox 75 1325 900 1368">
     <span class='ocr_line' id='line_1_44' title="bbox 75 1325 900 1368; baseline -0.004 -12"><span class='ocrx_word' id='word_1_311' title='bbox 75 1330 125 1357; x_wconf 81' lang='grc' dir='ltr'>Καὶ</span> <span class='ocrx_word' id='word_1_312' title='bbox 160 1329 240 1368; x_wconf 80' lang='grc' dir='ltr'>λόγος</span> <span class='ocrx_word' id='word_1_313' title='bbox 273 1340 318 1366; x_wconf 89' lang='grc' dir='ltr'><strong>μοι</strong></span> <span class='ocrx_word' id='word_1_314' title='bbox 346 1328 450 1367; x_wconf 79' lang='grc' dir='ltr'>πρῶτος</span> <span class='ocrx_word' id='word_1_315' title='bbox 484 1329 571 1366; x_wconf 82' lang='grc' dir='ltr'>οὗτος,</span> <span class='ocrx_word' id='word_1_316' title='bbox 594 1327 673 1365; x_wconf 80' lang='grc' dir='ltr'>οὗπερ</span> <span class='ocrx_word' id='word_1_317' title='bbox 706 1326 764 1357; x_wconf 81' lang='grc' dir='ltr'>ἑνὸς</span> <span class='ocrx_word' id='word_1_318' title='bbox 799 1325 900 1365; x_wconf 73' lang='grc' dir='ltr'>ἔφημεν</span> 
     </span>
    </p>
   </div>
   <div class='ocr_carea' id='block_1_45' title="bbox 71 1369 898 1412">
    <p class='ocr_par' dir='ltr' id='par_1_45' title="bbox 71 1369 898 1412">
     <span class='ocr_line' id='line_1_45' title="bbox 71 1369 898 1412; baseline -0.004 -12"><span class='ocrx_word' id='word_1_319' title='bbox 71 1374 138 1412; x_wconf 78' lang='grc' dir='ltr'>πρὸς</span> <span class='ocrx_word' id='word_1_320' title='bbox 163 1373 315 1411; x_wconf 76' lang='grc' dir='ltr'>ἀνατροπὴν</span> <span class='ocrx_word' id='word_1_321' title='bbox 343 1375 396 1401; x_wconf 83' lang='grc' dir='ltr'><strong>τῶν</strong></span> <span class='ocrx_word' id='word_1_322' title='bbox 422 1372 544 1400; x_wconf 77' lang='grc' dir='ltr'>ἐναντίων</span> <span class='ocrx_word' id='word_1_323' title='bbox 586 1370 744 1409; x_wconf 80' lang='grc' dir='ltr'>παραδοῦναί</span> <span class='ocrx_word' id='word_1_324' title='bbox 764 1381 806 1398; x_wconf 88' lang='grc' dir='ltr'><strong>σοι</strong></span> <span class='ocrx_word' id='word_1_325' title='bbox 835 1369 898 1409; x_wconf 87' lang='grc' dir='ltr'>τρό-</span> 
     </span>
    </p>
   </div>
   <div class='ocr_carea' id='block_1_46' title="bbox 71 1413 899 1457">
    <p class='ocr_par' dir='ltr' id='par_1_46' title="bbox 71 1413 899 1457">
     <span class='ocr_line' id='line_1_46' title="bbox 71 1413 899 1457; baseline -0.001 -13"><span class='ocrx_word' id='word_1_326' title='bbox 71 1428 132 1448; x_wconf 85' lang='grc' dir='ltr'>που,</span> <span class='ocrx_word' id='word_1_327' title='bbox 166 1416 196 1446; x_wconf 83' lang='lat'>&#39;0</span> <span class='ocrx_word' id='word_1_328' title='bbox 221 1418 270 1457; x_wconf 74' lang='grc' dir='ltr'><strong>γὰρ</strong></span> <span class='ocrx_word' id='word_1_329' title='bbox 296 1417 418 1456; x_wconf 82' lang='grc' dir='ltr'>λογισμῶ</span> <span class='ocrx_word' id='word_1_330' title='bbox 453 1416 548 1456; x_wconf 84' lang='grc' dir='ltr'>κρίνειν</span> <span class='ocrx_word' id='word_1_331' title='bbox 577 1414 719 1452; x_wconf 85' lang='grc' dir='ltr'>δυνάμενος</span> <span class='ocrx_word' id='word_1_332' title='bbox 753 1413 899 1453; x_wconf 80' lang='grc' dir='ltr'>δισταγμοῦ</span> 
     </span>
    </p>
   </div>
   <div class='ocr_carea' id='block_1_47' title="bbox 71 1459 898 1502">
    <p class='ocr_par' dir='ltr' id='par_1_47' title="bbox 71 1459 898 1502">
     <span class='ocr_line' id='line_1_47' title="bbox 71 1459 898 1502; baseline -0.004 -12"><span class='ocrx_word' id='word_1_333' title='bbox 71 1462 179 1494; x_wconf 81' lang='grc' dir='ltr'>πάντως</span> <span class='ocrx_word' id='word_1_334' title='bbox 205 1461 268 1502; x_wconf 80' lang='grc' dir='ltr'>δίχα</span> <span class='ocrx_word' id='word_1_335' title='bbox 295 1461 458 1493; x_wconf 82' lang='grc' dir='ltr'>πεποιθότως</span> <span class='ocrx_word' id='word_1_336' title='bbox 480 1461 547 1489; x_wconf 84' lang='grc' dir='ltr'>πάνυ</span> <span class='ocrx_word' id='word_1_337' title='bbox 574 1460 607 1488; x_wconf 80' lang='grc' dir='ltr'><strong>τὰ</strong></span> <span class='ocrx_word' id='word_1_338' title='bbox 633 1459 758 1499; x_wconf 80' lang='grc' dir='ltr'>εἰρημένα</span> <span class='ocrx_word' id='word_1_339' title='bbox 794 1459 898 1498; x_wconf 74' lang='grc' dir='ltr'>ἐπικρι-</span> 
     </span>
    </p>
   </div>
   <div class='ocr_carea' id='block_1_48' title="bbox 73 1514 124 1536">
    <p class='ocr_par' dir='ltr' id='par_1_48' title="bbox 73 1514 124 1536">
     <span class='ocr_line' id='line_1_48' title="bbox 73 1514 124 1536; baseline 0.039 -2"><span class='ocrx_word' id='word_1_340' title='bbox 73 1514 124 1536; x_wconf 67' lang='grc' dir='ltr'>νεῖ.</span> 
     </span>
    </p>
   </div>
   <div class='ocr_carea' id='block_1_49' title="bbox 944 925 1767 965">
    <p class='ocr_par' dir='ltr' id='par_1_49' title="bbox 944 925 1767 965">
     <span class='ocr_line' id='line_1_49' title="bbox 944 925 1767 965; baseline 0.001 -11"><span class='ocrx_word' id='word_1_341' title='bbox 944 928 1098 955; x_wconf 83' lang='lat' dir='ltr'><strong>extensum</strong></span> <span class='ocrx_word' id='word_1_342' title='bbox 1115 925 1391 962; x_wconf 82' lang='lat' dir='ltr'><strong>fuisset,etiuterim</strong></span> <span class='ocrx_word' id='word_1_343' title='bbox 1408 935 1466 956; x_wconf 92' lang='lat' dir='ltr'><strong>non</strong></span> <span class='ocrx_word' id='word_1_344' title='bbox 1483 925 1569 965; x_wconf 87' lang='lat' dir='ltr'><strong>pauci</strong></span> <span class='ocrx_word' id='word_1_345' title='bbox 1583 925 1767 957; x_wconf 84' lang='lat' dir='ltr'><strong>contentiose</strong></span> 
     </span>
    </p>
   </div>
   <div class='ocr_carea' id='block_1_50' title="bbox 943 968 1767 1010">
    <p class='ocr_par' dir='ltr' id='par_1_50' title="bbox 943 968 1767 1010">
     <span class='ocr_line' id='line_1_50' title="bbox 943 968 1767 1010; baseline 0.001 -12"><span class='ocrx_word' id='word_1_346' title='bbox 943 968 1101 1000; x_wconf 89' lang='lat' dir='ltr'><strong>admodum</strong></span> <span class='ocrx_word' id='word_1_347' title='bbox 1113 970 1278 1001; x_wconf 85' lang='lat' dir='ltr'><strong>dialecticis</strong></span> <span class='ocrx_word' id='word_1_348' title='bbox 1287 969 1689 1010; x_wconf 75' lang='lat' dir='ltr'><strong>disputationibusﬂomanos</strong></span> <span class='ocrx_word' id='word_1_349' title='bbox 1698 969 1767 1000; x_wconf 89' lang='lat' dir='ltr'><strong>ado-</strong></span> 
     </span>
    </p>
   </div>
   <div class='ocr_carea' id='block_1_51' title="bbox 941 1014 1767 1055">
    <p class='ocr_par' dir='ltr' id='par_1_51' title="bbox 941 1014 1767 1055">
     <span class='ocr_line' id='line_1_51' title="bbox 941 1014 1767 1055; baseline 0 -11"><span class='ocrx_word' id='word_1_350' title='bbox 941 1014 1339 1049; x_wconf 85' lang='lat' dir='ltr'><strong>rirentur,verosimillimum</strong></span> <span class='ocrx_word' id='word_1_351' title='bbox 1347 1014 1491 1055; x_wconf 90' lang='lat' dir='ltr'><strong>quispiam</strong></span> <span class='ocrx_word' id='word_1_352' title='bbox 1500 1014 1767 1048; x_wconf 84' lang='lat' dir='ltr'><strong>existimaverit,di-</strong></span> 
     </span>
    </p>
   </div>
   <div class='ocr_carea' id='block_1_52' title="bbox 944 1058 1764 1099">
    <p class='ocr_par' dir='ltr' id='par_1_52' title="bbox 944 1058 1764 1099">
     <span class='ocr_line' id='line_1_52' title="bbox 944 1058 1764 1099; baseline 0.001 -11"><span class='ocrx_word' id='word_1_353' title='bbox 944 1060 1003 1088; x_wconf 88' lang='lat' dir='ltr'><strong>tum</strong></span> <span class='ocrx_word' id='word_1_354' title='bbox 1014 1059 1085 1090; x_wconf 91' lang='lat' dir='ltr'><strong>illud</strong></span> <span class='ocrx_word' id='word_1_355' title='bbox 1094 1059 1243 1099; x_wconf 85' lang='lat' dir='ltr'><strong>aliquibus</strong></span> <span class='ocrx_word' id='word_1_356' title='bbox 1254 1059 1454 1089; x_wconf 86' lang='lat' dir='ltr'><strong>voluminibus</strong></span> <span class='ocrx_word' id='word_1_357' title='bbox 1476 1059 1646 1097; x_wconf 87' lang='lat' dir='ltr'><strong>ademptum</strong></span> <span class='ocrx_word' id='word_1_358' title='bbox 1656 1058 1764 1095; x_wconf 81' lang='lat' dir='ltr'><strong>fuisse,</strong></span> 
     </span>
    </p>
   </div>
   <div class='ocr_carea' id='block_1_53' title="bbox 944 1101 1764 1143">
    <p class='ocr_par' dir='ltr' id='par_1_53' title="bbox 944 1101 1764 1143">
     <span class='ocr_line' id='line_1_53' title="bbox 944 1101 1764 1143; baseline 0 -11"><span class='ocrx_word' id='word_1_359' title='bbox 944 1110 1001 1141; x_wconf 89' lang='lat' dir='ltr'><strong>quo</strong></span> <span class='ocrx_word' id='word_1_360' title='bbox 1016 1102 1110 1133; x_wconf 79' lang='lat' dir='ltr'><strong>valida</strong></span> <span class='ocrx_word' id='word_1_361' title='bbox 1125 1102 1194 1133; x_wconf 86' lang='lat' dir='ltr'><strong>satis</strong></span> <span class='ocrx_word' id='word_1_362' title='bbox 1205 1102 1342 1133; x_wconf 75' lang='lat' dir='ltr'><strong>refutatio</strong></span> <span class='ocrx_word' id='word_1_363' title='bbox 1352 1112 1455 1134; x_wconf 88' lang='lat' dir='ltr'><strong>eorum</strong></span> <span class='ocrx_word' id='word_1_364' title='bbox 1468 1104 1627 1138; x_wconf 81' lang='lat' dir='ltr'><strong>enascitur,</strong></span> <span class='ocrx_word' id='word_1_365' title='bbox 1645 1102 1695 1143; x_wconf 91' lang='lat' dir='ltr'><strong>qui</strong></span> <span class='ocrx_word' id='word_1_366' title='bbox 1710 1101 1764 1132; x_wconf 89' lang='lat' dir='ltr'><strong>Ec-</strong></span> 
     </span>
    </p>
   </div>
   <div class='ocr_carea' id='block_1_54' title="bbox 943 1146 1763 1187">
    <p class='ocr_par' dir='ltr' id='par_1_54' title="bbox 943 1146 1763 1187">
     <span class='ocr_line' id='line_1_54' title="bbox 943 1146 1763 1187; baseline 0.001 -11"><span class='ocrx_word' id='word_1_367' title='bbox 943 1146 1098 1177; x_wconf 89' lang='lat' dir='ltr'><strong>clesiarum</strong></span> <span class='ocrx_word' id='word_1_368' title='bbox 1116 1146 1272 1178; x_wconf 89' lang='lat' dir='ltr'><strong>dissidium</strong></span> <span class='ocrx_word' id='word_1_369' title='bbox 1298 1147 1429 1178; x_wconf 88' lang='lat' dir='ltr'><strong>studiose</strong></span> <span class='ocrx_word' id='word_1_370' title='bbox 1445 1151 1615 1187; x_wconf 85' lang='lat' dir='ltr'><strong>procurant,</strong></span> <span class='ocrx_word' id='word_1_371' title='bbox 1647 1150 1676 1177; x_wconf 92' lang='lat' dir='ltr'><strong>et</strong></span> <span class='ocrx_word' id='word_1_372' title='bbox 1690 1156 1763 1177; x_wconf 91' lang='lat' dir='ltr'><strong>con-</strong></span> 
     </span>
    </p>
   </div>
   <div class='ocr_carea' id='block_1_55' title="bbox 942 1191 1765 1232">
    <p class='ocr_par' dir='ltr' id='par_1_55' title="bbox 942 1191 1765 1232">
     <span class='ocr_line' id='line_1_55' title="bbox 942 1191 1765 1232; baseline 0 -11"><span class='ocrx_word' id='word_1_373' title='bbox 942 1191 1088 1231; x_wconf 85' lang='lat' dir='ltr'><strong>stabilire,</strong></span> <span class='ocrx_word' id='word_1_374' title='bbox 1104 1195 1260 1223; x_wconf 89' lang='lat' dir='ltr'><strong>conantur.</strong></span> <span class='ocrx_word' id='word_1_375' title='bbox 1278 1191 1465 1232; x_wconf 83' lang='lat' dir='ltr'><strong>Quapropter</strong></span> <span class='ocrx_word' id='word_1_376' title='bbox 1479 1201 1558 1229; x_wconf 88' lang='lat' dir='ltr'><strong>reor,</strong></span> <span class='ocrx_word' id='word_1_377' title='bbox 1577 1191 1628 1232; x_wconf 90' lang='lat' dir='ltr'><strong>qui</strong></span> <span class='ocrx_word' id='word_1_378' title='bbox 1643 1191 1765 1222; x_wconf 89' lang='lat' dir='ltr'><strong>volumi-</strong></span> 
     </span>
    </p>
   </div>
   <div class='ocr_carea' id='block_1_56' title="bbox 942 1234 1762 1277">
    <p class='ocr_par' dir='ltr' id='par_1_56' title="bbox 942 1234 1762 1277">
     <span class='ocr_line' id='line_1_56' title="bbox 942 1234 1762 1277; baseline 0.001 -12"><span class='ocrx_word' id='word_1_379' title='bbox 942 1234 1030 1265; x_wconf 87' lang='lat' dir='ltr'><strong>nibus</strong></span> <span class='ocrx_word' id='word_1_380' title='bbox 1040 1235 1149 1266; x_wconf 85' lang='lat' dir='ltr'><strong>dictam</strong></span> <span class='ocrx_word' id='word_1_381' title='bbox 1166 1236 1376 1274; x_wconf 81' lang='lat' dir='ltr'><strong>referentibus,</strong></span> <span class='ocrx_word' id='word_1_382' title='bbox 1394 1237 1616 1277; x_wconf 88' lang='lat' dir='ltr'><strong>corruptionem</strong></span> <span class='ocrx_word' id='word_1_383' title='bbox 1631 1236 1762 1273; x_wconf 77' lang='lat' dir='ltr'><strong>ascribit,</strong></span> 
     </span>
    </p>
   </div>
   <div class='ocr_carea' id='block_1_57' title="bbox 941 1279 1762 1321">
    <p class='ocr_par' dir='ltr' id='par_1_57' title="bbox 941 1279 1762 1321">
     <span class='ocr_line' id='line_1_57' title="bbox 941 1279 1762 1321; baseline 0.001 -11"><span class='ocrx_word' id='word_1_384' title='bbox 941 1279 971 1310; x_wconf 87' lang='lat' dir='ltr'><strong>in</strong></span> <span class='ocrx_word' id='word_1_385' title='bbox 987 1280 1096 1319; x_wconf 86' lang='lat' dir='ltr'><strong>quibus</strong></span> <span class='ocrx_word' id='word_1_386' title='bbox 1111 1281 1226 1320; x_wconf 81' lang='lat' dir='ltr'><strong>integra</strong></span> <span class='ocrx_word' id='word_1_387' title='bbox 1239 1282 1386 1312; x_wconf 86' lang='lat' dir='ltr'><strong>sententia</strong></span> <span class='ocrx_word' id='word_1_388' title='bbox 1402 1281 1556 1321; x_wconf 75' lang='lat' dir='ltr'><strong>legitur,ut</strong></span> <span class='ocrx_word' id='word_1_389' title='bbox 1570 1290 1658 1321; x_wconf 85' lang='lat' dir='ltr'><strong>supra</strong></span> <span class='ocrx_word' id='word_1_390' title='bbox 1672 1289 1762 1312; x_wconf 89' lang='lat' dir='ltr'><strong>anno-</strong></span> 
     </span>
    </p>
   </div>
   <div class='ocr_carea' id='block_1_58' title="bbox 943 1324 1764 1366">
    <p class='ocr_par' dir='ltr' id='par_1_58' title="bbox 943 1324 1764 1366">
     <span class='ocr_line' id='line_1_58' title="bbox 943 1324 1764 1366; baseline 0.002 -12"><span class='ocrx_word' id='word_1_391' title='bbox 943 1324 1078 1362; x_wconf 87' lang='lat' dir='ltr'><strong>tavimus,</strong></span> <span class='ocrx_word' id='word_1_392' title='bbox 1093 1325 1189 1365; x_wconf 79' lang='lat' dir='ltr'><strong>palam</strong></span> <span class='ocrx_word' id='word_1_393' title='bbox 1203 1330 1364 1366; x_wconf 86' lang='lat' dir='ltr'><strong>aperteque</strong></span> <span class='ocrx_word' id='word_1_394' title='bbox 1373 1325 1582 1357; x_wconf 78' lang='lat' dir='ltr'><strong>communibus</strong></span> <span class='ocrx_word' id='word_1_395' title='bbox 1594 1324 1764 1356; x_wconf 86' lang='lat' dir='ltr'><strong>notionibus</strong></span> 
     </span>
    </p>
   </div>
   <div class='ocr_carea' id='block_1_59' title="bbox 941 1368 1760 1411">
    <p class='ocr_par' dir='ltr' id='par_1_59' title="bbox 941 1368 1760 1411">
     <span class='ocr_line' id='line_1_59' title="bbox 941 1368 1760 1411; baseline 0.002 -13"><span class='ocrx_word' id='word_1_396' title='bbox 941 1368 1102 1406; x_wconf 83' lang='lat' dir='ltr'><strong>adversari,</strong></span> <span class='ocrx_word' id='word_1_397' title='bbox 1119 1370 1369 1410; x_wconf 85' lang='lat' dir='ltr'><strong>quemadmodum</strong></span> <span class='ocrx_word' id='word_1_398' title='bbox 1385 1370 1436 1411; x_wconf 91' lang='lat' dir='ltr'><strong>qni</strong></span> <span class='ocrx_word' id='word_1_399' title='bbox 1451 1371 1545 1401; x_wconf 81' lang='lat' dir='ltr'><strong>solem</strong></span> <span class='ocrx_word' id='word_1_400' title='bbox 1571 1370 1760 1400; x_wconf 85' lang='lat' dir='ltr'><strong>tenebrarum</strong></span> 
     </span>
    </p>
   </div>
   <div class='ocr_carea' id='block_1_60' title="bbox 941 1414 1761 1454">
    <p class='ocr_par' dir='ltr' id='par_1_60' title="bbox 941 1414 1761 1454">
     <span class='ocr_line' id='line_1_60' title="bbox 941 1414 1761 1454; baseline 0.001 -11"><span class='ocrx_word' id='word_1_401' title='bbox 941 1421 1007 1443; x_wconf 84' lang='lat' dir='ltr'><strong>esse</strong></span> <span class='ocrx_word' id='word_1_402' title='bbox 1022 1418 1184 1448; x_wconf 77' lang='lat' dir='ltr'><strong>auctorem,</strong></span> <span class='ocrx_word' id='word_1_403' title='bbox 1204 1415 1382 1445; x_wconf 86' lang='lat' dir='ltr'><strong>conﬁrmare</strong></span> <span class='ocrx_word' id='word_1_404' title='bbox 1400 1414 1502 1445; x_wconf 89' lang='lat' dir='ltr'><strong>nititur</strong></span> <span class='ocrx_word' id='word_1_405' title='bbox 1510 1424 1576 1445; x_wconf 91' lang='lat' dir='ltr'><strong>cum</strong></span> <span class='ocrx_word' id='word_1_406' title='bbox 1593 1416 1684 1454; x_wconf 70' lang='lat' dir='ltr'><strong>Super</strong></span> <span class='ocrx_word' id='word_1_407' title='bbox 1699 1418 1761 1444; x_wconf 47' lang='lat' dir='ltr'><strong>ter-</strong></span> 
     </span>
    </p>
   </div>
   <div class='ocr_carea' id='block_1_61' title="bbox 938 1458 1761 1499">
    <p class='ocr_par' dir='ltr' id='par_1_61' title="bbox 938 1458 1761 1499">
     <span class='ocr_line' id='line_1_61' title="bbox 938 1458 1761 1499; baseline 0.001 -12"><span class='ocrx_word' id='word_1_408' title='bbox 938 1465 1022 1494; x_wconf 75' lang='lat' dir='ltr'><strong>retia.</strong></span> <span class='ocrx_word' id='word_1_409' title='bbox 1039 1458 1163 1499; x_wconf 86' lang='lat' dir='ltr'><strong>equitat,</strong></span> <span class='ocrx_word' id='word_1_410' title='bbox 1180 1463 1209 1490; x_wconf 89' lang='lat' dir='ltr'><strong>et</strong></span> <span class='ocrx_word' id='word_1_411' title='bbox 1223 1463 1323 1490; x_wconf 83' lang='lat' dir='ltr'><strong>nostra</strong></span> <span class='ocrx_word' id='word_1_412' title='bbox 1339 1459 1402 1490; x_wconf 73' lang='lat' dir='ltr'><strong>htec</strong></span> <span class='ocrx_word' id='word_1_413' title='bbox 1416 1459 1528 1497; x_wconf 67' lang='lat' dir='ltr'><strong>{omnia</strong></span> <span class='ocrx_word' id='word_1_414' title='bbox 1551 1459 1663 1490; x_wconf 88' lang='lat' dir='ltr'><strong>lumine</strong></span> <span class='ocrx_word' id='word_1_415' title='bbox 1677 1468 1761 1489; x_wconf 88' lang='lat' dir='ltr'><strong>com-</strong></span> 
     </span>
    </p>
   </div>
   <div class='ocr_carea' id='block_1_62' title="bbox 940 1503 1764 1543">
    <p class='ocr_par' dir='ltr' id='par_1_62' title="bbox 940 1503 1764 1543">
     <span class='ocr_line' id='line_1_62' title="bbox 940 1503 1764 1543; baseline 0.004 -10"><span class='ocrx_word' id='word_1_416' title='bbox 940 1503 1034 1543; x_wconf 87' lang='lat' dir='ltr'><strong>plere,</strong></span> <span class='ocrx_word' id='word_1_417' title='bbox 1064 1514 1130 1535; x_wconf 92' lang='lat' dir='ltr'><strong>cum</strong></span> <span class='ocrx_word' id='word_1_418' title='bbox 1161 1506 1320 1536; x_wconf 84' lang='lat' dir='ltr'><strong>occiduum</strong></span> <span class='ocrx_word' id='word_1_419' title='bbox 1337 1505 1489 1537; x_wconf 81' lang='lat' dir='ltr'><strong>ﬁnientem</strong></span> <span class='ocrx_word' id='word_1_420' title='bbox 1518 1505 1609 1538; x_wconf 90' lang='lat' dir='ltr'><strong>subit.</strong></span> <span class='ocrx_word' id='word_1_421' title='bbox 1640 1505 1675 1536; x_wconf 87' lang='lat' dir='ltr'><strong>Et</strong></span> <span class='ocrx_word' id='word_1_422' title='bbox 1701 1505 1764 1536; x_wconf 61' lang='lat' dir='ltr'><strong>hac</strong></span> 
     </span>
    </p>
   </div>
   <div class='ocr_carea' id='block_1_63' title="bbox 73 1546 1760 1590">
    <p class='ocr_par' dir='ltr' id='par_1_63' title="bbox 73 1546 1760 1590">
     <span class='ocr_line' id='line_1_63' title="bbox 73 1546 1760 1590; baseline -0.001 -10"><span class='ocrx_word' id='word_1_423' title='bbox 73 1551 169 1590; x_wconf 87' lang='lat' dir='ltr'><strong>prima</strong></span> <span class='ocrx_word' id='word_1_424' title='bbox 194 1551 268 1581; x_wconf 86' lang='lat' dir='ltr'><strong>ratio</strong></span> <span class='ocrx_word' id='word_1_425' title='bbox 284 1550 374 1581; x_wconf 86' lang='lat' dir='ltr'><strong>fuerit</strong></span> <span class='ocrx_word' id='word_1_426' title='bbox 390 1550 425 1581; x_wconf 90' lang='lat' dir='ltr'><strong>ad</strong></span> <span class='ocrx_word' id='word_1_427' title='bbox 441 1549 627 1581; x_wconf 82' lang='lat' dir='ltr'><strong>adversarios</strong></span> <span class='ocrx_word' id='word_1_428' title='bbox 636 1547 826 1582; x_wconf 84' lang='lat' dir='ltr'><strong>rofellendos,</strong></span> <span class='ocrx_word' id='word_1_429' title='bbox 838 1546 927 1577; x_wconf 83' lang='lat' dir='ltr'><strong>unius</strong></span> <span class='ocrx_word' id='word_1_430' title='bbox 937 1558 973 1578; x_wconf 84' lang='lat' dir='ltr'><strong>ex</strong></span> <span class='ocrx_word' id='word_1_431' title='bbox 988 1548 1046 1579; x_wconf 92' lang='lat' dir='ltr'><strong>illis</strong></span> <span class='ocrx_word' id='word_1_432' title='bbox 1062 1549 1157 1580; x_wconf 88' lang='lat' dir='ltr'><strong>modis</strong></span> <span class='ocrx_word' id='word_1_433' title='bbox 1174 1558 1181 1587; x_wconf 86' lang='lat'><strong>;</strong></span> <span class='ocrx_word' id='word_1_434' title='bbox 1199 1559 1272 1590; x_wconf 93' lang='lat' dir='ltr'><strong>quos</strong></span> <span class='ocrx_word' id='word_1_435' title='bbox 1287 1549 1340 1580; x_wconf 91' lang='lat' dir='ltr'><strong>tibi</strong></span> <span class='ocrx_word' id='word_1_436' title='bbox 1366 1550 1523 1581; x_wconf 81' lang='lat' dir='ltr'><strong>tradendos</strong></span> <span class='ocrx_word' id='word_1_437' title='bbox 1539 1559 1605 1581; x_wconf 89' lang='lat' dir='ltr'><strong>esse</strong></span> <span class='ocrx_word' id='word_1_438' title='bbox 1619 1549 1760 1580; x_wconf 76' lang='lat' dir='ltr'><strong>diximus.</strong></span> 
     </span>
    </p>
   </div>
   <div class='ocr_carea' id='block_1_64' title="bbox 72 1591 1762 1635">
    <p class='ocr_par' dir='ltr' id='par_1_64' title="bbox 72 1591 1762 1635">
     <span class='ocr_line' id='line_1_64' title="bbox 72 1591 1762 1635; baseline -0.001 -9"><span class='ocrx_word' id='word_1_439' title='bbox 72 1595 207 1632; x_wconf 77' lang='lat' dir='ltr'><strong>Etenim,</strong></span> <span class='ocrx_word' id='word_1_440' title='bbox 225 1597 276 1635; x_wconf 94' lang='lat' dir='ltr'><strong>qui</strong></span> <span class='ocrx_word' id='word_1_441' title='bbox 292 1595 409 1626; x_wconf 84' lang='lat' dir='ltr'><strong>ratione</strong></span> <span class='ocrx_word' id='word_1_442' title='bbox 424 1594 592 1634; x_wconf 87' lang='lat' dir='ltr'><strong>dijudicare</strong></span> <span class='ocrx_word' id='word_1_443' title='bbox 618 1591 725 1633; x_wconf 83' lang='lat' dir='ltr'><strong>poterit</strong></span> <span class='ocrx_word' id='word_1_444' title='bbox 748 1591 859 1631; x_wconf 89' lang='lat' dir='ltr'><strong>absque</strong></span> <span class='ocrx_word' id='word_1_445' title='bbox 881 1591 940 1622; x_wconf 88' lang='lat' dir='ltr'><strong>ulla</strong></span> <span class='ocrx_word' id='word_1_446' title='bbox 961 1592 1146 1625; x_wconf 71' lang='lat' dir='ltr'><strong>hazsitaiione</strong></span> <span class='ocrx_word' id='word_1_447' title='bbox 1170 1599 1374 1625; x_wconf 88' lang='lat' dir='ltr'><strong>asseveranter</strong></span> <span class='ocrx_word' id='word_1_448' title='bbox 1390 1595 1477 1626; x_wconf 90' lang='lat' dir='ltr'><strong>nimis</strong></span> <span class='ocrx_word' id='word_1_449' title='bbox 1490 1594 1568 1626; x_wconf 88' lang='lat' dir='ltr'><strong>dicta</strong></span> <span class='ocrx_word' id='word_1_450' title='bbox 1583 1594 1646 1625; x_wconf 72' lang='lat' dir='ltr'><strong>haec</strong></span> <span class='ocrx_word' id='word_1_451' title='bbox 1662 1599 1762 1625; x_wconf 90' lang='lat' dir='ltr'><strong>nostra</strong></span> 
     </span>
    </p>
   </div>
   <div class='ocr_carea' id='block_1_65' title="bbox 73 1639 228 1670">
    <p class='ocr_par' dir='ltr' id='par_1_65' title="bbox 73 1639 228 1670">
     <span class='ocr_line' id='line_1_65' title="bbox 73 1639 228 1670; baseline 0.006 -1"><span class='ocrx_word' id='word_1_452' title='bbox 73 1639 228 1670; x_wconf 87' lang='lat' dir='ltr'><strong>decernet.</strong></span> 
     </span>
    </p>
   </div>
   <div class='ocr_carea' id='block_1_66' title="bbox 112 1682 1334 1724">
    <p class='ocr_par' dir='ltr' id='par_1_66' title="bbox 112 1682 1334 1724">
     <span class='ocr_line' id='line_1_66' title="bbox 112 1682 1334 1724; baseline -0.001 -13"><span class='ocrx_word' id='word_1_453' title='bbox 112 1683 147 1714; x_wconf 82' lang='grc' dir='ltr'><strong>δ’.</strong></span> <span class='ocrx_word' id='word_1_454' title='bbox 164 1686 264 1712; x_wconf 78' lang='grc' dir='ltr'>Λοιπὸν</span> <span class='ocrx_word' id='word_1_455' title='bbox 280 1683 307 1712; x_wconf 79' lang='grc' dir='ltr'>δὲ</span> <span class='ocrx_word' id='word_1_456' title='bbox 321 1685 389 1722; x_wconf 75' lang='grc' dir='ltr'>ἡμῖν</span> <span class='ocrx_word' id='word_1_457' title='bbox 410 1683 506 1723; x_wconf 73' lang='grc' dir='ltr'>ἆπάρτι</span> <span class='ocrx_word' id='word_1_458' title='bbox 532 1683 587 1712; x_wconf 76' lang='grc' dir='ltr'>ἐστὶ</span> <span class='ocrx_word' id='word_1_459' title='bbox 614 1683 658 1711; x_wconf 73' lang='grc' dir='ltr'>καὶ</span> <span class='ocrx_word' id='word_1_460' title='bbox 685 1685 733 1711; x_wconf 81' lang='grc' dir='ltr'>τοῦ</span> <span class='ocrx_word' id='word_1_461' title='bbox 760 1682 828 1710; x_wconf 79' lang='grc' dir='ltr'>κατὰ</span> <span class='ocrx_word' id='word_1_462' title='bbox 848 1682 926 1715; x_wconf 78' lang='grc' dir='ltr'>τὴνο</span> <span class='ocrx_word' id='word_1_463' title='bbox 978 1683 1009 1713; x_wconf 76' lang='grc'>4,</span> <span class='ocrx_word' id='word_1_464' title='bbox 1027 1682 1111 1714; x_wconf 84' lang='lat' dir='ltr'><strong>Nunc</strong></span> <span class='ocrx_word' id='word_1_465' title='bbox 1123 1683 1271 1724; x_wconf 82' lang='lat' dir='ltr'><strong>rleiquum</strong></span> <span class='ocrx_word' id='word_1_466' title='bbox 1284 1688 1334 1724; x_wconf 63' lang='lat' dir='ltr'><strong>est1</strong></span> 
     </span>
    </p>
   </div>
   <div class='ocr_carea' id='block_1_67' title="bbox 929 1682 1761 1724">
    <p class='ocr_par' dir='ltr' id='par_1_67' title="bbox 978 1682 1761 1724">
     <span class='ocr_line' id='line_1_67' title="bbox 978 1682 1761 1724; baseline 0.001 -11"><span class='ocrx_word' id='word_1_467' title='bbox 978 1683 1009 1713; x_wconf 78' lang='lat'><strong>4.</strong></span> <span class='ocrx_word' id='word_1_468' title='bbox 1027 1682 1111 1714; x_wconf 90' lang='lat' dir='ltr'><strong>Nunc</strong></span> <span class='ocrx_word' id='word_1_469' title='bbox 1123 1683 1271 1724; x_wconf 86' lang='lat' dir='ltr'><strong>rleiquum</strong></span> <span class='ocrx_word' id='word_1_470' title='bbox 1284 1688 1339 1724; x_wconf 87' lang='lat' dir='ltr'><strong>est,</strong></span> <span class='ocrx_word' id='word_1_471' title='bbox 1352 1688 1380 1715; x_wconf 93' lang='lat' dir='ltr'><strong>et</strong></span> <span class='ocrx_word' id='word_1_472' title='bbox 1395 1683 1761 1723; x_wconf 63' lang='lat' dir='ltr'><strong>demonstrationem,quw</strong></span> 
     </span>
    </p>
   </div>
   <div class='ocr_carea' id='block_1_68' title="bbox 73 1725 896 1768">
    <p class='ocr_par' dir='ltr' id='par_1_68' title="bbox 73 1725 896 1768">
     <span class='ocr_line' id='line_1_68' title="bbox 73 1725 896 1768; baseline -0.002 -12"><span class='ocrx_word' id='word_1_473' title='bbox 73 1729 124 1757; x_wconf 76' lang='grc' dir='ltr'>ἀπὸ</span> <span class='ocrx_word' id='word_1_474' title='bbox 166 1730 222 1757; x_wconf 82' lang='grc' dir='ltr'>τῶν</span> <span class='ocrx_word' id='word_1_475' title='bbox 245 1731 352 1768; x_wconf 74' lang='grc' dir='ltr'>γραφῶν</span> <span class='ocrx_word' id='word_1_476' title='bbox 405 1728 584 1767; x_wconf 80' lang='grc' dir='ltr'>συναγόμενου</span> <span class='ocrx_word' id='word_1_477' title='bbox 617 1726 749 1759; x_wconf 77' lang='grc' dir='ltr'>ἀπόδειξιν</span> <span class='ocrx_word' id='word_1_478' title='bbox 778 1725 896 1766; x_wconf 75' lang='grc' dir='ltr'>δεύτερου</span> 
     </span>
    </p>
   </div>
   <div class='ocr_carea' id='block_1_69' title="bbox 72 1768 896 1812">
    <p class='ocr_par' dir='ltr' id='par_1_69' title="bbox 72 1768 896 1812">
     <span class='ocr_line' id='line_1_69' title="bbox 72 1768 896 1812; baseline -0.002 -12"><span class='ocrx_word' id='word_1_479' title='bbox 72 1774 170 1812; x_wconf 77' lang='grc' dir='ltr'>τρόπου</span> <span class='ocrx_word' id='word_1_480' title='bbox 234 1773 439 1811; x_wconf 71' lang='grc' dir='ltr'>ἐπιμνησθῆναι.</span> <span class='ocrx_word' id='word_1_481' title='bbox 486 1768 514 1802; x_wconf 69' lang='grc' dir='ltr'>Ὀ</span> <span class='ocrx_word' id='word_1_482' title='bbox 548 1772 598 1811; x_wconf 78' lang='grc' dir='ltr'><strong>γὰρ</strong></span> <span class='ocrx_word' id='word_1_483' title='bbox 640 1771 724 1810; x_wconf 73' lang='grc' dir='ltr'>μέγας</span> <span class='ocrx_word' id='word_1_484' title='bbox 762 1770 896 1803; x_wconf 83' lang='grc' dir='ltr'>Βασίλειος</span> 
     </span>
    </p>
   </div>
   <div class='ocr_carea' id='block_1_70' title="bbox 73 1814 898 1857">
    <p class='ocr_par' dir='ltr' id='par_1_70' title="bbox 73 1814 898 1857">
     <span class='ocr_line' id='line_1_70' title="bbox 73 1814 898 1857; baseline -0.002 -13"><span class='ocrx_word' id='word_1_485' title='bbox 73 1817 203 1855; x_wconf 71' lang='grc' dir='ltr'>ἀξιώματι</span> <span class='ocrx_word' id='word_1_486' title='bbox 238 1817 393 1857; x_wconf 79' lang='grc' dir='ltr'>δευτερεύειν</span> <span class='ocrx_word' id='word_1_487' title='bbox 420 1818 467 1845; x_wconf 80' lang='grc' dir='ltr'>τοῦ</span> <span class='ocrx_word' id='word_1_488' title='bbox 496 1817 557 1845; x_wconf 79' lang='grc' dir='ltr'><strong>Υἱοῦ</strong></span> <span class='ocrx_word' id='word_1_489' title='bbox 593 1816 624 1844; x_wconf 81' lang='grc' dir='ltr'><strong>τὸ</strong></span> <span class='ocrx_word' id='word_1_490' title='bbox 652 1819 759 1853; x_wconf 71' lang='grc' dir='ltr'>Πνεν”μα</span> <span class='ocrx_word' id='word_1_491' title='bbox 786 1814 898 1853; x_wconf 83' lang='grc' dir='ltr'>δεξάμε-</span> 
     </span>
    </p>
   </div>
   <div class='ocr_carea' id='block_1_71' title="bbox 72 1858 899 1901">
    <p class='ocr_par' dir='ltr' id='par_1_71' title="bbox 72 1858 899 1901">
     <span class='ocr_line' id='line_1_71' title="bbox 72 1858 899 1901; baseline -0.004 -11"><span class='ocrx_word' id='word_1_492' title='bbox 72 1873 125 1901; x_wconf 75' lang='grc' dir='ltr'>νος,</span> <span class='ocrx_word' id='word_1_493' title='bbox 163 1862 210 1890; x_wconf 73' lang='grc' dir='ltr'>καὶ</span> <span class='ocrx_word' id='word_1_494' title='bbox 231 1861 375 1901; x_wconf 77' lang='grc' dir='ltr'>παράδοσιν</span> <span class='ocrx_word' id='word_1_495' title='bbox 396 1860 527 1892; x_wconf 73' lang='grc' dir='ltr'>εὐσεϐείας</span> <span class='ocrx_word' id='word_1_496' title='bbox 556 1861 585 1888; x_wconf 77' lang='grc' dir='ltr'><strong>τὸ</strong></span> <span class='ocrx_word' id='word_1_497' title='bbox 607 1863 725 1889; x_wconf 74' lang='grc' dir='ltr'>τοιοῦτον</span> <span class='ocrx_word' id='word_1_498' title='bbox 753 1858 899 1899; x_wconf 78' lang='grc' dir='ltr'>δευτερεῖον</span> 
     </span>
    </p>
   </div>
   <div class='ocr_carea' id='block_1_72' title="bbox 72 1902 899 1943">
    <p class='ocr_par' dir='ltr' id='par_1_72' title="bbox 72 1902 899 1943">
     <span class='ocr_line' id='line_1_72' title="bbox 72 1902 899 1943; baseline -0.002 -10"><span class='ocrx_word' id='word_1_499' title='bbox 72 1907 155 1934; x_wconf 71' lang='grc' dir='ltr'>εἰπεῖν</span> <span class='ocrx_word' id='word_1_500' title='bbox 192 1907 240 1934; x_wconf 70' lang='grc' dir='ltr'><strong>οὒκ</strong></span> <span class='ocrx_word' id='word_1_501' title='bbox 264 1905 496 1943; x_wconf 75' lang='grc' dir='ltr'>ὑποστειλάμενος,</span> <span class='ocrx_word' id='word_1_502' title='bbox 527 1906 691 1937; x_wconf 80' lang='grc' dir='ltr'>κατασκετῆς</span> <span class='ocrx_word' id='word_1_503' title='bbox 722 1902 828 1941; x_wconf 72' lang='grc' dir='ltr'>ἐδεήθη,</span> <span class='ocrx_word' id='word_1_504' title='bbox 864 1902 899 1931; x_wconf 84' lang='grc' dir='ltr'>δι’</span> 
     </span>
    </p>
   </div>
   <div class='ocr_carea' id='block_1_73' title="bbox 72 1947 896 1990">
    <p class='ocr_par' dir='ltr' id='par_1_73' title="bbox 72 1947 896 1990">
     <span class='ocr_line' id='line_1_73' title="bbox 72 1947 896 1990; baseline -0.002 -12"><span class='ocrx_word' id='word_1_505' title='bbox 72 1953 102 1983; x_wconf 75' lang='grc' dir='ltr'>ἧς</span> <span class='ocrx_word' id='word_1_506' title='bbox 119 1950 151 1978; x_wconf 79' lang='grc' dir='ltr'><strong>ἂν</strong></span> <span class='ocrx_word' id='word_1_507' title='bbox 173 1950 278 1984; x_wconf 77' lang='grc' dir='ltr'>ἀληθὴς</span> <span class='ocrx_word' id='word_1_508' title='bbox 293 1952 306 1978; x_wconf 79' lang='grc' dir='ltr'>ὁ</span> <span class='ocrx_word' id='word_1_509' title='bbox 321 1950 401 1989; x_wconf 79' lang='grc' dir='ltr'>λόγος</span> <span class='ocrx_word' id='word_1_510' title='bbox 429 1950 584 1990; x_wconf 75' lang='grc' dir='ltr'>ἀναφανείη,</span> <span class='ocrx_word' id='word_1_511' title='bbox 616 1951 630 1977; x_wconf 84' lang='lat'><strong>6</strong></span> <span class='ocrx_word' id='word_1_512' title='bbox 659 1947 803 1988; x_wconf 83' lang='grc' dir='ltr'>παράδοσιν</span> <span class='ocrx_word' id='word_1_513' title='bbox 819 1949 896 1977; x_wconf 79' lang='grc' dir='ltr'>εὗσε-</span> 
     </span>
    </p>
   </div>
   <div class='ocr_carea' id='block_1_74' title="bbox 73 1991 897 2033">
    <p class='ocr_par' dir='ltr' id='par_1_74' title="bbox 73 1991 897 2033">
     <span class='ocr_line' id='line_1_74' title="bbox 73 1991 897 2033; baseline -0.004 -10"><span class='ocrx_word' id='word_1_514' title='bbox 73 1993 142 2027; x_wconf 72' lang='grc' dir='ltr'>ὗείας</span> <span class='ocrx_word' id='word_1_515' title='bbox 170 1994 315 2023; x_wconf 79' lang='grc' dir='ltr'>ἀποκαλῶν</span> <span class='ocrx_word' id='word_1_516' title='bbox 350 1995 381 2022; x_wconf 83' lang='grc' dir='ltr'><strong>τὸ</strong></span> <span class='ocrx_word' id='word_1_517' title='bbox 409 1995 474 2033; x_wconf 78' lang='grc' dir='ltr'>πρὸς</span> <span class='ocrx_word' id='word_1_518' title='bbox 503 1994 548 2022; x_wconf 81' lang='grc' dir='ltr'><strong>τὸν</strong></span> <span class='ocrx_word' id='word_1_519' title='bbox 594 1993 652 2022; x_wconf 72' lang='grc' dir='ltr'><strong>Υέὸν</strong></span> <span class='ocrx_word' id='word_1_520' title='bbox 679 1991 824 2032; x_wconf 71' lang='grc' dir='ltr'>δευτερεῖον</span> <span class='ocrx_word' id='word_1_521' title='bbox 852 1996 897 2021; x_wconf 76' lang='grc' dir='ltr'>τοὺ</span> 
     </span>
    </p>
   </div>
   <div class='ocr_carea' id='block_1_75' title="bbox 74 2036 895 2078">
    <p class='ocr_par' dir='ltr' id='par_1_75' title="bbox 74 2036 895 2078">
     <span class='ocr_line' id='line_1_75' title="bbox 74 2036 895 2078; baseline -0.005 -10"><span class='ocrx_word' id='word_1_522' title='bbox 74 2040 236 2078; x_wconf 77' lang='grc' dir='ltr'>Πνεύματος.</span> <span class='ocrx_word' id='word_1_523' title='bbox 266 2040 313 2068; x_wconf 77' lang='grc' dir='ltr'>Καὶ</span> <span class='ocrx_word' id='word_1_524' title='bbox 354 2039 410 2066; x_wconf 82' lang='grc' dir='ltr'>ἐπεὶ</span> <span class='ocrx_word' id='word_1_525' title='bbox 439 2038 497 2066; x_wconf 73' lang='grc' dir='ltr'>οὔτε</span> <span class='ocrx_word' id='word_1_526' title='bbox 545 2038 613 2066; x_wconf 82' lang='grc' dir='ltr'>κατὰ</span> <span class='ocrx_word' id='word_1_527' title='bbox 653 2037 750 2078; x_wconf 77' lang='grc' dir='ltr'>χρόνον</span> <span class='ocrx_word' id='word_1_528' title='bbox 778 2036 834 2074; x_wconf 79' lang='grc' dir='ltr'>ᾔδει</span> <span class='ocrx_word' id='word_1_529' title='bbox 865 2038 895 2065; x_wconf 76' lang='grc' dir='ltr'><strong>τὸ</strong></span> 
     </span>
    </p>
   </div>
   <div class='ocr_carea' id='block_1_76' title="bbox 74 2081 896 2122">
    <p class='ocr_par' dir='ltr' id='par_1_76' title="bbox 74 2081 896 2122">
     <span class='ocr_line' id='line_1_76' title="bbox 74 2081 896 2122; baseline -0.002 -10"><span class='ocrx_word' id='word_1_530' title='bbox 74 2085 178 2121; x_wconf 70' lang='grc' dir='ltr'>Πνεῦμα</span> <span class='ocrx_word' id='word_1_531' title='bbox 222 2083 369 2122; x_wconf 75' lang='grc' dir='ltr'>δευτερεῦον</span> <span class='ocrx_word' id='word_1_532' title='bbox 413 2082 474 2111; x_wconf 84' lang='grc' dir='ltr'>Υἱοῦ</span> <span class='ocrx_word' id='word_1_533' title='bbox 516 2086 554 2120; x_wconf 81' lang='grc' dir='ltr'><strong>τῷ</strong></span> <span class='ocrx_word' id='word_1_534' title='bbox 581 2081 721 2119; x_wconf 76' lang='grc' dir='ltr'>ἀξιώματι,</span> <span class='ocrx_word' id='word_1_535' title='bbox 754 2081 811 2110; x_wconf 73' lang='grc' dir='ltr'>οὔτε</span> <span class='ocrx_word' id='word_1_536' title='bbox 839 2081 896 2110; x_wconf 88' lang='grc' dir='ltr'>καθ’</span> 
     </span>
    </p>
   </div>
   <div class='ocr_carea' id='block_1_77' title="bbox 72 2125 896 2166">
    <p class='ocr_par' dir='ltr' id='par_1_77' title="bbox 72 2125 896 2166">
     <span class='ocr_line' id='line_1_77' title="bbox 72 2125 896 2166; baseline -0.005 -9"><span class='ocrx_word' id='word_1_537' title='bbox 72 2127 254 2166; x_wconf 73' lang='grc' dir='ltr'>ὒποϐιϐασμόν</span> <span class='ocrx_word' id='word_1_538' title='bbox 287 2138 345 2158; x_wconf 80' lang='grc' dir='ltr'>τινα</span> <span class='ocrx_word' id='word_1_539' title='bbox 373 2126 461 2161; x_wconf 78' lang='grc' dir='ltr'>δόξης,</span> <span class='ocrx_word' id='word_1_540' title='bbox 501 2126 624 2160; x_wconf 75' lang='grc' dir='ltr'>ἶσοκλεῆς</span> <span class='ocrx_word' id='word_1_541' title='bbox 659 2127 708 2166; x_wconf 78' lang='grc' dir='ltr'><strong>γὰρ</strong></span> <span class='ocrx_word' id='word_1_542' title='bbox 756 2127 773 2160; x_wconf 82' lang='grc' dir='ltr'><strong>ἡ</strong></span> <span class='ocrx_word' id='word_1_543' title='bbox 803 2125 896 2159; x_wconf 79' lang='grc' dir='ltr'>θεότης</span> 
     </span>
    </p>
   </div>
   <div class='ocr_carea' id='block_1_78' title="bbox 72 2171 895 2212">
    <p class='ocr_par' dir='ltr' id='par_1_78' title="bbox 72 2171 895 2212">
     <span class='ocr_line' id='line_1_78' title="bbox 72 2171 895 2212; baseline -0.001 -13"><span class='ocrx_word' id='word_1_544' title='bbox 72 2171 180 2212; x_wconf 51' lang='grc' dir='ltr'>ἀμφοῖν,</span> <span class='ocrx_word' id='word_1_545' title='bbox 197 2171 256 2200; x_wconf 69' lang='grc' dir='ltr'>οὔτε</span> <span class='ocrx_word' id='word_1_546' title='bbox 277 2173 345 2200; x_wconf 82' lang='grc' dir='ltr'>κατά</span> <span class='ocrx_word' id='word_1_547' title='bbox 359 2183 417 2200; x_wconf 82' lang='grc' dir='ltr'>τινα</span> <span class='ocrx_word' id='word_1_548' title='bbox 432 2171 512 2210; x_wconf 83' lang='grc' dir='ltr'>λόγον</span> <span class='ocrx_word' id='word_1_549' title='bbox 532 2171 624 2206; x_wconf 76' lang='grc' dir='ltr'>ἄλλον,</span> <span class='ocrx_word' id='word_1_550' title='bbox 640 2172 683 2202; x_wconf 81' lang='grc' dir='ltr'>οἷς</span> <span class='ocrx_word' id='word_1_551' title='bbox 720 2171 752 2198; x_wconf 81' lang='grc' dir='ltr'><strong>τὰ</strong></span> <span class='ocrx_word' id='word_1_552' title='bbox 783 2171 848 2209; x_wconf 79' lang='grc' dir='ltr'>πρὸς</span> <span class='ocrx_word' id='word_1_553' title='bbox 869 2181 895 2198; x_wconf 83' lang='grc' dir='ltr'><strong>τι</strong></span> 
     </span>
    </p>
   </div>
   <div class='ocr_carea' id='block_1_79' title="bbox 71 2215 892 2256">
    <p class='ocr_par' dir='ltr' id='par_1_79' title="bbox 71 2215 892 2256">
     <span class='ocr_line' id='line_1_79' title="bbox 71 2215 892 2256; baseline -0.004 -11"><span class='ocrx_word' id='word_1_554' title='bbox 71 2218 99 2244; x_wconf 72' lang='grc' dir='ltr'>τὸ</span> <span class='ocrx_word' id='word_1_555' title='bbox 124 2216 272 2256; x_wconf 67' lang='grc' dir='ltr'>δευτερεῖον</span> <span class='ocrx_word' id='word_1_556' title='bbox 320 2216 418 2256; x_wconf 68' lang='grc' dir='ltr'>ἔχοντα</span> <span class='ocrx_word' id='word_1_557' title='bbox 447 2220 500 2244; x_wconf 85' lang='grc' dir='ltr'>τῶν</span> <span class='ocrx_word' id='word_1_558' title='bbox 528 2216 730 2255; x_wconf 86' lang='grc' dir='ltr'>πρωτευνόντων</span> <span class='ocrx_word' id='word_1_559' title='bbox 765 2215 892 2254; x_wconf 75' lang='grc' dir='ltr'>ὑφίενται,</span> 
     </span>
    </p>
   </div>
   <div class='ocr_carea' id='block_1_80' title="bbox 71 2259 894 2300">
    <p class='ocr_par' dir='ltr' id='par_1_80' title="bbox 71 2259 894 2300">
     <span class='ocr_line' id='line_1_80' title="bbox 71 2259 894 2300; baseline -0.002 -12"><span class='ocrx_word' id='word_1_560' title='bbox 71 2260 126 2289; x_wconf 65' lang='grc' dir='ltr'>ἀλλ’</span> <span class='ocrx_word' id='word_1_561' title='bbox 141 2261 188 2290; x_wconf 76' lang='grc' dir='ltr'>ἕνα</span> <span class='ocrx_word' id='word_1_562' title='bbox 225 2262 306 2296; x_wconf 85' lang='grc' dir='ltr'>μόνου</span> <span class='ocrx_word' id='word_1_563' title='bbox 335 2260 466 2292; x_wconf 68' lang='grc' dir='ltr'>εὗσεϐείας</span> <span class='ocrx_word' id='word_1_564' title='bbox 493 2261 635 2300; x_wconf 74' lang='grc' dir='ltr'>εγίνωσκεν</span> <span class='ocrx_word' id='word_1_565' title='bbox 662 2259 733 2300; x_wconf 76' lang='grc' dir='ltr'>ὅρον,</span> <span class='ocrx_word' id='word_1_566' title='bbox 749 2260 807 2287; x_wconf 82' lang='grc' dir='ltr'>καθ’</span> <span class='ocrx_word' id='word_1_567' title='bbox 821 2259 850 2287; x_wconf 71' lang='grc' dir='ltr'>ὃν</span> <span class='ocrx_word' id='word_1_568' title='bbox 864 2260 894 2287; x_wconf 80' lang='grc' dir='ltr'>τὸ</span> 
     </span>
    </p>
   </div>
   <div class='ocr_carea' id='block_1_81' title="bbox 71 2300 893 2345">
    <p class='ocr_par' dir='ltr' id='par_1_81' title="bbox 71 2300 893 2345">
     <span class='ocr_line' id='line_1_81' title="bbox 71 2300 893 2345; baseline -0.002 -12"><span class='ocrx_word' id='word_1_569' title='bbox 71 2307 173 2341; x_wconf 73' lang='grc' dir='ltr'>Πνεῦμα</span> <span class='ocrx_word' id='word_1_570' title='bbox 200 2311 247 2336; x_wconf 82' lang='grc' dir='ltr'>τοῦ</span> <span class='ocrx_word' id='word_1_571' title='bbox 274 2307 335 2334; x_wconf 80' lang='grc' dir='ltr'><strong>Υἱοῦ</strong></span> <span class='ocrx_word' id='word_1_572' title='bbox 363 2305 509 2345; x_wconf 61' lang='grc' dir='ltr'>ὰυτερεῦόν</span> <span class='ocrx_word' id='word_1_573' title='bbox 538 2305 619 2336; x_wconf 70' lang='grc' dir='ltr'>ἐστιν.</span> <span class='ocrx_word' id='word_1_574' title='bbox 649 2300 678 2333; x_wconf 80' lang='grc' dir='ltr'><em>Ὀ</em></span> <span class='ocrx_word' id='word_1_575' title='bbox 712 2303 739 2332; x_wconf 76' lang='grc' dir='ltr'>δὲ</span> <span class='ocrx_word' id='word_1_576' title='bbox 774 2303 847 2343; x_wconf 72' lang='grc' dir='ltr'>ὅρος,</span> <span class='ocrx_word' id='word_1_577' title='bbox 863 2304 893 2332; x_wconf 81' lang='grc' dir='ltr'>τὸ</span> 
     </span>
    </p>
   </div>
   <div class='ocr_carea' id='block_1_82' title="bbox 69 2348 893 2390">
    <p class='ocr_par' dir='ltr' id='par_1_82' title="bbox 69 2348 893 2390">
     <span class='ocr_line' id='line_1_82' title="bbox 69 2348 893 2390; baseline -0.001 -13"><span class='ocrx_word' id='word_1_578' title='bbox 69 2349 100 2378; x_wconf 77' lang='grc' dir='ltr'>δι’</span> <span class='ocrx_word' id='word_1_579' title='bbox 127 2351 208 2379; x_wconf 73' lang='grc' dir='ltr'>αὑτοῦ</span> <span class='ocrx_word' id='word_1_580' title='bbox 236 2350 310 2390; x_wconf 69' lang='grc' dir='ltr'>ἔχειν</span> <span class='ocrx_word' id='word_1_581' title='bbox 338 2351 368 2378; x_wconf 84' lang='grc' dir='ltr'>τὸ</span> <span class='ocrx_word' id='word_1_582' title='bbox 396 2352 477 2386; x_wconf 85' lang='grc' dir='ltr'>εἶναι,</span> <span class='ocrx_word' id='word_1_583' title='bbox 501 2351 545 2378; x_wconf 79' lang='grc' dir='ltr'><strong>καὶ</strong></span> <span class='ocrx_word' id='word_1_584' title='bbox 579 2350 646 2378; x_wconf 81' lang='grc' dir='ltr'>κατὰ</span> <span class='ocrx_word' id='word_1_585' title='bbox 678 2354 768 2385; x_wconf 78' lang='grc' dir='ltr'>τοῦτο,</span> <span class='ocrx_word' id='word_1_586' title='bbox 802 2350 846 2376; x_wconf 83' lang='grc' dir='ltr'>καὶ</span> <span class='ocrx_word' id='word_1_587' title='bbox 867 2348 893 2382; x_wconf 73' lang='grc' dir='ltr'><strong>ἒξ</strong></span> 
     </span>
    </p>
   </div>
   <div class='ocr_carea' id='block_1_83' title="bbox 71 2392 893 2435">
    <p class='ocr_par' dir='ltr' id='par_1_83' title="bbox 71 2392 893 2435">
     <span class='ocr_line' id='line_1_83' title="bbox 71 2392 893 2435; baseline -0.001 -13"><span class='ocrx_word' id='word_1_588' title='bbox 71 2395 160 2432; x_wconf 73' lang='grc' dir='ltr'>αὒτου,</span> <span class='ocrx_word' id='word_1_589' title='bbox 191 2395 290 2435; x_wconf 66' lang='grc' dir='ltr'>ἔφησεν</span> <span class='ocrx_word' id='word_1_590' title='bbox 319 2395 387 2424; x_wconf 77' lang='grc' dir='ltr'>οὕτω</span> <span class='ocrx_word' id='word_1_591' title='bbox 405 2403 412 2410; x_wconf 88' lang='grc'><strong>·</strong></span> <span class='ocrx_word' id='word_1_592' title='bbox 447 2406 458 2422; x_wconf 82' lang='grc' dir='ltr'>ι</span> <span class='ocrx_word' id='word_1_593' title='bbox 477 2393 620 2433; x_wconf 79' lang='grc' dir='ltr'>Ἀξιώματι</span> <span class='ocrx_word' id='word_1_594' title='bbox 650 2394 699 2432; x_wconf 80' lang='grc' dir='ltr'>μὲν</span> <span class='ocrx_word' id='word_1_595' title='bbox 726 2394 776 2433; x_wconf 83' lang='grc' dir='ltr'><strong>γὰρ</strong></span> <span class='ocrx_word' id='word_1_596' title='bbox 804 2392 893 2421; x_wconf 83' lang='grc' dir='ltr'>δευτε-</span> 
     </span>
    </p>
   </div>
   <div class='ocr_carea' id='block_1_84' title="bbox 72 2437 894 2479">
    <p class='ocr_par' dir='ltr' id='par_1_84' title="bbox 72 2437 894 2479">
     <span class='ocr_line' id='line_1_84' title="bbox 72 2437 894 2479; baseline -0.002 -12"><span class='ocrx_word' id='word_1_597' title='bbox 72 2441 150 2478; x_wconf 76' lang='grc' dir='ltr'>ρεύειν</span> <span class='ocrx_word' id='word_1_598' title='bbox 166 2444 212 2469; x_wconf 77' lang='grc' dir='ltr'><strong>τοῦ</strong></span> <span class='ocrx_word' id='word_1_599' title='bbox 227 2441 296 2477; x_wconf 77' lang='grc' dir='ltr'>Υἱοῦ,</span> <span class='ocrx_word' id='word_1_600' title='bbox 323 2440 385 2479; x_wconf 82' lang='grc' dir='ltr'>παρ’</span> <span class='ocrx_word' id='word_1_601' title='bbox 418 2440 495 2468; x_wconf 71' lang='grc' dir='ltr'>αὐτου</span> <span class='ocrx_word' id='word_1_602' title='bbox 515 2440 546 2468; x_wconf 82' lang='grc' dir='ltr'>τὸ</span> <span class='ocrx_word' id='word_1_603' title='bbox 567 2439 638 2468; x_wconf 80' lang='grc' dir='ltr'>εἶναι</span> <span class='ocrx_word' id='word_1_604' title='bbox 667 2439 744 2479; x_wconf 78' lang='grc' dir='ltr'>ἔχον,</span> <span class='ocrx_word' id='word_1_605' title='bbox 773 2439 816 2466; x_wconf 83' lang='grc' dir='ltr'><strong>καὶ</strong></span> <span class='ocrx_word' id='word_1_606' title='bbox 832 2437 894 2478; x_wconf 89' lang='grc' dir='ltr'>παρ’</span> 
     </span>
    </p>
   </div>
   <div class='ocr_carea' id='block_1_85' title="bbox 71 2482 894 2523">
    <p class='ocr_par' dir='ltr' id='par_1_85' title="bbox 71 2482 894 2523">
     <span class='ocr_line' id='line_1_85' title="bbox 71 2482 894 2523; baseline -0.002 -11"><span class='ocrx_word' id='word_1_607' title='bbox 71 2485 147 2513; x_wconf 67' lang='grc' dir='ltr'>αὖτοῦ</span> <span class='ocrx_word' id='word_1_608' title='bbox 174 2483 322 2522; x_wconf 72' lang='grc' dir='ltr'>λαμϐάνον,</span> <span class='ocrx_word' id='word_1_609' title='bbox 358 2485 403 2512; x_wconf 84' lang='grc' dir='ltr'><strong>καὶ</strong></span> <span class='ocrx_word' id='word_1_610' title='bbox 430 2483 592 2523; x_wconf 80' lang='grc' dir='ltr'>ἆναγγέλλον</span> <span class='ocrx_word' id='word_1_611' title='bbox 638 2485 718 2523; x_wconf 73' lang='grc' dir='ltr'>ἡμῖν,</span> <span class='ocrx_word' id='word_1_612' title='bbox 755 2483 797 2510; x_wconf 86' lang='grc' dir='ltr'><strong>καὶ</strong></span> <span class='ocrx_word' id='word_1_613' title='bbox 826 2482 894 2514; x_wconf 76' lang='grc' dir='ltr'>ὅλως</span> 
     </span>
    </p>
   </div>
   <div class='ocr_carea' id='block_1_86' title="bbox 70 2527 893 2568">
    <p class='ocr_par' dir='ltr' id='par_1_86' title="bbox 70 2527 893 2568">
     <span class='ocr_line' id='line_1_86' title="bbox 70 2527 893 2568; baseline -0.002 -13"><span class='ocrx_word' id='word_1_614' title='bbox 70 2528 169 2562; x_wconf 76' lang='grc' dir='ltr'>ἐκείνης</span> <span class='ocrx_word' id='word_1_615' title='bbox 205 2531 254 2563; x_wconf 77' lang='grc' dir='ltr'>τῆς</span> <span class='ocrx_word' id='word_1_616' title='bbox 291 2530 373 2561; x_wconf 81' lang='grc' dir='ltr'>αἰτίας</span> <span class='ocrx_word' id='word_1_617' title='bbox 411 2528 568 2567; x_wconf 76' lang='grc' dir='ltr'>ἐξημμένον,</span> <span class='ocrx_word' id='word_1_618' title='bbox 598 2527 772 2568; x_wconf 84' lang='grc' dir='ltr'>παραδίδωσιν</span> <span class='ocrx_word' id='word_1_619' title='bbox 807 2528 821 2554; x_wconf 87' lang='lat'><strong>6</strong></span> <span class='ocrx_word' id='word_1_620' title='bbox 844 2529 893 2560; x_wconf 84' lang='grc' dir='ltr'>τῆς</span> 
     </span>
    </p>
   </div>
   <div class='ocr_carea' id='block_1_87' title="bbox 70 2570 893 2613">
    <p class='ocr_par' dir='ltr' id='par_1_87' title="bbox 70 2570 893 2613">
     <span class='ocr_line' id='line_1_87' title="bbox 70 2570 893 2613; baseline -0.002 -13"><span class='ocrx_word' id='word_1_621' title='bbox 70 2572 197 2606; x_wconf 67' lang='grc' dir='ltr'>εὐσεϐείας</span> <span class='ocrx_word' id='word_1_622' title='bbox 213 2572 292 2613; x_wconf 81' lang='grc' dir='ltr'>λόγος</span> <span class='ocrx_word' id='word_1_623' title='bbox 310 2581 318 2588; x_wconf 90' lang='grc'>·</span> <span class='ocrx_word' id='word_1_624' title='bbox 335 2574 410 2613; x_wconf 74' lang='grc' dir='ltr'>φύσει</span> <span class='ocrx_word' id='word_1_625' title='bbox 433 2572 460 2601; x_wconf 70' lang='grc' dir='ltr'>δὲ</span> <span class='ocrx_word' id='word_1_626' title='bbox 492 2573 565 2612; x_wconf 79' lang='grc' dir='ltr'>τρίτῃ</span> <span class='ocrx_word' id='word_1_627' title='bbox 592 2574 707 2613; x_wconf 81' lang='grc' dir='ltr'>χρῆσθαι</span> <span class='ocrx_word' id='word_1_628' title='bbox 736 2570 794 2599; x_wconf 70' lang='grc' dir='ltr'>οὔτε</span> <span class='ocrx_word' id='word_1_629' title='bbox 823 2571 893 2610; x_wconf 80' lang='grc' dir='ltr'>παρὰ</span> 
     </span>
    </p>
   </div>
   <div class='ocr_carea' id='block_1_88' title="bbox 69 2615 892 2656">
    <p class='ocr_par' dir='ltr' id='par_1_88' title="bbox 69 2615 892 2656">
     <span class='ocr_line' id='line_1_88' title="bbox 69 2615 892 2656; baseline -0.002 -12"><span class='ocrx_word' id='word_1_630' title='bbox 69 2620 119 2644; x_wconf 79' lang='grc' dir='ltr'>τῶν</span> <span class='ocrx_word' id='word_1_631' title='bbox 153 2618 236 2656; x_wconf 76' lang='grc' dir='ltr'>ἁγίων</span> <span class='ocrx_word' id='word_1_632' title='bbox 265 2616 436 2656; x_wconf 68' lang='grc' dir='ltr'>δεδιδαγμεθα</span> <span class='ocrx_word' id='word_1_633' title='bbox 471 2619 580 2656; x_wconf 78' lang='grc' dir='ltr'>Γραφῶν</span> <span class='ocrx_word' id='word_1_634' title='bbox 608 2616 665 2645; x_wconf 58' lang='grc' dir='ltr'>οὔτε</span> <span class='ocrx_word' id='word_1_635' title='bbox 692 2616 722 2645; x_wconf 77' lang='grc' dir='ltr'>ἐκ</span> <span class='ocrx_word' id='word_1_636' title='bbox 742 2619 795 2644; x_wconf 86' lang='grc' dir='ltr'><strong>¹ιῶν</strong></span> <span class='ocrx_word' id='word_1_637' title='bbox 817 2615 892 2654; x_wconf 74' lang='grc' dir='ltr'>εἰρη-</span> 
     </span>
    </p>
   </div>
   <div class='ocr_carea' id='block_1_89' title="bbox 68 2660 888 2700">
    <p class='ocr_par' dir='ltr' id='par_1_89' title="bbox 68 2660 888 2700">
     <span class='ocr_line' id='line_1_89' title="bbox 68 2660 888 2700; baseline -0.004 -11"><span class='ocrx_word' id='word_1_638' title='bbox 68 2661 151 2697; x_wconf 75' lang='grc' dir='ltr'>μένων</span> <span class='ocrx_word' id='word_1_639' title='bbox 182 2662 250 2690; x_wconf 77' lang='grc' dir='ltr'>κατὰ</span> <span class='ocrx_word' id='word_1_640' title='bbox 277 2663 307 2690; x_wconf 82' lang='grc' dir='ltr'>τὸ</span> <span class='ocrx_word' id='word_1_641' title='bbox 342 2661 484 2690; x_wconf 74' lang='grc' dir='ltr'>ἀκόλουθον</span> <span class='ocrx_word' id='word_1_642' title='bbox 507 2660 613 2690; x_wconf 77' lang='grc' dir='ltr'>δυνατὸν</span> <span class='ocrx_word' id='word_1_643' title='bbox 642 2660 854 2700; x_wconf 78' lang='grc' dir='ltr'>συλλογίσασθαι,</span> <span class='ocrx_word' id='word_1_644' title='bbox 875 2671 888 2687; x_wconf 75' lang='grc' dir='ltr'><strong>ιο</strong></span> 
     </span>
    </p>
   </div>
   <div class='ocr_carea' id='block_1_90' title="bbox 68 2703 887 2746">
    <p class='ocr_par' dir='ltr' id='par_1_90' title="bbox 68 2703 887 2746">
     <span class='ocr_line' id='line_1_90' title="bbox 68 2703 887 2746; baseline -0.004 -12"><span class='ocrx_word' id='word_1_645' title='bbox 68 2706 118 2740; x_wconf 81' lang='grc' dir='ltr'><strong>Τὴν</strong></span> <span class='ocrx_word' id='word_1_646' title='bbox 135 2707 184 2744; x_wconf 77' lang='grc' dir='ltr'>μὲν</span> <span class='ocrx_word' id='word_1_647' title='bbox 200 2708 244 2735; x_wconf 72' lang='grc' dir='ltr'>οὖν</span> <span class='ocrx_word' id='word_1_648' title='bbox 270 2717 316 2735; x_wconf 86' lang='grc' dir='ltr'><strong>του</strong></span> <span class='ocrx_word' id='word_1_649' title='bbox 350 2706 431 2746; x_wconf 84' lang='grc' dir='ltr'>λόγου</span> <span class='ocrx_word' id='word_1_650' title='bbox 457 2707 471 2734; x_wconf 72' lang='grc' dir='ltr'><strong>ὃ</strong></span> <span class='ocrx_word' id='word_1_651' title='bbox 498 2706 571 2745; x_wconf 75' lang='grc' dir='ltr'>ἅγιος</span> <span class='ocrx_word' id='word_1_652' title='bbox 599 2713 717 2735; x_wconf 81' lang='grc' dir='ltr'>ποιεῖται</span> <span class='ocrx_word' id='word_1_653' title='bbox 752 2703 887 2740; x_wconf 82' lang='grc' dir='ltr'>ἀπόδοσιν,</span> 
     </span>
    </p>
   </div>
   <div class='ocr_carea' id='block_1_91' title="bbox 67 2748 890 2791">
    <p class='ocr_par' dir='ltr' id='par_1_91' title="bbox 67 2748 890 2791">
     <span class='ocr_line' id='line_1_91' title="bbox 67 2748 890 2791; baseline -0.001 -13"><span class='ocrx_word' id='word_1_654' title='bbox 67 2748 150 2789; x_wconf 78' lang='grc' dir='ltr'>λέγων</span> <span class='ocrx_word' id='word_1_655' title='bbox 167 2759 174 2766; x_wconf 90' lang='grc'><strong>·</strong></span> <span class='ocrx_word' id='word_1_656' title='bbox 209 2764 221 2779; x_wconf 83' lang='grc' dir='ltr'>ι</span> <span class='ocrx_word' id='word_1_657' title='bbox 251 2750 396 2788; x_wconf 77' lang='grc' dir='ltr'>Ἀξιώματι</span> <span class='ocrx_word' id='word_1_658' title='bbox 420 2751 468 2782; x_wconf 73' lang='grc' dir='ltr'>μὲν</span> <span class='ocrx_word' id='word_1_659' title='bbox 503 2752 552 2790; x_wconf 76' lang='grc' dir='ltr'><strong>γὰρ</strong></span> <span class='ocrx_word' id='word_1_660' title='bbox 573 2750 727 2791; x_wconf 82' lang='grc' dir='ltr'>δευτερεύειν</span> <span class='ocrx_word' id='word_1_661' title='bbox 754 2748 801 2778; x_wconf 81' lang='grc' dir='ltr'>τοῦ</span> <span class='ocrx_word' id='word_1_662' title='bbox 830 2749 890 2777; x_wconf 82' lang='grc' dir='ltr'>Υἱοῦ</span> 
     </span>
    </p>
   </div>
   <div class='ocr_carea' id='block_1_92' title="bbox 68 2792 886 2836">
    <p class='ocr_par' dir='ltr' id='par_1_92' title="bbox 68 2792 886 2836">
     <span class='ocr_line' id='line_1_92' title="bbox 68 2792 886 2836; baseline -0.005 -13"><span class='ocrx_word' id='word_1_663' title='bbox 68 2794 240 2835; x_wconf 78' lang='grc' dir='ltr'>παραδίδωσιν</span> <span class='ocrx_word' id='word_1_664' title='bbox 255 2797 269 2824; x_wconf 82' lang='lat'><strong>6</strong></span> <span class='ocrx_word' id='word_1_665' title='bbox 290 2796 338 2830; x_wconf 75' lang='grc' dir='ltr'><strong>τῆς</strong></span> <span class='ocrx_word' id='word_1_666' title='bbox 368 2793 499 2827; x_wconf 71' lang='grc' dir='ltr'>εὐσεϐείας</span> <span class='ocrx_word' id='word_1_667' title='bbox 528 2795 605 2836; x_wconf 85' lang='grc' dir='ltr'>λόγος</span> <span class='ocrx_word' id='word_1_668' title='bbox 623 2805 631 2813; x_wconf 67' lang='grc' dir='ltr'>ν</span> <span class='ocrx_word' id='word_1_669' title='bbox 668 2796 740 2836; x_wconf 78' lang='grc' dir='ltr'>φύσει</span> <span class='ocrx_word' id='word_1_670' title='bbox 771 2792 798 2821; x_wconf 67' lang='grc' dir='ltr'>δὲ</span> <span class='ocrx_word' id='word_1_671' title='bbox 813 2793 886 2836; x_wconf 66' lang='grc' dir='ltr'>τρίτῃ</span> 
     </span>
    </p>
   </div>
   <div class='ocr_carea' id='block_1_93' title="bbox 939 1725 1761 1768">
    <p class='ocr_par' dir='ltr' id='par_1_93' title="bbox 939 1725 1761 1768">
     <span class='ocr_line' id='line_1_93' title="bbox 939 1725 1761 1768; baseline 0.002 -11"><span class='ocrx_word' id='word_1_672' title='bbox 939 1725 1137 1767; x_wconf 79' lang='lat' dir='ltr'><strong>exScripturis</strong></span> <span class='ocrx_word' id='word_1_673' title='bbox 1148 1728 1365 1766; x_wconf 87' lang='lat' dir='ltr'><strong>elicitur,etest</strong></span> <span class='ocrx_word' id='word_1_674' title='bbox 1376 1728 1524 1759; x_wconf 90' lang='lat' dir='ltr'><strong>secundus</strong></span> <span class='ocrx_word' id='word_1_675' title='bbox 1543 1729 1606 1768; x_wconf 74' lang='lat' dir='ltr'><strong>jam</strong></span> <span class='ocrx_word' id='word_1_676' title='bbox 1628 1737 1761 1759; x_wconf 87' lang='lat' dir='ltr'><strong>comme-</strong></span> 
     </span>
    </p>
   </div>
   <div class='ocr_carea' id='block_1_94' title="bbox 939 1771 1759 1810">
    <p class='ocr_par' dir='ltr' id='par_1_94' title="bbox 939 1771 1759 1810">
     <span class='ocr_line' id='line_1_94' title="bbox 939 1771 1759 1810; baseline 0.001 -9"><span class='ocrx_word' id='word_1_677' title='bbox 939 1776 1070 1802; x_wconf 87' lang='lat' dir='ltr'><strong>moratus</strong></span> <span class='ocrx_word' id='word_1_678' title='bbox 1086 1781 1102 1802; x_wconf 87' lang='lat' dir='ltr'><strong>a</strong></span> <span class='ocrx_word' id='word_1_679' title='bbox 1117 1772 1203 1803; x_wconf 90' lang='lat' dir='ltr'><strong>nobis</strong></span> <span class='ocrx_word' id='word_1_680' title='bbox 1218 1773 1333 1810; x_wconf 90' lang='lat' dir='ltr'><strong>modus,</strong></span> <span class='ocrx_word' id='word_1_681' title='bbox 1349 1773 1379 1803; x_wconf 90' lang='lat' dir='ltr'><strong>in</strong></span> <span class='ocrx_word' id='word_1_682' title='bbox 1406 1772 1537 1803; x_wconf 90' lang='lat' dir='ltr'><strong>medium</strong></span> <span class='ocrx_word' id='word_1_683' title='bbox 1552 1773 1670 1804; x_wconf 72' lang='lat' dir='ltr'><strong>afferre.</strong></span> <span class='ocrx_word' id='word_1_684' title='bbox 1687 1771 1759 1802; x_wconf 91' lang='lat' dir='ltr'><strong>Nam</strong></span> 
     </span>
    </p>
   </div>
   <div class='ocr_carea' id='block_1_95' title="bbox 939 1816 1759 1857">
    <p class='ocr_par' dir='ltr' id='par_1_95' title="bbox 939 1816 1759 1857">
     <span class='ocr_line' id='line_1_95' title="bbox 939 1816 1759 1857; baseline 0.001 -11"><span class='ocrx_word' id='word_1_685' title='bbox 939 1817 1189 1855; x_wconf 78' lang='lat' dir='ltr'><strong>magnusBasilius</strong></span> <span class='ocrx_word' id='word_1_686' title='bbox 1217 1817 1358 1857; x_wconf 81' lang='lat' dir='ltr'><strong>dignitate</strong></span> <span class='ocrx_word' id='word_1_687' title='bbox 1369 1818 1532 1848; x_wconf 86' lang='lat' dir='ltr'><strong>secundum</strong></span> <span class='ocrx_word' id='word_1_688' title='bbox 1548 1827 1565 1848; x_wconf 86' lang='lat' dir='ltr'><strong>a</strong></span> <span class='ocrx_word' id='word_1_689' title='bbox 1579 1817 1652 1848; x_wconf 89' lang='lat' dir='ltr'><strong>Filio</strong></span> <span class='ocrx_word' id='word_1_690' title='bbox 1663 1816 1759 1857; x_wconf 85' lang='lat' dir='ltr'><strong>Spiri-</strong></span> 
     </span>
    </p>
   </div>
   <div class='ocr_carea' id='block_1_96' title="bbox 940 1861 1759 1902">
    <p class='ocr_par' dir='ltr' id='par_1_96' title="bbox 940 1861 1759 1902">
     <span class='ocr_line' id='line_1_96' title="bbox 940 1861 1759 1902; baseline 0.002 -13"><span class='ocrx_word' id='word_1_691' title='bbox 940 1864 1084 1900; x_wconf 89' lang='lat' dir='ltr'><strong>tum,cum</strong></span> <span class='ocrx_word' id='word_1_692' title='bbox 1101 1861 1276 1901; x_wconf 83' lang='lat' dir='ltr'><strong>excepisset,</strong></span> <span class='ocrx_word' id='word_1_693' title='bbox 1295 1862 1412 1902; x_wconf 83' lang='lat' dir='ltr'><strong>pietatis</strong></span> <span class='ocrx_word' id='word_1_694' title='bbox 1428 1862 1616 1893; x_wconf 85' lang='lat' dir='ltr'><strong>traditionem</strong></span> <span class='ocrx_word' id='word_1_695' title='bbox 1628 1862 1759 1902; x_wconf 79' lang='lat' dir='ltr'><strong>apellarc</strong></span> 
     </span>
    </p>
   </div>
   <div class='ocr_carea' id='block_1_97' title="bbox 940 1906 1759 1946">
    <p class='ocr_par' dir='ltr' id='par_1_97' title="bbox 940 1906 1759 1946">
     <span class='ocr_line' id='line_1_97' title="bbox 940 1906 1759 1946; baseline 0.004 -12"><span class='ocrx_word' id='word_1_696' title='bbox 940 1913 998 1934; x_wconf 89' lang='lat' dir='ltr'><strong>non</strong></span> <span class='ocrx_word' id='word_1_697' title='bbox 1015 1906 1135 1943; x_wconf 85' lang='lat' dir='ltr'><strong>veritus,</strong></span> <span class='ocrx_word' id='word_1_698' title='bbox 1153 1906 1329 1945; x_wconf 85' lang='lat' dir='ltr'><strong>probatione</strong></span> <span class='ocrx_word' id='word_1_699' title='bbox 1344 1906 1479 1946; x_wconf 82' lang='lat' dir='ltr'><strong>indiguit,</strong></span> <span class='ocrx_word' id='word_1_700' title='bbox 1510 1916 1563 1946; x_wconf 83' lang='lat' dir='ltr'><strong>per</strong></span> <span class='ocrx_word' id='word_1_701' title='bbox 1587 1915 1675 1946; x_wconf 84' lang='lat' dir='ltr'><strong>quam</strong></span> <span class='ocrx_word' id='word_1_702' title='bbox 1692 1915 1759 1937; x_wconf 76' lang='lat' dir='ltr'><strong>vera</strong></span> 
     </span>
    </p>
   </div>
   <div class='ocr_carea' id='block_1_98' title="bbox 936 1950 1760 1991">
    <p class='ocr_par' dir='ltr' id='par_1_98' title="bbox 936 1950 1760 1991">
     <span class='ocr_line' id='line_1_98' title="bbox 936 1950 1760 1991; baseline 0.004 -13"><span class='ocrx_word' id='word_1_703' title='bbox 936 1950 1263 1990; x_wconf 50' lang='lat' dir='ltr'><strong>sententiaﬁppareret,</strong></span> <span class='ocrx_word' id='word_1_704' title='bbox 1274 1951 1391 1991; x_wconf 90' lang='lat' dir='ltr'><strong>pietatis</strong></span> <span class='ocrx_word' id='word_1_705' title='bbox 1415 1951 1603 1982; x_wconf 84' lang='lat' dir='ltr'><strong>traditionem</strong></span> <span class='ocrx_word' id='word_1_706' title='bbox 1614 1951 1760 1981; x_wconf 80' lang='lat' dir='ltr'><strong>secundas</strong></span> 
     </span>
    </p>
   </div>
   <div class='ocr_carea' id='block_1_99' title="bbox 937 1993 1757 2036">
    <p class='ocr_par' dir='ltr' id='par_1_99' title="bbox 937 1993 1757 2036">
     <span class='ocr_line' id='line_1_99' title="bbox 937 1993 1757 2036; baseline 0.002 -13"><span class='ocrx_word' id='word_1_707' title='bbox 937 1993 990 2023; x_wconf 89' lang='lat' dir='ltr'><strong>has</strong></span> <span class='ocrx_word' id='word_1_708' title='bbox 1004 1999 1101 2034; x_wconf 90' lang='lat' dir='ltr'><strong>partes</strong></span> <span class='ocrx_word' id='word_1_709' title='bbox 1112 2001 1340 2036; x_wconf 84' lang='lat' dir='ltr'><strong>nuncupaverat.</strong></span> <span class='ocrx_word' id='word_1_710' title='bbox 1357 1997 1404 2031; x_wconf 86' lang='lat' dir='ltr'><strong>Et,</strong></span> <span class='ocrx_word' id='word_1_711' title='bbox 1420 2005 1485 2027; x_wconf 92' lang='lat' dir='ltr'><strong>cum</strong></span> <span class='ocrx_word' id='word_1_712' title='bbox 1502 1997 1601 2032; x_wconf 88' lang='lat' dir='ltr'><strong>sciret,</strong></span> <span class='ocrx_word' id='word_1_713' title='bbox 1616 1994 1757 2035; x_wconf 90' lang='lat' dir='ltr'><strong>Spiritum</strong></span> 
     </span>
    </p>
   </div>
   <div class='ocr_carea' id='block_1_100' title="bbox 937 2039 1759 2079">
    <p class='ocr_par' dir='ltr' id='par_1_100' title="bbox 937 2039 1759 2079">
     <span class='ocr_line' id='line_1_100' title="bbox 937 2039 1759 2079; baseline 0.002 -12"><span class='ocrx_word' id='word_1_714' title='bbox 937 2046 1035 2078; x_wconf 90' lang='lat' dir='ltr'><strong>neque</strong></span> <span class='ocrx_word' id='word_1_715' title='bbox 1049 2039 1165 2069; x_wconf 81' lang='lat' dir='ltr'><strong>ratione</strong></span> <span class='ocrx_word' id='word_1_716' title='bbox 1176 2040 1318 2078; x_wconf 89' lang='lat' dir='ltr'><strong>temporis</strong></span> <span class='ocrx_word' id='word_1_717' title='bbox 1332 2040 1495 2070; x_wconf 85' lang='lat' dir='ltr'><strong>secundum</strong></span> <span class='ocrx_word' id='word_1_718' title='bbox 1508 2039 1647 2079; x_wconf 74' lang='lat' dir='ltr'><strong>dignitate</strong></span> <span class='ocrx_word' id='word_1_719' title='bbox 1664 2048 1729 2070; x_wconf 89' lang='lat' dir='ltr'><strong>esse</strong></span> <span class='ocrx_word' id='word_1_720' title='bbox 1743 2048 1759 2069; x_wconf 84' lang='lat' dir='ltr'><strong>a</strong></span> 
     </span>
    </p>
   </div>
   <div class='ocr_carea' id='block_1_101' title="bbox 938 2080 1757 2124">
    <p class='ocr_par' dir='ltr' id='par_1_101' title="bbox 938 2080 1757 2124">
     <span class='ocr_line' id='line_1_101' title="bbox 938 2080 1757 2124; baseline 0.002 -12"><span class='ocrx_word' id='word_1_721' title='bbox 938 2080 1124 2122; x_wconf 85' lang='lat' dir='ltr'><strong>Filio,neque</strong></span> <span class='ocrx_word' id='word_1_722' title='bbox 1148 2083 1358 2114; x_wconf 88' lang='lat' dir='ltr'><strong>imminutione</strong></span> <span class='ocrx_word' id='word_1_723' title='bbox 1382 2084 1481 2124; x_wconf 65' lang='lat' dir='ltr'><strong>a‘iqua</strong></span> <span class='ocrx_word' id='word_1_724' title='bbox 1504 2083 1606 2123; x_wconf 66' lang='lat' dir='ltr'><strong>gloria;</strong></span> <span class='ocrx_word' id='word_1_725' title='bbox 1618 2093 1757 2124; x_wconf 67' lang='lat' dir='ltr'><strong>peraeque</strong></span> 
     </span>
    </p>
   </div>
   <div class='ocr_carea' id='block_1_102' title="bbox 938 2126 1754 2169">
    <p class='ocr_par' dir='ltr' id='par_1_102' title="bbox 938 2126 1754 2169">
     <span class='ocr_line' id='line_1_102' title="bbox 938 2126 1754 2169; baseline 0.002 -13"><span class='ocrx_word' id='word_1_726' title='bbox 938 2126 1016 2156; x_wconf 90' lang='lat' dir='ltr'><strong>enim</strong></span> <span class='ocrx_word' id='word_1_727' title='bbox 1032 2131 1077 2157; x_wconf 88' lang='lat' dir='ltr'><strong>est</strong></span> <span class='ocrx_word' id='word_1_728' title='bbox 1090 2126 1121 2157; x_wconf 92' lang='lat' dir='ltr'><strong>in</strong></span> <span class='ocrx_word' id='word_1_729' title='bbox 1147 2132 1270 2168; x_wconf 88' lang='lat' dir='ltr'><strong>utroque</strong></span> <span class='ocrx_word' id='word_1_730' title='bbox 1281 2128 1429 2166; x_wconf 66' lang='lat' dir='ltr'><strong>ilivinita&lt;,</strong></span> <span class='ocrx_word' id='word_1_731' title='bbox 1448 2138 1544 2169; x_wconf 88' lang='lat' dir='ltr'><strong>neque</strong></span> <span class='ocrx_word' id='word_1_732' title='bbox 1557 2129 1615 2159; x_wconf 86' lang='lat' dir='ltr'><strong>ulla</strong></span> <span class='ocrx_word' id='word_1_733' title='bbox 1629 2128 1687 2158; x_wconf 84' lang='lat' dir='ltr'><strong>alia</strong></span> <span class='ocrx_word' id='word_1_734' title='bbox 1702 2138 1754 2158; x_wconf 85' lang='lat' dir='ltr'><strong>ra-</strong></span> 
     </span>
    </p>
   </div>
   <div class='ocr_carea' id='block_1_103' title="bbox 937 2169 1758 2212">
    <p class='ocr_par' dir='ltr' id='par_1_103' title="bbox 937 2169 1758 2212">
     <span class='ocr_line' id='line_1_103' title="bbox 937 2169 1758 2212; baseline 0.005 -13"><span class='ocrx_word' id='word_1_735' title='bbox 937 2169 1027 2207; x_wconf 90' lang='lat' dir='ltr'><strong>tione,</strong></span> <span class='ocrx_word' id='word_1_736' title='bbox 1065 2180 1122 2211; x_wconf 90' lang='lat' dir='ltr'><strong>qua</strong></span> <span class='ocrx_word' id='word_1_737' title='bbox 1161 2177 1299 2212; x_wconf 87' lang='lat' dir='ltr'><strong>respectu</strong></span> <span class='ocrx_word' id='word_1_738' title='bbox 1334 2173 1455 2203; x_wconf 86' lang='lat' dir='ltr'><strong>alterius</strong></span> <span class='ocrx_word' id='word_1_739' title='bbox 1483 2173 1630 2203; x_wconf 85' lang='lat' dir='ltr'><strong>secundas</strong></span> <span class='ocrx_word' id='word_1_740' title='bbox 1659 2177 1758 2212; x_wconf 85' lang='lat' dir='ltr'><strong>partes</strong></span> 
     </span>
    </p>
   </div>
   <div class='ocr_carea' id='block_1_104' title="bbox 936 2214 1758 2255">
    <p class='ocr_par' dir='ltr' id='par_1_104' title="bbox 936 2214 1758 2255">
     <span class='ocr_line' id='line_1_104' title="bbox 936 2214 1758 2255; baseline 0.004 -11"><span class='ocrx_word' id='word_1_741' title='bbox 936 2214 1101 2246; x_wconf 87' lang='lat' dir='ltr'><strong>obtinentia</strong></span> <span class='ocrx_word' id='word_1_742' title='bbox 1126 2216 1220 2255; x_wconf 88' lang='lat' dir='ltr'><strong>prima</strong></span> <span class='ocrx_word' id='word_1_743' title='bbox 1249 2216 1450 2247; x_wconf 90' lang='lat' dir='ltr'><strong>obtinentibus</strong></span> <span class='ocrx_word' id='word_1_744' title='bbox 1478 2217 1699 2252; x_wconf 83' lang='lat' dir='ltr'><strong>submittuntur,</strong></span> <span class='ocrx_word' id='word_1_745' title='bbox 1730 2222 1758 2248; x_wconf 88' lang='lat' dir='ltr'><strong>et</strong></span> 
     </span>
    </p>
   </div>
   <div class='ocr_carea' id='block_1_105' title="bbox 935 2261 1755 2300">
    <p class='ocr_par' dir='ltr' id='par_1_105' title="bbox 935 2261 1755 2300">
     <span class='ocr_line' id='line_1_105' title="bbox 935 2261 1755 2300; baseline 0.002 -12"><span class='ocrx_word' id='word_1_746' title='bbox 935 2268 1027 2289; x_wconf 90' lang='lat' dir='ltr'><strong>unum</strong></span> <span class='ocrx_word' id='word_1_747' title='bbox 1043 2261 1244 2291; x_wconf 88' lang='lat' dir='ltr'><strong>tantummodo</strong></span> <span class='ocrx_word' id='word_1_748' title='bbox 1255 2262 1755 2300; x_wconf 81' lang='lat' dir='ltr'><strong>pietatis_terminun,cognosceret,</strong></span> 
     </span>
    </p>
   </div>
   <div class='ocr_carea' id='block_1_106' title="bbox 904 2304 1755 2352">
    <p class='ocr_par' dir='ltr' id='par_1_106' title="bbox 904 2304 1755 2352">
     <span class='ocr_line' id='line_1_106' title="bbox 904 2304 1755 2352; baseline 0.002 -19"><span class='ocrx_word' id='word_1_749' title='bbox 904 2312 992 2352; x_wconf 77' lang='lat' dir='ltr'><strong>uno</strong></span> <span class='ocrx_word' id='word_1_750' title='bbox 1007 2304 1136 2352; x_wconf 83' lang='lat' dir='ltr'><strong>Spiritus</strong></span> <span class='ocrx_word' id='word_1_751' title='bbox 1151 2315 1165 2335; x_wconf 86' lang='lat' dir='ltr'><strong>a</strong></span> <span class='ocrx_word' id='word_1_752' title='bbox 1182 2304 1420 2352; x_wconf 82' lang='lat' dir='ltr'><strong>Filio_secundus</strong></span> <span class='ocrx_word' id='word_1_753' title='bbox 1449 2310 1494 2336; x_wconf 88' lang='lat' dir='ltr'><strong>est</strong></span> <span class='ocrx_word' id='word_1_754' title='bbox 1522 2305 1571 2345; x_wconf 89' lang='lat' dir='ltr'><strong>qui</strong></span> <span class='ocrx_word' id='word_1_755' title='bbox 1587 2310 1659 2341; x_wconf 82' lang='lat' dir='ltr'><strong>erat,</strong></span> <span class='ocrx_word' id='word_1_756' title='bbox 1677 2307 1755 2345; x_wconf 91' lang='lat' dir='ltr'><strong>quod</strong></span> 
     </span>
    </p>
   </div>
   <div class='ocr_carea' id='block_1_107' title="bbox 935 2348 1755 2390">
    <p class='ocr_par' dir='ltr' id='par_1_107' title="bbox 935 2348 1755 2390">
     <span class='ocr_line' id='line_1_107' title="bbox 935 2348 1755 2390; baseline 0.004 -12"><span class='ocrx_word' id='word_1_757' title='bbox 935 2356 970 2378; x_wconf 84' lang='lat' dir='ltr'><strong>ex</strong></span> <span class='ocrx_word' id='word_1_758' title='bbox 986 2357 1020 2379; x_wconf 89' lang='lat' dir='ltr'><strong>eo</strong></span> <span class='ocrx_word' id='word_1_759' title='bbox 1037 2348 1169 2385; x_wconf 88' lang='lat' dir='ltr'><strong>haberet,</strong></span> <span class='ocrx_word' id='word_1_760' title='bbox 1187 2350 1265 2390; x_wconf 90' lang='lat' dir='ltr'><strong>quod</strong></span> <span class='ocrx_word' id='word_1_761' title='bbox 1293 2355 1382 2387; x_wconf 89' lang='lat' dir='ltr'><strong>esset,</strong></span> <span class='ocrx_word' id='word_1_762' title='bbox 1400 2355 1614 2390; x_wconf 81' lang='lat' dir='ltr'><strong>proptereaque</strong></span> <span class='ocrx_word' id='word_1_763' title='bbox 1629 2355 1706 2380; x_wconf 85' lang='lat' dir='ltr'><strong>esset</strong></span> <span class='ocrx_word' id='word_1_764' title='bbox 1721 2360 1755 2381; x_wconf 80' lang='lat' dir='ltr'><strong>ex</strong></span> 
     </span>
    </p>
   </div>
   <div class='ocr_carea' id='block_1_108' title="bbox 935 2392 1754 2433">
    <p class='ocr_par' dir='ltr' id='par_1_108' title="bbox 935 2392 1754 2433">
     <span class='ocr_line' id='line_1_108' title="bbox 935 2392 1754 2433; baseline 0.004 -11"><span class='ocrx_word' id='word_1_765' title='bbox 935 2392 1012 2432; x_wconf 86' lang='lat' dir='ltr'><strong>ipso,</strong></span> <span class='ocrx_word' id='word_1_766' title='bbox 1028 2393 1107 2424; x_wconf 86' lang='lat' dir='ltr'><strong>hunc</strong></span> <span class='ocrx_word' id='word_1_767' title='bbox 1124 2394 1153 2424; x_wconf 93' lang='lat' dir='ltr'><strong>in</strong></span> <span class='ocrx_word' id='word_1_768' title='bbox 1169 2395 1288 2425; x_wconf 87' lang='lat' dir='ltr'><strong>modum</strong></span> <span class='ocrx_word' id='word_1_769' title='bbox 1303 2396 1408 2426; x_wconf 81' lang='lat' dir='ltr'><strong>etTatus</strong></span> <span class='ocrx_word' id='word_1_770' title='bbox 1418 2399 1481 2426; x_wconf 87' lang='lat' dir='ltr'><strong>est:</strong></span> <span class='ocrx_word' id='word_1_771' title='bbox 1498 2394 1754 2433; x_wconf 72' lang='lat' dir='ltr'><strong>cDignitatecnim</strong></span> 
     </span>
    </p>
   </div>
   <div class='ocr_carea' id='block_1_109' title="bbox 935 2438 1754 2480">
    <p class='ocr_par' dir='ltr' id='par_1_109' title="bbox 935 2438 1754 2480">
     <span class='ocr_line' id='line_1_109' title="bbox 935 2438 1754 2480; baseline 0.005 -13"><span class='ocrx_word' id='word_1_772' title='bbox 935 2438 1098 2469; x_wconf 77' lang='lat' dir='ltr'><strong>secundum</strong></span> <span class='ocrx_word' id='word_1_773' title='bbox 1114 2448 1181 2470; x_wconf 92' lang='lat' dir='ltr'><strong>esse</strong></span> <span class='ocrx_word' id='word_1_774' title='bbox 1195 2449 1212 2470; x_wconf 88' lang='lat' dir='ltr'><strong>a</strong></span> <span class='ocrx_word' id='word_1_775' title='bbox 1227 2439 1311 2476; x_wconf 90' lang='lat' dir='ltr'><strong>Filio,</strong></span> <span class='ocrx_word' id='word_1_776' title='bbox 1329 2447 1471 2480; x_wconf 83' lang='lat' dir='ltr'><strong>tanquam</strong></span> <span class='ocrx_word' id='word_1_777' title='bbox 1486 2441 1536 2480; x_wconf 92' lang='lat' dir='ltr'><strong>qui</strong></span> <span class='ocrx_word' id='word_1_778' title='bbox 1551 2439 1589 2470; x_wconf 84' lang='lat' dir='ltr'><strong>ab</strong></span> <span class='ocrx_word' id='word_1_779' title='bbox 1604 2448 1652 2478; x_wconf 85' lang='lat' dir='ltr'><strong>eo,</strong></span> <span class='ocrx_word' id='word_1_780' title='bbox 1676 2441 1754 2480; x_wconf 87' lang='lat' dir='ltr'><strong>quod</strong></span> 
     </span>
    </p>
   </div>
   <div class='ocr_carea' id='block_1_110' title="bbox 936 2481 1755 2524">
    <p class='ocr_par' dir='ltr' id='par_1_110' title="bbox 936 2481 1755 2524">
     <span class='ocr_line' id='line_1_110' title="bbox 936 2481 1755 2524; baseline 0.004 -12"><span class='ocrx_word' id='word_1_781' title='bbox 936 2481 1079 2522; x_wconf 82' lang='lat' dir='ltr'><strong>sit,h.-ibet</strong></span> <span class='ocrx_word' id='word_1_782' title='bbox 1088 2483 1126 2514; x_wconf 91' lang='lat' dir='ltr'><strong>ab</strong></span> <span class='ocrx_word' id='word_1_783' title='bbox 1142 2493 1177 2514; x_wconf 91' lang='lat' dir='ltr'><strong>eo</strong></span> <span class='ocrx_word' id='word_1_784' title='bbox 1188 2484 1305 2524; x_wconf 83' lang='lat' dir='ltr'><strong>accipit,</strong></span> <span class='ocrx_word' id='word_1_785' title='bbox 1322 2488 1352 2515; x_wconf 90' lang='lat' dir='ltr'><strong>et</strong></span> <span class='ocrx_word' id='word_1_786' title='bbox 1365 2485 1521 2515; x_wconf 87' lang='lat' dir='ltr'><strong>annuntiat</strong></span> <span class='ocrx_word' id='word_1_787' title='bbox 1535 2484 1631 2521; x_wconf 87' lang='lat' dir='ltr'><strong>nobis,</strong></span> <span class='ocrx_word' id='word_1_788' title='bbox 1649 2489 1678 2515; x_wconf 92' lang='lat' dir='ltr'><strong>et</strong></span> <span class='ocrx_word' id='word_1_789' title='bbox 1692 2495 1755 2515; x_wconf 86' lang='lat' dir='ltr'><strong>om-</strong></span> 
     </span>
    </p>
   </div>
   <div class='ocr_carea' id='block_1_111' title="bbox 935 2526 1752 2569">
    <p class='ocr_par' dir='ltr' id='par_1_111' title="bbox 935 2526 1752 2569">
     <span class='ocr_line' id='line_1_111' title="bbox 935 2526 1752 2569; baseline 0.004 -12"><span class='ocrx_word' id='word_1_790' title='bbox 935 2526 1007 2557; x_wconf 89' lang='lat' dir='ltr'><strong>nino</strong></span> <span class='ocrx_word' id='word_1_791' title='bbox 1021 2527 1064 2558; x_wconf 89' lang='lat' dir='ltr'><strong>illi</strong></span> <span class='ocrx_word' id='word_1_792' title='bbox 1080 2537 1175 2559; x_wconf 72' lang='lat' dir='ltr'><strong>causze</strong></span> <span class='ocrx_word' id='word_1_793' title='bbox 1185 2529 1327 2569; x_wconf 80' lang='lat' dir='ltr'><strong>adhaeret,</strong></span> <span class='ocrx_word' id='word_1_794' title='bbox 1343 2528 1461 2569; x_wconf 87' lang='lat' dir='ltr'><strong>pietatis</strong></span> <span class='ocrx_word' id='word_1_795' title='bbox 1472 2529 1560 2560; x_wconf 89' lang='lat' dir='ltr'><strong>tradit</strong></span> <span class='ocrx_word' id='word_1_796' title='bbox 1569 2538 1686 2560; x_wconf 73' lang='lat' dir='ltr'><strong>sermo-</strong></span> <span class='ocrx_word' id='word_1_797' title='bbox 1701 2530 1752 2560; x_wconf 82' lang='lat' dir='ltr'><strong>sed</strong></span> 
     </span>
    </p>
   </div>
   <div class='ocr_carea' id='block_1_112' title="bbox 935 2572 1755 2614">
    <p class='ocr_par' dir='ltr' id='par_1_112' title="bbox 935 2572 1755 2614">
     <span class='ocr_line' id='line_1_112' title="bbox 935 2572 1755 2614; baseline 0.004 -13"><span class='ocrx_word' id='word_1_798' title='bbox 935 2572 1020 2602; x_wconf 89' lang='lat' dir='ltr'><strong>tertia</strong></span> <span class='ocrx_word' id='word_1_799' title='bbox 1035 2572 1077 2603; x_wconf 88' lang='lat' dir='ltr'><strong>uti</strong></span> <span class='ocrx_word' id='word_1_800' title='bbox 1092 2577 1208 2611; x_wconf 85' lang='lat' dir='ltr'><strong>natura,</strong></span> <span class='ocrx_word' id='word_1_801' title='bbox 1225 2583 1319 2614; x_wconf 88' lang='lat' dir='ltr'><strong>neque</strong></span> <span class='ocrx_word' id='word_1_802' title='bbox 1335 2583 1352 2604; x_wconf 84' lang='lat' dir='ltr'><strong>a</strong></span> <span class='ocrx_word' id='word_1_803' title='bbox 1366 2574 1460 2605; x_wconf 83' lang='lat' dir='ltr'><strong>sacris</strong></span> <span class='ocrx_word' id='word_1_804' title='bbox 1480 2573 1643 2614; x_wconf 88' lang='lat' dir='ltr'><strong>Scripturis</strong></span> <span class='ocrx_word' id='word_1_805' title='bbox 1658 2575 1755 2605; x_wconf 87' lang='lat' dir='ltr'><strong>edocti</strong></span> 
     </span>
    </p>
   </div>
   <div class='ocr_carea' id='block_1_113' title="bbox 932 2618 1756 2660">
    <p class='ocr_par' dir='ltr' id='par_1_113' title="bbox 932 2618 1756 2660">
     <span class='ocr_line' id='line_1_113' title="bbox 932 2618 1756 2660; baseline 0.004 -14"><span class='ocrx_word' id='word_1_806' title='bbox 932 2626 1046 2655; x_wconf 87' lang='lat' dir='ltr'><strong>sumus,</strong></span> <span class='ocrx_word' id='word_1_807' title='bbox 1064 2627 1161 2658; x_wconf 89' lang='lat' dir='ltr'><strong>neque</strong></span> <span class='ocrx_word' id='word_1_808' title='bbox 1172 2628 1206 2648; x_wconf 87' lang='lat' dir='ltr'><strong>ex</strong></span> <span class='ocrx_word' id='word_1_809' title='bbox 1218 2618 1277 2649; x_wconf 86' lang='lat' dir='ltr'><strong>illis</strong></span> <span class='ocrx_word' id='word_1_810' title='bbox 1300 2628 1365 2658; x_wconf 74' lang='lat' dir='ltr'><strong>qua:</strong></span> <span class='ocrx_word' id='word_1_811' title='bbox 1381 2618 1521 2659; x_wconf 83' lang='lat' dir='ltr'><strong>diximus,</strong></span> <span class='ocrx_word' id='word_1_812' title='bbox 1534 2619 1756 2660; x_wconf 84' lang='lat' dir='ltr'><strong>consequi.pos-</strong></span> 
     </span>
    </p>
   </div>
   <div class='ocr_carea' id='block_1_114' title="bbox 932 2662 1753 2700">
    <p class='ocr_par' dir='ltr' id='par_1_114' title="bbox 932 2662 1753 2700">
     <span class='ocr_line' id='line_1_114' title="bbox 932 2662 1753 2700; baseline 0.005 -10"><span class='ocrx_word' id='word_1_813' title='bbox 932 2670 1034 2691; x_wconf 91' lang='lat' dir='ltr'><strong>sumus</strong></span> <span class='ocrx_word' id='word_1_814' title='bbox 1045 2662 1281 2700; x_wconf 64' lang='lat' dir='ltr'><strong>demonstrare,»</strong></span> <span class='ocrx_word' id='word_1_815' title='bbox 1300 2664 1335 2693; x_wconf 84' lang='lat' dir='ltr'><strong>Et</strong></span> <span class='ocrx_word' id='word_1_816' title='bbox 1351 2663 1397 2694; x_wconf 83' lang='lat' dir='ltr'><strong>his</strong></span> <span class='ocrx_word' id='word_1_817' title='bbox 1413 2663 1499 2694; x_wconf 88' lang='lat' dir='ltr'><strong>dictis</strong></span> <span class='ocrx_word' id='word_1_818' title='bbox 1514 2666 1667 2694; x_wconf 75' lang='lat' dir='ltr'><strong>sententiae</strong></span> <span class='ocrx_word' id='word_1_819' title='bbox 1676 2664 1753 2695; x_wconf 84' lang='lat' dir='ltr'><strong>assi—</strong></span> 
     </span>
    </p>
   </div>
   <div class='ocr_carea' id='block_1_115' title="bbox 931 2706 1754 2748">
    <p class='ocr_par' dir='ltr' id='par_1_115' title="bbox 931 2706 1754 2748">
     <span class='ocr_line' id='line_1_115' title="bbox 931 2706 1754 2748; baseline 0.004 -12"><span class='ocrx_word' id='word_1_820' title='bbox 931 2706 1099 2745; x_wconf 83' lang='lat' dir='ltr'><strong>gnationem</strong></span> <span class='ocrx_word' id='word_1_821' title='bbox 1115 2707 1268 2739; x_wconf 89' lang='lat' dir='ltr'><strong>conclusit.</strong></span> <span class='ocrx_word' id='word_1_822' title='bbox 1289 2721 1301 2735; x_wconf 79' lang='grc' dir='ltr'><strong>σ</strong></span> <span class='ocrx_word' id='word_1_823' title='bbox 1319 2708 1466 2748; x_wconf 82' lang='lat' dir='ltr'><strong>Dignitate</strong></span> <span class='ocrx_word' id='word_1_824' title='bbox 1482 2707 1560 2738; x_wconf 90' lang='lat' dir='ltr'><strong>enim</strong></span> <span class='ocrx_word' id='word_1_825' title='bbox 1577 2717 1594 2739; x_wconf 91' lang='lat' dir='ltr'><strong>a</strong></span> <span class='ocrx_word' id='word_1_826' title='bbox 1610 2708 1683 2739; x_wconf 79' lang='lat' dir='ltr'><strong>Filio</strong></span> <span class='ocrx_word' id='word_1_827' title='bbox 1708 2718 1754 2739; x_wconf 83' lang='lat' dir='ltr'><strong>se—</strong></span> 
     </span>
    </p>
   </div>
   <div class='ocr_carea' id='block_1_116' title="bbox 930 2751 1752 2794">
    <p class='ocr_par' dir='ltr' id='par_1_116' title="bbox 930 2751 1752 2794">
     <span class='ocr_line' id='line_1_116' title="bbox 930 2751 1752 2794; baseline 0.002 -12"><span class='ocrx_word' id='word_1_828' title='bbox 930 2751 1060 2782; x_wconf 88' lang='lat' dir='ltr'><strong>cundum</strong></span> <span class='ocrx_word' id='word_1_829' title='bbox 1076 2761 1152 2790; x_wconf 86' lang='lat' dir='ltr'><strong>esse,</strong></span> <span class='ocrx_word' id='word_1_830' title='bbox 1178 2752 1269 2784; x_wconf 15' lang='lat' dir='ltr'><strong>tradita</strong></span> <span class='ocrx_word' id='word_1_831' title='bbox 1287 2753 1406 2794; x_wconf 87' lang='lat' dir='ltr'><strong>pietatis</strong></span> <span class='ocrx_word' id='word_1_832' title='bbox 1421 2761 1538 2784; x_wconf 84' lang='lat' dir='ltr'><strong>sermo:</strong></span> <span class='ocrx_word' id='word_1_833' title='bbox 1567 2757 1669 2783; x_wconf 88' lang='lat' dir='ltr'><strong>natura</strong></span> <span class='ocrx_word' id='word_1_834' title='bbox 1684 2762 1752 2784; x_wconf 89' lang='lat' dir='ltr'><strong>vero</strong></span> 
     </span>
    </p>
   </div>
   <div class='ocr_carea' id='block_1_117' title="bbox 929 2796 1737 2838">
    <p class='ocr_par' dir='ltr' id='par_1_117' title="bbox 929 2796 1737 2838">
     <span class='ocr_line' id='line_1_117' title="bbox 929 2796 1737 2838; baseline 0 -11"><span class='ocrx_word' id='word_1_835' title='bbox 929 2796 971 2828; x_wconf 91' lang='lat' dir='ltr'><strong>uti</strong></span> <span class='ocrx_word' id='word_1_836' title='bbox 988 2796 1087 2835; x_wconf 83' lang='lat' dir='ltr'><strong>tertia,</strong></span> <span class='ocrx_word' id='word_1_837' title='bbox 1107 2810 1118 2827; x_wconf 79' lang='grc' dir='ltr'><strong>ι</strong></span> <span class='ocrx_word' id='word_1_838' title='bbox 1133 2797 1293 2830; x_wconf 89' lang='lat' dir='ltr'><strong>dicendum</strong></span> <span class='ocrx_word' id='word_1_839' title='bbox 1309 2798 1430 2829; x_wconf 88' lang='lat' dir='ltr'><strong>omnino</strong></span> <span class='ocrx_word' id='word_1_840' title='bbox 1447 2807 1505 2828; x_wconf 92' lang='lat' dir='ltr'><strong>non</strong></span> <span class='ocrx_word' id='word_1_841' title='bbox 1521 2802 1584 2829; x_wconf 82' lang='lat' dir='ltr'><strong>est:</strong></span> <span class='ocrx_word' id='word_1_842' title='bbox 1606 2797 1737 2838; x_wconf 75' lang='lat' dir='ltr'><strong>prohatio</strong></span> 
     </span>
    </p>
   </div>
  </div>
