1953 3074
229 144 283 177 331

229 254 358 294 positio:
390 252 500 284 etenim
531 252 556 283 si
581 251 768 283 solummodo
797 259 831 282 ea
852 250 978 291 ratione,
996 260 1053 291 qua

228 298 360 331 Christus
376 296 486 336 carnis,
503 301 533 327 et
560 296 713 337 sanguinis
729 295 876 336 particeps
891 297 982 326 factus
996 299 1051 334 est,

229 347 258 374 et
273 342 424 374 hominem
454 341 627 381 assumpsit,
646 341 765 381 proprio
780 340 920 371 inunctus
935 340 1050 379 spiritu,

228 387 340 418 dictum
356 395 506 423 asserens,
527 398 540 413 κ
557 384 666 417 Christi
689 384 844 425 Spiritum,
864 395 876 414 ι
895 393 1051 416 assumen-

228 432 297 463 dum
313 435 368 466 est,
385 440 518 471 quavero
529 439 564 461 ex
577 434 688 461 aeterno
699 433 743 460 est
758 429 847 466 Deus,
865 429 1051 466 nullatenus;

227 475 444 513 retributionis,
461 479 490 506 et
506 479 614 506 mutuae
624 473 748 505 duarum
762 473 870 505 Christi
881 477 1052 505 naturarum

228 519 506 552 communicationis
539 519 660 549 modum
687 518 803 549 inﬁcias
817 518 913 548 iverit.
931 518 1051 549 Pravam

227 565 305 596 hanc
319 563 595 604 interpretationem
612 562 761 603 Nyssenus
785 571 904 603 quoque
924 562 1051 600 refellet,

227 609 343 646 dicens,
363 621 376 636 α
389 607 532 648 Spiritum
549 616 585 638 ex
609 607 683 637 Filio
713 615 778 637 esse
807 606 965 646 astipulatu
980 616 1053 637 con-

230 654 374 684 ﬁrmatur.
398 665 412 680 ι
432 652 598 691 Probatque
613 651 670 682 hoc
684 650 810 692 apostoli
824 651 922 682 dicto:
943 650 1052 686 «Quis-

230 698 297 738 quis
326 696 468 738 Spiritum
496 695 605 727 Christi
634 705 694 726 non
718 695 817 732 habet,
845 695 978 736 hiclejus
994 705 1052 726 non

229 746 274 773 est
289 743 340 782 (l).
357 751 371 772 )

268 833 297 864 6.
315 830 503 870 Rursumque
518 827 878 868 idem,Spiritum;Christi
893 832 976 859 vocat
987 828 1051 869 Spi-

778 143 883 175 JOAN.
902 141 1011 174 VECCI
1026 138 1082 171 CP.
1102 139 1360 172 PATRIARCHE

229 218 298 242 vero
314 209 394 247 Filii,
411 207 535 239 subdola
551 212 596 239 est
611 208 684 248 haec,
698 216 842 248 pravequc
854 211 987 237 contorta
1002 216 1051 238 ex-

1100 209 1215 245 Πνεῦμα,

1259 206 1346 246 ἒτερον
1386 206 1413 234 δὲ
1455 211 1500 235 τοῦ
1542 207 1602 234 ι’ίοῦ
1643 204 1815 244 σεσοφισμένη
1852 203 1899 231 ἐστὶ

1092 255 1170 280 τοῦτο
1201 252 1244 280 καὶ
1271 250 1424 291 διάστροφος
1453 249 1644 290 παρεξήγησις.
1688 251 1716 278 Ei
1758 249 1804 288 γὰρ
1829 249 1899 285 μόνον

1093 296 1150 325 καθ’
1173 296 1201 324 ὅν
1217 295 1295 335 λόγον
1324 297 1420 335 σακρὸς
1449 297 1463 324 ὁ
1492 296 1584 335 Κύριος
1614 294 1729 334 μετέσχε
1757 294 1798 321 καὶ
1823 292 1901 330 αἵμα-

1093 351 1148 378 τος,
1178 341 1221 369 καὶ
1249 340 1356 379 γέγονεν
1382 340 1516 380 ἄνθρωπος
1543 342 1581 376 τῷ
1609 338 1664 375 ἰδίῳ
1694 338 1806 378 χρισθεὶς
1829 337 1900 364 πνεύ-

1094 397 1168 422 ματι,
1185 385 1233 418 τὴν
1253 397 1267 413 α
1289 384 1395 423 Πνεῦμα
1421 388 1532 424 Χριστοῦ
1562 396 1575 411 ι
1602 384 1728 423 λέγουσαν
1756 383 1786 410 τὸ
1806 385 1900 419 Πνεῦμα

1094 430 1184 470 φωνὴν
1213 428 1405 467 ἐκλαμϐάνετκι
1423 438 1430 445 '
1467 428 1525 457 καθ’
1552 428 1582 456 ὅν
1612 427 1639 456 δὲ
1667 427 1747 466 λόγον
1776 426 1799 459 ἐξ
1825 425 1900 454 ἀϊδίου

1093 474 1206 513 ὑπάρχει
1241 473 1306 506 Θεὸς
1333 473 1466 510 οὗδαμῶε,
1488 474 1534 501 τὸν
1554 475 1602 508 τῆς
1636 471 1789 502 ἀντιδόσεως
1804 472 1902 510 τρόπον,

1093 518 1136 546 καὶ
1164 519 1213 552 τὴν
1241 519 1277 551 εἷς
1312 517 1416 551 ἄλληλα
1437 518 1621 558 περιχώρησιν
1650 520 1700 545 τῶν
1731 519 1776 544 τοῦ
1802 519 1903 555 Χριστοῦ

1094 562 1137 590 δύο
1166 563 1267 602 φύσεων
1299 563 1490 602 ἀπαρνήσεται.
1522 561 1636 601 Ἐλέγξει
1664 560 1691 589 δὲ
1720 561 1763 588 καὶ
1794 561 1806 588 ὁ
1841 560 1902 588 Νύσ-

1094 617 1144 639 σης
1174 607 1222 640 τὴν
1251 606 1441 646 παρεξήγησιν,
1458 607 1485 635 ἐν
1507 607 1551 639 οἷς
1579 607 1609 634 τὸ
1635 609 1739 642 Πνεῦμα
1753 604 1782 632 ὲκ
1795 604 1836 632 τοῦ
1851 605 1905 632 ι’ἱοῦ

1095 652 1165 680 εἶναι
1228 650 1313 690 λέγων
1381 653 1635 691 προσμαρτυρετσθαι
1653 674 1661 687 ,
1730 649 1905 684 κατασκευάζει

1094 696 1156 724 αὐτὸ
1197 696 1249 724 ἀπὸ
1290 699 1335 724 τοῦ
1376 697 1420 724 τὸν
1463 695 1626 725 Ἀπόστολον
1667 693 1809 734 εἰρηκέναι,
1850 695 1905 722 (Et

1093 751 1133 773 τις
1176 743 1282 778 Πνεῦμα
1323 741 1434 780 Χριστοῦ
1475 741 1522 769 οῦκ
1563 740 1634 780 ἔχει,
1672 738 1748 770 οὗτος
1769 740 1815 767 οὒκ
1841 737 1905 765 ἔστιν

1093 785 1181 816 αὐτοῦ,
1207 797 1220 812 n

1133 824 1184 866 ς’.
1203 830 1251 858 Καὶ
1279 829 1358 858 πάλιν
1388 831 1462 862 οὗτος
1492 829 1540 866 μὲν
1569 831 1674 866 Πνεῦμα
1704 829 1763 855 Υἷού
1786 827 1850 866 λέγει
1877 828 1906 854 τὸ

228 877 329 914 ritum,
355 876 436 917 quod
454 868 601 916 ejusdem
616 883 683 905 cum
698 874 772 905 Filio
787 874 923 905 essentia:
939 879 983 905 est
1000 868 1051 905 :Vet

1100 878 1210 912 Πνεῦμα,
1234 873 1273 902 ὅτι
1289 874 1427 911 ὃμοούσιον
1445 875 1496 910 Υἱῳ
1513 881 1519 888 ·
1537 874 1580 900 καὶ
1596 872 1635 900 ὅτι
1658 872 1700 900 ἐπ’
1726 872 1801 900 αὐτόν
1826 871 1905 908 μένει,

228 921 304 962 quod
319 930 410 961 super
424 920 522 961 ipsum
538 923 648 958 manet,
668 922 696 949 et
710 919 740 949 in
754 918 830 957 ipso.
850 921 886 950 At
900 918 990 949 rebus
1002 918 1050 949 di-

225 965 301 997 vinis
331 963 546 1006 pertractandis
566 973 689 1002 magnus
705 963 842 1000 Basilius,
863 973 941 994 nunc
966 963 1049 1000 dicit,

228 1010 387 1050 «Spiritum
405 1009 473 1039 Filii
487 1009 527 1046 (2)
544 1017 611 1039 esse
624 1007 861 1047 Spiritum,quod
881 1016 933 1047 per
945 1007 1050 1038 Filium

230 1059 274 1085 est
289 1063 323 1085 ex
338 1054 439 1094 Patre;
456 1064 467 1082 ι
483 1062 563 1085 nunc
578 1052 692 1082 nullum
708 1060 776 1082 esse
792 1052 955 1082 discrimen
967 1052 996 1082 in
1007 1061 1053 1082 re-

226 1098 282 1129 bus
293 1097 466 1137 theologicis
477 1097 556 1129 inter
567 1095 789 1137 praepositiones
799 1099 954 1136 ex,et;per,
969 1100 997 1127 et
1006 1105 1054 1136 pa-

227 1147 326 1174 tenter
341 1141 501 1173 admodum
517 1141 615 1171 docet.

266 1188 296 1220 7.
311 1187 420 1218 Iterum
435 1185 568 1222 Photius,
586 1185 666 1215 aliud
681 1189 785 1215 notare
796 1183 868 1215 dicit
880 1184 991 1215 dictum
1007 1185 1052 1215 af-

229 1231 362 1268 ﬁrmans,
382 1229 541 1270 «Spiritum
557 1229 611 1260 Dei
625 1228 670 1259 vel
687 1229 794 1266 Patris,
809 1240 822 1256 ι»
836 1228 908 1266 sive,
931 1228 1052 1269 «Spiri-

229 1280 291 1306 tum
307 1273 374 1305 Filii
388 1273 542 1314 Spiritum,
556 1285 568 1301 ι
587 1277 616 1304 ει
627 1272 705 1304 aliud
721 1282 870 1310 asserens,
891 1271 1051 1313 «Spiritum

229 1329 264 1351 ex
278 1319 365 1351 Patre
380 1318 574 1360 procedere.»
599 1318 638 1349 At
653 1326 776 1356 magnus
792 1316 916 1347 Basilius
932 1326 938 1348 :
961 1316 1054 1357 «Erga

227 1365 374 1402 Patrem,»
392 1363 433 1394 ait
445 1363 499 1403 (3),
514 1361 723 1403 proprietatem
737 1361 1002 1401 intelligo,quando
1017 1370 1051 1392 ex

227 1410 313 1440 Patre
339 1407 488 1448 prOcedit,
515 1416 585 1446 erga
614 1410 712 1439 autem
741 1405 847 1437 Filium
865 1406 982 1446 quando
996 1415 1051 1437 au-

226 1453 275 1484 dio
294 1463 300 1483 :
317 1451 457 1493 Quisquis
474 1451 616 1492 Spiritum
633 1450 742 1483 Christi
761 1460 821 1480 non
837 1450 938 1490 habet,
955 1450 1003 1480 hic
1018 1449 1052 1480 il-

227 1497 286 1529 lius
314 1507 372 1528 non
399 1500 455 1528 est.
482 1508 495 1524 η
524 1495 555 1526 Si
583 1495 681 1535 itaque
713 1495 848 1535 proprius
866 1499 910 1525 est
925 1493 1052 1534 Spiritus

228 1541 319 1578 Patri,
337 1541 406 1581 quia
421 1549 456 1571 ex
480 1539 566 1570 Patre
577 1539 731 1579 procedit:
750 1543 778 1569 et
793 1539 930 1578 proprius
946 1543 990 1569 est
1005 1539 1051 1570 Fi-

227 1586 279 1623 lio,
296 1586 365 1626 quia
380 1589 424 1615 est
439 1583 566 1625 Spiritus
582 1583 701 1621 Christi,
719 1582 839 1613 ubinam
851 1588 896 1614 est
912 1582 1019 1614 efﬁctas
1034 1592 1051 1614 a

225 1629 332 1661 Photio
351 1628 515 1660 dictionum
531 1627 706 1658 diﬂ'erentiae
723 1627 788 1658 vis?
804 1629 878 1657 Cum
894 1636 964 1658 vero
981 1636 1049 1658 rur-

227 1683 277 1705 sus
289 1674 368 1704 idem
385 1682 508 1712 magnus
535 1672 682 1703 Basilius:
706 1682 716 1700 α
739 1671 841 1712 Neque
855 1671 934 1702 enim
951 1672 1050 1703 minus

227 1718 392 1759 quidpiam,
410 1730 423 1746 ι
441 1717 518 1748 dicat
536 1718 587 1757 t4),
608 1727 621 1746 ‹
638 1715 765 1747 habituri
782 1725 884 1746 sumus
898 1716 933 1746 ad
946 1726 1051 1756 cogno-

226 1762 370 1794 scendum
382 1761 526 1802 Spiritum
538 1770 604 1792 esse
618 1761 806 1798 exDeo,cum
818 1761 956 1791 audimus
967 1761 1049 1792 illum

227 1807 370 1848 Spiritum
400 1815 467 1837 esse
490 1805 551 1836 oris
566 1806 656 1836 illius.
674 1816 688 1835 )
711 1805 768 1836 Sed
786 1814 894 1835 nomen
910 1805 965 1836 hoc
980 1806 1052 1836 satis

227 1850 568 1891 superquel‘uerit,illius
577 1859 610 1881 ex
620 1850 681 1881 Deo
695 1849 896 1880 exsistentiam
906 1849 1049 1882 indicare.

228 1895 299 1932 Quis
315 1895 405 1926 ﬁdem
420 1894 700 1932 adhibebitPhotio,
716 1893 772 1924 nisi
782 1893 940 1924 cerebrum
952 1895 981 1925 in
993 1896 1050 1926 cal-

228 1939 330 1971 caneis
345 1939 430 1979 ferat,
447 1938 558 1970 dicenti
575 1948 581 1971 :
598 1939 686 1970 Aliud
712 1942 756 1969 est
778 1938 934 1969 manifesto
951 1948 1051 1980 proce-

227 1984 299 2015 dere
314 1993 349 2015 εκ
364 1983 451 2015 Patre
466 1984 620 2024 Spiritum,
638 1987 667 2014 et
682 1982 761 2014 aliud
780 1982 874 2018 innui,
889 1992 954 2014 cum
971 1984 1052 2024 quis-

229 2028 307 2070 piam
322 2028 432 2060 dixerit
448 2038 455 2058 :
472 2028 628 2068 Spiritum,
646 2028 697 2068 qui
713 2037 748 2059 ex
762 2027 823 2058 Deo
841 2032 886 2058 est
904 2037 910 2058 :
933 2038 947 2058 ε
961 2029 1054 2068 Spiri-

226 2078 288 2104 tum
304 2074 369 2109 Dei,
386 2073 426 2104 ait
436 2082 558 2112 magnus
569 2073 706 2110 Basilius,
728 2084 739 2101 ‹ι
757 2072 925 2113 audientes,
941 2083 975 2104 ex
991 2073 1052 2104 Deo

225 2127 292 2150 esse
308 2117 452 2158 Spiritum
463 2117 670 2157 cognoscimus
690 2128 695 2147 ε
710 2130 721 2147 ι»
735 2116 863 2158 indeque
878 2117 1050 2157 dictionem,

226 2172 281 2194 «ex
298 2162 390 2200 Deo,»
406 2171 441 2193 ex
453 2163 513 2194 Deo
527 2162 730 2193 exsistentiam
743 2160 873 2202 Spirims
885 2162 1053 2201 signiﬁcare

1093 920 1136 947 καὶ
1159 918 1186 946 ἒν
1200 920 1282 955 αὐτῷ.
1314 915 1342 947 “Ο
1373 917 1400 946 δὲ
1444 917 1524 949 πολὺς
1555 918 1587 945 τὰ
1620 919 1680 946 θεῖα
1710 916 1840 948 Βασίλειος
1867 919 1907 943 νῦν

1094 963 1142 1001 μὲν
1165 963 1236 1002 λέγει
1262 975 1273 990 ι
1291 967 1396 1000 Πνεῦμα
1424 964 1482 991 ι’ἱοῦ
1510 962 1580 990 εἶναι
1610 963 1640 990 τὸ
1670 964 1786 999 Πνεῦμα,
1813 960 1849 988 ὅτι
1870 959 1909 988 διέ

1094 1011 1139 1036 τοῦ
1169 1009 1228 1036 Υὶοῦ
1258 1007 1329 1036 ἐστιν
1356 1009 1388 1035 Ex
1416 1007 1517 1046 Πατρός
1535 1016 1541 1023 ·
1563 1018 1574 1035 n
1593 1011 1634 1036 νῦν
1650 1005 1677 1034 δὲ
1694 1005 1777 1044 μηδέν
1791 1017 1813 1033 τι
1828 1003 1912 1044 διαφέ-

1094 1063 1148 1092 ρειν
1177 1055 1225 1085 τῆς
1248 1051 1383 1090 θεολογίας
1411 1052 1460 1085 τὴν
1488 1052 1529 1089 ἐκ,
1554 1052 1596 1079 καὶ
1618 1049 1659 1079 διὰ
1686 1051 1775 1084 πάντη
1802 1048 1909 1077 διδάσκει

1095 1099 1184 1136 σαφῶς
1190 1118 1197 1125 .

1133 1180 1168 1221 ζ’.
1197 1184 1280 1213 Πάλιν
1303 1185 1406 1218 Φώτιος
1431 1186 1479 1222 μὲν
1514 1183 1580 1212 ἄλλο
1609 1184 1748 1222 σημαίνειν
1769 1183 1835 1222 λέγει
1861 1184 1909 1217 τὴν

1097 1240 1112 1260 ι
1149 1233 1254 1267 Πνεῦμα
1279 1233 1354 1266 Θεοῦ,
1377 1230 1395 1261 ἢ
1426 1231 1538 1269 Πατρὸς,
1558 1241 1570 1257 ι)
1595 1229 1612 1262 ἢ
1642 1240 1653 1256 ιι
1674 1229 1734 1256 Υἰοῦ
1759 1240 1770 1255 ιι
1788 1227 1912 1266 λέγουσιν

1097 1286 1109 1303 α
1134 1275 1163 1302 τὸ
1191 1277 1297 1311 Πνεῦμα
1315 1285 1329 1301 ιι
1347 1273 1448 1314 φωνήν,
1477 1275 1520 1302 καὶ
1541 1273 1629 1313 ἕτερον
1656 1273 1717 1309 τὴν,
1746 1285 1756 1301 ,ι
1775 1273 1911 1312 ἐκπορεύε-

1094 1323 1152 1349 σθαι
1193 1323 1240 1348 τοῦ
1278 1320 1378 1359 Πατρὸς
1401 1320 1463 1349 αὐτὸ
1493 1332 1506 1347 ι)
1533 1319 1673 1359 λέγουσαν.
1718 1315 1746 1348 ιΟ
1775 1318 1801 1346 δὲ
1829 1318 1912 1358 μέγας

1095 1364 1242 1401 Βασίλειος,
1258 1365 1308 1398 τὴν
1342 1364 1391 1402 μὲν
1432 1376 1442 1392 r
1463 1365 1532 1404 Πρὸς
1563 1364 1664 1404 Πατέρα
1693 1367 1757 1404 νοῶ,
1777 1375 1787 1392 n
1823 1364 1912 1403 φησὶν,
1937 1359 1938 1364 ί

1097 1422 1109 1437 (ι
1134 1409 1296 1446 οἰκειότητα,
1328 1407 1418 1443 ἐπειδὴ
1458 1410 1528 1448 παρὰ
1563 1408 1609 1437 τοῦ
1636 1408 1736 1448 Πατρός
1772 1408 1914 1447 ἐκπορεύε-

1094 1465 1147 1491 ται,
1177 1454 1226 1488 τὴν
1253 1454 1318 1491 πρὸς
1341 1454 1402 1481 Υἱὸν
1429 1452 1469 1492 δὲ,
1486 1453 1588 1489 ἐπειδὴ,
1617 1452 1643 1480 εἴ
1672 1464 1711 1484 τις
1728 1456 1831 1490 Πνεῦμα
1846 1456 1913 1492 Χρι-

1094 1500 1156 1527 στοῦ
1183 1498 1230 1527 οὔκ
1258 1498 1327 1538 ἔχει,
1358 1501 1432 1530 οὗτος
1461 1499 1509 1527 οὐκ
1536 1498 1606 1526 ἔστιν
1642 1498 1731 1530 αὐτοῦ,
1758 1509 1769 1526 ι)
1794 1498 1823 1526 Εἰ
1850 1501 1914 1535 γοῦν

1093 1545 1190 1572 οἰκεῖον
1238 1543 1286 1581 μὲν
1323 1544 1404 1582 Πατρὶ
1446 1543 1477 1571 τὸ
1518 1546 1635 1583 Πνεῦμα,
1670 1542 1709 1570 ὅτι
1745 1542 1774 1570 ἐκ
1809 1544 1912 1582 Πατρὸς

1091 1588 1269 1628 ἐκπορεύεται,
1312 1588 1410 1616 οἰκεῖον
1465 1586 1492 1615 δὲ
1535 1588 1597 1624 Υίῷ,
1643 1586 1683 1614 ὅτι
1720 1586 1774 1615 ἐστὶ
1809 1591 1913 1624 πνεῦμα

1092 1636 1216 1672 Χριστοῦ,
1252 1636 1303 1660 ποῦ
1341 1631 1434 1660 λοιπὸν
1473 1633 1490 1666 ἡ
1515 1634 1566 1665 τῆς
1597 1631 1782 1668 πλαττομένης
1810 1633 1916 1661 Φωτίου

1090 1671 1213 1717 διαφορᾶς
1235 1680 1286 1705 τῶν
1307 1679 1400 1717 φωνῶν
1422 1675 1529 1713 δύναμις
1547 1686 1554 1716 ;
1573 1671 1637 1705 ’Ότι
1671 1675 1697 1704 δὲ
1719 1676 1798 1704 πάλιν
1826 1677 1839 1704 ὁ
1864 1677 1916 1705 αῦ-

1093 1722 1137 1753 τὸς
1166 1721 1252 1760 μέγας
1274 1720 1420 1759 Βασίλειος,
1444 1732 1458 1748 α
1475 1720 1539 1749 Οὸδὲ
1555 1721 1604 1760 γὰρ
1618 1720 1727 1749 ἔλαττόν
1742 1731 1778 1758 τι,
1798 1733 1812 1748 »
1836 1722 1916 1760 φησὶ,
1937 1717 1938 1726 ί

1097 1775 1110 1795 ε
1134 1765 1266 1804 μέλλομεν
1281 1765 1345 1798 ἕξειν
1362 1766 1398 1797 εἷς
1425 1766 1456 1793 τὸ
1484 1765 1622 1804 γινώσκειν
1652 1766 1682 1793 τὸ
1707 1769 1813 1803 Πνεῦμα
1828 1766 1917 1805 ὑπάρ-

1093 1821 1152 1851 χειν
1180 1811 1210 1838 ὲκ
1236 1813 1311 1848 Θεοῦ,
1342 1811 1443 1848 πνεῦμα
1468 1811 1515 1838 τοῦ
1543 1810 1674 1847 στόματος
1696 1810 1774 1840 αὐτοῦ
1803 1809 1918 1838 ὂκούον-

1092 1866 1135 1887 τες
1171 1855 1245 1892 αὐτὸ,
1264 1866 1277 1882 ι
1315 1853 1374 1882 ἀλλ’
1398 1855 1485 1883 ίκανον
1514 1855 1557 1882 καὶ
1584 1860 1661 1884 τοῦτο
1688 1856 1718 1883 τὸ
1753 1854 1838 1893 ὄνομα
1868 1855 1920 1888 τὴν

1092 1899 1199 1939 ὕπαρξιν
1227 1901 1304 1929 αὐτοῦ
1325 1898 1444 1932 δηλῶσαι
1459 1899 1507 1933 τὴν
1530 1898 1560 1927 ἐκ
1588 1903 1653 1928 Θεοῦ
1671 1909 1677 1916 ·
1694 1900 1732 1931 τίς
1762 1900 1792 1928 ἃν
1821 1901 1921 1936 Φωτίῳ

1092 1945 1264 1984 πιστεύσειεν,
1282 1945 1303 1972 εἰ
1339 1944 1377 1981 μὴ
1407 1945 1558 1984 παραγ-ταῖς
1579 1943 1702 1983 πτέρναις
1723 1945 1767 1972 τὸν
1797 1944 1921 1984 ἐγκέρα-

1092 1988 1137 2017 λον
1166 1988 1249 2028 φέρει,
1282 1987 1396 2027 λέγοντι,
1424 2000 1437 2015 at
1472 1983 1585 2028 ’Ἑτερον
1607 1988 1664 2016 ἔστι
1698 1992 1852 2028 περιφανῶς
1873 1983 1922 2016 γτὺ

1094 2033 1276 2072 ἐκπορεύεσθαι
1319 2034 1350 2060 ὲκ
1390 2033 1491 2072 Πατρὸς
1533 2033 1564 2060 τὸ
1605 2036 1722 2071 Πνεῦμα,
1765 2035 1810 2062 καὶ
1854 2033 1938 2062 ἄλλα

1093 2077 1227 2115 δηλοῦται,
1252 2078 1312 2106 ὃταν
1334 2088 1374 2109 τις
1403 2076 1470 2116 λέγῃ
1501 2078 1531 2105 τὸ
1553 2080 1658 2114 Πνεῦμα
1680 2078 1710 2106 τὶ)
1726 2078 1755 2105 ἐκ
1769 2081 1816 2106 τοῦ
1840 2082 1923 2115 Θεοῦ,

1096 2133 1109 2148 ι(
1134 2122 1239 2159 Πνεῦμα
1279 2125 1356 2158 Θεοῦ,
1398 2132 1409 2149 ι
1446 2122 1537 2161 φησὶν,
1564 2133 1578 2149 ιι
1607 2121 1760 2159 ἀκούοντες,
1790 2123 1804 2150 ὁ
1836 2122 1925 2161 μέγας

1093 2165 1241 2203 Βασίλειος,
1268 2178 1281 2193 ιι
1307 2165 1337 2194 ἔκ
1367 2169 1432 2194 Θεοῦ
1453 2166 1582 2206 ὑπάρχειν
1603 2167 1633 2194 τὸ
1657 2169 1761 2204 Πνεῦμα
1784 2167 1926 2206 γινώσκω-

224 2207 404 2239 constabilit.
422 2207 500 2247 quod
517 2211 546 2237 et
561 2206 651 2237 dictio
667 2215 816 2246 asserens,
843 2206 926 2237 illum
942 2217 975 2238 ex
991 2208 1051 2239 Deo

1100 2222 1152 2248 λεν,
1181 2223 1193 2238 n
1224 2211 1360 2240 κάντεῦθεν
1394 2211 1442 2244 τὴν
1473 2210 1502 2238 ἐκ
1530 2213 1596 2239 Θεοῦ
1624 2211 1714 2251 φωνὴν
1744 2213 1928 2249 σημαντικὴν

225 2252 391 2293 procedere
407 2256 501 2292 notat,
517 2256 548 2282 ut
569 2256 615 2283 est
629 2251 705 2292 apud
721 2260 826 2281 omnes
841 2250 1051 2289 indubitatum,

1100 2257 1143 2288 τῆς
1171 2255 1201 2283 ἐκ
1230 2259 1295 2285 Θεοῦ
1321 2253 1454 2294 ὑπάρξεως
1479 2255 1526 2284 τοῦ
1560 2250 1710 2293 Πνεῦματος
1738 2256 1809 2284 εἶναι
1851 2257 1929 2285 συνί-

222 2308 327 2335 man,
357 2296 421 2338 ὅπερ
447 2298 491 2325 καὶ
519 2297 537 2330 ἦ
568 2307 580 2326 Ο
613 2297 641 2325 ἐκ
669 2300 734 2325 θεοῦ
759 2308 772 2324 ³
804 2297 866 2324 αδτὸ
894 2297 1006 2336 λέγουσι
1039 2301 1234 2342 ίκπορεύεσθαι,
1262 2301 1328 2329 κατὰ
1357 2301 1387 2328 τὸ
1415 2301 1486 2340 παρὰ
1507 2304 1586 2329 πᾶσιν
1615 2300 1810 2340 ἀναμφῖλεκτον
1845 2301 1930 2341 λέγε-

226 2353 282 2370 ται.

267 2385 297 2417 8.
314 2385 492 2431 Et_Photius
508 2385 590 2431 dicit,
610 2398 623 2413 α
640 2385 728 2431 Aliud
747 2389 848 2431 aperte
865 2396 943 2424 esse,
960 2387 1051 2430 Spiri-

1134 2391 1175 2425 η’,
1200 2391 1249 2421 Keil
1271 2391 1372 2422 Φώτιος
1389 2389 1471 2429 λέγει,
1493 2402 1503 2418 ε
1525 2385 1639 2430 ’Ἐτερόν
1655 2390 1710 2419 ἐστι
1726 2393 1888 2431 περιφανῶς
1906 2393 1935 2419 τὸ

228 2433 290 2478 tum
307 2438 342 2459 ex
357 2428 443 2478 Patre
458 2430 634 2478 procedere,
646 2435 674 2460 et
687 2429 766 2478 aliud
781 2430 894 2478 dictum
907 2428 1051 2474 indicans,

1100 2436 1280 2475 ἐκπορεύεσθαι
1307 2434 1337 2463 ἐκ
1366 2428 1468 2474 [ἰατρὸς
1495 2435 1525 2462 τὸ
1561 2428 1679 2473 Πνεῦμα,
1697 2436 1740 2463 καὶ
1756 2428 1825 2463 ἄλλο
1855 2437 1875 2470 ἦ
1911 2435 1938 2464 ἑκ

225 2473 310 2504 illum
326 2482 361 2504 ex
391 2472 477 2505 Patre
493 2484 570 2506 esse.
589 2487 602 2503 ι
620 2474 728 2506 Annon
742 2474 850 2506 similia
866 2472 1051 2517 asseverans,

1100 2484 1162 2509 Θεοῦ
1188 2480 1302 2520 ὶέγουσα
1333 2480 1362 2508 τὸ
1397 2482 1514 2520 Πνεῦμα,
1539 2491 1552 2507 ι
1590 2480 1713 2517 σημαίνει
1735 2481 1828 2520 φωνὴ.
1874 2484 1938 2511 Πῶς

267 2554 298 2580 18
312 2555 398 2586 Rom.
417 2562 480 2596 vui,
497 2556 527 2587 9.

286 2633 313 2680 ta
329 2632 457 2680 [joinilia
471 2634 609 2680 inﬂatu
623 2638 735 2680 noster.
760 2674 814 2680 Μ.
900 2676 906 2680 Δ
1099 2642 1211 2668 sancto.

285 2673 464 2721 22_Spiritu_s
490 2675 567 2721 Filii,
591 2675 676 2721 quod
693 2683 746 2721 per
760 2674 880 2711 Filium,
898 2676 1010 2721 in_uno_
1022 2685 1057 2708 ex
1100 2717 1121 2721 __
1139 2678 1180 2715 (3)
1194 2677 1257 2721 Hoc
1271 2676 1486 2721 inquirendum
1511 2681 1553 2708 est
1578 2677 1608 2708 in
1621 2677 1810 2709 orationibus
1826 2683 1938 2710 contra

226 2714 492 2759 gapitibus,_cpjus
509 2714 682 2759 inscriptio:
698 2715 802 2759 Quare
812 2724 871 2759 non
887 2720 914 2748 et
926 2717 1058 2759 Spiritus
1100 2717 1288 2759 Eunomium,
1306 2714 1334 2759 et
1350 2717 1467 2759 Arium.

227 2743 1060 2802 ᾒιῐίιὶξῇῐίίξᾷἧὲᾱηίῌξεὲ.’ἷιίίξεέιζῇἰτήιιὲὺρτέξιῆἓὲῥῦέὶῖ
1497 2761 1601 2798 quarto
1629 2761 1734 2790 contra
1745 2758 1938 2792 Eunomium

222 2795 362 2828 ‘ionesin
373 2796 477 2836 quinto
489 2797 524 2827 ad
537 2795 778 2837 Amphilochium
792 2797 889 2836 capite
901 2795 940 2829 de
949 2795 1060 2838 Spiritu
1104 2795 1190 2830 libro.
