1953 3074
177 147 235 187 339

723 151 826 183 JOAN.
851 152 960 183 VECCI
982 151 1037 182 GP.
1055 151 1314 184 PATRIARCHIE

1804 152 1863 186 340

171 220 278 252 Filium
294 220 422 261 Spiritus
436 219 530 250 sancti
546 219 760 254 exsistentiam,
779 217 984 258 redarguerim

1095 217 1149 255 ἰδίῳ
1164 220 1235 257 ἡμᾶς
1250 219 1344 258 ᾐτήσω
1372 219 1445 259 λόγῳ
1471 219 1620 260 διαλαϐεῖν,
1637 220 1697 249 ὅποι
1726 224 1778 249 τῶν
1799 221 1863 252 ἐαυ-

173 266 386 298 Verumtamen
403 275 470 296 cum
480 265 521 296 ita
532 264 625 295 visum
639 263 692 294 tibi
709 263 855 299 sit,amice
866 264 996 294 Contan-

173 310 246 347 tino,
264 314 294 341 et
303 309 471 350 petieris,ut
485 307 628 348 peculiari
643 307 744 338 libello
754 307 995 347 deprehendere-

174 364 251 392 mus,
269 364 326 395 quo
341 363 462 385 suorum
478 352 766 384 Commentariorum
779 351 844 382 loco
856 351 996 392 ipsesibi-

172 399 289 439 metipsi
305 399 428 439 Cyprius
443 398 627 434 adversetur,
651 401 706 428 tua;
732 397 866 437 petitioni
882 405 996 427 morem

171 452 419 484 gero,rursusque
435 451 539 474 manus
555 451 620 473 mea
636 442 788 482 scriptioni
802 440 921 481 operam
934 441 993 472 dat:

172 492 202 519 at
216 497 274 519 non
286 488 356 519 item
374 497 458 519 mens
474 487 510 518 ad
527 487 644 517 diversa
659 487 695 517 ab
711 486 827 526 iis,quae
841 486 921 526 prius
934 486 995 516 edi-

172 532 478 573 xeram,sentiendum
494 532 763 562 convertitur.Cum
782 531 861 562 enim
877 530 912 561 ad
924 540 995 561 sen-

171 579 280 609 tentias
294 578 432 617 dictaque
448 577 546 617 Cyprii
564 586 622 607 non
637 575 748 616 absque
763 585 864 606 errore
875 575 997 606 concin-

172 622 429 662 nata,refellenda,
440 622 517 662 quod
533 631 608 662 opus
623 625 687 652 erat
701 630 717 651 a
732 619 818 651 nobis
832 624 861 651 et
876 619 995 659 excogi-

172 667 239 705 tari,
256 671 286 698 et
299 667 417 704 dictari,
446 666 578 707 perfecte
604 675 658 706 per
684 675 738 696 nos
767 665 935 696 absolutum
959 664 997 694 sit

171 711 377 742 tantummodo
388 711 418 742 in
431 710 587 751 prasentia
603 714 771 741 manustuae
783 709 918 750 petitioni
932 718 998 739 mo-

171 755 529 797 rigeraapermultisillis
545 759 642 795 partes
656 755 797 795 quasdam
812 754 997 791 discindens,

171 804 200 830 et
216 803 369 838 segmenta
382 798 686 840 scripto,abicumque
699 808 751 840 par
767 803 998 839 est,proponens

170 843 400 884 obtemperabit.
418 844 453 874 Et
463 844 525 884 jam
541 843 623 875 audi.

207 889 238 921 2.
255 889 354 919 Primo
377 898 431 920 suo
448 892 528 920 tomo
544 888 673 930 Cyprius
693 888 805 919 dictum
821 887 894 919 illud
912 896 996 918 asse-

167 942 258 965 rens:
275 933 334 964 «Ει
350 933 480 965 essentia
493 932 588 964 Patris
603 938 632 964 et
643 934 709 965 Filii
725 932 996 974 Spiritumfprosili-

167 987 218 1010 re»
224 987 310 1019 prave
317 978 615 1018 interpretans,dicit:
623 978 760 1010 «Nemini
770 987 827 1008 non
836 981 936 1008 notum
945 980 996 1013 est,

168 1023 238 1054 dum
254 1021 383 1063 Spiritus
397 1027 518 1054 sanctus
537 1032 571 1054 ex
585 1023 714 1054 essentia
730 1022 824 1053 Patris
839 1022 993 1057 asseritur,

168 1067 262 1108 probe
290 1067 400 1108 pieque
421 1067 492 1105 dici,
511 1077 544 1098 ex
561 1068 688 1098 essentia
703 1076 822 1108 quoque
837 1066 922 1097 Filii:
937 1075 995 1096 una

166 1111 316 1152 siquidem
332 1111 447 1143 estaEt
459 1111 561 1151 paucis
579 1114 702 1142 annexis
716 1123 722 1141 :
737 1124 750 1139 ι
762 1111 908 1148 Quoniam
924 1119 993 1141 vero

167 1165 228 1187 una
241 1159 302 1194 est,
316 1155 456 1197 Spiritus,
468 1157 518 1196 qui
534 1165 569 1187 ex
585 1156 714 1187 essentia
729 1155 825 1187 Patris
840 1155 992 1192 asseritur,

169 1210 205 1231 ex
220 1200 348 1231 essentia
362 1200 434 1231 item
450 1200 518 1232 Filii
526 1200 653 1231 existere
662 1199 835 1232 conceditur
845 1199 881 1230 ab
893 1199 975 1230 omni
984 1216 992 1222 -

169 1244 236 1276 bus.
254 1246 365 1276 Verum
381 1254 441 1276 non
464 1248 621 1286 propterea
639 1246 701 1285 jam
729 1248 758 1276 et
786 1254 820 1276 ex
843 1243 993 1284 hypostasi

167 1289 247 1321 Filii.
266 1302 277 1317 ι
294 1289 413 1322 Similes
436 1289 533 1330 Cyprii
559 1298 731 1321 sermonum
749 1289 896 1329 pericopae
913 1288 993 1319 illius

169 1333 277 1365 mentis
290 1338 459 1365 commenta
471 1338 551 1370 sunt,
568 1339 597 1365 et
613 1344 691 1365 nunc
713 1343 819 1365 recens
842 1333 877 1364 ad
893 1339 993 1364 nostra

167 1378 279 1419 scripta
291 1379 486 1410 convellenda
510 1379 692 1419 excogitatas.
719 1379 778 1410 Sed
810 1380 890 1417 juxta
918 1379 995 1409 hanc

168 1423 303 1455 eamdem
317 1427 498 1460 mentem,ex
510 1424 603 1464 ipsius
619 1433 722 1454 rursus
739 1423 827 1454 dictis
839 1422 996 1463 responsio

166 1467 198 1499 in
215 1472 352 1509 promptu
370 1472 425 1506 est,
442 1478 501 1509 qua
525 1469 647 1507 quidem
672 1469 747 1499 nihil
763 1469 888 1506 firmius,
902 1467 927 1498 si
943 1468 996 1499 tibi

1036 267 1082 292 τοῦ
1110 264 1324 302 συγγραμμάτων
1352 264 1430 296 «ora;
1465 266 1550 302 ἓαυτῷ
1586 265 1699 304 Κύπριος
1728 266 1863 295 ἐναντιού-

1037 318 1114 344 μενος
1144 309 1274 348 φαίνεται,
1307 308 1417 337 ἐπινεύω
1438 308 1490 343 ἤδη
1519 311 1584 349 πρὸς
1613 310 1661 344 τὴν
1684 310 1803 348 αἴτησιν,
1820 307 1864 339 καὶ

1036 353 1135 390 γίνεται
1169 353 1247 381 πάλιν
1276 354 1341 393 πρὸς
1363 355 1394 382 τὸ
1424 355 1531 393 γράφειν
1553 355 1570 388 ἡ
1591 355 1661 394 χείρ,
1681 355 1716 383 0'3
1742 356 1791 394 γὰρ
1820 355 1862 394 ἂν,

1038 407 1081 424 και
1104 398 1118 425 ὁ
1147 401 1205 428 νους
1228 399 1293 437 πρὸς
1323 399 1352 426 τὸ
1369 405 1454 426 νοεῖεν
1478 398 1552 438 ἕτερα
1578 402 1631 427 τῶν
1659 400 1728 439 πρὶν,
1747 399 1862 438 εἷ’ποιμι,

1038 441 1146 469 Πάντων
1176 442 1226 481 γὰρ
1266 443 1315 470 ὃσα
1356 443 1421 482 πρὸς
1464 443 1597 483 ἆτίῤῥησιν
1633 444 1681 477 τῆν
1711 445 1864 484 ἐπισφαλῶς

1036 486 1079 513 καὶ
1108 486 1267 524 νοηθέντων,
1293 487 1336 515 καὶ
1366 487 1497 525 ῥηθέντων
1519 488 1635 528 Κυπρίῳ,
1667 491 1793 522 νοηθῆναι
1822 491 1865 518 καὶ

1036 530 1147 568 ῥηθῆναι
1175 531 1237 570 παρ’
1266 532 1342 568 ἡμῶν
1358 531 1420 569 ἔδει,
1437 532 1584 564 ἀνελλιπτῦς
1622 533 1690 570 ἡμῖν
1718 532 1864 574 διαπεραν-

1037 573 1143 613 θέντων,
1173 575 1242 613 μόνη
1272 577 1337 615 πρὸς
1371 577 1400 604 τὸ
1427 577 1511 616 παρὸν
1540 577 1557 610 ἦ
1587 577 1646 617 χεὶρ
1674 580 1707 611 τῆ
1729 579 1793 610 πρὸς
1815 579 1865 612 τὴν

1038 619 1088 652 σὴν
1111 619 1219 653 αἴτησιν
1247 620 1375 649 ἐπινεύσει
1410 622 1487 658 ἡμῶν
1520 621 1689 661 ὑπουργήσει,
1723 622 1790 662 μέρη
1808 624 1865 651 τινα

1039 666 1091 691 τῶν
1120 663 1227 692 πολλῶν
1277 665 1382 692 ἐκείνων
1420 664 1611 704 ἆποδιαιροῦσα
1645 667 1688 694 καὶ
1724 668 1863 704 τμήματα,

1042 709 1083 736 καὶ
1105 711 1138 746 τῇ
1161 711 1259 748 γραφῇ,
1285 708 1345 738 ὅποι
1383 709 1413 737 ἂν
1453 711 1496 739 καὶ
1525 710 1664 750 προσήκοι,
1688 712 1861 751 χαριζομένη.

1041 753 1090 781 Καὶ
1111 752 1188 783 ἄκουε
1211 752 1254 788 δή.

1078 881 1115 923 β’.
1146 886 1190 914 Ἐν
1219 887 1256 924 τῷ
1285 888 1381 926 πρώτῷ
1405 890 1482 917 αὐτοῦ
1497 889 1571 925 τόμῳ
1594 889 1707 928 Κύπριος
1723 890 1783 928 τὴν,
1804 901 1817 917 α
1834 891 1864 919 ἐκ

1038 930 1087 964 τῆς
1115 931 1201 963 οὗσίας
1217 933 1317 970 Πατρὸς
1342 933 1384 960 καὶ
1429 933 1469 960 ίοῦ
1497 932 1617 971 προϊέναι
1645 935 1675 962 τὸ
1704 937 1820 972 Πνεῦμα,
1844 945 1859 965 ›

1039 975 1188 1014 φάσκουσαν
1230 977 1304 1015 ῥῆσιν
1348 976 1576 1016 παρεξηγούμενος
1593 1001 1601 1015 ,
1660 979 1728 1007 οὕτω
1769 981 1860 1019 φησὶν.

1043 1029 1054 1047 ι
1074 1020 1154 1048 Παντί
1182 1031 1232 1050 που
1253 1019 1332 1054 δῆλον
1362 1022 1397 1053 ὼς
1413 1022 1442 1049 τὺ
1472 1022 1578 1059 Πνεῦμα
1599 1024 1630 1051 τὸ
1659 1023 1733 1062 ἅγιον
1763 1024 1791 1052 ἐκ
1812 1027 1861 1058 τῆς

1035 1064 1123 1096 οὖσίας
1153 1063 1296 1103 λεγόμενον
1337 1066 1383 1094 τοῦ
1421 1066 1520 1104 Πατρὸς
1553 1066 1641 1099 καλῶς
1671 1067 1702 1094 ἂν
1730 1067 1789 1108 ἔχοι
1817 1069 1862 1097 καὶ

1036 1108 1147 1138 εὖσεϐὤς
1165 1110 1209 1137 καὶ
1223 1109 1253 1137 ἐκ
1265 1112 1315 1143 τῆς
1330 1114 1376 1138 τοῦ
1409 1111 1468 1138 1⁷ὶοῦ
1490 1110 1612 1150 λέγεσθαι
1629 1119 1636 1127 ⁸
1670 1112 1717 1150 μία
1747 1113 1796 1151 γάρ
1813 1122 1820 1129 ⁶
1847 1127 1859 1141 ι

1034 1153 1078 1181 καὶ
1108 1152 1166 1190 μετ’
1194 1153 1269 1193 ὀλίγα
1287 1161 1294 1169 ·
1329 1166 1342 1181 ι
1364 1155 1435 1183 Διότι
1465 1154 1492 1182 δὲ
1522 1156 1570 1192 μία
1597 1157 1628 1185 τὸ
1662 1156 1691 1184 ἐκ
1707 1159 1756 1190 τῆς
1773 1158 1860 1189 obuia;

1035 1197 1245 1237 ὁμολογούμενον
1281 1205 1326 1229 τοῦ
1353 1201 1454 1239 Πατρὸς
1477 1203 1594 1238 Πνεῦμα,
1617 1203 1660 1230 καὶ
1682 1202 1711 1230 ἐκ
1736 1205 1785 1235 τῆς
1815 1207 1861 1232 τοῦ

1041 1244 1100 1271 Υἶοῦ
1128 1243 1257 1283 ὑπάρχειν
1287 1243 1473 1284 ὁμολογεῖται.
1502 1244 1576 1279 Πλὴν
1603 1248 1632 1276 οὗ
1647 1245 1688 1274 διὰ
1703 1250 1780 1276 τοῦτο
1808 1247 1860 1282 ἤδη

1034 1288 1077 1316 καὶ
1106 1287 1136 1315 ἐκ
1164 1289 1212 1322 τῆς
1235 1293 1281 1318 τοῦ
1303 1290 1362 1319 Υἱοῦ
1387 1290 1568 1322 ὑποστάσεως.
1594 1306 1605 1321 ι
1629 1293 1658 1319 A't
1683 1290 1715 1325 δὴ
1744 1296 1860 1320 τοιαῦται

1035 1335 1088 1360 τῶν
1118 1332 1196 1361 αὖτοῦ
1237 1332 1323 1372 λόγων
1365 1335 1504 1373 περικοπαὶ
1545 1337 1593 1368 τῆς
1635 1335 1713 1364 αὔτοῦ
1747 1336 1860 1369 διανοίας

1037 1377 1166 1417 ἱεφεύρεμα
1191 1378 1280 1418 οὖσαι,
1317 1378 1382 1406 κάπὶ
1411 1382 1444 1417 τῇ
1472 1380 1524 1407 τῶν
1552 1379 1689 1420 ἡμετέρων
1711 1381 1860 1420 ἀντιῤῥήσει

1038 1423 1265 1461 καινουργεθετσαι
1294 1426 1412 1462 γραφῶν,
1456 1422 1515 1451 καθ’
1553 1425 1644 1452 ἱποίαν
1673 1425 1720 1459 τὴν
1749 1424 1862 1454 διάνοιαν

1040 1466 1088 1500 τὴν
1118 1466 1147 1494 ἐκ
1184 1467 1234 1495 τῶν
1264 1466 1342 1495 αἰπτοῦ
1372 1467 1449 1496 πάλιν
1472 1468 1596 1505 ῥημάτων
1618 1469 1763 1503 ἀπάντησιν
1779 1470 1862 1510 ἔχου-

166 1512 211 1543 illi
225 1512 454 1544 contradicendi
470 1513 586 1544 animus
611 1517 665 1551 est,
682 1513 871 1554 reputabitur
890 1522 897 1543 :
915 1512 990 1552 quod

1072 1524 1092 1550 ν,
1121 1513 1154 1546 ἧς
1176 1511 1248 1540 οὐδὲν
1269 1512 1448 1552 γενναιότερον
1476 1512 1628 1551 βουλομένῷ
1645 1525 1684 1543 σοι
1721 1509 1862 1552 ανῖμτῷνγάν-

167 1557 365 1598 praesentibus
380 1557 540 1589 intendens
555 1562 636 1589 recte
644 1557 990 1598 accipies.Aliaejusdem

1072 1556 1149 1595 ιέγειν
1171 1557 1336 1596 κριθήσεται.
1354 1556 1428 1586 Οὕτω
1451 1556 1483 1591 δὴ
1508 1558 1649 1598 προσέχων
1678 1566 1736 1590 τοῖς
1757 1562 1860 1599 παροῦ-

168 1602 238 1633 tomi
255 1606 339 1643 parte
354 1602 540 1643 respondens
555 1602 591 1634 ad
608 1612 670 1639 eos,
687 1602 738 1643 qui
753 1611 842 1633 unam
867 1601 990 1642 Spiritus

1072 1612 1075 1626 I
1111 1600 1188 1633 αὐτὸς
1218 1608 1354 1640 γνωριεῖς.
1395 1602 1438 1630 Ἐν
1466 1600 1555 1634 ἄλλοις
1588 1606 1635 1631 τοῦ
1667 1604 1745 1632 αὖτοῦ
1775 1605 1861 1642 τόμοι)

166 1655 287 1677 causam
303 1647 422 1678 Patrem
438 1652 467 1678 et
484 1647 591 1678 Filium
616 1652 764 1685 astruunt,
783 1651 810 1677 et
826 1646 935 1677 multas
962 1646 993 1676 in

166 1691 288 1722 eosdem
304 1701 398 1731 nugas
427 1691 746 1735 profundens,tandem
773 1697 914 1732 tanquam
934 1691 991 1722 ali-

165 1735 244 1775 quod
254 1735 518 1776 inauspicatum,et
528 1737 606 1777 quod
618 1736 822 1768 adversarium
833 1735 946 1776 absque
955 1736 1000 1767 ul-

163 1781 193 1810 lo
203 1779 311 1820 effugio
320 1780 462 1821 disjicere
470 1781 656 1820 aptissimum
665 1781 714 1822 sit,
728 1780 876 1822 proponit:
885 1793 895 1808 ‹
903 1780 946 1816 Qu
953 1790 977 1811 ω
984 1798 997 1804 -

163 1833 244 1861 nam,
262 1824 647 1866 interrogat,unitas,unum
668 1835 763 1857 causa}
779 1825 898 1866 probat?
908 1826 998 1858 Anne

164 1869 309 1900 essentia?
319 1871 352 1900 Et
366 1879 494 1910 quanam
511 1870 636 1908 ratione,
655 1881 721 1902 cum
739 1869 892 1901 communi
909 1870 996 1900 theo-

163 1911 298 1953 logorum
315 1913 437 1944 decreto
466 1923 543 1945 unus
571 1919 616 1946 est
641 1915 808 1946 secundum
835 1914 994 1945 essentiam

163 1966 231 1989 cum
246 1959 331 1989 Patre
343 1957 680 2001 etFitioSpiritus,aeque
695 1960 783 1991 etiam
796 1959 860 2000 ipse
875 1962 905 1989 et
923 1968 994 1999 pro-

1035 1645 1136 1685 μέρεσι,
1153 1646 1217 1684 πρὸς
1245 1646 1305 1678 τοὺς
1327 1646 1354 1674 ἕν
1381 1651 1426 1675 τοῦ
1453 1647 1605 1685 Πνεύματος
1629 1648 1713 1676 αἴτιον
1735 1650 1780 1677 τὸν
1804 1653 1863 1678 Πα-

1040 1690 1100 1730 τέρα
1135 1691 1178 1718 καὶ
1213 1691 1258 1718 τὸν
1289 1691 1348 1718 Υἱὸν
1376 1690 1501 1730 λέγον-ας
1537 1692 1659 1720 ἀπαντῶν
1696 1695 1782 1729 οὗτος,
1819 1697 1864 1724 καὶ

1039 1734 1121 1763 πολὺν
1145 1733 1204 1763 κατ’
1225 1736 1309 1763 αὒτὼν
1336 1735 1459 1775 προχέων
1493 1736 1539 1764 τὸν
1566 1735 1653 1774 ὕθλον,
1676 1737 1751 1770 τελος
1773 1739 1864 1779 ὥσπερ

1041 1779 1209 1817 δυσάντητον,
1239 1780 1282 1807 καὶ
1318 1781 1362 1808 τὸν
1398 1779 1526 1809 ἀντίδικον
1555 1780 1627 1810 ἑλεῖν
1655 1781 1754 1822 ἄφυκτα
1776 1783 1861 1824 ἔχων,

1041 1823 1099 1852 τόδε
1120 1823 1296 1864 προϐάλλεται
1315 1833 1321 1840 “
1342 1836 1352 1851 α
1384 1826 1448 1853 Ποία
1475 1837 1524 1862 τις,
1552 1835 1564 1853 ι
1582 1826 1676 1867 ἐρωτᾷ,
1696 1839 1710 1855 α
1727 1823 1820 1862 ἑνότης
1832 1830 1863 1858 τὸ

1038 1869 1064 1897 ἓν
1085 1869 1133 1903 τῆς
1177 1869 1258 1902 αἰτίας
1304 1881 1446 1909 παριστησι
1464 1879 1471 1910 ;
1495 1870 1609 1911 Πότερον
1636 1872 1653 1905 ἡ
1674 1875 1723 1905 τῆς
1745 1873 1833 1906 οὐσίας
1853 1882 1860 1911 ;

1037 1914 1079 1942 καὶ
1114 1917 1172 1945 πῶς
1212 1913 1239 1941 ἕν
1280 1913 1340 1942 κατ’
1375 1915 1463 1944 οὐσίαν
1498 1917 1579 1954 Πατρί
1614 1926 1642 1944 τε
1669 1918 1712 1945 καὶ
1749 1919 1801 1954 1⁸ἱῴ
1831 1919 1862 1947 τὸ

1036 1962 1140 1996 Πνεῦμα
1162 1957 1379 1997 θεολογούμενον,
1417 1959 1464 1987 οὔκ
1493 1959 1523 1987 ἂν
1551 1971 1594 1988 και
1623 1962 1685 1990 αὐτὸ
1711 1961 1861 2001 προϐλητι-

165 2001 305 2041 ducendi,
319 2008 348 2034 et
359 2004 520 2044 procedere
530 2004 658 2035 faciendi
670 2004 841 2036 facultatem
859 2013 918 2034 non
937 2004 990 2034 ha-

1072 2015 1084 2030 ν
1114 2002 1185 2031 ἔσται
1215 2004 1258 2031 καὶ
1295 2003 1504 2045 ἐκπορευτικόνς
1539 2016 1550 2032 ι
1589 2005 1642 2039 Τὴν
1678 2005 1711 2039 δή
1737 2007 1861 2040 τοιαύτην

162 2045 245 2078 bet?»
258 2046 340 2078 Hanc
355 2057 438 2079 suam
454 2048 714 2087 interrogationem
731 2049 854 2089 Cyprius
879 2057 990 2089 propo-

1072 2049 1162 2081 ὸτησιν
1192 2047 1367 2086 προϐάλλεται
1410 2049 1459 2086 μὲν
1498 2049 1620 2089 Κύπριος,
1659 2051 1696 2082 ὡς
1727 2051 1861 2090 ἀπαρνού-

164 2096 340 2132 nens,negat
354 2101 452 2124 causa;
466 2093 674 2135 ratione,quod
689 2103 706 2125 a
723 2093 868 2133 theologis
881 2093 990 2124 nostris

1072 2103 1111 2124 νος
1147 2093 1177 2120 τὸ
1199 2093 1267 2121 κατὰ
1287 2093 1332 2120 τὸν
1357 2097 1404 2129 τῆς
1426 2093 1508 2125 αἰτίας
1537 2093 1617 2133 λόγον
1645 2102 1703 2126 τοῖς
1723 2095 1859 2134 θεολόγοις

165 2136 304 2168 Patribus
316 2136 536 2178 insinuatur,ex
547 2139 676 2170 essentia
690 2139 787 2170 Patris
802 2143 830 2169 et
846 2138 912 2170 Filii
925 2137 989 2178 Spi-

1072 2137 1109 2165 ὧν
1138 2137 1267 2176 Πατράσιν
1303 2137 1333 2165 ἐκ
1362 2140 1409 2171 τῆς
1439 2138 1526 2170 οὖσίας
1556 2140 1656 2178 Πατρὸς
1684 2140 1728 2168 καὶ
1749 2141 1808 2168 Υἱοῦ
1829 2141 1860 2168 τὸ

163 2180 253 2212 ritum
268 2181 408 2213 esse.Nos
421 2183 558 2224 vero,qui
574 2184 604 2214 in
620 2184 697 2215 hanc
709 2183 887 2214 sententiam
905 2183 987 2213 theo-

1072 2186 1138 2219 εῦμα
1159 2180 1340 2220 θεολογεῖσθαι
1358 2189 1365 2195 ⁸
1383 2182 1465 2218 ἡμεῖς
1488 2182 1513 2209 δὲ
1539 2183 1561 2210 οἳ
1585 2183 1619 2214 εἷς
1648 2188 1765 2213 τοιοῦτον
1780 2183 1860 2222 λόγον

163 2224 291 2266 logicum
306 2226 418 2257 dictum
435 2228 627 2268 assumimus,
645 2228 794 2269 quomodo
809 2227 989 2267 sibimetipsi

1072 2238 1080 2253 ψ
1113 2224 1270 2264 θεολογικὴν
1307 2226 1404 2260 ταύτην
1453 2225 1625 2266 ἐκδεχόμενοι
1669 2229 1756 2267 ῥῆσιν,
1786 2228 1860 2260 ὅπως

162 2270 286 2311 Cyprius
301 2270 348 2302 hic
363 2271 548 2311 adversatur,
566 2274 694 2314 primum
711 2273 863 2310 docentes,
882 2281 989 2302 secun-

1072 2271 1108 2300 τὸς
1135 2271 1219 2308 ἑαυτῴ
1263 2270 1370 2299 ἐνταῦθα
1415 2271 1528 2311 Κύπριος
1570 2273 1730 2311 περιπίπτει,
1760 2274 1860 2313 πρότε-

161 2315 232 2346 dum
260 2316 353 2346 nostri
379 2316 526 2356 propositi
550 2326 672 2358 scopum
701 2320 894 2358 praeeuntem,
928 2319 989 2346 tum

1072 2329 1076 2343 ν
1105 2326 1133 2343 σε
1171 2314 1368 2348 ἀναδιδάξαντες
1404 2316 1473 2343 κατὰ
1498 2317 1528 2344 τὸ
1558 2317 1756 2356 προηγούμενον
1791 2319 1859 2355 ἡμῖν

161 2359 304 2401 deinceps
329 2360 612 2399 demonstrabimus,
643 2362 754 2393 dictum
782 2370 930 2395 asserens.
948 2370 982 2391 ex

1106 2360 1220 2397 σκοποῦ,
1253 2359 1346 2400 ἑφεξῆς
1381 2360 1588 2399 παραστήσομέν
1609 2372 1653 2389 σοι
1685 2362 1729 2390 καὶ
1749 2361 1819 2394 ὅπως
1841 2363 1859 2396 ἡ

161 2406 292 2437 essentia
305 2405 402 2437 Patris
417 2411 446 2439 et
460 2407 524 2438 Filii
542 2417 609 2439 esse
634 2408 788 2448 Spiritum,
819 2405 982 2437 secundum

157 2450 303 2482 rationem
320 2453 522 2483 causaai’atres
537 2456 654 2484 nostros
665 2454 863 2492 accepisse,et
873 2451 983 2481 nullam

157 2505 225 2528 esse
239 2495 459 2533 necessitatem,
477 2505 512 2527 ex
540 2504 575 2527 en
601 2497 679 2538 quod
709 2497 836 2537 Spiritus
865 2499 984 2526 sanctus

157 2540 420 2574 consubstantialis
433 2540 471 2571 sit
486 2542 613 2579 Patri,et
627 2541 857 2580 Filio,eumdem
868 2548 986 2581 quoque

157 2590 186 2618 et
202 2585 401 2627 producendi,
415 2589 445 2616 et
462 2586 624 2626 procedere
653 2586 784 2617 faciendi
815 2585 984 2616 facultatem

157 2630 280 2662 habere.
296 2629 355 2662 Sed
373 2640 502 2671 quanam
529 2630 645 2664 ratioue
669 2632 698 2663 id
722 2631 924 2664 docebimus?
937 2629 987 2660 Sic

157 2675 187 2707 in
204 2684 272 2707 cum
291 2674 516 2706 contendentes.

197 2719 227 2751 3.
244 2718 368 2756 Quando
387 2719 440 2750 tibi
455 2720 495 2751 ita
509 2720 635 2753 videtur.
652 2721 771 2762 Cyprie,
788 2721 812 2752 si
829 2721 895 2762 quis
918 2718 985 2750 dic-

155 2768 218 2795 tum
231 2768 382 2803 astruens,
400 2773 435 2795 ex
451 2765 579 2797 essentia
594 2765 688 2797 Patris
705 2770 734 2797 et
746 2766 814 2797 Filii
834 2764 982 2806 Spiritum

151 2817 228 2848 esse,
245 2817 367 2841 causam
402 2812 506 2843 notare
536 2810 735 2850 contenderit,
767 2810 888 2842 absurdi
911 2808 982 2850 quid

1024 2407 1057 2435 ἐκ
1088 2408 1138 2438 τῆς
1176 2405 1264 2436 οὐσίας
1301 2405 1402 2444 Πατρος
1438 2405 1482 2433 καὶ
1511 2406 1570 2434 1⁵ἱοῦ
1597 2407 1666 2433 εἶναι
1696 2406 1726 2433 τὸ
1754 2406 1860 2443 Πνεῦμα

1024 2450 1187 2489 θεολογοῦσα
1211 2449 1296 2488 ῥῆσις,
1332 2450 1399 2477 κατὰ
1429 2451 1474 2477 τὸν
1509 2453 1558 2483 τῆς
1595 2451 1677 2482 αἰτίας
1700 2450 1778 2489 λόγον
1799 2457 1859 2483 τοῖς

1029 2495 1160 2535 Πατράσιν
1195 2494 1273 2532 ἦμῶθ
1307 2494 1449 2534 ἐξελῆφθη,
1479 2495 1522 2522 καὶ
1551 2494 1656 2533 ἀνάγκη
1682 2506 1722 2527 τις
1752 2494 1860 2533 οὐδεμία

1028 2540 1069 2568 διὰ
1098 2541 1128 2567 τὸ
1150 2540 1216 2579 πρὸς
1247 2540 1292 2566 τὸν
1322 2539 1424 2578 Πατέρα
1439 2540 1482 2567 καὶ
1504 2539 1549 2566 τὸν
1572 2540 1632 2567 Υἱὸν
1645 2540 1690 2567 τοῦ
1705 2540 1860 2577 Πνεύματος

1029 2585 1179 2624 ὁμοούσιον,
1196 2584 1239 2611 καὶ
1262 2584 1324 2612 αὐτὸ
1345 2583 1377 2617 δὴ
1404 2584 1434 2611 τὸ
1457 2587 1563 2621 Πνεῦμα
1584 2582 1762 2622 προϐλητικὸν
1785 2583 1859 2612 εἶναι

1028 2630 1071 2658 καὶ
1093 2628 1289 2667 ἐκπορευτικόν.
1323 2626 1525 2665 Ἀναειδάξομεν
1553 2627 1579 2655 δὲ
1601 2628 1683 2668 adh;
1715 2628 1790 2657 Οὕτω
1826 2627 1861 2661 δὴ

1028 2675 1092 2713 πρὸς
1115 2673 1192 2701 αὺτὸν
1214 2671 1316 2700 ἐκεῖνον
1338 2672 1550 2710 ἂποτεινόμενοι.

1067 2713 1104 2757 γ’.
1136 2716 1209 2745 Ἐπεί
1231 2715 1374 2756 σοεὸοκεϊ,
1406 2717 1515 2756 Κύπριε,
1543 2717 1586 2744 ἐάν
1616 2728 1655 2748 τις
1681 2717 1730 2745 τὶν
1753 2716 1782 2744 ἐκ
1811 2716 1860 2750 τῆς

1025 2764 1113 2795 οὐσίας
1136 2762 1237 2800 Πκτρὸς
1257 2761 1299 2789 καὶ
1330 2762 1390 2790 rio?)
1411 2761 1482 2789 εἶναι
1514 2762 1544 2789 τὸ
1571 2762 1676 2799 Πνεῦμα
1704 2761 1860 2800 φάσκουσαν

1024 2809 1099 2848 ῥῆσιν
1129 2807 1165 2838 εἷς
1193 2806 1239 2834 τὸν
1269 2808 1318 2839 τῆς
1347 2806 1429 2838 αἰτίας
1446 2805 1527 2846 λόγον
1543 2804 1692 2846 ἐκδέχοιτο,
1715 2805 1812 2834 ἄτοπόν
1830 2816 1857 2833 τι
