1966 3073
49 150 102 182 393

614 154 664 186 AD
685 153 987 184 CONSTANTINUM
1012 153 1084 182 LIB.
1108 152 1158 183 IV.

1669 150 1724 180 394

48 219 145 257 Πατρὸς
166 220 209 247 καὶ
239 221 298 248 1·ῐοῦ
332 220 375 249 ἐπὶ
402 223 436 255 τῆ
471 221 517 249 τοῦ
546 222 698 259 Πνεύματος
722 222 791 257 αἰτίᾳ
807 219 866 247 ἐνό-

953 217 995 254 ιίί,
1017 233 1027 244 ιι
1044 217 1130 247 Solus
1148 217 1227 246 enim
1245 225 1331 246 causa
1347 217 1446 252 Pater,
1462 227 1472 243 »ι
1493 224 1509 245 a
1523 215 1598 246 Filio
1615 215 1730 246 Patrem

47 273 112 296 τητα
140 266 288 304 παριστῶν,
318 266 362 293 καὶ
381 265 432 299 τὴν
447 266 478 294 τὸ
499 269 604 304 πρῶτον
624 267 668 295 καὶ
683 266 794 306 ἀρχικὸν
816 275 867 292 σα·-

49 310 100 346 ιρῶς
128 307 272 346 δυναμένην
287 308 324 347 ἐξ,
352 313 390 347 τῷ
407 311 486 350 Πατρί
507 310 655 351 ἀναφέρων,
672 311 713 351 τὸ,
734 322 748 338 α
777 311 861 339 Μόνος

49 351 150 394 ἀρχιηῷ
164 351 323 382 διαστέλλων
344 353 449 394 ἐπάγει,

86 392 137 434 ς’,
162 398 261 426 Λεῖπόν
284 398 353 427 ἐστιν
376 399 473 439 ὰπάρτι
495 399 590 428 λοιπὸν
623 401 667 428 καὶ
688 401 722 433 ἧς
737 399 806 427 ἔστιν
828 398 871 427 ὅτε

51 442 209 481 προτείνωσι
238 442 339 482 ῥήσεως
368 445 415 472 τοῦ
443 443 577 483 θεολογίας
605 444 743 482 ἐπωνύμου
771 444 793 472 οἱ
824 442 871 470 ἁν-

51 485 197 526 τιλέγοντις
219 492 411 526 μνημονεῦσαι,
443 490 495 528 οὐχ
523 487 564 516 ὅτι
579 489 784 526 ὰμεταποιήτως
805 488 872 516 ταύ-

50 541 98 564 την
125 532 299 571 προτείνουσι,
336 533 380 561 καὶ
421 533 451 560 τὸ
480 533 628 572 ἂναγιατον
657 532 723 564 ἴσως
758 532 873 561 ἐντευθεν

51 575 115 612 ἡμῖν
143 577 221 604 αὐτὸν
239 577 323 614 ἑαυτῷ
334 577 380 605 τὸν
394 577 471 616 ἅγιον
491 575 662 615 συμϐιϐάσαι,
693 578 728 609 ὡς
750 577 793 605 ἐπὶ
820 580 873 604 τῶν

51 620 247 659 προειρημένων
279 621 382 660 ῥήσεων
420 622 479 661 ἔχει
497 632 503 638 ·
535 621 599 659 ἅλμ’
628 622 667 649 ὅτι
691 621 810 655 δοθείσης
831 622 875 650 καὶ

52 665 269 705 συγχωρηθείσης
292 665 354 705 παρ’
383 667 460 704 ἡμῶν
484 668 534 699 τῆς
551 667 770 704 ματαποιήσεως,
786 665 874 699 πολλὴ

51 719 88 741 τις
122 711 309 749 ἒπιγενήσεται
338 711 404 750 πρὸς
434 709 566 743 ἀπόδειξιν
595 711 612 744 ὴ
641 710 816 750 συγκρότησις
830 714 876 738 τοῦ

51 753 80 781 τὸ
115 753 202 782 αἴτιον
231 755 302 794 παρὰ
316 758 370 783 τῶν
397 754 479 793 ἁγίων
495 753 631 794 ἐξαιρέτως
659 758 697 792 τῷ
712 755 793 794 Πατρὶ
808 755 875 794 ἀφο-

51 798 161 836 ρίζεσθαι
191 798 233 827 διὰ
266 800 297 827 τὸ
333 802 436 839 πρῶτον
465 800 509 827 καὶ
544 799 667 839 ἀρχικὸν,
697 800 734 831 ὡς
761 799 876 827 ἐντεῦθεν

51 844 116 882 πρὸς
145 844 265 884 ἀνάγκης
301 844 454 874 ἀκολουθεῖν
480 848 557 873 10610
582 851 654 873 νοεῖν
675 844 758 882 εἶναι,
775 846 804 872 τὸ
832 846 876 873 καὶ

51 888 244 928 ἀφαιρούμενον
264 891 310 917 106
340 890 412 919 Υἰοῦ.
436 888 511 918 Ἐπεὶ
546 889 596 928 γὰρ
617 889 644 916 ἐν
658 891 696 925 τῷ
717 890 782 928 πρὸς
815 890 874 921 τοὺς

51 931 96 960 ἀπ’
140 933 271 972 Αἰγύπτου
316 932 535 971 ἔπιδημήσαντας
564 933 637 972 λόγῳ
663 937 708 961 τοῦ
728 933 875 972 θεορῥήμο-

51 987 105 1012 νος,
123 976 180 1005 ἔστι
209 979 258 1015 μὲν
287 978 337 1018 γὰρ
363 980 405 1009 οἷς
427 979 479 1006 τῶν
501 978 677 1018 ἀντιγράφων,
697 990 710 1005 α
726 978 815 1006 Πάντα
828 978 876 1006 ὅσα

52 1020 108 1061 ἔχει
142 1023 156 1050 ὁ
173 1023 263 1062 Πατὴρ
276 1023 322 1050 106
345 1024 405 1050 T106
420 1023 475 1050 ἐστι
496 1022 565 1056 πλὴν
586 1023 634 1056 τῆς
644 1023 805 1062 ὶῖιγεννησίας
829 1032 836 1040 ο
861 1035 873 1050 ι»

52 1065 104 1094 ’ἐστι
135 1065 163 1094 δὲ
176 1065 238 1106 παρ’
255 1068 309 1104 οἷς,
329 1076 341 1094 α
366 1066 440 1100 Πλὴν
462 1069 510 1100 τῆς
537 1067 632 1104 αἰτίας,
653 1078 663 1094 ι
683 1068 837 1106 εὑρίσκεται,
854 1068 877 1095 οἱ

51 1112 100 1144 τὴν
121 1111 244 1139 ἒναντίαν
272 1111 408 1148 μετιόντες
432 1111 476 1139 καὶ
503 1114 579 1139 τοῦτο
594 1110 626 1144 δὴ
642 1112 684 1149 τὸ,
710 1123 724 1138 α
742 1111 814 1144 Πλὴν
828 1114 878 1145 τῆς

54 1156 138 1187 αἰτίας
158 1163 164 1170 ·
183 1167 198 1183 ι
227 1156 314 1195 τρίτον
340 1155 384 1184 ἐπὶ
411 1162 470 1187 τοῖς
514 1156 715 1194 προειρημένοις
746 1155 801 1183 δυσὶ
830 1159 879 1189 τῆς

52 1203 104 1228 τῶν
137 1200 240 1228 οἰκείων
282 1199 369 1239 λόγων
411 1199 573 1238 σαθρότητος
609 1200 687 1238 μέρος
730 1203 877 1230 ποιοῦνται.

55 1239 152 1282 ’Πμεϊς
178 1243 205 1272 δὲ
240 1243 280 1273 ὅτι
293 1244 319 1272 αἱ
340 1245 382 1284 τὸ,
401 1255 411 1271 ι
430 1243 504 1278 Πλὴν
518 1246 568 1277 της
590 1244 745 1282 ὰγεννησίας
766 1256 777 1271 ιο
795 1243 881 1284 ἔχου-

53 1299 96 1317 σαι
110 1288 210 1327 βίϐλοι,
233 1289 264 1316 τὸ
298 1289 363 1316 κατύ
378 1289 408 1316 τὸ
437 1288 483 1320 αῖς
499 1289 540 1326 τὸ,
560 1300 574 1316 α
591 1287 664 1322 Πλὴν
685 1291 734 1322 τῆς
752 1289 846 1327 αἰτίας,
864 1301 878 1316 n

54 1333 207 1374 ἐμφέρεται¹
238 1333 412 1373 ἀποφέρονται
440 1335 547 1373 κράτος,
573 1335 668 1365 ἱκανῶς
694 1335 722 1361 ἓν
749 1332 881 1374 διαφόροις

55 1377 147 1417 λόγοις
162 1377 419 1417 προαποδεδειχότες
439 1377 468 1405 ἐκ
489 1380 535 1406 τοῦ
556 1381 646 1416 πᾶσιν,
671 1377 696 1406 ὲν
713 1378 756 1410 οἷς
771 1378 817 1410 τὰς
833 1378 881 1412 τὴς

54 1423 164 1463 Τριάδος
201 1424 215 1451 ὁ
238 1421 310 1462 ἅγιος
343 1422 458 1462 ἀφορίζει
487 1421 632 1461 ἰδιότητας,
654 1422 702 1456 τὴν
725 1422 881 1461 ἆγεννησίαν

52 1467 222 1506 ἀποκληροῦν
248 1470 287 1504 τῷ
315 1467 406 1506 Πατρὶ,
425 1468 468 1494 καὶ
496 1468 536 1502 τὸ,
571 1478 584 1494 α
602 1466 676 1500 Πλὴν
692 1470 741 1500 τῆς
764 1467 846 1499 αἰτίας
866 1480 877 1494 ιι

54 1517 97 1541 νῦν
126 1511 243 1543 διδόντες
278 1512 323 1539 καί
345 1511 557 1551 συγχωροῦντες,
589 1509 662 1539 οὐδὲν
683 1521 708 1538 τι
737 1511 880 1551 ἀπόνασθαι

52 1557 102 1590 τῆς
131 1557 335 1594 μεταποιήσεως
357 1550 442 1593 ἐῶμεν
480 1556 541 1587 τοὺς
568 1555 762 1594 ἀντιλέγοντας,
788 1550 882 1584 ’Ἔστω

52 1601 102 1641 γὰρ
132 1602 165 1628 τὸ
194 1612 207 1628 α
230 1599 303 1634 Πλὴν
325 1601 375 1633 τῆς
397 1600 480 1631 αἰτίας
503 1611 514 1628 ι
547 1600 593 1628 τὸν
622 1598 698 1638 ἅγιον
722 1599 853 1640 εἰρηκέναι
872 1609 878 1615 ·

53 1646 132 1674 ποίαν
149 1643 182 1678 δὴ
209 1645 258 1678 τὴν
282 1644 366 1672 αἰτίαν
387 1650 444 1672 νοεῖ
465 1644 574 1681 ταύτην,
605 1644 766 1676 ἐξεταστέον,
783 1645 819 1674 06
833 1645 882 1684 γὰρ

51 1689 237 1730 ἀφορισμένως
262 1699 276 1715 α
299 1688 369 1722 πλὴν
400 1691 449 1722 τῆς
476 1689 559 1719 αἰτίας
585 1699 596 1716 ι
628 1688 691 1728 ἔψη,
713 1699 725 1716 (ι
741 1693 788 1717 τοῦ
804 1690 884 1717 Ilvati-

52 1745 139 1772 ματος
163 1742 170 1750 ·
189 1745 204 1761 ι
228 1732 269 1761 ὅτι
298 1731 366 1771 μηδέ
387 1743 426 1764 τις
442 1733 477 1767 ἧν
490 1735 562 1770 αὐτῷ
576 1732 669 1772 λόγος,
688 1734 710 1761 εἰ
726 1733 774 1773 ἄρα
790 1733 820 1762 ἐκ
835 1734 884 1772 μό-

51 1791 97 1808 νου
125 1778 176 1807 τοῦ
205 1778 319 1817 Πατρὸς,
349 1777 367 1810 ἢ
400 1777 430 1806 ἐκ
454 1778 500 1805 τοῦ
528 1778 629 1817 Πατρὸς
646 1776 678 1805 δι’
696 1778 755 1806 Υἰοῦ
768 1779 884 1807 αἰτιατὸν

51 1825 82 1852 τὸ
113 1826 224 1860 Πνεῦμα
258 1822 337 1860 ἐστιν,
376 1822 441 1862 ὃπερ
480 1824 529 1856 τῆς
555 1827 598 1851 νῦν
626 1821 774 1861 ἀντιλογίας
802 1823 882 1859 ἐστὶν,

52 1868 113 1897 ἀλλ’
145 1866 299 1904 ἆπολύτως,
319 1878 332 1894 α
349 1867 438 1894 Πάντα
467 1866 516 1895 ὅσα
545 1866 604 1907 ’έχει
619 1868 633 1894 ὁ
656 1867 747 1901 Πατὴρ
762 1871 808 1896 106
825 1869 886 1897 Υἰοῦ

54 1913 139 1948 ἐστιν,
163 1923 175 1939 n
199 1910 262 1952 ἔφη,
294 1911 352 1950 εῗγε
373 1912 416 1939 καὶ
438 1910 501 1951 ἔφη,
538 1925 550 1940 α
569 1910 641 1944 Πλὴν
671 1910 719 1944 τῆς
748 1912 843 1944 αἰτίας.
871 1924 882 1939 »ι

54 1958 129 1986 Αἰτία
146 1956 176 1984 δὲ
202 1955 340 1987 ἀπολύτως
363 1954 432 1984 οὕτω
458 1955 592 1993 λεγομένη
616 1955 645 1984 οὗ
676 1955 757 1992 μόνον
771 1956 819 1990 τὴν
834 1967 886 1996 φυ-

52 2003 131 2037 σικὴν
159 2002 208 2030 τοῦ
234 2001 386 2039 Πνεύματος
416 2001 498 2028 αἰτίαν
527 1999 618 2039 δηλοῖ,
647 1999 715 2028 ἀλλὰ
730 2012 760 2039 γε
775 2001 819 2029 καὶ
838 2002 886 2035 τὴν

52 2048 105 2076 τῶν
133 2046 292 2080 κτισμάτων
321 2045 476 2078 ποιητικὴν.
515 2045 564 2074 Καὶ
588 2043 630 2073 δεῖ
657 2045 702 2073 τὸν
723 2046 770 2076 τὰς
793 2057 885 2083 σημα-

52 2092 110 2125 σίας
143 2093 200 2120 τῶν
226 2092 361 2130 γραφικῶν
390 2089 566 2129 ἆνιχνεύοιτα
603 2089 698 2122 λέξεων
732 2089 886 2119 σκέπτεσθαι

52 2138 96 2165 καὶ
132 2136 287 2174 ὰνερευνᾷν,
316 2137 373 2165 πῶς
402 2133 433 2162 ἂν
453 2134 556 2173 γένοιτο
574 2133 632 2161 κατ’
655 2134 756 2162 ἔννοιαν
792 2134 886 2168 εὗσεΞῆ

53 2181 96 2209 καὶ
124 2179 246 2221 φυσικῶς
274 2179 318 2207 καὶ
352 2181 500 2212 ποιητικῶς
528 2179 573 2206 τὸν
598 2179 659 2206 Υἰὸν
680 2178 802 2218 ἀφαιρεῖν
837 2179 886 2212 τὴν

54 2226 153 2261 αἰτίαν,
183 2224 227 2253 καὶ
256 2223 330 2261 μόνῷ
359 2223 458 2257 ταύτην
488 2222 657 2262 ἀποκληροῦν
675 2226 714 2260 τῷ
730 2224 820 2262 Πατρί,
839 2224 887 2252 Καὶ

54 2271 164 2301 πάντως
186 2271 240 2300 πᾶς
267 2279 307 2300 τις
334 2267 416 2299 οὕτως
452 2266 594 2307 ἂνερευνῶν
620 2266 679 2295 κατ’
713 2266 786 2296 οὐδὲν
801 2267 887 2307 ἕτερον

53 2317 100 2343 τὸν
114 2315 200 2353 λόγον
226 2312 396 2351 εὒοδούμενον
425 2319 535 2353 γνωριεῖ
566 2312 606 2340 ὅτι
643 2313 681 2350 μὴ
708 2313 776 2340 κατὰ
807 2313 888 2350 μόνον

53 2361 85 2388 τὸ
113 2359 165 2392 τῆς
195 2357 280 2389 αἰτίας
306 2359 412 2397 πρῶτον
436 2358 481 2385 χαὶ
496 2357 620 2396 ἀρχικόν,
639 2357 751 2396 Εὕρήσει
767 2357 817 2396 γὰρ
833 2355 887 2394 ἅμα

55 2405 100 2432 καὶ
144 2401 284 2431 Βασίλειον
325 2403 379 2430 καὶ.
411 2401 566 2430 ’Δθανάσιον
595 2401 654 2433 τοὺς
681 2401 729 2435 τὴν
751 2400 888 2440 θεολογίαν

54 2447 191 2479 ἰσοκλεεϊς
228 2449 279 2480 τῆς
315 2446 416 2478 ἐννοιας
449 2446 548 2480 ταύτης
580 2445 832 2485 ἐπιωγκροτοῦντας
857 2446 888 2473 τὸ

56 2492 178 2530 εὗσεϐἒς,
193 2493 240 2521 τὸν
255 2492 303 2529 μὲν
319 2491 345 2520 ἐν
360 2492 417 2528 οῖς,
436 2502 449 2520 ε
468 2490 673 2530 Μηδεὶςξοίέσθω
689 2501 733 2528 με,
752 2501 763 2519 ιδ
782 2489 887 2530 εἴρηκε,

59 2550 72 2566 ι
96 2544 175 2578 τρεῖς
198 2537 271 2565 εἶναι
292 2536 379 2577 λέγειν
413 2536 526 2576 ἀρχικὰς
548 2535 706 2566 ὑποστάσεις
723 2557 730 2563 .
745 2535 819 2575 ἀρχὴ
840 2535 890 2575 γὰρ

56 2586 111 2611 τῶν
133 2583 220 2611 ὃντων
260 2581 318 2620 μία,
356 2580 389 2609 δι’
417 2582 478 2611 Υίοῦ
504 2579 657 2620 ὲνεργοῦσα,
681 2580 729 2620 Δκαὶ
753 2579 891 2608 τελειοῦσα

55 2628 84 2656 ἄν
101 2627 250 2664 Πνεύματι.
262 2618 277 2644 V'
295 2637 310 2654 ι
327 2626 371 2654 καὶ
392 2625 424 2654 αὖ
438 2625 465 2653 ἐν
481 2625 525 2657 οἷς
607 2633 614 2640 ⁸
637 2636 651 2652 α
667 2618 739 2653 ἰἘνξι
753 2624 802 2663 γὰρ
819 2623 893 2652 οἴδα-

55 2683 107 2711 μεν
123 2672 283 2709 ἀγέννητον,
305 2670 349 2699 καὶ
364 2670 427 2708 μίαν
439 2670 492 2698 τῶν
513 2669 596 2698 ὅντων
610 2669 711 2709 ἀρχὴν,
727 2669 772 2697 τὸν
787 2668 892 2708 Πατέρα

53 2720 104 2745 106
128 2716 226 2756 Κυρίου
248 2715 326 2753 ἡμῶν
356 2713 445 2748 Ἰησοῦ
473 2718 585 2753 Χριστοῦ
601 2724 609 2732 ⁸
634 2725 648 2742 υ
680 2713 837 2742 Ἀθανάσιον
865 2712 891 2740 δὲ

55 2761 84 2790 ἂν
121 2760 181 2798 οἶς,
214 2771 228 2788 α
244 2760 274 2789 Τί
302 2759 357 2788 ἐστι
388 2759 466 2796 Θεός,
499 2769 511 2788 ι
530 2758 635 2799 εἴρηκε,
652 2759 697 2786 καὶ
712 2757 833 2798 ἐπήγαγε
848 2757 891 2795 τὰ,

59 2817 72 2835 ο
103 2801 138 2833 Ἠ
169 2804 276 2834 πάντων
301 2804 374 2844 ἀρχὴ
399 2804 468 2832 κατὰ
491 2804 538 2832 τὸν
553 2802 716 2833 ’Λπόστολον
739 2810 746 2818 ·
767 2805 815 2834 Εἷς
829 2803 892 2834 Θεὸς

224 2869 356 2903 ΡΑτιοι.
378 2871 436 2903 Gn.
460 2871 561 2904 CXLI.

909 262 939 292 in
956 261 1112 302 principali
1127 261 1313 293 discernens.
1332 260 1465 291 adducit.

890 309 939 346 γαρ
954 307 1040 338 αἴτιος
1063 309 1076 334 ὃ
1095 307 1194 345 Πατὴρ,
1226 319 1236 333 ω
1259 308 1294 338 ὡς
1316 310 1360 333 τοι]
1377 307 1436 333 Υἱοῦ
1453 307 1497 334 τὸν
1514 307 1614 342 Ματέρα
1632 308 1671 335 ἐπὶ
1695 311 1731 344 τῷ

953 396 982 426 6.
1001 397 1084 426 Nunc
1100 395 1214 426 interea
1224 395 1369 435 reliquum
1382 400 1437 435 est,
1451 395 1604 426 utdictum
1617 406 1733 437 quoque

914 440 1008 480 illius,
1038 440 1083 470 cui
1113 449 1130 470 ξι
1155 439 1301 478 theologia
1331 449 1437 469 nomen
1455 444 1510 477 est,
1529 444 1557 470 et
1573 441 1734 472 adversarii

914 488 1094 524 proponunt,
1122 493 1402 520 commemoremus,
1431 493 1487 514 non
1511 485 1588 524 quod
1606 486 1677 516 illud
1693 486 1734 516 uti

915 534 969 565 est,
985 528 1097 568 absque
1113 528 1176 558 ulla
1205 528 1250 558 sui
1267 528 1471 558 immutatione
1490 535 1666 570 proponant,
1683 530 1734 561 sed

916 573 995 612 quod
1011 573 1211 603 necessarium
1233 577 1286 610 est,
1318 577 1350 603 ut
1366 573 1434 603 inde
1451 574 1589 604 Sanctum
1606 575 1662 605 sibi
1679 575 1736 615 ipsi

917 618 1094 648 concordem
1112 617 1312 650 ostendamus,
1331 618 1581 656 quemadmodum
1604 624 1633 649 et
1648 621 1676 650 in
1693 621 1735 650 di-

917 662 971 692 ctis
986 671 1074 701 supra
1091 662 1217 692 laudatis
1231 662 1358 692 fecimus
1375 673 1380 692 :
1399 663 1450 692 sed
1468 663 1558 703 quod,
1574 665 1640 694 data
1649 665 1734 695 etiam

917 710 1003 746 atque
1018 716 1160 737 concessa
1188 706 1408 743 immutatione,
1441 707 1563 737 multum
1581 709 1687 740 valebit
1700 710 1734 740 ad

917 751 1182 782 demonstrandum
1201 751 1439 788 consensionem,
1465 761 1482 782 a
1505 753 1614 783 sanctis
1630 763 1737 794 nempe

918 795 1054 826 Patribus
1065 806 1182 826 causam
1197 797 1345 836 praecipue
1356 796 1432 826 Patri
1443 796 1654 838 decerni,quod
1668 799 1738 829 inde

886 860 906 884 Β
919 839 1091 880 primarium
1110 845 1139 870 et
1154 841 1329 880 principale,
1347 841 1514 872 necessario
1534 845 1736 883 consequitur,

918 889 945 914 et
961 884 989 914 id
1007 885 1104 925 ipsum
1120 894 1186 916 esse
1200 885 1384 924 intelligitur,
1397 886 1474 925 quod
1486 895 1501 916 a
1512 886 1585 916 Filio
1597 897 1737 927 segrega-

918 933 974 960 tur.
992 932 1065 962 Cum
1082 931 1161 961 enim
1183 931 1317 962 oratione
1332 931 1505 971 diviniloqui
1522 933 1617 962 Patris
1633 933 1667 962 ad
1686 943 1738 964 eos

919 974 966 1014 qui
982 983 1016 1004 ex
1030 975 1151 1015 [Egypto
1167 979 1366 1012 accesserant,
1383 976 1412 1005 in
1426 977 1577 1007 nonnullis
1592 978 1739 1017 exempla-

919 1018 1001 1049 ribus
1030 1020 1183 1057 habeatur,
1205 1032 1216 1046 ιι
1236 1020 1422 1060 Quaecunque
1451 1021 1539 1051 habet
1559 1021 1655 1058 Pater,
1675 1023 1739 1053 Filii

921 1068 999 1101 sunt,
1017 1064 1041 1093 si
1057 1074 1149 1094 unum
1174 1065 1337 1103 ingenitum
1350 1074 1416 1095 esse
1428 1065 1452 1095 si
1465 1066 1622 1106 excipias,»
1635 1067 1663 1096 in
1675 1067 1739 1098 aliis

920 1117 1001 1144 vero,
1022 1120 1032 1135 α
1047 1118 1135 1139 unam
1154 1108 1179 1138 si
1195 1109 1325 1149 excipias
1340 1119 1489 1146 causam,»
1508 1110 1740 1151 inveniatur,qui

921 1156 1024 1183 contra
1040 1163 1093 1183 nos
1108 1153 1229 1190 faciunt,
1248 1154 1305 1183 hoc
1336 1155 1416 1190 item,
1438 1165 1450 1183 ι
1467 1164 1555 1185 unam
1572 1156 1596 1185 si
1613 1156 1741 1195 excipias

921 1206 1053 1234 causam,
1072 1211 1085 1225 ιι
1105 1198 1220 1228 tertiam
1239 1203 1303 1238 post
1319 1198 1377 1228 duo
1389 1198 1516 1238 primum
1529 1200 1741 1237 allata,sermo-

922 1251 992 1272 num
1009 1251 1131 1272 suorum
1148 1243 1360 1273 imbecillitatis
1378 1248 1489 1283 partem
1506 1249 1669 1284 apponunt.
1683 1246 1742 1276 Nos

923 1295 1013 1326 porro
1029 1296 1096 1316 cum
1111 1287 1329 1318 ostenderimus
1350 1288 1507 1323 volumina,
1523 1299 1598 1329 qum,
1620 1301 1631 1317 α
1650 1299 1741 1320 unum

922 1330 1085 1370 ingenitum
1099 1340 1164 1361 esse
1175 1332 1199 1360 si
1215 1331 1356 1370 excipias,
1376 1345 1388 1359 »
1417 1334 1579 1370 continent,
1597 1343 1656 1373 pra:
1671 1334 1741 1373 illis,

923 1384 999 1414 quae,
1021 1388 1030 1402 ι
1052 1375 1076 1406 si
1093 1375 1223 1415 excipias
1239 1385 1367 1413 causam,
1387 1389 1400 1403 ›ι
1415 1377 1535 1415 habent,
1556 1378 1677 1417 potioris
1693 1387 1744 1407 ro-

923 1419 1005 1449 boris
1020 1429 1097 1460 esse,
1126 1420 1244 1450 abunde
1267 1429 1337 1450 sane
1362 1421 1390 1450 in
1408 1421 1533 1451 diversis
1548 1422 1742 1459 orationibus,

924 1468 1080 1504 propterea
1110 1465 1187 1504 quod
1214 1465 1243 1494 in
1272 1464 1396 1504 reliquis
1419 1465 1568 1506 omnibus,
1592 1467 1620 1496 in
1637 1465 1744 1505 quibus

923 1514 1042 1538 sanctus
1055 1510 1250 1549 proprietates
1262 1509 1379 1539 Triadis
1392 1510 1566 1549 prmscribit,
1581 1511 1743 1549 ingenitum

924 1562 989 1583 esse
1005 1554 1083 1584 Patri
1112 1554 1256 1592 attribuit,
1274 1559 1313 1594 et,
1339 1567 1348 1581 ε
1381 1564 1466 1584 unam
1485 1554 1510 1584 si
1528 1555 1658 1594 excipias
1673 1564 1744 1585 cau—

923 1606 1016 1634 sam,n
1030 1607 1108 1628 nunc
1125 1598 1228 1629 dantes
1243 1598 1510 1638 Concedentesque,
1530 1599 1745 1630 nullicommo-

925 1644 961 1672 do
977 1651 1042 1672 esse
1057 1642 1328 1673 contradicentibus
1353 1643 1479 1673 similem
1495 1643 1744 1680 immutationem,

927 1686 1146 1724 dignoscanius.
1173 1687 1241 1717 Esto
1253 1689 1275 1718 si
1291 1687 1422 1727 quidem,
1438 1700 1450 1715 «
1465 1697 1565 1727 unam,
1581 1688 1605 1718 si
1619 1687 1746 1727 excipias

927 1740 1057 1762 causam.
1087 1741 1100 1760 ›
1128 1731 1254 1762 Sanctus
1284 1732 1492 1771 enuntiaverit,
1522 1741 1745 1772 quamcausam

927 1775 990 1815 ipse
1005 1775 1194 1811 intellexerit,
1222 1776 1448 1806 examinandum
1476 1781 1530 1806 est.
1549 1776 1650 1816 Neque
1665 1776 1745 1806 enim

926 1820 1090 1859 separando
1108 1820 1192 1860 dixit,
1213 1832 1223 1848 α
1246 1821 1270 1851 si
1292 1831 1408 1851 causam
1426 1821 1552 1860 Spiritus
1569 1822 1708 1861 exdpias.
1731 1833 1742 1849 ο

926 1863 1029 1904 Neque
1040 1864 1118 1895 enim
1132 1865 1173 1895 illi
1185 1875 1264 1896 curre
1287 1871 1359 1903 erat,
1372 1875 1408 1896 an
1425 1876 1458 1896 ex
1468 1866 1528 1897 solo
1541 1865 1638 1902 Patre,
1652 1866 1697 1895 vel
1712 1875 1746 1896 ex

928 1909 1014 1939 Patre
1031 1919 1083 1949 per
1095 1909 1199 1940 Filium
1227 1910 1353 1950 Spiritus
1376 1916 1557 1947 causarctur,
1575 1911 1651 1951 quod
1669 1919 1745 1950 pra;-

928 1953 1021 1983 sentis
1032 1954 1232 1984 contentionis
1247 1959 1299 1988 est,
1314 1955 1365 1985 sed
1382 1955 1620 1994 indeterminate,
1635 1967 1648 1981 «
1660 1956 1746 1990 Qua:-

930 2007 1046 2038 cunque
1060 1998 1150 2029 habet
1180 2000 1277 2039 Pater,
1306 2000 1370 2030 Filii
1386 2004 1463 2036 sunt,
1479 2012 1491 2026 »ι
1509 1999 1593 2037 dixit,
1611 1999 1635 2029 si
1652 2003 1748 2029 tamen

929 2042 1012 2079 dixit,
1034 2054 1044 2070 υ
1061 2043 1085 2073 si
1102 2043 1380 2083 excipiasjcausam.
1394 2056 1404 2072 ι)
1424 2045 1517 2075 Causa
1527 2053 1595 2073 vero
1606 2043 1647 2073 sic
1658 2043 1748 2074 abso-

929 2086 990 2117 lute
1006 2087 1168 2125 enuntiata,
1184 2097 1240 2118 non
1255 2092 1367 2118 tantum
1380 2089 1544 2120 naturalem
1555 2088 1674 2127 spiritus
1684 2097 1750 2118 cau-

928 2141 1002 2169 sam,
1021 2132 1071 2163 sed
1089 2133 1175 2163 etiam
1203 2139 1405 2163 creaturarum
1432 2133 1610 2163 effectricem
1627 2131 1748 2163 indicat.

928 2175 1110 2217 Oportetque
1129 2177 1307 2217 scriptarum
1325 2177 1486 2208 dictionum
1505 2177 1685 2216 signiﬁcatus
1702 2177 1748 2206 in-

898 2221 1123 2260 Dvestigantem
1151 2221 1352 2259 considerare,
1381 2226 1408 2252 et
1424 2221 1586 2261 inquirere,
1604 2221 1749 2260 quomodo

931 2265 976 2304 pie
1007 2265 1212 2304 intelligentia,
1241 2271 1270 2297 et
1300 2267 1424 2296 naturali
1456 2271 1483 2295 et
1500 2266 1648 2296 etTectrice
1664 2274 1751 2295 causa

932 2310 1036 2340 Filium
1053 2310 1170 2350 spoliet,
1184 2315 1211 2340 et
1224 2310 1278 2340 soli
1295 2320 1358 2341 eam
1372 2311 1451 2342 Patri
1464 2310 1601 2340 ascribat.
1615 2309 1648 2339 Et
1663 2310 1750 2348 plane

929 2355 1100 2394 quicanque
1129 2355 1218 2384 simili
1250 2355 1338 2385 modo
1369 2354 1554 2395 pervestiget,
1573 2354 1749 2384 sententiam

931 2404 1041 2429 rectam
1059 2399 1137 2430 illam
1155 2409 1220 2430 esse
1234 2400 1389 2439 intelliget,
1408 2399 1463 2429 nisi
1480 2398 1644 2429 secundum
1655 2408 1751 2428 causae

931 2444 1105 2483 primarium
1119 2448 1147 2474 et
1161 2444 1334 2484 principale.
1349 2443 1484 2484 Reperiet
1503 2442 1611 2482 quippe
1623 2442 1710 2472 simul
1723 2447 1751 2472 et

931 2488 1072 2518 Basilium
1087 2493 1114 2519 et
1132 2489 1324 2519 Athanasium
1342 2489 1371 2518 in
1385 2488 1474 2518 rebus
1491 2486 1751 2525 lheologicisparis

931 2532 1297 2571 nominis,intelligentiam
1309 2533 1434 2562 similem
1446 2532 1486 2562 uti
1495 2531 1570 2572 piam
1580 2536 1752 2571 rectamque

932 2576 1142 2616 approbantes,
1161 2577 1239 2608 hunc
1255 2577 1374 2616 quidem
1391 2577 1450 2607 illis
1467 2585 1473 2608 :
1494 2576 1543 2606 «Et
1555 2585 1642 2606 nemo
1654 2576 1753 2606 existi-

935 2625 994 2651 met
1009 2630 1069 2661 me,
1086 2626 1146 2652 tres
1162 2631 1228 2652 esse
1237 2622 1386 2652 affirmare
1400 2621 1554 2660 primarias
1571 2621 1754 2660 hypostases.

934 2665 1116 2705 Principium
1144 2666 1292 2706 siquidem
1334 2666 1464 2697 omnium
1496 2675 1586 2695 unum
1618 2669 1672 2705 est,
1703 2674 1758 2704 per

935 2710 1042 2742 Filium
1060 2720 1196 2750 operans,
1226 2715 1254 2742 et
1279 2711 1307 2741 in
1334 2711 1445 2752 Spiritu
1471 2710 1629 2750 perﬁciens
1645 2720 1653 2747 ;
1670 2721 1681 2738 »
1702 2719 1757 2739 nec

935 2765 994 2786 non
1010 2758 1040 2785 et
1050 2755 1109 2786 illis
1125 2765 1132 2785 :
1154 2768 1166 2783 α
1183 2755 1278 2787 Unum
1305 2757 1385 2787 enim
1410 2755 1520 2786 scimus
1535 2753 1711 2794 ingenitum,
1729 2757 1758 2783 et

936 2809 1026 2831 unum
1045 2799 1179 2832 omnium
1196 2801 1386 2841 principium,
1401 2801 1519 2832 Patrem
1535 2798 1653 2830 Domini
1664 2798 1757 2828 nostri

1518 2868 1555 2898 13

891 1546 910 1571 C
