1966 3073
208 127 264 159 407
741 126 846 156 JOAN.
872 125 981 156 VECCI
1004 124 1022 154 C

1110 123 1347 155 ‘ATRIARCH/E
1832 119 1889 151 408

211 206 222 222 «
242 205 294 225 nos
305 199 394 225 testes
408 203 519 225 sumus.
546 195 672 224 Dextera
688 193 776 231 igitur
803 191 856 222 Dei
873 191 1022 229 exaltatus,

1110 191 1206 222 πάντες
1221 190 1303 227 ὴμεῖς
1329 189 1409 226 ἐσμεν
1447 189 1587 227 μάρτυρες,
1619 191 1658 226 Τῇ
1684 187 1753 224 δεξιᾷ
1783 189 1827 216 οῦν
1853 190 1896 215 τοῦ

211 251 223 266 «
238 245 267 270 et
283 239 476 279 promissione
490 237 615 278 Spiritus
631 237 724 267 sancti
739 240 871 276 accepta,
902 245 918 265 a
943 236 1022 266 Patre

1110 238 1175 262 Θεοῦ
1197 234 1322 273 ὑψωθεὶς⁷
1351 233 1400 267 τήν
1429 243 1457 260 τε
1486 231 1646 271 ἐπαγγελίαν
1659 236 1706 261 τοῦ
1721 232 1796 271 ἁγίου
1811 231 1895 259 Πνεῦ-

212 295 224 311 α
242 283 343 315 ell'udit
358 283 449 321 hunc,
466 292 553 322 quem
572 292 622 313 vos
639 282 741 313 videtis
757 286 785 311 et
806 280 926 312 auditis.
945 292 956 308 ι)

493 379 738 410 Animadversio.

249 429 371 461 «l'rzebe
381 439 569 469 auresnagno
579 430 711 469 apostolo
727 431 823 466 Petro,
841 430 945 460 eadem
961 439 1026 460 cum

212 474 371 513 «Magistro
383 484 435 504 suo
447 475 630 505 decernenti.
650 475 723 504 Nam
746 484 813 504 cum
832 474 882 505 ille
910 475 1026 511 dixerit,

211 530 226 548 ‹
236 528 267 549 sc
280 520 438 550 missurum
455 518 594 558 Spiritum
606 528 623 548 a
634 518 783 556 Patre,hic
800 528 866 549 eum
876 519 1027 559 accepisse

213 576 224 591 α
242 573 258 593 a
273 565 355 593 Patre
369 563 457 593 docet
477 563 702 602 promissionem
726 563 864 603 Spiritus,
891 568 920 594 et
944 564 1026 593 illum

211 619 225 636 ιι
243 608 273 638 in
286 618 340 638 nos
356 607 506 644 etfudisse,
522 617 580 638 non
597 617 664 638 vero
682 608 830 648 emisisse,
849 622 860 636 η

536 703 701 742 Refutatio.

250 756 281 787 Si
304 755 409 787 eadem
438 755 491 785 tibi
518 754 655 785 videntur
680 764 756 791 esse.
784 756 901 787 misisse
914 754 1027 794 {Salva-

1071 291 1083 306 υ
1109 289 1193 316 ματος
1219 277 1308 306 λαϐὼν
1350 278 1421 317 παρὰ
1456 280 1502 306 τοῦ
1536 278 1652 317 Πατρὸς,
1681 276 1772 317 ἐξέχεε
1808 279 1896 314 τοῦτο,

1071 335 1083 350 ιε
1108 324 1122 351 ὁ
1137 326 1182 351 νῦν
1198 323 1276 360 ὑμεῖς
1298 322 1409 360 βλέπετε
1430 323 1475 350 καὶ
1490 321 1609 352 ἀκούετε,
1629 332 1643 349 ι

1399 371 1568 404 Ἐπιστασία,

1113 435 1125 452 ι
1151 425 1288 464 Πρόσσχες
1324 427 1362 461 τῷ
1384 423 1495 463 μεγάλῳ
1525 423 1667 460 ἆποστόλῳ
1693 423 1793 462 Πέτρῳ,
1809 426 1848 459 τῷ
1864 423 1900 450 οἱ-

1072 481 1086 496 α
1109 469 1172 505 κείῳ
1213 468 1361 505 διδασκάλῳ
1410 467 1512 506 συνῳδᾶ
1544 467 1733 508 δογματίζοντι
1783 466 1902 496 Ἐκείνου

1073 525 1087 541 α
1110 514 1159 552 γὰρ
1188 513 1307 545 εἷπόντος
1336 513 1440 550 πέμψαι
1476 513 1506 540 τὸ
1534 515 1640 550 Πνεῦμα
1674 512 1744 552 παρὰ
1770 514 1817 539 τοῦ
1847 514 1901 539 Πα-

1073 569 1087 585 «
1110 559 1182 592 τρὸς,
1215 557 1289 589 οὗτος
1320 556 1412 585 λαϐεῖν
1440 557 1516 585 αὒτὸν
1539 556 1653 585 διδάσκει
1678 557 1748 597 παρὰ
1770 559 1816 584 τοῦ
1839 559 1898 583 Πα-

1072 612 1086 628 ι
1107 602 1169 641 στρος
1204 601 1254 634 τὴν
1285 600 1444 640 ἐπαγγελίαν
1466 604 1512 629 τοῦ
1540 601 1705 638 Πνεῦματος,
1731 600 1775 628 καὶ
1803 598 1897 639 ἐκχέαι

1073 657 1083 673 ι
1110 649 1187 674 τοῦνο
1209 645 1251 686 ἐφ’
1274 646 1357 685 τημᾶς,
1375 648 1404 675 οὒ
1419 645 1474 684 μὴν
1488 643 1674 685 προϐάλεσθαι.
1692 653 1705 669 1

1395 695 1570 735 Ἀντίῤῥησις.

1111 747 1195 787 Εἴπερ
1211 746 1314 784 συνῳδά
1342 758 1382 775 σοι
1406 745 1509 775 δοκοῦσι
1537 747 1568 774 τὸ
1595 746 1700 784 πέμψαι
1721 757 1752 774 το
1773 747 1819 774 τὸν
1835 749 1899 773 Σω-

212 805 305 831 torem
321 811 337 830 a
362 801 447 831 Patre
474 799 616 839 Spiritum
643 789 791 837 sanctum,
819 806 848 831 et
878 789 1022 839 accepisu

1110 803 1137 820 δα
1159 793 1230 831 παρὰ
1257 795 1302 820 τοῦ
1324 793 1426 831 Πατρὸς
1451 792 1481 819 τὸ
1503 790 1578 830 ἅγιον
1609 794 1730 829 Πνεῦμα,
1745 791 1834 819 καὶτὸ
1848 789 1899 818 λα-

210 855 227 875 a
242 845 325 874 Patre
337 835 565 885 promissionem
581 843 719 885 Spiritus,
735 849 764 875 et
779 835 931 875 effundere
944 835 1022 875 illum

1110 844 1127 864 ’ν
1163 838 1239 866 αὐτὸν
1268 837 1338 876 παρὰ
1367 839 1413 864 τοῦ
1440 836 1542 875 Πατρὸς
1574 835 1624 868 τὴι
1659 835 1818 874 ἐπαγγελίαν
1855 839 1903 863 τοῦ

211 890 240 919 in
258 899 321 924 nos,
338 882 436 929 neque
453 888 537 919 nobis
563 882 621 919 alia
636 889 811 920 refutatione
841 899 914 929 opus
930 889 1029 929 fuerit,
1042 882 1060 906 Β

213 937 318 974 μηρίον
332 943 398 964 eam
414 943 471 973 qua
495 934 648 971 astruitur,
681 943 830 974 nunquam
859 933 1030 964 mittendam

210 979 302 1009 fuisse
318 978 460 1018 Spiritum
477 988 512 1008 ex
528 978 611 1008 Patre
627 988 680 1018 per
697 979 803 1009 Filium
823 979 877 1010 nisi
895 988 930 1009 ex
947 980 1033 1009 Patre

210 1032 262 1062 per
277 1023 383 1053 Filium
396 1023 682 1054 exsisteret.Etenim
698 1024 722 1053 si
735 1024 960 1054 mittendusnon
972 1026 1035 1053 erat

213 1076 265 1107 per
279 1067 398 1107 Filium,
415 1067 472 1097 nisi
488 1072 518 1097 ut
547 1068 690 1098 exsistens
720 1077 773 1108 per
800 1067 919 1105 Filium,
937 1076 1033 1107 neque

213 1111 409 1142 effundendus
422 1115 486 1143 erat
502 1121 554 1151 per
568 1112 687 1148 Filium,
706 1113 760 1142 nisi
778 1117 806 1142 ut
825 1113 968 1142 exsistens
979 1121 1033 1151 per

214 1155 332 1186 Filium.
353 1157 420 1187 Etsi
436 1156 464 1186 id
480 1161 536 1196 est,
553 1157 660 1186 frustra
678 1157 762 1186 nobis
784 1156 954 1191 evangelica
970 1156 1032 1187 hmc

214 1205 242 1231 et
253 1201 413 1240 apostolica
432 1201 511 1230 dicta
534 1201 669 1239 congeris
684 1202 720 1230 ad
738 1201 841 1231 Italum
859 1201 1031 1240 opprimen-

213 1246 283 1276 dum
300 1245 349 1285 qui
365 1255 398 1275 ex
415 1245 499 1276 Patre
514 1255 566 1285 per
580 1246 696 1281 Filium,
716 1249 744 1276 et
761 1250 981 1285 consequenter
996 1254 1031 1275 ex

214 1297 339 1329 utroque
355 1289 494 1330 Spiritum
512 1299 577 1320 esse
591 1289 770 1321 exsistimat.

254 1386 286 1416 S.
314 1385 406 1416 Pauli
429 1386 561 1426 Apostoli
585 1396 624 1417 ea;
646 1386 783 1459 Epigtola
800 1386 840 1417 ad
865 1385 994 1418 Galatas

507 1435 584 1459 σου..
605 1436 640 1459 ιν,
659 1436 687 1458 v.
715 1438 734 1457 γ.

507 1435 584 1463 ειη).-
605 1436 640 1463 iv,
659 1436 687 1458 υ.
706 1435 734 1459 ιγ.

507 1436 584 1466 σαρ..
605 1436 640 1463 iv,
659 1436 687 1458 υ.
706 1436 734 1459 υ.

253 1478 281 1507 (3.
302 1489 313 1505 (ι
333 1477 410 1508 Misit
424 1477 502 1508 Deus
517 1477 661 1517 Spiritum
680 1478 745 1509 Filii
762 1478 807 1508 sui
823 1477 854 1508 in
871 1477 961 1508 corda
977 1486 1032 1508 no-

218 1534 230 1551 u
247 1527 316 1559 stra,
332 1522 523 1559 clamantem,
540 1522 624 1552 Abba
639 1526 731 1562 pater.
749 1535 759 1549 η
1043 1547 1062 1571 C

503 1618 742 1648 Animmlversiv.

258 1682 271 1699 α
287 1670 363 1701 Audi
377 1679 493 1709 quoque
505 1679 553 1700 vas
565 1669 717 1700 electionis
728 1669 863 1709 Paulum,
881 1674 928 1712 qui
940 1673 1036 1713 Spiri-

219 1725 233 1744 ι
245 1719 306 1745 tum
324 1714 388 1744 Filii
403 1723 468 1744 esse
483 1717 602 1753 propter
612 1714 747 1745 eamdem
772 1719 905 1746 naturam
918 1718 1036 1748 denun-

219 1772 232 1787 α
251 1759 311 1797 tiat,
329 1768 346 1789 a
360 1758 446 1789 Patre
460 1768 529 1788 vero
550 1758 633 1788 illum
651 1758 738 1790 mitti.
760 1772 771 1786 η

539 1810 704 1848 Refutatio.

256 1861 299 1892 Tu
316 1861 434 1902 quidem
452 1862 517 1893 Filii
533 1870 599 1892 esse
611 1861 753 1902 Spiritum
779 1865 888 1895 asseris
915 1870 1034 1906 propter

216 1906 350 1936 eamdem
365 1907 536 1946 essentiam,
553 1906 631 1947 quod
647 1910 675 1936 et
690 1907 771 1937 multi
787 1908 836 1938 alii
860 1913 927 1940 ante
943 1910 1035 1941 divul-

216 1955 331 1990 garunt.
349 1951 561 1982 Verumtamen
588 1960 712 1990 magnus
728 1952 854 1983 Basilius
882 1953 912 1983 in
929 1955 1034 1993 capite,

216 1997 302 2036 cujus
332 1995 484 2036 inscriptio
508 2000 571 2035 est;
602 2008 614 2023 α
639 1996 736 2032 Quare
764 2006 822 2027 non
853 2002 881 2028 et
910 1997 1037 2039 Spiritus

216 2040 307 2071 Filius
324 2040 401 2081 Filii,
421 2052 434 2070 »
459 2045 560 2081 aperte
585 2041 647 2071 haec
676 2041 783 2072 habet:
812 2054 822 2069 ε
842 2042 984 2081 Spiritum
1002 2054 1037 2076 ex

218 2087 278 2116 Deo
301 2094 366 2116 esse
393 2086 500 2126 palam,
530 2089 558 2116 et
586 2085 729 2126 praeconis
755 2086 848 2117 instar
875 2088 1038 2119 enuntiavit

217 2130 386 2170 Apostolus,
405 2141 472 2161 cum
501 2129 583 2168 dicit,
611 2130 754 2170 Spiritum
778 2141 811 2162 ex
841 2133 902 2163 Deo
918 2134 1036 2173 accepi-

217 2185 281 2206 mus
290 2174 349 2215 ?9,»
369 2179 398 2205 et
413 2185 467 2215 per
481 2175 587 2206 Filium
613 2184 755 2215 apparere
787 2176 941 2207 manifesto
958 2178 1036 2207 indi-«

1073 881 1237 919 Πνεύματος,
1268 882 1310 909 καὶ
1338 880 1431 920 ἐκχέαι
1463 883 1540 909 τοῦτο
1563 878 1603 919 ἐφ’
1631 881 1715 920 ἡμᾶς,
1746 879 1804 908 οὐδὲ
1832 880 1901 916 ἡμῖν

1074 925 1158 959 ἄλλης
1195 925 1283 960 δεήσει
1324 928 1373 959 τῆς
1409 924 1585 964 ἀντιρρήσεως
1622 924 1684 964 παρ’
1719 924 1824 957 ἐκείνην
1852 925 1902 956 τὴν

1074 970 1201 1010 λέγουσαν
1231 971 1267 1002 ὼς
1296 972 1343 999 οὐκ
1364 969 1395 997 ἄν
1410 969 1542 1008 πεμφθείη
1563 968 1652 1000 ἄλλως
1680 969 1709 997 τὸ
1738 972 1844 1006 Πνεῦμα
1873 969 1904 996 ὲκ

1074 1019 1120 1043 τοῦ
1155 1016 1256 1054 Πατρὸς
1292 1014 1333 1042 διὰ
1362 1018 1407 1042 τοῦ
1441 1015 1500 1042 Υἱοῦ
1543 1014 1565 1041 εἰ
1609 1014 1648 1051 μὴ
1676 1015 1712 1045 ὡς
1741 1013 1770 1041 ἐκ
1798 1015 1903 1052 Πατρὸς

1075 1059 1196 1099 ὑπάρχον
1212 1058 1254 1087 διὰ
1281 1063 1327 1087 τοῦ
1350 1060 1421 1089 ι’ἱοῦ.
1447 1059 1474 1086 Εἰ
1497 1058 1546 1096 γὰρ
1569 1060 1616 1087 οῦκ
1643 1057 1674 1085 ἄν
1688 1058 1821 1097 πεμφθείη
1850 1056 1902 1085 ἆλ-

1074 1103 1127 1136 λως
1158 1103 1200 1131 διὰ
1234 1107 1280 1132 τοῦ
1314 1105 1384 1141 Υἱοῦ,
1403 1103 1425 1130 εἰ
1447 1103 1486 1140 μὴ
1502 1103 1539 1134 ὡς
1560 1102 1680 1142 ὑπάρχον
1701 1101 1742 1130 διὰ
1756 1113 1802 1131 του
1829 1103 1902 1137 Υἱοῦ,

1074 1147 1130 1177 οὐδὲ
1158 1148 1285 1188 ἐκχυθείη
1300 1147 1387 1179 ἄλλως
1404 1146 1445 1175 διὰ
1460 1150 1507 1175 τοῦ
1527 1148 1598 1186 Υἱοῦ³
1622 1148 1644 1174 εἰ
1666 1147 1704 1184 μὴ
1726 1148 1763 1178 ὡς
1778 1147 1902 1186 ὑπάρχον

1073 1193 1114 1220 διὰ
1137 1196 1182 1220 τοῦ
1219 1192 1287 1221 Υὶοῦ.
1325 1193 1372 1220 Καὶ
1394 1192 1416 1219 εἱ
1442 1195 1530 1231 τοῦτο,
1564 1191 1651 1228 μάτην
1667 1191 1713 1222 τὰς
1729 1190 1905 1230 εὖαγγελικὰς

1073 1237 1116 1265 καὶ
1145 1236 1322 1269 ἆποστολικὰς
1358 1236 1453 1267 ταύτας
1488 1236 1578 1274 ῥήσεις
1604 1234 1742 1275 προϐάλλῃ
1770 1237 1806 1267 εἷς
1823 1235 1904 1263 ἐναν-

1073 1282 1162 1309 τίωσιν
1195 1285 1240 1309 τοῦ
1269 1281 1381 1320 Ἰταλοῦ,
1411 1281 1442 1308 ἐκ
1469 1281 1570 1319 Πατρὸς
1592 1279 1634 1308 διὰ
1667 1282 1739 1320 Υἱοῦ,
1760 1281 1804 1307 καὶ
1835 1280 1906 1308 κατὰ

1074 1330 1150 1355 τοῦτο
1171 1326 1215 1354 καὶ
1231 1325 1256 1358 ἐξ
1278 1326 1391 1366 ἀμφοῖν,
1407 1326 1437 1352 τὸ
1461 1327 1567 1362 Πνεῦμα
1583 1325 1652 1352 εἶναι
1673 1323 1838 1360 δοξάζοντος.

1075 1378 1126 1406 Τοῦ
1166 1376 1241 1415 ἁγίου
1284 1375 1432 1404 ἀποστόλου
1466 1374 1568 1415 Παύλου
1603 1374 1634 1403 ἐκ
1660 1375 1709 1409 τῆς
1745 1375 1810 1414 πρὸς
1848 1378 1904 1403 Γα-

1343 1415 1425 1448 λάτας
1447 1414 1622 1448 Ἐπιστολῆς.

1114 1462 1165 1504 ς’.
1192 1478 1205 1494 ι
1229 1466 1429 1500 Ἐξαπὲστειλεν
1464 1467 1478 1494 ὸ
1501 1467 1566 1498 Θεὸς
1579 1467 1610 1494 τὸ
1633 1469 1738 1504 Πνεῦμα
1759 1470 1807 1494 τοῦ
1841 1461 1905 1496 ιἰά)

1077 1523 1092 1539 κ
1115 1513 1193 1540 αὐτοῦ
1227 1512 1262 1544 εἰς
1291 1512 1338 1542 τὰς
1374 1509 1480 1551 καρδίας
1505 1511 1595 1548 ἡμῶν,
1631 1511 1738 1550 κράζον⁷
1773 1510 1858 1540 Ἀϐὄᾶ
1890 1514 1905 1540 ὁ

1080 1567 1093 1584 α
1117 1556 1218 1594 Πατὴρ.
1245 1567 1259 1583 ι

1405 1601 1572 1630 Ἐπιστασία.

1119 1665 1134 1681 α
1158 1648 1258 1682 ⁷Ἀκουε
1287 1654 1332 1682 καὶ
1361 1653 1406 1681 τοῦ
1424 1654 1474 1687 τῆς
1498 1652 1613 1692 ἐκλογῆς
1642 1652 1760 1689 σκεύους,
1777 1656 1823 1681 τοῦ
1845 1655 1908 1683 Υἱοῦ

1080 1710 1094 1725 α
1118 1699 1166 1735 μὲν
1188 1699 1258 1726 εἶναι
1282 1699 1312 1726 τὸ
1340 1701 1446 1735 Πνεῦμα
1474 1697 1651 1737 κηρύσσοντος
1681 1696 1723 1725 διὰ
1748 1698 1778 1725 τὸ
1801 1699 1906 1735 ὁμοού-

1080 1753 1094 1772 ι(
1117 1754 1188 1779 σιον,
1225 1743 1295 1783 παρὰ
1330 1746 1377 1771 τοῦ
1423 1743 1523 1781 Πατρὸς
1568 1740 1596 1769 δὲ
1630 1746 1706 1770 τοῦτο
1740 1741 1906 1774 ἐξαποστέλ-

1080 1799 1090 1816 ι
1118 1787 1219 1819 λεσθαι,
1239 1801 1251 1818 ι

1403 1830 1579 1870 ’Λντίῤῥησις.

1117 1877 1153 1904 Σὺ
1175 1877 1223 1914 μὲν
1251 1880 1296 1904 τοῦ
1330 1877 1389 1905 Υἱοῦ
1424 1876 1496 1904 εἶναι
1525 1874 1612 1913 λέγεις
1637 1876 1667 1904 τὸ
1692 1876 1795 1913 Πνεῦμα
1811 1875 1854 1905 διὰ
1876 1879 1908 1905 τζ)

1078 1922 1228 1960 ομοούσιον,
1257 1922 1294 1952 ὡς
1320 1921 1363 1948 καὶ
1391 1919 1485 1949 πολλοὶ
1517 1919 1593 1947 ἄλλοι
1608 1923 1661 1948 τῶν
1682 1921 1733 1959 πρὸ
1754 1923 1801 1948 σοῦ
1828 1925 1908 1950 τοῦτο

1079 1967 1212 2006 εἰρήκασιν
1236 1974 1243 1981 ⁸
1267 1967 1280 1993 ὁ
1302 1965 1329 1992 δὲ
1352 1965 1434 2004 μέγας
1463 1964 1600 1996 Βασίλειος
1623 1963 1649 1992 ἐν
1671 1964 1707 1992 ἐνὶ
1730 1968 1783 1993 τῶν
1818 1976 1908 2006 κεφα-

1078 2011 1170 2049 λαίων,
1200 2011 1230 2040 οὗ
1257 2012 1274 2045 ἦ
1306 2010 1451 2050 ἐπιγραπή,
1478 2021 1492 2037 «
1512 2009 1639 2047 Διατίμή
1661 2010 1704 2038 καὶ
1738 2011 1769 2038 τὸ
1795 2013 1908 2048 Πνεῦμα

1083 2056 1142 2087 Υἱὸς
1170 2058 1215 2083 106
1248 2056 1319 2094 Υἱοῦ,
1342 2066 1354 2081 ι
1386 2057 1476 2094 σαφῶς
1499 2052 1566 2082 οῦτω
1587 2053 1658 2092 λέγει
1683 2063 1690 2070 '
1716 2066 1729 2081 ιι
1760 2055 1796 2083 Τὸ
1813 2055 1864 2091 μὲν
1879 2055 1910 2083 ἐκ

1079 2103 1145 2128 Θεοῦ
1172 2101 1202 2127 τὸ
1224 2103 1328 2136 Πνεῦμα
1353 2099 1424 2127 εἶναι
1451 2101 1552 2138 τρανῶς
1574 2097 1696 2137 ἐκήρυξεν
1710 2099 1724 2127 ὸ
1739 2097 1907 2132 Ἀπόστολος

1079 2143 1164 2183 λέγων
1182 2154 1188 2160 ·
1207 2155 1218 2172 ι
1242 2145 1277 2173 Τὸ
1306 2143 1411 2181 Πνεῦμα
1438 2143 1469 2171 τὸ
1499 2142 1529 2171 ὲκ
1559 2147 1604 2171 τοῦ
1629 2146 1694 2171 Θεοῦ
1715 2142 1846 2182 ἐλάϐομεν
1866 2154 1872 2160 ·
1894 2155 1908 2174 ι

1079 2190 1173 2217 καὶτὸ
1201 2187 1233 2216 δι’
1269 2190 1328 2216 Υἱοῦ
1362 2187 1507 2227 πεφηνέναι
1543 2187 1624 2227 σαφὲς
1653 2188 1810 2222 πεποίηκεν,
1848 2190 1913 2218 Υἱοῦ

217 2220 301 2257 cavit,
320 2221 388 2250 dum
416 2220 479 2251 Filii
504 2220 648 2260 Spiritum
665 2220 913 2260 quemadmodum
943 2226 971 2252 et
986 2222 1022 2253 De

1110 2237 1187 2270 νεῦμα
1216 2233 1348 2271 ὀνομάσας
1391 2232 1454 2260 αὖτὸ
1497 2232 1614 2271 καθάπερ
1654 2235 1730 2269 Θεοῦ,
1773 2233 1817 2261 καὶ
1847 2237 1911 2262 νοῦν

215 2267 311 2305 ipsum
327 2265 490 2305 appellans,
510 2269 538 2295 et
555 2269 683 2296 mentem
710 2265 819 2296 Christi
850 2275 1038 2307 nuncupaus,

217 2310 467 2350 quemadmodum
485 2316 514 2340 et
526 2309 827 2350 DeiSpiritum,veluti
838 2315 866 2340 et
880 2310 1038 2342 hominis.»

219 2356 248 2386 Si
272 2355 371 2394 itaque
399 2354 524 2394 Spiritus
549 2354 625 2392 Filii,
650 2359 680 2385 ut
710 2365 776 2385 cum
804 2364 909 2394 magno
939 2355 1042 2396 loquar

218 2399 338 2436 Basilio,
357 2400 435 2439 quod
452 2409 504 2439 per
525 2399 644 2439 Filium,
673 2404 923 2440 peropportunum
940 2400 1038 2439 fuerit,

220 2447 394 2484 praesentem
411 2445 486 2474 hanc
499 2444 805 2475 adnimadversionem
821 2444 983 2475 refutantes
999 2445 1040 2476 di-

220 2497 299 2528 cere,
317 2489 365 2528 qui
383 2488 507 2519 mittitur
521 2498 537 2518 a
552 2491 639 2520 Patre
656 2489 719 2519 Filii
746 2489 883 2528 Spiritus,
902 2494 1039 2529 tanquam

221 2543 274 2573 per
289 2534 385 2573 ipsum
402 2533 546 2564 exsistens
559 2543 575 2563 a
594 2534 680 2564 Patre
707 2533 831 2564 mittitur
861 2542 914 2574 per
930 2535 1036 2573 ipsum.

220 2585 363 2624 Ejusdem
377 2595 416 2614 ex
431 2584 568 2624 Epistula
584 2585 623 2614 ad
643 2583 743 2614 Titum
767 2593 832 2624 cap.
852 2593 894 2616 III.
911 2593 992 2616 vers.
1009 2586 1036 2615 5.

265 2638 293 2668 7.
314 2649 327 2664 (ι
346 2635 448 2667 Salvos
459 2635 1041 2675 nosfecitperlavacrumregenerationis

226 2696 234 2710 ι
263 2686 292 2713 et
305 2681 505 2713 renovationis
519 2680 646 2721 Spiritus
662 2680 767 2719 sancti,
781 2690 867 2721 quem
894 2680 997 2712 ell‘udit
1012 2680 1041 2710 in

263 2768 293 2793 79
308 2768 319 2800 Ι
334 2767 402 2798 Cor.
418 2776 448 2798 ιι.
463 2767 511 2798 12.

1082 2281 1194 2317 Χριστοῦ
1233 2277 1394 2317 προσειπὼν,
1446 2277 1561 2316 καθάπερ
1609 2277 1653 2304 καὶ
1689 2280 1754 2305 Θεοῦ
1785 2280 1909 2316 Πνεῦμα,

1081 2323 1117 2354 ὡς
1147 2326 1192 2350 τοῦ
1221 2322 1367 2361 ἀνθρώπου.
1392 2334 1404 2351 ι
1423 2321 1451 2350 Ei.
1472 2325 1535 2360 γοῦν
1563 2324 1669 2358 Πνεῦμα
1702 2322 1762 2349 Υἱοῦ
1775 2322 1844 2350 κατὰ
1862 2323 1912 2350 τὸν

1083 2367 1165 2406 μέγαν
1195 2367 1280 2395 εἰπεῖν
1308 2365 1454 2402 Βασίλειον,
1480 2365 1522 2394 ὅτι
1552 2364 1593 2393 διὰ
1614 2369 1659 2394 τυῦ
1686 2366 1757 2403 Υἱοῦ,
1787 2365 1913 2406 εὔκαιρον

1081 2412 1129 2438 κὰν
1157 2414 1190 2450 τῇ
1218 2421 1337 2449 παρουσῃ
1367 2410 1506 2445 ἐπιστασίᾳ
1535 2411 1620 2438 εἰπεῖν
1648 2411 1720 2447 ἡμᾶς
1748 2409 1913 2449 ἀντιλέγον-

1081 2467 1126 2487 τας
1162 2457 1199 2487 ὡς
1226 2456 1256 2483 τὸ
1292 2454 1520 2492 ἀποστελλόμενον
1555 2455 1626 2493 παρὰ
1662 2454 1763 2493 Πατρὸς
1800 2457 1913 2493 Πνεῦμα

1081 2503 1126 2528 τοῦ
1152 2502 1221 2538 Υἱοῦ,
1251 2501 1288 2532 ὡς
1310 2499 1344 2528 δι’
1368 2499 1446 2528 αὐτοῦ
1473 2499 1593 2539 ὑπάρχον
1614 2499 1684 2537 παρὰ
1711 2500 1813 2538 Πατρὸς
1837 2499 1913 2528 ἀπο-

1081 2545 1215 2573 στέλλεται
1237 2544 1269 2572 δι’
1285 2545 1376 2575 αῦτοῦ.

1267 2593 1317 2618 Τοῦ
1332 2590 1410 2617 αὐτοῦ
1425 2589 1454 2616 ἐκ
1474 2589 1524 2622 τῆς
1539 2589 1604 2628 πρὸς
1626 2593 1716 2617 τῖτον.

1122 2628 1156 2669 ζ’.
1176 2645 1190 2660 ιι
1216 2628 1340 2662 ἸΕσωσεν
1361 2634 1432 2671 ἡμᾶς
1461 2632 1503 2660 διά
1524 2632 1633 2672 λουτροῦ
1647 2632 1852 2671 παλιγγενεσίας
1870 2636 1917 2661 καὶ

1087 2690 1100 2706 α
1123 2678 1324 2710 ἀνακαινώσεως
1361 2679 1511 2716 Πνεύματος
1553 2677 1638 2716 ἁγίου,
1668 2676 1697 2704 οῦ
1732 2675 1838 2716 ἐξέχεεν
1870 2676 1915 2717 ἐφ’
