1966 3073
206 106 258 138 411

724 107 859 140 JOANN.
878 108 987 140 VECGI
1002 108 1057 138 GP.
1075 109 1345 142 PATRIARCHIE.

1830 115 1892 147 412

208 173 469 204 estVerumtamen
477 174 531 204 hoc
542 174 789 205 accommodatius
804 174 957 215 adaptatur
968 173 1020 204 dic-

1106 185 1144 202 rta
1159 175 1260 211 μᾶλλον
1287 180 1320 214 τῇ
1355 178 1474 216 θεολογία
1501 179 1640 218 ἐφαρμόζει
1669 183 1721 208 τῶν
1737 180 1766 208 ἑκ
1787 180 1890 217 Πατρός

209 218 245 249 tis
261 228 361 248 eurum
390 218 571 257 theologicis,
588 219 638 258 qui
663 222 799 249 asserunt
825 218 966 259 Spiritum
991 228 1024 248 ex

207 263 293 294 Patre
309 273 362 303 per
375 264 480 294 Filium
495 264 656 301 esse,unde
671 264 752 294 nullo
769 264 907 295 obstante
923 264 1022 304 sequi-

208 313 304 345 tur,ex
321 312 443 348 utroque
459 307 600 347 Spiritum
617 308 750 339 decerni.
768 307 1024 344 Quemadmodum

207 353 286 383 enim
303 361 406 392 aquam
424 361 477 390 per
489 352 608 382 ﬂuvium
625 361 659 383 ex
674 353 754 383 fonte
769 359 969 389 emanantem,
989 361 1026 383 ex

205 401 330 436 utroque
346 396 468 435 etl'undi,
481 397 580 427 nullus
596 400 652 434 est,
668 397 718 437 qui
744 400 840 436 negat,
858 397 901 428 sic
913 402 942 428 et
957 397 1026 437 Spi-

204 441 278 471 ritus
303 450 355 481 per
374 440 481 472 Filium
499 450 679 481 promanans
704 441 740 472 ab
764 446 890 482 utroque
915 441 1024 474 exsilit.

205 485 287 522 Quod
300 486 325 516 si
341 495 375 516 ex
392 495 426 516 eo
453 485 531 526 quod
549 486 773 525 Chrysostomus
796 490 884 526 vetat,
903 486 1025 517 ﬂuvium

201 531 311 561 fontem
331 531 439 568 vocari,
456 534 486 561 tu
501 539 618 570 quoque
635 529 720 561 uobis
736 530 886 570 prohibes,
905 540 941 561 ne
959 530 1024 561 fon-

203 578 262 606 tem
281 584 346 606 esse
363 575 489 615 Spiritus
503 574 611 605 Filium
626 583 840 612 ass<-veremus,
858 575 931 606 scito
964 579 992 606 te
1008 585 1024 606 a

203 620 304 659 regula
317 624 345 650 et
361 619 583 660 prmscriptione
594 619 725 650 veritatis
740 619 940 657 aberrantem,
958 620 1020 650 haec

1067 218 1100 246 δι’
1134 221 1192 248 Υἱοῦ
1226 222 1256 248 τὸ
1281 225 1385 258 Πνεῦμα
1414 223 1483 251 εἶναι
1519 224 1766 264 τεθεολωγηκότων,
1794 225 1890 252 ὁπόθεν

1068 263 1206 292 ἀκολουθεῖ
1232 265 1263 293 τὸ
1304 265 1440 296 ἀκώλυτον
1481 269 1527 296 τοῦ
1547 267 1573 300 ἐξ
1594 269 1694 308 ἀμφοῖν
1722 263 1763 297 τὸν
1782 272 1890 305 Πνεῦμα

1067 307 1266 347 θεολογετσθαν
1296 311 1332 343 ὡς
1346 311 1396 350 γὰρ
1417 313 1448 339 τὸ
1481 312 1548 352 ὕδωρ
1576 312 1617 341 διὰ
1638 307 1683 342 τοῦ
1711 317 1831 352 ποταμοῦ
1861 313 1892 340 ἐκ

1066 355 1116 385 τῆς
1143 356 1234 391 πηγῆς
1263 355 1444 394 προχεόμενον
1471 357 1515 384 καὶ
1549 355 1574 389 ἐξ
1600 357 1700 396 ἀμφοῖν
1727 359 1891 397 προχεῖσθαι

1067 397 1299 437 ἀνωμολόγηται·
1325 399 1393 427 οὕτω
1418 401 1505 428 καὶτὸ
1536 402 1641 439 Πνεῦμα
1669 402 1699 429 ἐκ
1725 406 1769 431 τοῦ
1786 403 1892 441 [ἰατρὸς

1067 440 1109 469 δια
1123 446 1169 471 τοῦ
1200 443 1259 470 Υὶοῦ
1288 444 1497 484 προερχόμενον,
1520 445 1546 478 ἐξ
1571 446 1671 485 ἀμφοῖν
1698 445 1756 475 ἐστι
1790 457 1892 485 προερ-

1067 486 1197 525 χόμενον,
1216 488 1243 514 Et
1259 486 1285 515 δὲ
1301 487 1366 516 διότι
1395 490 1408 516 ὁ
1442 489 1635 528 Χρυσοῤῥήμων
1660 491 1831 530 ἀπαγορεύειν
1846 491 1895 518 τὸν

1066 531 1186 567 ποταμὸν
1214 533 1304 570 πηγιὶν
1339 533 1521 573 ὀνομάζεσθαι,
1563 534 1720 574 ἀπαγορεύει
1774 536 1818 563 καὶ
1859 535 1893 563 σὺ

1064 575 1156 613 πηγὴν
1169 577 1237 603 εἶναι
1252 580 1299 604 ταῦ
1321 577 1471 614 Πνεύματος
1493 579 1539 606 τὸν
1562 579 1620 607 Υἱόν
1638 589 1646 596 ⁸
1669 578 1728 607 ἀλλ’
1751 578 1819 616 ἴσθι,
1854 580 1894 611 ὡς

1063 618 1220 659 ἐπισφαλῶς
1261 620 1433 660 ἆπαγορεύεις
1475 625 1551 651 τοῦτο
1573 631 1580 638 ’
1617 624 1660 651 καὶ
1695 627 1733 661 τῷ
1778 623 1892 663 μεγάλῳ

202 664 373 704 prohibere,
389 668 417 694 et
433 674 536 703 magno
549 664 719 700 Athanasio,
737 674 853 695 necnon
878 665 1019 704 Chrysos-

1106 665 1220 702 tatvawicp,
1258 668 1300 694 καὶ
1335 669 1407 704 αὑτῷ
1438 667 1464 695 δὲ
1507 672 1545 705 τῷ
1582 668 1781 708 Χρυσοῤῥήμονι
1817 668 1889 697 τοῦδ’

201 703 282 739 torno
298 708 354 749 ipsi
368 709 669 739 contradicerelicet
681 709 761 739 enim
773 709 826 739 hic
842 703 949 740 aureus
965 711 1020 740 Pa-

1106 720 1140 736 κα
1165 709 1322 748 ἀντιλέγεις,
1360 713 1387 740 Εἰ
1409 713 1458 752 γὰρ
1486 703 1537 740 καὶ.
1556 703 1892 753 ὶνταῦθαἜ-Χρυσορῥή-

203 757 249 784 ter
263 753 341 784 clare
353 754 497 784 rationem
514 753 695 790 reddens,ob
711 763 799 793 quam
813 753 957 793 quispiam
971 755 1021 784 ﬂu-

202 798 280 828 vium
292 807 396 828 vocare
412 797 521 828 fontem
535 807 594 828 non
608 798 711 834 valeat,
725 807 823 838 neque
836 807 943 829 rursus
952 799 1021 829 fon-
1035 822 1054 846 Β

203 843 398 873 tem.tluvium
415 852 421 874 :
439 842 473 873 Et
493 843 568 873 ratio
584 847 639 877 est,
657 842 735 882 quod
761 842 839 873 inter
854 852 886 873 se
903 844 1023 874 nomina

202 897 260 918 non
275 891 538 928 permutantur,ne
556 887 582 918 in
601 886 721 918 Sabellii
751 887 928 918 sententiam
947 887 1025 918 inci-

203 932 383 969 damus,baac
398 932 447 962 ille
457 932 492 962 de
508 931 594 962 dictis
608 931 780 962 nominibus
795 931 1028 970 fontis.ﬂuvii,et

202 986 286 1017 aqua;
310 976 431 1016 protulit
447 985 632 1016 quaecunque
655 976 706 1006 illa
720 976 798 1016 sint;
823 983 1028 1008 verumtamen

204 1021 234 1051 in
250 1021 382 1052 oratione
398 1030 451 1051 sua
470 1021 506 1052 de
522 1025 709 1051 sacramento
727 1020 925 1061 baptismatis,
943 1022 1026 1061 cujus

201 1065 274 1096 illud
292 1065 469 1105 principium
484 1069 540 1096 est:
561 1066 693 1096 «Rursus
710 1065 796 1095 nobis
812 1065 889 1095 beati
907 1066 1026 1097 Davidis

200 1110 344 1150 spiritalis
356 1109 482 1150 cithara,
490 1110 586 1140 nliunc
601 1111 630 1140 in
644 1110 836 1146 modum,nec
857 1110 1027 1141 hmsitanter

203 1154 318 1184 locutus
337 1157 378 1184 est
397 1164 404 1183 :
425 1166 435 1181 ιι
450 1155 608 1194 Propterea
623 1153 755 1185 Salvator
770 1154 899 1185 ostendit
913 1158 1024 1185 semet-

201 1198 297 1238 ipsum
324 1198 434 1229 fontem
458 1198 536 1236 vita},
567 1202 596 1229 et
625 1207 731 1238 aquam
759 1199 853 1229 vivam
881 1198 1023 1238 Spiritum

201 1247 345 1274 sanctum.
361 1256 373 1271 ιι
391 1243 426 1273 Ει
442 1243 471 1273 in
486 1242 576 1274 rebus
601 1243 775 1282 theologicis
808 1244 1023 1283 pertractandis

201 1297 325 1327 magnus
340 1287 521 1318 Athanasius
546 1287 678 1318 oratione
693 1288 730 1318 de
755 1288 904 1327 Unigeniti
931 1288 1023 1319 Verbi

200 1331 415 1362 incarnatione'
430 1335 459 1361 et
473 1331 510 1362 de
526 1331 556 1362 S.
573 1331 694 1368 Triade,
725 1332 809 1372 cujus
838 1332 1016 1372 principium

1064 765 1119 791 μων
1139 755 1239 793 Πατὴρ,
1265 760 1354 796 σαῳῶς
1382 758 1428 785 τὸν
1456 757 1534 797 λόγον
1561 757 1655 794 διδοὺς,
1687 759 1744 787 καθ’
1767 759 1842 790 ὂντις
1862 761 1892 788 οὗ

1064 797 1169 826 δὺναται
1198 799 1306 828 καλέσαι
1322 802 1443 838 ποταμὸν
1466 803 1514 836 τὴν
1545 804 1647 842 πηγὴν,
1679 802 1737 832 οῧτε
1751 803 1831 831 πάλιν
1847 804 1892 831 τὸν

1064 843 1184 880 ποταμὸν
1212 843 1320 872 καλέσαι
1342 847 1457 884 πηγήν·
1488 847 1502 874 ὁ
1530 846 1556 874 δὲ
1587 847 1666 886 λόγος
1688 849 1718 876 τὸ
1748 848 1787 885 μὴ
1810 858 1893 884 μετα-

1066 886 1207 916 ϐάλλεσθαι
1237 890 1272 921 εἰς
1302 888 1405 923 ἄλληλα
1434 892 1467 918 τὰ
1488 891 1615 930 ὀνόματα,
1644 892 1690 920 ’ίνα
1720 893 1757 929 μὴ
1785 893 1822 923 εἷς
1843 893 1895 925 τὴν

1069 930 1213 960 Σαϐελλίου
1248 932 1323 966 δόξαν
1359 934 1525 975 ἐκπέσωμεν,
1567 937 1676 964 τοιαῦτα
1709 935 1800 976 εἴρηκε
1835 938 1897 976 περὶ

1070 977 1122 1004 τῶν
1151 977 1288 1014 ὀνομάτων
1317 981 1365 1012 τῆς
1395 984 1496 1018 πηγῆς,
1540 985 1586 1009 τοῦ
1613 985 1747 1019 ποταμοῦ,
1769 981 1813 1008 καὶ
1846 985 1895 1009 τοῦ

1066 1019 1170 1058 ὕδατος,
1188 1022 1284 1060 οἷάπερ
1300 1024 1343 1050 καὶ
1365 1023 1472 1062 εἴρηκεν
1490 1033 1496 1040 ·
1525 1024 1583 1052 ἀλλ’
1612 1024 1638 1052 ἐι
1666 1027 1705 1062 τῷ
1725 1025 1797 1064 λόγῳ
1812 1026 1893 1053 αὒτοῦ

1066 1068 1104 1102 τῷ
1119 1066 1154 1096 εἰς
1177 1067 1206 1093 τὸ
1223 1068 1367 1106 μυστήριον
1395 1072 1440 1096 τοῦ
1467 1069 1661 1108 βαπτίσματος,
1684 1073 1714 1098 οῦ
1743 1071 1760 1104 ἡ
1791 1070 1865 1110 ἀρχή
1883 1079 1892 1088 ”

1110 1119 1122 1136 ι
1148 1109 1227 1137 Πάλιν
1254 1110 1319 1147 ἡμῖν
1347 1112 1363 1145 ἡ
1393 1116 1438 1140 τοῦ
1461 1113 1588 1152 μακαρίου
1619 1113 1703 1142 Δαυῖδ
1724 1114 1893 1151 πνευματικὴ

1066 1155 1171 1195 κιθάρα,
1188 1167 1201 1182 ιι
1228 1158 1317 1195 σαφῶς
1336 1157 1444 1197 εἴρηκεν
1473 1159 1541 1187 οὕτω
1557 1167 1564 1174 ·
1593 1171 1606 1186 α
1627 1161 1674 1189 Διὰ
1701 1164 1778 1188 τοῦτο
1800 1161 1814 1187 ὁ
1830 1163 1893 1188 Σω-

1065 1199 1115 1237 τὴρ
1137 1199 1263 1228 δείκνυσιν
1279 1202 1370 1230 ἑαυτὸν
1386 1204 1477 1242 πηγὴν
1505 1207 1586 1239 ζωῆς,
1610 1205 1653 1232 καὶ
1689 1204 1755 1244 ὕδωρ
1782 1207 1834 1240 ζῶν
1864 1206 1896 1232 τὸ

1067 1245 1170 1281 Πνεῦμά
1192 1246 1223 1272 τὸ
1252 1245 1337 1284 ἅγιον.
1358 1258 1370 1275 ιι
1395 1248 1443 1275 Σαὶ
1477 1249 1490 1276 ὁ
1520 1249 1570 1281 τὴν
1592 1248 1726 1287 θεολογίαν
1754 1247 1780 1276 δὲ
1810 1247 1897 1280 πολύς

1065 1289 1222 1321 Ἀθανασιος
1251 1289 1278 1317 ἐν
1299 1293 1338 1327 τῷ
1359 1292 1417 1330 περὶ
1445 1295 1494 1325 τῆς
1523 1292 1648 1331 ἐνσάρκου
1670 1293 1822 1329 οἰκονομίας
1850 1296 1897 1320 τοῦ

1065 1337 1130 1361 Θεοῦ
1150 1333 1241 1373 λόγου,
1279 1336 1323 1363 καὶ
1353 1337 1410 1375 περὶ
1432 1339 1480 1370 τῆς
1509 1337 1585 1376 ἁγίας
1614 1336 1722 1376 Τριάδος
1747 1336 1820 1375 λόγῳ
1842 1337 1893 1364 αῦ-

200 1381 255 1418 est,
271 1387 285 1407 ‹
301 1377 355 1413 Qui
373 1377 518 1409 malitiose
534 1378 647 1409 divinas
674 1377 841 1418 Scripturas
853 1379 1019 1418 intelligere

1106 1394 1115 1412 η,
1139 1378 1169 1406 οὗ
1186 1380 1202 1412 ἡ
1225 1379 1299 1419 ἀρχή
1316 1387 1323 1394 ⁶
1345 1391 1358 1407 α
1378 1382 1407 1409 Οἱ
1429 1381 1599 1421 κακοτέχνως
1622 1383 1668 1414 τὰς
1694 1381 1764 1413 θείας
1786 1382 1893 1421 Γραφὰς

199 1423 310 1460 volunt,
321 1424 381 1454 nsic
397 1423 437 1453 ait
455 1433 461 1454 :
475 1423 654 1463 (Propterea
671 1424 757 1455 David
772 1432 882 1453 canens
893 1423 1018 1454 Domino

1106 1421 1218 1460 ιλόμενοι
1244 1431 1327 1463 νοεῖν,
1345 1435 1356 1452 ι
1375 1424 1443 1453 οὕτω
1463 1426 1542 1466 φησίν
1561 1433 1568 1440 ⁸
1589 1438 1602 1453 α
1622 1426 1670 1454 Διὰ
1685 1437 1760 1454 τουτο
1776 1427 1790 1454 ὁ
1807 1425 1892 1453 Δαυ³ιδ

201 1468 307 1499 effatur
323 1477 329 1499 ε
347 1468 432 1509 Apud
450 1473 476 1499 te
488 1468 553 1498 fons
567 1468 643 1505 vitae,
662 1468 692 1498 in
708 1468 819 1498 lumine
838 1472 888 1498 tuo
903 1468 1017 1498 videbi-

1061 1466 1170 1503 ψέλλῴν
1213 1472 1250 1505 τῷ
1286 1471 1343 1505 Θεῷ
1374 1481 1454 1510 φησιν
1475 1469 1515 1498 ὅτι
1548 1482 1562 1498 ι
1594 1471 1667 1509 Παρὰ
1701 1470 1778 1508 πηγὴ
1805 1472 1890 1506 ζωῆς,

200 1521 264 1543 mus
275 1513 477 1544 lumen.Novit
489 1512 635 1551 siquidem
649 1513 726 1552 apud
739 1512 963 1543 PatremFilium
976 1521 1020 1542 es-

1115 1513 1153 1547 τῴ
1168 1514 1234 1552 φωτί
1249 1524 1294 1541 σου
1321 1513 1442 1551 ὀψόμεθα
1457 1518 1524 1554 φῶς,
1554 1526 1567 1542 ι)
1600 1513 1663 1543 Οἵδε
1682 1515 1731 1554 γὰρ
1758 1515 1830 1549 παρὰ
1852 1518 1890 1551 τῷ

198 1566 230 1588 se
245 1557 355 1588 fontem
372 1557 498 1597 Spiritus
524 1559 628 1587 sancti.
650 1570 662 1585 υ
682 1556 752 1592 Qua;
780 1566 848 1587 cum
870 1556 1025 1595 agnoveris

199 1601 301 1631 Patres
317 1606 433 1631 nostros
449 1602 692 1640 Chrysostomum
706 1606 734 1631 et
750 1601 943 1631 Athanasium
957 1601 1025 1631 επα-

198 1645 235 1682 ri,
253 1655 322 1675 cave
338 1655 375 1676 ne
402 1645 431 1675 in
459 1650 609 1685 posterum
643 1645 843 1685 impudenter.
860 1649 888 1675 et
919 1654 1022 1684 parum

198 1690 385 1720 considerate
401 1690 492 1729 dicas,
507 1689 613 1721 Filium
629 1699 686 1720 non
704 1698 770 1720 esse
797 1689 906 1719 fontem
923 1689 1021 1729 Spiri-

199 1737 257 1771 tus,
275 1738 444 1774 attenteque
460 1734 628 1771 considera,
656 1743 713 1774 qua
728 1734 842 1764 ratione
859 1733 1020 1773 opprobri-

197 1787 246 1808 um
263 1778 395 1817 elfugias,
421 1778 457 1815 si,
482 1788 548 1808 cum
566 1782 595 1808 tu
615 1778 736 1814 dixeris,
755 1777 784 1809 Si
802 1787 870 1816 ergo
901 1787 959 1807 non
976 1782 1023 1809 est

198 1822 262 1852 fons
287 1823 390 1860 Filius,
418 1822 566 1863 quomodo
593 1822 726 1862 procedit
754 1831 788 1852 ex
816 1823 872 1852 hoc
898 1821 1023 1862 Spiritus

197 1867 330 1898 sanctus?
342 1867 429 1898 Italus
443 1867 650 1898 inducatillud
670 1876 676 1898 2
696 1867 780 1903 Quod
797 1866 822 1896 si
837 1866 903 1897 fons
925 1866 1022 1907 Spiri-

197 1914 242 1941 tus
255 1911 346 1942 Filius
360 1916 416 1948 est,
433 1911 583 1952 quomodo
598 1921 658 1941 non
677 1910 809 1952 procedit
824 1919 857 1941 ex
874 1919 908 1941 eo
925 1910 1023 1951 Spiri-

195 1959 243 1986 tus
261 1959 382 1987 sanctus
398 1958 410 1986 ?

280 2047 425 2087 Ejusdem
439 2056 476 2079 ea:
491 2048 618 2079 humilia
633 2049 669 2079 de
684 2048 802 2088 Spiritu
815 2050 929 2078 sancto.

241 2138 289 2170 IX.
297 2140 416 2180 «Itaque
426 2140 537 2172 dicitur
547 2141 674 2182 Spiritus
687 2139 879 2171 sanctus.[sta
890 2137 969 2168 enim
979 2141 1020 2168 est

203 2196 214 2211 ι(
234 2184 328 2224 prima
347 2191 375 2214 et
387 2185 506 2225 propria
520 2186 743 2226 appellation,et
760 2189 791 2214 ut
807 2183 1020 2215 evidentiorem

1067 1557 1147 1595 Πατρὶ
1175 1557 1238 1585 ὄντα
1266 1560 1312 1586 τὸν
1336 1559 1406 1594 Γὶὸν,
1430 1559 1478 1592 τὴν
1508 1561 1600 1597 πηγὴν
1624 1563 1669 1587 τοῦ
1700 1559 1773 1598 ἁγίου
1805 1559 1892 1586 Πνεύ-

1066 1611 1160 1636 ματος.
1178 1613 1192 1628 n
1230 1602 1307 1631 Ταῦτ’
1330 1604 1374 1631 οὖν
1414 1602 1536 1642 ἐγνωκὼς
1567 1604 1627 1634 τοὺς
1669 1603 1786 1643 Πατέρας
1815 1604 1893 1640 ἡμῶν

1065 1643 1191 1683 λέγοντας
1227 1648 1411 1685 Χρυσόο-τομόν
1441 1659 1470 1675 τε
1501 1649 1543 1676 καὶ
1572 1647 1726 1676 Ἀθανάσιον
1750 1657 1756 1664 ·
1796 1647 1893 1685 μηκέτ’

1065 1688 1160 1723 ἀνέδην
1197 1692 1239 1719 καὶ
1261 1692 1459 1732 ἀπερισκέπτως
1493 1692 1562 1730 ἐρεῖς
1584 1693 1620 1724 ὡς
1651 1694 1697 1722 οῦκ
1732 1691 1787 1720 ἔστι

1063 1738 1109 1763 τοῦ
1125 1735 1276 1772 Πνεύματος
1299 1738 1312 1764 ὁ
1329 1738 1398 1768 Υἱὸς.
1424 1737 1563 1770 Σκόπησον
1584 1736 1624 1773 δὲ,
1646 1740 1702 1769 πῶς
1731 1736 1762 1764 ἃν
1782 1747 1824 1764 σοι
1847 1736 1891 1769 ἐξ-

1064 1777 1138 1807 έσται
1153 1780 1201 1813 τὴν
1217 1781 1345 1820 αἰσχύνην
1372 1788 1476 1820 φυγεῖν,
1501 1781 1544 1809 ἐὰν
1574 1780 1698 1818 λέγοντός
1727 1792 1774 1809 σου
1801 1782 1844 1818 τὸ,
1864 1781 1893 1809 Εἰ

1057 1826 1124 1861 ’γοῦν
1141 1824 1178 1860 μὴ
1207 1826 1283 1864 πηγὴ
1312 1827 1325 1853 ὁ
1354 1827 1426 1862 Υἱὸς,
1455 1829 1512 1858 πῶς
1539 1826 1706 1865 ἐκπορεύεται
1737 1825 1829 1853 τούτου
1860 1827 1891 1854 τὸ

1065 1869 1171 1905 Πνεῦμα
1198 1869 1227 1896 τὸ
1252 1869 1328 1908 ἅγιον
1351 1870 1522 1909 ἂντεπαγάγῃ
1546 1881 1587 1898 σοι
1616 1871 1629 1897 ὁ
1660 1869 1772 1906 Ἰταλὸς,
1802 1870 1845 1905 τὸ,
1864 1871 1893 1898 Εἰ

1064 1910 1092 1938 δὲ
1105 1913 1182 1951 πηγὴ
1196 1917 1241 1941 τοῦ
1266 1915 1418 1952 Πνεύματος
1433 1916 1447 1943 ὁ
1474 1915 1544 1954 Υἱὸς,
1570 1915 1627 1945 πῶς
1658 1915 1704 1942 οὒκ
1717 1914 1891 1952 ὶκπορεύεται

1065 1957 1156 1985 τούτο)
1171 1959 1201 1986 τὸ
1218 1962 1323 1997 Πνεῦμα
1337 1961 1368 1987 τὸ
1381 1959 1455 1999 ἅγιοι
1469 1968 1477 1999 ;

1070 2051 1081 2068 α
1122 2045 1172 2070 Τοῦ
1201 2044 1278 2072 αὐτοῦ
1309 2043 1338 2071 ἐκ
1359 2047 1408 2077 τῆς
1437 2045 1495 2083 περὶ
1540 2048 1585 2072 τοῦ
1628 2044 1702 2083 ἃγίου
1740 2043 1894 2078 Πνεύματος

1399 2088 1516 2126 ὁμιλίας,
1542 2101 1555 2116 ιι

1103 2131 1144 2168 ϐ’.
1185 2150 1198 2166 σ
1216 2139 1326 2178 Λέγεται
1358 2140 1442 2168 τοίνυν
1481 2143 1586 2177 Πνεῦμα
1615 2140 1701 2179 ἅγιον.
1742 2138 1813 2172 Αὕτη
1842 2138 1894 2178 γάρ

1066 2193 1079 2209 α
1096 2181 1166 2210 ἐστιν
1188 2184 1204 2217 ἦ
1232 2185 1307 2223 κυρία
1336 2185 1379 2212 καὶ
1408 2184 1500 2223 πρώτη
1529 2184 1691 2224 προσηγορία
1723 2183 1893 2223 ἒκφαντικω-

201 2238 215 2258 (
233 2228 346 2260 habens
376 2229 601 2270 intelligentiam
627 2230 756 2271 Spiritus
772 2228 865 2259 sancti
887 2231 1020 2258 naturam

1106 2226 1179 2266 πέραν
1211 2228 1311 2268 ἔχουσα
1340 2229 1388 2262 τὴν
1413 2227 1540 2263 διάνοιαν,
1579 2229 1622 2256 καὶ
1649 2231 1802 2268 παριστῶσα
1847 2232 1897 2256 τοῦ

203 2288 214 2305 ιι
233 2276 427 2317 demonstrat,
443 2278 563 2318 spiritus
579 2282 698 2309 sanctus
718 2276 840 2317 spiritus
865 2274 929 2305 Dei.
947 2273 1018 2309 Quis

204 2333 215 2350 α
235 2322 312 2352 enim
329 2327 413 2353 vocat
429 2321 908 2363 SpiritumDei‘fAudiSalvatorem
920 2318 1019 2363 dicen-

204 2376 218 2396 (
235 2366 391 2403 teszuod
407 2367 430 2398 si
447 2362 500 2407 ego
513 2367 543 2398 in
560 2368 686 2408 Spiritus
695 2366 746 2397 Dei
758 2365 846 2405 ejicio
858 2362 1018 2408 Daemonia.

204 2423 215 2438 ι
234 2410 455 2451 Utigitur,sicut
467 2407 656 2451 dicebam,ne
667 2412 732 2452 quis
743 2409 867 2441 audiens
879 2407 1021 2448 Spiritum

202 2465 216 2484 α
236 2454 299 2492 Dei,
318 2459 400 2494 putet
417 2457 569 2496 proprium
587 2457 726 2498 quiddam
744 2453 901 2494 signiﬁcari
919 2456 947 2482 et
963 2461 1020 2482 non

204 2509 217 2529 α
234 2509 395 2530 commune
410 2502 644 2541 naturae,l’aulus
655 2498 831 2531 dicil'Nobis
845 2501 942 2528 autem
963 2505 1021 2541 non

204 2556 217 2571 α
234 2545 319 2574 datus
348 2548 392 2574 est
423 2545 544 2584 spiritus
575 2546 688 2579 mundi,
706 2545 759 2575 sed
786 2542 907 2583 Spiritus
922 2540 973 2580 qui
988 2549 1023 2571 ex

204 2600 216 2615 κ
235 2587 295 2619 Deo
312 2587 479 2619 est.Iterum
497 2589 605 2620 dicitur
616 2590 735 2630 Spiritus
755 2587 859 2623 Patris,
876 2585 952 2616 sicut
964 2584 1024 2630 sal-

204 2645 217 2661 σ
234 2635 319 2663 vator
328 2633 469 2673 apostolis
484 2634 576 2666 dicit.
594 2629 765 2666 Nesolliciti
781 2631 856 2671 sitis,
874 2629 1023 2671 quomodo

204 2687 217 2706 ι
234 2677 278 2708 vel
291 2677 360 2717 quid
377 2677 538 2718 loquamini
555 2689 560 2711 :
580 2689 638 2710 non
653 2679 731 2711 enim
747 2687 797 2707 vos
813 2676 895 2712 estis,
914 2674 964 2714 qui
977 2674 1023 2705 lo-

204 2732 215 2749 α
234 2722 372 2762 quimini,
389 2722 453 2760 sed,
470 2723 591 2763 spiritus
600 2724 694 2755 Patris
706 2721 812 2758 nostri,
829 2720 879 2760 qui
894 2719 1026 2759 loquitur

203 2779 216 2794 α
234 2767 263 2797 in
279 2766 459 2798 vobis.Sicut
475 2773 571 2799 autem
583 2769 656 2800 dixit
671 2768 791 2809 spirltus
806 2764 872 2802 Dei,
887 2767 916 2795 et
927 2763 1027 2794 subdit

204 2823 214 2839 ι
233 2812 398 2853 Scriptura,
415 2814 463 2853 qui
482 2823 515 2845 ex
531 2813 591 2845 Deo
608 2819 654 2845 est
669 2824 676 2844 :
692 2814 733 2844 sic
747 2813 852 2842 iterum
868 2809 966 2840 dictus
983 2813 1027 2840 est

1063 2285 1073 2300 ιι
1092 2271 1165 2310 ἁγίου
1180 2274 1330 2311 Πνεύματος
1346 2274 1392 2307 τὴν
1420 2274 1507 2313 φύσιν,
1531 2276 1637 2310 Πνεῦμα
1657 2272 1743 2313 ἅγιον,
1780 2275 1888 2313 Πνεῦμα

1063 2325 1076 2341 α
1093 2327 1139 2344 του
1168 2321 1243 2346 Θεοῦ.
1259 2319 1302 2350 Τίς
1338 2318 1401 2346 αὐτὸ
1428 2317 1506 2346 κάλετ
1542 2318 1646 2355 Πνεῦμα
1671 2319 1756 2353 Θεοῦ;
1792 2311 1896 2349 ⁷Ἄκουε

1064 2373 1077 2388 ιι
1101 2365 1147 2390 τοῦ
1162 2355 1285 2402 Σωτῆρος
1303 2373 1310 2381 ⁸
1345 2376 1356 2390 ιι
1382 2364 1410 2392 Εἰ
1423 2363 1450 2390 δὲ
1471 2364 1526 2402 ἑγὼ
1546 2363 1573 2390 ἐν
1593 2363 1726 2399 Πνεύμιτι
1761 2365 1826 2390 Θεοῦ
1843 2362 1895 2390 ἐκ-

1066 2418 1078 2432 α
1096 2405 1186 2434 ϐάλλω
1198 2409 1230 2435 τὰ
1252 2407 1384 2446 δαιμόνια.
1406 2420 1417 2436 n
1450 2403 1511 2437 ’ἶνα
1538 2409 1634 2445 τοίνυν,
1665 2409 1701 2440 ὡς
1738 2407 1820 2447 ἔφθην
1855 2408 1897 2434 εἱ-

1066 2462 1077 2478 a
1097 2452 1165 2488 πὼν,
1193 2454 1231 2490 μή
1259 2465 1299 2485 τις
1326 2453 1439 2482 ἀκούσας
1475 2456 1591 2492 Πνεῦμα,
1622 2453 1716 2491 νομίσῃ
1739 2452 1893 2485 οὶκειότητα

1068 2505 1082 2524 (
1106 2499 1277 2535 σημαίνεσθαι
1307 2500 1350 2526 καὶ
1385 2499 1424 2535 μὴ
1447 2498 1548 2538 φύσεως
1577 2497 1725 2531 κοινωνίαν,
1753 2498 1767 2525 ὁ
1790 2496 1894 2530 Παῦλος

1067 2552 1079 2569 (ι
1094 2540 1166 2580 λέγει
1184 2551 1190 2558 ·
1211 2554 1224 2569 ι
1241 2539 1318 2581 ’Υμῖν
1349 2542 1376 2571 δὲ
1398 2544 1445 2571 οὒκ
1472 2541 1548 2576 ἐδόθη
1573 2542 1604 2570 τὸ
1633 2545 1736 2579 πνεῦμα
1757 2545 1803 2570 τοῦ
1824 2541 1892 2569 κόσ-

1069 2596 1080 2613 ιι
1099 2597 1162 2627 μου,
1177 2587 1245 2615 ἀλλὰ
1260 2589 1290 2616 τὸ
1313 2593 1416 2626 πνεῦμα
1435 2588 1466 2615 τὸ
1496 2586 1526 2615 ἐκ
1546 2591 1591 2616 τοῦ
1606 2587 1681 2618 Θεοῦ,
1716 2585 1797 2614 Πάλιν
1813 2585 1894 2624 λέγε-

1069 2642 1082 2659 (ι
1101 2642 1143 2658 ται
1180 2636 1280 2669 πνεῦμα
1323 2633 1437 2671 Πατρος,
1472 2632 1508 2663 ὡς
1544 2632 1558 2658 ὁ
1587 2634 1682 2670 Σωτῆρ
1710 2637 1769 2663 τοῖς
1805 2630 1892 2669 ἁγίοις

1070 2685 1081 2703 α
1107 2675 1264 2709 ἀποστόλοις
1305 2677 1371 2716 Κέγει
1390 2685 1396 2692 ·
1431 2687 1444 2703 οι
1461 2676 1504 2710 Μὴ
1535 2676 1709 2714 μεριμνήσετε
1736 2678 1795 2706 πιῦς
1823 2674 1840 2708 ἢ
1873 2675 1898 2702 τί

1070 2731 1084 2747 α
1101 2720 1242 2755 λαλήσετε.
1267 2722 1303 2750 Οὔ
1333 2723 1382 2761 γὰρ
1403 2722 1482 2759 ὑμεῖς
1518 2720 1576 2748 ἔστε
1597 2722 1620 2749 οἱ
1650 2720 1805 2756 λαλοῦντες,
1827 2718 1901 2748 ἀλλὰ

1074 2775 1085 2792 ι
1106 2765 1140 2806 τὸ
1162 2768 1267 2803 Πνεῦμα
1285 2769 1330 2794 τοῦ
1346 2767 1446 2806 Πατρὸς
1472 2766 1545 2803 ὑμῶν
1574 2765 1604 2793 τὸ
1626 2764 1722 2794 λαλοῦν
1745 2764 1771 2792 ἐν
1787 2765 1859 2802 δμϊν.
1883 2775 1896 2791 η

1073 2820 1086 2836 α
1105 2803 1213 2849 ’Ὠσπερ
1241 2809 1268 2838 δὲ
1299 2811 1361 2839 εἶπε
1389 2803 1492 2848 πνεῦμα
1528 2812 1607 2849 Θεοῦ,
1634 2810 1678 2838 καὶ
1707 2809 1843 2848 ἐπήγαγεν
1879 2809 1895 2841 ἡ
