1966 3073
218 115 275 147 415

749 113 883 148 JOANN.
902 116 1012 148 VECCI
1031 116 1086 146 GP.
1104 116 1373 150 ΡΑΤΗΙΑΒῦΗιΕ.

1845 119 1901 150 416

217 190 274 221 que
290 189 357 211 esse
370 181 509 218 insinuat,
527 188 555 213 et
571 193 605 214 ex
622 183 694 221 Deo,
713 187 740 213 et
757 192 790 213 ex
807 182 891 212 Patre
907 191 985 212 esse.

1126 193 1215 219 >ευσιν,
1259 185 1301 212 καὶ
1331 184 1356 212 ’ἐν
1385 186 1478 214 ταυτὸν
1513 187 1584 214 εἶναι
1607 185 1720 213 διδάσκει
1756 187 1785 214 τὸ
1807 185 1836 213 ἐκ
1859 190 1902 213 τοῦ

217 233 280 255 rem
298 224 338 255 ita
353 235 385 256 se
397 225 612 263 habere,nemo
627 227 759 266 ambigit.
777 227 817 258 Ex
835 226 895 257 Deo
913 226 1042 263 enim,et

217 279 253 300 ex
268 270 356 300 Patre
372 270 449 301 idem
472 270 502 301 in
518 271 574 303 hoc
594 272 659 303 loco
679 276 733 303 est.
749 272 793 303 Tu
809 280 896 312 porro
909 271 1040 302 animum

219 314 313 353 ﬁgens
338 313 409 351 illis,
432 324 498 355 quae
521 321 642 348 sanctus
666 316 840 352 enuntiavit.
857 315 1039 354 signiﬁcans,

217 357 368 389 undenam
384 358 512 400 Spiritus
528 365 649 393 sanctus
659 361 705 392 sui
717 360 864 401 principia
887 360 1042 399 fontesque

218 402 338 441 habeat,
355 413 412 444 qua
425 404 539 437 ratione
555 405 629 437 illud
649 405 761 446 absque
784 403 1042 436 animadversione

222 447 440 489 praeteriisti,ex
456 459 514 490 quo
528 449 808 491 apparet,Spiritum
821 449 909 480 etiam
923 458 956 479 ex
966 449 1042 480 Filio

221 491 304 523 esse?
315 492 418 533 Neque
432 494 526 532 enim,
544 495 616 526 licet
629 494 711 526 radix
726 499 758 526 et
769 494 881 534 absque
896 493 1041 534 principio

221 545 309 568 causa
320 537 444 577 spiritus
459 540 548 571 Pater
561 539 690 578 est,ideo
703 540 765 580 jam
782 543 810 570 et
824 539 917 570 Filius
928 538 958 569 in
970 547 1040 578 pro-

220 581 356 613 cessione
372 580 501 623 Spiritus
514 593 531 614 a
552 583 638 615 Patre
652 584 829 624 sejungitur.
846 585 958 615 Verum
976 591 1044 613 cum

219 635 273 667 per
288 626 397 658 Filium
419 637 454 658 ex
477 629 564 660 Patre
579 629 645 669 ipse
671 629 824 669 procedat,
849 632 894 659 est
918 627 1045 668 Spiritus

222 670 312 702 etiam
328 680 365 702 ex
379 671 530 710 Filio,non
544 677 681 713 tanquam
695 673 795 704 exalia
808 677 915 713 praeter
927 671 1045 702 Patrem

221 725 314 747 causa
327 720 358 747 et
372 717 532 757 principio,
544 718 604 749 sed-
614 722 752 759 tanquam
775 718 826 759 qui
839 727 874 748 ex
891 718 978 748 Patre
993 725 1047 756 per

221 760 329 791 Filium
355 762 665 801 procedat.Quodnam
691 771 762 793 vero
791 766 847 801 est,
867 761 945 803 quod
961 761 1044 791 illum

222 805 310 835 etiam
327 814 363 836 ex
377 805 452 837 Filio
464 816 531 838 esse
547 806 732 839 manifestat?
747 806 877 839 Attende
889 810 919 837 et
931 805 1044 837 intelli-

222 858 285 895 ges.
301 850 427 882 Sanctus
450 851 498 883 hic
522 851 664 893 Spiritum
678 851 732 883 Dei
747 856 831 883 vocat
845 851 998 892 Spiritum,

914 851 1000 891 itum,
1015 854 1046 881 et
1058 850 1075 875 Β
1088 855 1192 891 Πνεῦμα
1209 858 1273 883 Θεοῦ
1287 853 1358 894 λέγει
1373 856 1403 883 τὸ
1429 857 1534 893 Πνεῦμα
1557 857 1571 884 6
1592 856 1667 895 ἅγιος
1685 864 1690 871 ·

222 893 403 926 Salvatorem
420 899 524 928 testem
555 896 688 935 adducit,
704 897 789 927 illum
817 895 876 927 dici
903 895 1046 936 Spiritum

223 939 288 977 Dei,
306 943 367 971 tum
382 940 482 971 subdit
497 941 585 973 :icNe
601 940 668 982 quis
682 941 806 972 audiens
820 939 1046 981 spiritum,pro-

225 984 379 1024 prietatem
389 985 552 1024 signiﬁcari
567 985 762 1023 existimet,et
778 995 836 1016 non
845 989 1046 1015 natumcom-

223 1030 516 1066 munionem,Paulus
528 1030 617 1061 dicit:
631 1029 723 1061 Nobis
740 1039 808 1060 vero
826 1039 884 1060 non
900 1033 945 1060 est
963 1028 1048 1058 datus

221 1073 343 1114 spiritus
373 1074 489 1112 mundi,
516 1075 568 1106 sed
595 1074 724 1116 Spiritus
739 1075 788 1114 qui
813 1083 847 1105 ex
874 1074 935 1105 Deo
956 1077 1011 1105 est.
1031 1085 1044 1100 υ

220 1118 340 1149 Attento
369 1118 410 1150 sis
435 1119 545 1158 animo,
563 1129 674 1160 quaeso.
704 1120 941 1160 Cltrysostomus,
969 1116 1047 1158 quod

222 1163 301 1194 idem
317 1167 362 1194 est
375 1163 488 1202 dicere,
501 1174 536 1196 ex
551 1173 622 1195 auro
635 1164 722 1195 ducta
736 1163 863 1204 Spiritus
877 1162 1045 1199 tuba,dicit:

227 1218 239 1235 α
257 1206 414 1248 PrOpterea
431 1209 555 1241 Paulum
574 1218 609 1240 ex
624 1208 686 1240 Deo
700 1208 809 1240 dixisse
837 1207 993 1247 Spiritum,
1011 1216 1049 1238 ne

225 1251 290 1292 quis
305 1253 430 1284 audiens
450 1254 528 1295 quod
546 1253 679 1285 Salvator
694 1253 723 1284 in
744 1252 906 1292 Evangelia
923 1252 1048 1292 dixerat,

224 1296 346 1336 spiritus
360 1297 583 1336 Dei,existimet
599 1298 815 1339 proprietatem
830 1296 1005 1337 signiﬁcari,
1022 1301 1052 1327 et

225 1350 285 1372 non
297 1346 409 1374 naturae
420 1344 672 1374 communionem.
689 1355 700 1372 ι»
718 1343 815 1379 Quare
831 1341 982 1383 quaeinter
999 1342 1052 1373 Pa-

227 1389 301 1417 trem
317 1392 346 1418 et
360 1387 503 1428 Spiritum
523 1388 695 1419 communio
710 1391 824 1418 naturae
839 1391 893 1424 est,
912 1386 982 1417 inde
995 1389 1053 1426 est,

224 1433 304 1471 quod
321 1435 386 1476 ipse
402 1444 436 1465 ex
449 1436 510 1467 Deo
527 1439 617 1471 est,et
633 1436 731 1467 Patre.
749 1434 793 1465 Ex
808 1435 866 1465 ltoc
883 1434 962 1464 enim
978 1433 1053 1472 solo,

1084 230 1147 255 Θεοῦ
1169 229 1211 255 καὶ
1246 229 1276 256 τι)
1301 230 1370 268 παρὰ
1399 233 1443 258 τοῦ
1471 231 1584 270 Πατρός.
1612 231 1660 259 Καὶ
1681 230 1738 270 ἔχει
1765 241 1795 270 γε
1824 231 1901 260 οὕτω,

1084 271 1119 300 Τὰ
1133 272 1183 311 γὰρ
1210 272 1240 300 ἐκ
1269 277 1334 302 Θεοῦ
1361 275 1403 302 καὶ
1432 274 1463 302 ἐκ
1490 278 1537 302 τοῦ
1559 275 1660 313 Πατρὸς
1682 275 1776 302 ταυτὸν
1797 274 1907 302 ἐνταῦθα

1084 314 1150 346 ἐστι.
1180 316 1216 343 Σὺ
1245 315 1271 344 δὲ
1305 318 1405 349 τούτοις
1433 317 1589 355 ἐπιστήσας,
1627 317 1692 358 ἂπερ
1714 319 1728 346 ὁ
1749 318 1823 357 ἅγιος
1854 317 1906 357 ἔφη

1084 358 1183 394 δηλῶν,
1206 359 1263 389 ὅθεν
1278 363 1308 390 τὸ
1324 365 1429 400 Πνεῦμα
1450 363 1480 390 1r)
1501 363 1578 402 ἅγιον
1605 363 1651 395 τὰς
1667 367 1713 392 τοῦ
1734 363 1804 391 εἶναι
1819 362 1908 401 ἀρχὰς

1083 405 1126 432 καὶ
1153 405 1244 444 πηγὰς
1274 405 1343 446 ἔχει,
1367 411 1424 438 πῶς
1452 407 1540 436 ἐκεῖνο
1561 407 1713 440 ἐπιστασίας
1741 405 1908 446 παρέδραμες

1083 447 1206 488 ἄμοιρον,
1242 449 1267 482 ἐξ
1290 452 1369 490 οὗπερ
1390 451 1542 492 ἐμφαίνεται
1567 453 1637 480 εἶναι
1657 452 1688 480 τὸ
1718 455 1822 489 Πνεῦμα
1864 452 1909 478 καὶ

1083 492 1114 521 ἐκ
1127 497 1173 522 τοῦ
1201 496 1280 535 Ποῦ,
1308 495 1371 525 Οὒδὲ
1399 497 1448 535 γὰρ
1470 496 1514 524 ἐὰν
1540 497 1595 535 ῥίζα
1629 497 1673 524 καὶ
1702 495 1819 536 ἄναρχος
1839 496 1908 523 αἰτία

1085 541 1131 565 τοῦ
1147 539 1297 576 Πνεύματος
1326 541 1339 568 6
1369 541 1469 577 Πατὴρ,
1501 540 1552 574 ἤδη
1581 542 1595 569 6
1625 542 1683 573 Υἱὸς
1718 539 1842 579 διῄρηται
1863 543 1909 567 τοῦ

1087 583 1188 621 Πατρὸς
1218 583 1245 611 ἐν
1281 587 1315 623 τῇ
1342 584 1446 624 προόδῳ
1473 590 1519 614 τοῦ
1554 586 1719 623 Πνεύματος.
1749 583 1822 613 Ἀλλ’
1853 584 1910 612 ’ἐπεὶ

1086 627 1128 656 διὰ
1142 633 1188 657 τοῦ
1218 632 1278 659 Υἱοῦ
1307 632 1337 659 ὲκ
1358 635 1403 660 τοῦ
1431 633 1533 670 Πατρὸς
1562 633 1624 661 αὐτὸ
1646 632 1826 671 ἐκπορεύεται,
1855 630 1910 658 ’ἐστι

1086 674 1117 701 τὸ
1134 676 1238 712 Πνεῦμα
1265 677 1308 704 καὶ
1331 677 1361 705 ὲκ
1381 680 1427 704 τοῦ
1457 679 1528 717 Υἱοῦ,
1558 677 1683 715 οῦμενουν
1710 678 1746 708 ὡς
1776 675 1801 708 ἐξ
1825 674 1910 708 ἄλλης

1086 719 1157 758 παρὰ
1171 719 1201 747 τὸ
1224 720 1326 760 Πατέρα
1351 721 1433 753 αἰτίας
1456 722 1498 749 καὶ
1525 722 1622 761 ἀρχῇς,
1653 720 1712 749 ἀλλ’
1741 722 1778 752 ὡς
1799 720 1828 748 ἐκ
1851 723 1907 748 Πα-

1086 763 1145 800 τρὸς
1182 763 1388 804 ἕκπορευόμενον
1423 765 1465 794 διὰ
1509 767 1577 797 ι’ἰοῦ.
1607 766 1637 795 Τί
1660 765 1688 794 δὲ
1718 767 1748 794 τὸ
1778 767 1911 804 ἒμφαῖνον

1085 808 1128 836 καὶ
1150 807 1180 837 ἐκ
1193 813 1238 838 τοῦ
1257 811 1317 838 Υἱοῦ
1332 811 1402 838 εἶναι
1418 810 1480 838 αῦτό
1497 820 1505 850 ς

1522 811 1660 850 Πρόσσχες
1675 810 1726 844 ἤδη
1741 811 1785 838 καὶ
1805 810 1909 848 γνώσῃ.

1718 856 1761 884 καί
1781 856 1826 883 τὸν
1848 858 1911 882 Σω-

1088 898 1154 937 τῆρα
1195 899 1312 939 μάρτυρα
1348 901 1461 940 παράγει
1489 904 1535 929 τοῦ
1563 900 1684 940 λέγεσθαι
1714 900 1776 928 αὒτὸ
1805 900 1912 936 Πνεῦμα

1089 947 1166 973 Θεοῦ.
1192 944 1258 972 Εἶτα
1274 944 1365 984 ἐπάγει
1383 952 1390 959 ·
1417 955 1432 974 ‹
1455 940 1516 974 ΗΙνα
1545 946 1584 983 μή
1611 956 1652 978 τις
1677 945 1791 977 ἀκωσας
1805 947 1913 981 Πνεῦμα

1089 988 1239 1021 οἰκειότητα
1269 990 1363 1027 νομίσῃ
1386 990 1557 1027 σημαίνεσθαι
1593 991 1636 1018 καὶ
1665 990 1703 1027 μὴ
1732 990 1832 1029 φύσεως
1847 1000 1913 1017 κοι-

1090 1033 1195 1072 νωνίαν,
1218 1034 1232 1061 6
1254 1033 1356 1065 Παῦλος
1381 1034 1476 1073 λέγει’
1510 1046 1524 1061 «
1546 1030 1629 1071 ’Υμῖν
1657 1033 1684 1062 δὲ
1706 1036 1753 1063 οῦκ
1782 1032 1858 1066 ἐδόθη
1880 1033 1914 1060 τὸ

1090 1081 1191 1114 πνεῦμα
1227 1081 1273 1105 τοῦ
1299 1078 1410 1118 κόσμου,
1441 1078 1508 1106 ἀλλὰ
1548 1080 1579 1106 τὸ
1609 1082 1714 1116 Πνεῦμα
1747 1079 1777 1106 τὸ
1805 1077 1834 1105 ἐκ
1867 1077 1915 1105 τοῦ

1090 1125 1166 1161 Θεοῦ,
1192 1134 1204 1149 η
1247 1122 1378 1162 Πρόσεχε,
1422 1122 1581 1162 παρακαλῶ.
1627 1119 1656 1151 ιΟ
1699 1121 1915 1161 Χρυσορῤήμων,

1088 1166 1182 1194 ταυτὸν
1204 1165 1226 1194 δ’
1255 1167 1350 1207 εἰπεῖν,
1374 1168 1391 1201 ἡ
1411 1167 1578 1208 χρυσήλατος
1615 1166 1727 1206 σάλπιγξ
1754 1170 1798 1195 τοῦ
1827 1166 1914 1194 Ι]νεῦ-

1090 1221 1185 1248 ματος,
1208 1210 1292 1251 λέγει,
1313 1223 1325 1238 α
1351 1213 1400 1240 Διὰ
1414 1216 1491 1241 τοῦτο
1517 1213 1531 1240 ὀ
1547 1212 1649 1244 Παῦλος
1665 1212 1695 1240 ἐκ
1708 1215 1754 1240 τοῦ
1775 1212 1839 1239 Θεοῦ
1849 1211 1915 1238 εἷπε

1089 1255 1119 1283 τὸ
1143 1259 1258 1295 Πνεῦμα,
1281 1256 1327 1284 ἵνα
1342 1257 1381 1294 μή
1407 1267 1448 1288 τις
1469 1256 1582 1287 ἀκούσας
1608 1260 1654 1285 τοῦ
1680 1259 1805 1295 Σωτῆρος
1821 1254 1917 1283 εἶπόν-

1091 1310 1136 1330 τος
1165 1300 1227 1327 αὐτὸ
1257 1299 1282 1327 ἐν
1313 1299 1481 1339 Εῦαγγελίοις
1509 1300 1615 1337 Πνεῦμα
1648 1303 1723 1337 Θεοῦ,
1747 1301 1842 1337 νομίσῃ
1872 1300 1917 1326 οὶ-

1093 1343 1219 1377 κειότητα
1245 1345 1416 1380 σημαίνεσθαι
1441 1345 1484 1373 καὶ
1515 1345 1554 1378 ’δὴ
1579 1345 1680 1384 φύσεως
1717 1345 1864 1375 κοινωνίαν,
1900 1355 1915 1370 ε

1097 1383 1185 1416 "una
1201 1390 1218 1423 ἡ
1235 1390 1314 1427 μέσον
1345 1390 1445 1429 Πατρὸς
1473 1390 1516 1418 καὶ
1550 1390 1700 1427 Πνεύμαῑος
1723 1389 1844 1417 κοινωνία
1866 1390 1919 1421 τῆς

1098 1434 1199 1473 φύσεως
1235 1433 1350 1462 ἐντεῦθεν
1392 1434 1462 1462 ἐστιν
1497 1433 1527 1462 ἐκ
1551 1438 1597 1462 τοῦ
1627 1433 1696 1462 εἶ’ναι
1721 1434 1784 1461 αῦτο
1811 1432 1842 1460 ἐκ
1869 1436 1919 1460 τοῦ

226 1478 305 1517 quod
321 1479 371 1511 ille
382 1479 620 1520 diciturSpiritus
635 1479 779 1518 Dei,forte
791 1478 880 1510 etiam
897 1477 1002 1509 existin

1142 1482 1159 1506 t3
1181 1478 1224 1506 καὶ
1253 1479 1364 1517 Πατρός.
1396 1478 1443 1507 Ἐκ
1471 1479 1520 1518 γὰρ
1550 1479 1630 1516 μόνου
1651 1483 1697 1507 τοῦ
1717 1477 1837 1517 λέγεσθαι
1853 1478 1918 1505 αῦτὺ

225 1520 315 1561 bitur,
344 1525 552 1565 proprietatem
579 1524 662 1555 innui
678 1534 694 1555 a
709 1522 917 1555 Communione
940 1526 1001 1553 nati

1145 1526 1198 1560 ῦμα
1234 1526 1298 1551 Θεοῦ
1314 1522 1378 1563 τίχ’
1415 1522 1446 1551 ἂν
1479 1533 1522 1554 τις
1548 1524 1592 1551 καὶ
1621 1523 1755 1561 νομισθείη
1785 1522 1918 1555 οίκειότης

225 1567 416 1605 diversam,et
427 1569 606 1609 procedente
622 1568 757 1600 oratione
766 1569 994 1608 Chrysostomus
1004 1576 1052 1597 re-

227 1613 300 1652 petit
314 1624 320 1643 :
337 1613 403 1645 «Sic
413 1623 517 1644 rursus
527 1613 636 1644 dicitur
645 1613 774 1652 Spiritus
789 1612 893 1649 Patris,
907 1615 936 1642 et
951 1620 988 1642 ne
997 1620 1050 1642 ex-

225 1656 342 1690 istimes
356 1658 385 1689 id
398 1659 561 1690 secundum
587 1658 800 1698 proprietatem
829 1655 900 1693 dici,
917 1655 1052 1687 Salvator

226 1702 390 1734 conﬁrmat.
410 1703 484 1734 Cum
494 1703 612 1733 venerit
624 1700 937 1742 Paracletus,Spiritus
948 1700 1052 1730 verita-

226 1745 329 1786 tis,qui
343 1756 379 1778 ex
396 1748 483 1778 Patre
509 1746 712 1787 procedit.»Si
729 1747 828 1787 itaque
845 1755 879 1776 ex
896 1745 956 1775 Deo
973 1754 1050 1781 esse,

228 1794 257 1821 et
270 1800 306 1822 ex
323 1793 407 1822 Patre
423 1791 568 1833 Spiritum
585 1796 719 1824 sanctum
732 1790 905 1831 procedere,
924 1798 1054 1822 commu-

225 1834 348 1867 nionem
379 1840 492 1867 naturze
518 1846 584 1868 cum
615 1837 698 1867 Patre
726 1835 881 1867 manifesto
908 1833 1051 1872 indicant,

229 1889 309 1911 necx
321 1880 399 1921 quod
421 1881 601 1922 simpliciter
621 1881 738 1912 dicatur
750 1880 800 1912 ille
809 1879 940 1920 Spiritus
956 1878 1010 1910 Dei
1026 1883 1055 1910 et

230 1925 359 1966 Spiritus
376 1927 468 1958 Patris
483 1927 544 1958 alia
568 1926 733 1967 proprietas
747 1925 783 1956 ab
799 1933 844 1965 ea,
862 1933 927 1965 quae
942 1928 987 1955 est
999 1933 1053 1954 na-

229 1977 303 2002 tura:
316 1972 488 2003 communio
504 1971 723 2010 introducatur,
736 1979 793 2011 qua
809 1970 925 2001 ratione
942 1968 994 2009 qui
1007 1978 1055 1999 as-

232 2020 334 2047 serunt
358 2016 442 2048 illum
471 2016 614 2057 Spiritum
638 2015 707 2047 Filii
733 2021 760 2046 et
777 2015 899 2046 Siritum
924 2013 1056 2044 veritatis

230 2061 395 2092 secundum
411 2061 499 2092 aliam
515 2061 692 2101 simpliciter
711 2059 936 2101 proprietatem,
947 2063 1056 2099 praeter

231 2114 308 2143 eam,
325 2116 390 2148 quae
411 2111 457 2138 est
482 2111 597 2139 natura;
618 2107 799 2143 communio,
817 2115 876 2136 non
894 2104 1054 2136 mansfeste

1092 1567 1279 1606 σημαίνεσθαι,
1315 1567 1383 1600 ἄλλη
1419 1568 1490 1607 παρὰ
1520 1568 1569 1601 τὴν
1601 1568 1738 1596 κοινωνίαν
1779 1567 1828 1600 τῆς
1864 1567 1920 1606 φύ-

1092 1622 1171 1643 σεως.
1204 1621 1217 1640 ι
1252 1612 1301 1640 Καὶ
1336 1611 1414 1640 πάλιν
1456 1613 1626 1652 παρακατιὼν
1672 1612 1686 1640 ὁ
1723 1611 1920 1650 Χρυσοῤῥήμων

1152 1657 1157 1665 1
1188 1664 1196 1672 .
1284 1655 1296 1675 r'
1389 1656 1394 1665 Ι
1479 1657 1491 1667 ν
1648 1662 1657 1666 -
1764 1668 1777 1673 -
1802 1656 1807 1666 Ι
1842 1665 1850 1673 .
1912 1657 1919 1665 I

1093 1667 1171 1695 φησιν
1231 1667 1244 1682 ι
1262 1661 1337 1684 Οδτω
1357 1656 1437 1685 παλιν
1465 1668 1571 1696 ειρηται
1593 1660 1699 1694 Πνευμα
1722 1659 1822 1696 Παιρος
1874 1667 1921 1684 και

1093 1700 1139 1728 e{vl
1169 1701 1206 1738 μὴ
1235 1701 1345 1739 νομίσῃς
1375 1705 1452 1730 τοῦτο
1478 1701 1537 1729 κατ’
1566 1702 1695 1729 οἰκείωσιν
1735 1700 1872 1740 λάγεσθαι,
1905 1701 1922 1728 ὅ

1094 1745 1190 1785 Σωτὴρ
1224 1744 1330 1784 βεϐαιοῖ
1350 1753 1357 1760 ·
1390 1741 1477 1775 U012w
1499 1745 1525 1774 δὲ
1547 1745 1609 1784 ἔλθῃ
1645 1747 1658 1773 ὀ
1687 1745 1859 1784 Παράκλητος
1890 1747 1923 1773 τὸ

1095 1793 1200 1828 Πνεῦμα
1235 1793 1283 1824 τῆς
1312 1789 1447 1824 ἀληθείας,
1477 1791 1491 1818 ὅ
1520 1791 1590 1830 παρὰ
1623 1794 1668 1818 τοῦ
1696 1791 1797 1829 Πατρὸς
1833 1790 1923 1818 ἐκπο-

1095 1835 1211 1874 ρεύεται,
1231 1850 1242 1866 ι
1272 1836 1300 1863 El.
1321 1839 1383 1875 γοῦν
1405 1836 1447 1864 καὶ
1465 1836 1495 1864 τὸ
1522 1835 1549 1863 ἐν
1567 1839 1632 1864 Θεοῦ
1647 1836 1717 1863 εἶναι
1745 1835 1833 1863 καὶτὸ
1849 1835 1924 1873 παρὰ

1095 1881 1140 1908 τοῦ
1176 1881 1276 1916 Πατρὸς
1305 1881 1334 1908 τὸ
1356 1884 1461 1918 Πνεῦμα
1489 1880 1519 1908 τὸ
1545 1880 1619 1919 ἅγιον
1648 1879 1830 1919 ἐκπορεύεσθαι
1871 1880 1923 1912 τὴν

1096 1925 1160 1964 πρὸς
1175 1925 1221 1953 τὸν
1238 1924 1340 1965 Πατέρα
1368 1925 1505 1954 κοινωνίαν
1539 1927 1587 1957 τῆς
1617 1925 1718 1964 φύσεως
1748 1925 1825 1952 αῦτοῦ
1847 1935 1924 1962 παρ-

1097 1972 1215 2000 ιστῶσιν,
1253 1970 1299 1998 ’ἕνα
1335 1970 1373 2007 μὴ
1409 1970 1461 1998 ὰπὸ
1495 1973 1540 1998 τοῦ
1582 1968 1701 2008 λέγεσθαι
1732 1968 1820 2001 ἁπλῶς
1857 1969 1924 1996 αῦτὸ

1096 2016 1202 2052 Πνεῦμα
1239 2018 1303 2043 Θεοῦ
1324 2015 1368 2042 καὶ
1404 2018 1509 2051 Πνεῦμα
1539 2015 1640 2052 Πατρὸς
1669 2013 1737 2046 ἄλλη
1765 2024 1804 2044 τις
1835 2013 1923 2040 οἰκει-

1095 2059 1157 2092 ότης
1176 2059 1309 2096 νομισθείη
1331 2059 1381 2087 τινὶ
1398 2059 1467 2098 παρὰ
1481 2059 1528 2092 τὴν
1557 2058 1693 2086 κοινωνίχν
1717 2060 1766 2092 τῆς
1783 2058 1887 2096 φύσεως
1912 2067 1922 2075 ⁶

1095 2107 1151 2135 πῶς
1199 2106 1222 2132 οἱ
1263 2103 1384 2142 λέγοντες
1420 2104 1482 2131 αδτὸ
1518 2106 1623 2140 Πνεῦμα
1651 2105 1710 2132 Υἱοῦ
1741 2103 1784 2131 καὶ
1812 2105 1925 2140 Πνεῦμα

232 2146 369 2184 dividunt
389 2162 405 2183 a
421 2153 498 2184 Filio
519 2152 664 2192 Spiritum
690 2151 857 2182 secundum
884 2150 978 2190 ipsam

1151 2148 1219 2180 θείας
1244 2148 1311 2176 κατά
1340 2159 1398 2176 τινα
1427 2147 1510 2181 ἄλλην
1540 2146 1631 2178 ἁπλῶς
1674 2148 1822 2180 (ιῖκειότητσ⁴
1850 2146 1925 2185 παρά

231 2197 386 2229 sentialem
409 2197 634 2238 naturalemque
657 2196 752 2236 ipsius
782 2193 995 2226 existentiam?
1009 2193 1053 2224 vel

232 2243 312 2274 enim
328 2247 357 2273 et
370 2252 406 2274 ex
431 2242 508 2274 Filio
524 2242 591 2276 erit,
609 2241 698 2272 veluti
714 2240 843 2281 Spiritus
866 2239 945 2277 Filii,
964 2238 1054 2270 sicuti

232 2291 278 2319 est
292 2297 326 2318 ex
342 2287 461 2324 Deo,uti
473 2287 602 2327 Spiritus
627 2285 733 2317 Dei.Et
751 2285 776 2316 si
799 2293 833 2315 ex
849 2284 972 2315 veritate
988 2283 1054 2313 fue—

232 2332 282 2369 rit,
311 2332 354 2363 uti
380 2331 508 2372 Spiritus
532 2331 676 2367 veritatis,
693 2328 1005 2372 quemadmodum:est
1015 2336 1055 2372 ex

234 2378 321 2408 Patre
334 2377 377 2407 uti
391 2371 520 2417 Spiritus
534 2375 638 2406 Patris.
655 2374 692 2405 Et
716 2375 771 2405 hac
796 2373 911 2404 ratione
936 2371 1056 2417 haberb?t

233 2431 302 2460 erga
316 2416 424 2453 Filium
437 2426 548 2452 natura;
559 2419 810 2451 communionem,
827 2417 852 2447 si
867 2416 1055 2448 communio-

235 2476 302 2497 nem
319 2469 429 2500 naturaa
444 2475 513 2505 erga
525 2466 641 2496 Patrem
657 2462 880 2502 liabebit,veluti
896 2471 930 2493 ex
952 2462 1015 2492 Deo
1028 2465 1057 2491 et

235 2520 270 2542 ex
287 2512 372 2541 Patre
387 2510 543 2550 exsistens;
560 2519 631 2548 erga
644 2518 712 2540 vero
728 2507 922 2538 Filiumillam
936 2505 1056 2537 habebit

235 2555 503 2595 proprietatem,uti
517 2554 695 2594 simpliciter
710 2553 837 2594 Spiritus
849 2551 928 2591 Filii,
947 2555 976 2582 et
987 2551 1057 2592 Spi-

235 2600 310 2631 ritus
321 2599 463 2638 veritatis,
480 2608 546 2640 quae
566 2599 663 2639 ipsum
686 2598 798 2628 nudum
821 2597 858 2627 ab
884 2606 919 2627 ea
934 2605 1000 2637 qua:
1015 2600 1059 2627 est

236 2654 306 2685 erga
317 2644 424 2677 Filium
441 2643 585 2675 naturalis
601 2643 785 2680 communio,
801 2641 1018 2677 deserat.Quod
1034 2641 1057 2672 si

237 2690 306 2721 novi
321 2689 368 2720 isti
383 2688 510 2729 theologi
526 2688 624 2727 magni
640 2687 739 2719 Basilii
756 2687 938 2718 enuntiatum
949 2695 1058 2726 repro-

237 2735 354 2771 bantes,
379 2734 458 2775 quod
481 2733 598 2769 asserit,
616 2743 631 2763 (
648 2732 789 2773 Spiritum
816 2731 936 2772 quidem
964 2731 1059 2762 Patris

237 2780 391 2822 Spiritum,
405 2778 482 2820 quod
500 2788 532 2810 ex
549 2779 635 2810 Patre
649 2777 800 2817 :Spiritum
812 2785 881 2808 vero
896 2775 1058 2817 Filii,qund

1094 2193 1142 2227 τὴν
1176 2193 1313 2221 κοινωνίαν
1348 2195 1396 2226 τῆς
1422 2193 1523 2232 φύσεως
1554 2194 1582 2221 οὗ
1627 2191 1760 2231 προδέλως
1792 2190 1924 2230 διαιροῦσι

1095 2238 1148 2266 ὰπὸ
1168 2243 1214 2267 τοῦ
1253 2239 1312 2266 Υἱοῦ
1347 2238 1378 2266 τὸ
1408 2241 1512 2275 Πνεῦμα
1540 2236 1598 2265 κατ’
1627 2237 1707 2270 αὖτῂν
1731 2237 1780 2270 τὴν
1810 2235 1924 2264 οὖσιώδε

1095 2283 1139 2311 καὶ
1153 2282 1266 2322 φυσικὴν
1281 2284 1359 2311 αὑτοῦ
1373 2281 1502 2321 ὕπαρξινς
1533 2283 1549 2315 ἡ
1571 2282 1621 2320 γὰρ
1657 2282 1699 2309 καὶ
1721 2280 1751 2308 ἐκ
1779 2284 1825 2308 τοῦ
1862 2281 1927 2309 Υἱοῦ

1096 2327 1169 2356 ἔσται
1185 2328 1222 2359 ὡς
1252 2331 1356 2364 Πνεῦμα
1389 2327 1458 2363 Υἱοῦ,
1489 2327 1605 2365 καθάπερ
1633 2326 1702 2354 ἐστιν
1724 2326 1754 2354 ἐκ
1782 2330 1826 2354 τοῦ
1843 2329 1924 2362 Θεοῦ,

1096 2374 1132 2404 ὡς
1149 2375 1254 2410 Πνεῦμα
1271 2375 1336 2400 Θεοῦ
1354 2379 1360 2387 ·
1388 2372 1405 2406 ἣ
1434 2372 1477 2399 καὶ
1499 2371 1529 2399 ἐκ
1550 2371 1598 2404 τῆς
1626 2370 1748 2403 ἀληθειας
1782 2369 1854 2397 ἔσται
1887 2371 1926 2402 ὡς

1098 2421 1203 2455 Πνεῦμα
1238 2417 1372 2453 ἂληθείας,
1410 2416 1526 2455 καθάπερ
1563 2415 1633 2444 ἐστιν
1666 2415 1695 2443 ἐκ
1725 2419 1771 2444 ἰοῦ
1805 2415 1925 2454 Ματρὸς,

1097 2463 1134 2494 ὼς
1156 2465 1261 2500 Πνεῦμα
1291 2461 1391 2500 Πατρός
1408 2470 1416 2477 ·
1446 2462 1489 2490 καὶ
1517 2460 1599 2492 οὕτως
1628 2460 1680 2493 ἕξει
1702 2461 1745 2488 καὶ
1780 2460 1828 2494 τὴν
1856 2461 1928 2499 πρὸς

1097 2508 1142 2536 τὸν
1161 2508 1220 2536 Υἱὸν
1235 2508 1372 2535 κοινωνίαν
1386 2509 1435 2540 τῆς
1450 2506 1552 2546 φύσεως
1569 2508 1578 2520 ⁸
1595 2505 1612 2539 ἢ
1645 2505 1692 2539 τὴν
1717 2516 1766 2542 μεν
1795 2505 1861 2543 πρὸς
1877 2505 1928 2532 τὸν

1100 2552 1201 2591 Πατέρα
1215 2553 1354 2580 κοινωιίαν
1368 2555 1416 2589 τῇς
1444 2551 1544 2591 φύσεως
1573 2549 1634 2590 ἕξει,
1665 2551 1701 2582 ὡς
1736 2551 1767 2578 ἒκ
1795 2553 1840 2577 τοῦ
1858 2553 1929 2578 Θεοῦ

1099 2598 1142 2626 καὶ
1155 2597 1225 2636 παρά
1240 2600 1285 2625 τοῦ
1300 2597 1401 2633 Πατρὸς
1432 2597 1472 2633 ὃν,
1495 2596 1560 2634 πρὸς
1589 2594 1615 2623 δὲ
1644 2596 1689 2623 τὸν
1731 2595 1791 2622 Υἱὸν
1820 2594 1930 2627 ἐκείνην

1100 2642 1150 2675 ἕξει
1189 2642 1238 2676 τὴν
1273 2641 1422 2674 οἰκειότητα
1449 2642 1485 2673 ὡς
1515 2639 1606 2671 ἁπλῶς
1633 2639 1740 2678 Πνεῦμα
1779 2640 1851 2675 Υὶοῦ,
1883 2639 1933 2667 καὶ

1101 2690 1206 2725 Πνεῦμα
1240 2685 1374 2719 ἀληθείας,
1407 2685 1465 2719 ἥτις
1506 2684 1644 2724 ἀλλότριον
1694 2685 1743 2718 τῆς
1773 2684 1838 2724 πρὸς
1881 2684 1932 2712 τὸν

1106 2733 1164 2760 Υίδν
1179 2731 1290 2772 φυσικῆς
1314 2731 1451 2763 κοινωνίας
1481 2730 1552 2758 ἐάσει
1582 2729 1655 2761 αὒτό,
1688 2730 1716 2758 Et
1750 2728 1778 2757 δὲ
1801 2727 1931 2757 θέλουσιν

1101 2779 1124 2806 oi
1140 2776 1192 2805 νέοι
1207 2775 1326 2815 θεολόγοι
1355 2776 1398 2804 καὶ
1423 2775 1470 2810 τὴν
1495 2774 1630 2813 θεολογίαν
1658 2777 1703 2802 τοῦ
1729 2773 1846 2812 μέγαλου
1870 2777 1931 2801 Βα-
