1966 3073
195 109 256 141 4‘23

746 107 850 139 JOAN.
874 105 984 140 VECCI
1006 104 1060 135 CF.
1086 102 1341 136 PATRIARCH/E

1827 100 1888 132 424

197 187 208 203 ι
227 174 487 206 tonat:«Dominus
504 173 642 204 misitme
654 177 682 204 ct
692 173 821 212 Spiritus
834 172 1014 203 illius.uMis-

1098 170 1115 198 ,ἐ
1138 181 1170 209 με
1185 171 1228 198 καὶ
1255 171 1286 198 τὸ
1315 173 1420 208 Πνεῦμα
1447 170 1535 199 αὐτοῦ.
1557 182 1568 199 ›
1598 169 1634 197 ΣΞ
1655 170 1700 197 τὸν
1730 168 1885 203 ποιήσαντα

198 231 209 248 (ι
229 218 612 259 sionemSpiritusHaeretici
622 217 741 257 capiunt
753 218 780 248 in
791 217 1013 248 contumeliam.

200 276 211 292 υ
230 264 310 295 Misit
324 263 481 299 Pater,non
495 263 591 293 locum
607 262 763 302 deserens,
781 262 906 292 necloco
918 266 1014 292 trans-

200 321 210 336 ε
232 310 317 340 tatus.
334 307 412 339 Misit
427 307 519 338 Filius
535 307 677 347 Spiritum
696 316 754 337 non
770 307 892 337 divisus.
918 306 952 336 Et
969 305 1014 336 id-

199 365 211 382 (ι
230 353 309 383 circo
325 351 476 392 Scriptura
491 351 707 383 dicitwnDeus
721 351 824 381 ell‘udit
835 352 943 381 donum
954 349 1019 390 Spi-

201 409 212 426 ιι
232 398 303 428 ritus
318 397 423 428 sancti.
438 409 451 424 n
471 396 612 427 Divinitas
629 405 688 426 non
713 396 876 426 effunditur
893 395 944 426 sed
962 395 1017 425 do-

204 454 213 470 1
231 451 313 478 num,
331 445 451 482 propter
465 441 531 480 hoc,
548 445 582 472 ut
596 440 933 480 demonstraretur,quia
950 441 1016 476 hoc,

201 499 215 514 α
232 486 309 527 quod
326 486 497 522 effunditur,
516 495 574 515 non
602 489 646 515 est
670 483 798 525 Spiritus
818 489 948 518 sanctus.
966 484 1018 515 sed

202 542 215 560 ‹
233 530 360 571 Spiritus
376 530 427 560 Dei
443 529 622 570 gratia,dicit
648 529 740 560 David
756 529 884 560 Christo:
904 528 1020 559 «Effusa

204 589 215 604 ι
235 581 278 607 est
292 576 386 616 gratia
401 576 429 607 in
447 575 532 607 labiis
547 575 603 605 tuis
621 575 662 606 47.
683 587 694 602 n
724 575 823 606 Gratia
845 575 1017 610 etl'unditur,

203 633 214 650 ι
235 631 292 651 non
308 622 357 661 qui
373 620 494 660 largitur
508 619 642 658 gratiam.
660 618 691 651 Si
707 619 827 660 aequalis
840 620 1020 659 llonorpraa-

204 676 216 694 α
234 666 361 702 dicatur,
389 670 418 695 et
433 664 517 702 illud,
543 674 559 694 a
575 673 607 694 se
622 666 696 704 ipso,
717 663 933 694 manifestatum
963 667 1018 701 est,

204 722 217 737 α
236 718 295 747 non
311 713 338 739 et
355 708 438 745 illud,
457 708 499 739 De
514 717 580 738 meo
593 707 816 749 accipit-t,quasi
838 717 854 737 a
870 711 956 747 puteo
972 709 1020 737 in-

204 765 218 784 (
237 752 410 794 terpretrari
425 753 490 793 quis
503 756 608 793 potest.

205 809 217 825 ι
249 799 296 835 μία
325 799 497 837 κηρὺττητίιι³
525 799 569 826 καὶ
601 799 642 835 τὸ,
668 797 726 837 ἀφᾚ
748 798 834 826 ἑαυτύ.
853 797 1052 836 σεσαφὴνιστκι,

207 854 220 870 1
245 853 396 878 μηνευεται,
415 854 428 870 »

505 895 742 927 Animadversio.

247 957 262 976 ‹
277 946 416 978 Curiosus
432 951 561 978 mentem
578 948 643 986 fige,
661 947 887 987 consideraque,
903 956 960 987 qua
975 956 1024 977 ra-

208 1004 221 1019 α
237 992 316 1022 tione
338 991 454 1022 divinus
468 992 522 1022 iste
539 993 625 1023 Pater
641 992 815 1022 effusionem
833 991 1024 1022 missionem—

206 1047 221 1066 ‹
239 1045 296 1076 que
312 1035 439 1076 Spiritus
454 1036 809 1076 intelligat,exponatque,
828 1041 870 1076 ut,
888 1045 953 1066 cum
971 1045 1025 1066 au-

208 1091 222 1110 ι
239 1081 296 1118 dis,
322 1089 338 1110 a
362 1080 487 1111 Domino
516 1080 657 1120 Spiritum
686 1080 958 1120 ellundi,miltique.
989 1079 1025 1110 ad

209 1137 223 1152 α
241 1128 417 1165 praesentem
432 1125 507 1155 hanc
523 1124 736 1165 expositionem
753 1125 866 1155 similes
881 1124 1026 1155 dictiones

210 1181 221 1197 ι
241 1169 378 1200 conferas
393 1178 622 1210 componasque.

528 1219 697 1259 Refutatio.

248 1272 406 1301 Asscrente
431 1271 649 1310 Chrysostomo,
673 1270 767 1301 Deum
784 1280 841 1301 non
859 1270 944 1303 mitti.
962 1279 1028 1301 rur-

209 1324 335 1355 sumque
359 1316 469 1346 donum
489 1315 586 1352 mitti;
602 1315 744 1354 Spiritum
759 1324 828 1345 vero
851 1324 909 1346 non
939 1315 1024 1353 mitti,

207 1370 273 1390 cum
291 1359 381 1390 Filius
396 1359 477 1392 dicit.
498 1370 509 1388 ιι
529 1359 637 1390 Mittam
668 1359 749 1390 vobis
775 1359 917 1400 Spiritum
943 1369 1026 1390 sanc-

209 1408 282 1436 tum:
300 1417 311 1432 ι
327 1413 453 1441 necnon,
471 1403 614 1434 Deitalem
628 1413 685 1434 non
695 1404 816 1440 effundi,
833 1404 884 1434 sed
894 1403 1026 1442 donum;

209 1449 372 1488 item,quod
389 1448 550 1478 effunditur
564 1457 623 1478 non
640 1456 705 1478 esse
721 1448 861 1487 Spiritum
878 1453 1025 1485 sanctum,

210 1493 261 1524 sed
277 1492 330 1524 Dei
344 1493 637 1532 gratiam,propterea
657 1501 713 1522 non
736 1502 803 1522 eum
825 1493 921 1532 ipsum
937 1492 1027 1523 Para-

209 1537 318 1568 cletum
331 1536 458 1568 indicari
473 1537 634 1574 existimas,
651 1536 703 1567 sed
719 1537 841 1576 gratiam
855 1537 1026 1576 quamdam,

207 1582 297 1613 veluti
313 1581 350 1613 ab
366 1591 401 1613 eo
426 1580 645 1612 avulsam.Cum
662 1579 813 1620 Scriptura
827 1581 941 1618 asserit,
958 1580 1026 1621 Spi-
1037 1585 1056 1610 C

208 1626 297 1657 ritum
309 1630 442 1657 sanctum
456 1625 605 1656 aDomino
616 1625 740 1662 effundi,
750 1625 898 1665 mittique;
914 1625 938 1655 si
954 1625 1027 1662 hac,

209 1669 474 1710 iuquam,opinaris
498 1670 536 1700 de
555 1668 665 1709 Spiritu
678 1673 791 1709 sancto,
807 1670 856 1709 qui
872 1679 889 1700 a
903 1669 1029 1700 Domino

212 1714 419 1749 effunditur,et
435 1713 570 1750 mittitur,
588 1713 674 1753 plane
693 1722 710 1743 a
722 1717 942 1754 vera_rectaque
957 1723 1029 1745 sen-

210 1757 302 1789 tentia
311 1758 398 1797 longe
406 1757 537 1788 omnium
552 1757 735 1796 evagaris.Et
743 1767 877 1788 meorum
884 1758 1030 1789 dictorum

212 1802 295 1834 testis
320 1802 409 1834 fuerit
423 1801 551 1842 Spiritus
566 1802 662 1839 dator,
680 1811 707 1833 e:
734 1802 950 1842 suppeditator,
967 1804 1029 1843 qui,

212 1857 279 1879 cum
296 1848 325 1878 in
341 1847 498 1886 Evangelia
511 1847 617 1888 dicit,«
633 1846 705 1878 Cum
720 1847 835 1878 venerit
850 1846 1030 1888 Paracletus,

213 1901 301 1933 quem
319 1901 372 1931 ego
389 1892 503 1923 mittam
519 1891 600 1922 vobis
612 1900 646 1922 ex
659 1892 745 1923 Patre
756 1892 798 1929 48,
813 1904 825 1921 ι
838 1901 896 1922 non
907 1893 1030 1932 gratiam

209 1937 368 1979 quamdam
382 1937 557 1978 spiritalem,
573 1937 661 1968 veluti
690 1937 728 1967 ab
756 1938 885 1968 essentia
904 1937 1032 1978 Spiritus

212 1983 333 2014 divisam
344 1991 379 2013 ac
391 1982 555 2022 sejunctam
566 1982 704 2020 insinuat,
716 1982 767 2013 sed
784 1981 967 2013 Paracletum
985 1982 1030 2022 ip-

213 2036 292 2064 sum,
308 2026 360 2067 qui
377 2029 421 2057 est
443 2026 522 2057 Deus
547 2026 705 2066 perfectus,
732 2030 760 2057 et
775 2035 872 2063 verus,
889 2027 930 2056 uti
947 2028 1032 2058 Pater

213 2076 243 2102 et
256 2071 348 2102 Filius
372 2074 426 2101 est.
452 2071 484 2101 Si
509 2070 608 2111 itaque
632 2070 711 2101 Deus
736 2075 790 2108 est,
807 2073 889 2111 quia
904 2070 1030 2102 Domino

213 2116 386 2154 effunditur,
405 2115 586 2156 mittiturque
611 2115 748 2156 Spiritus,
765 2115 921 2153 scito,cum
938 2116 1031 2156 Chry-

211 2166 375 2192 sostomum
390 2159 475 2191 audis
489 2160 650 2200 dicentem,
668 2159 746 2191 Deus
760 2170 819 2191 non
837 2161 973 2198 mittitur,
1003 2168 1033 2195 et

213 2206 291 2246 quod
307 2205 467 2237 effunditur
483 2214 540 2235 non
556 2209 600 2236 est
611 2204 739 2246 Spiritus
764 2209 895 2243 sanctus,
910 2205 962 2236 sed
978 2204 1032 2236 Dei

1036 900 1056 925 Β

1060 224 1071 240 1
1087 216 1133 244 τὸν
1159 216 1266 254 οὐρανὸν
1291 215 1337 243 καὶ
1359 215 1408 249 τὴν
1437 217 1488 253 γῆν
1517 214 1610 253 Κύριος
1648 212 1786 242 ἀπέστειλε
1813 213 1887 240 κατὰ

1060 272 1072 287 ιι
1095 261 1143 294 τὴν
1158 260 1252 299 σάρκα.
1270 255 1299 288 ’0
1326 261 1439 293 ποιητὴς
1475 259 1582 298 οὖρανοῦ
1616 257 1689 298 λέγει
1708 267 1715 274 ·
1757 267 1768 283 ι
1787 257 1884 296 Κύριος

1060 315 1072 330 α
1090 303 1229 333 ἀπέστειλέ
1257 314 1290 341 με
1319 304 1362 332 καὶ
1395 304 1425 332 τὸ
1457 306 1563 341 Πνεῦμα
1585 303 1673 331 α’ὒτοῦ.
1693 313 1704 328 ι
1741 302 1796 336 Τήν
1812 301 1888 329 ἁπο-

1060 359 1073 377 (
1104 349 1200 384 στολὴν
1236 351 1259 377 οἱ
1298 350 1423 389 αἱρετικοὶ
1465 352 1511 377 τοῦ
1554 349 1704 386 Πνεύματος
1740 348 1776 379 εἷς
1810 345 1889 385 ὕϐριν

1064 406 1075 421 ι
1095 394 1284 434 λαμϐάνουσιν.

1064 456 1075 471 ε
1097 439 1267 469 Ἀπέστειλεν
1306 441 1320 467 ὁ
1349 440 1407 472 Υἱὸς
1441 440 1472 467 τὸ
1514 441 1631 476 Πνεῦμα,
1661 439 1691 466 οὒ
1734 436 1889 476 διαιρεθείς,

1062 499 1075 516 ι
1094 485 1142 513 Διὰ
1168 488 1245 513 τοῦτο
1266 485 1284 518 ἡ
1312 483 1414 523 Γραφὴ,
1434 495 1445 510 I
1485 478 1512 512 ’0
1535 484 1611 519 ΘεὸςΙ
1631 495 1641 510 ι
1673 482 1762 522 φησὶν,
1796 490 1807 505 I
1842 479 1888 513 ἒξ-

1065 544 1075 559 .
1099 529 1161 569 ἑχεε
1189 529 1238 562 τὴν
1267 527 1365 567 δωρεὰν
1391 532 1438 557 τοῦ
1459 527 1533 566 ἁγίου
1555 526 1719 563 Πνεύματος.
1738 537 1749 552 ι
1782 526 1889 558 Θεότης

1064 585 1075 601 ι
1092 573 1298 613 οὖκςέκχετται,
1327 571 1387 600 ἀλλ’
1459 571 1553 610 δωρεά,
1579 571 1628 599 Διὰ
1648 574 1737 610 τοῦτο⁷
1766 569 1812 597 't'vz
1829 569 1890 597 δει-

1063 630 1075 646 ε
1092 620 1158 658 χθῇ,
1195 617 1235 645 ὅτι
1260 618 1291 645 τὸ
1319 617 1497 656 ἐκχυνόμενον
1523 618 1552 645 οὗ
1579 619 1686 653 Πνεῦμα
1713 615 1800 654 ἅγιον³
1817 614 1890 642 ἀλλὰ

1064 675 1076 692 ε
1096 663 1248 700 Πνεύματος
1271 665 1337 690 Θεοῦ
1367 661 1456 700 χάρις,
1481 660 1552 700 λέγει
1584 659 1667 688 Δαυ¹ιδ
1693 663 1732 697 τῷ
1754 662 1864 699 Χριστῷ
1882 669 1888 674 '

1066 721 1077 737 ι
1093 706 1222 747 Ἐξεχύθη
1244 707 1262 741 ἡ
1278 706 1357 745 χάρις
1383 705 1409 733 ἐν
1431 705 1531 746 χείλεσί
1558 716 1616 734 σου.
1633 714 1645 730 ι
1674 704 1757 740 Χάρισ
1784 703 1891 742 ἐκχεῖ-

1066 765 1077 780 ι
1093 763 1147 789 ται,
1161 753 1212 791 οὐχ
1232 752 1246 779 ὸ
1266 750 1427 790 δωρούμενος
1456 750 1504 784 τὴν
1526 750 1616 789 χάριν.
1653 748 1715 777 Ἐὰν
1743 749 1761 782 ἦ
1789 749 1889 785 ὁμοτι-

1076 797 1130 837 κιιιὶ³
1159 797 1200 833 τὸ,
1232 794 1278 824 ἀπ’
1300 794 1365 833 ἱμοῠ
1389 794 1503 832 λήψεται
1532 795 1567 826 ὡς
1597 794 1649 822 ὰπὸ
1670 792 1815 831 δεζαμενῇς
1842 794 1890 832 ἔρ-

1330 394 1484 423 Ἀπέστειλε
1526 394 1629 434 Πατὴρ,
1666 393 1695 422 οὗ
1737 392 1888 430 μεταστάς,

1392 891 1560 921 Ἐπιστασία.

1111 958 1122 973 ι
1139 945 1297 978 Ἐπίστησον
1341 942 1465 982 ἀκριϐῶς,
1503 946 1560 974 πῶς
1600 943 1614 970 ὁ
1653 941 1777 982 θεοφόρος
1812 941 1891 971 οὗτος

1070 1003 1082 1019 ι
1098 989 1146 1022 τὴν
1174 991 1219 1016 τοῦ
1247 987 1322 1026 ἁγίου
1351 987 1501 1024 Πνεύματος
1530 986 1639 1026 ἔκχυσιν
1665 986 1709 1014 καὶ
1737 983 1892 1017 ἀποστολὴν

1072 1048 1082 1063 ι
1095 1033 1140 1061 καὶ
1155 1039 1212 1060 νοεῖ
1232 1032 1276 1060 καὶ
1298 1030 1422 1066 διδάσκει,
1453 1031 1489 1060 ’t'v'
1523 1044 1533 1058 ι
1547 1031 1591 1059 ὅτε
1612 1031 1716 1062 ἀκούεις
1737 1030 1809 1069 παρὰ
1845 1032 1894 1056 τοῦ

1071 1089 1081 1105 ι
1101 1077 1192 1116 Κυρίου
1216 1077 1246 1105 τὸ
1275 1079 1380 1114 Πνεῦμα
1407 1076 1590 1116 προχεόμενον
1614 1076 1657 1104 καὶ
1686 1073 1892 1111 ἀποστελλόμε-

1070 1134 1081 1149 ιι
1098 1133 1152 1158 vov,
1175 1122 1240 1160 πρὸς
1256 1121 1304 1154 τὴν
1319 1124 1451 1160 παροῦσαν
1461 1120 1601 1160 ἑρμηνείαν
1623 1121 1666 1148 καὶ
1694 1120 1741 1151 τὰς
1764 1119 1892 1149 τοιαύτας

1068 1179 1080 1196 ‹
1099 1164 1260 1204 συμϐιϐάζῃς
1277 1165 1377 1206 φωνάς.
1404 1180 1415 1196 ι

1388 1222 1568 1262 ’Δντίῤῥησις.

1109 1278 1160 1304 Τοῦ
1183 1273 1397 1314 ῐρυσοῤῥήμονος
1433 1275 1562 1314 εἰπόντος,
1594 1274 1658 1305 Θεὸς
1686 1274 1732 1302 οὒκ
1760 1273 1893 1301 ἀποστελ-

1068 1318 1153 1356 λεται,
1174 1319 1218 1347 καὶ
1233 1318 1323 1357 πάλιν,
1343 1314 1371 1347 Ὀ
1393 1317 1476 1358 δωρεὰ
1504 1318 1649 1356 πέμπεται,
1679 1318 1709 1345 τὸ
1735 1316 1762 1345 δὲ
1784 1320 1894 1355 Πνεῦμα

1068 1364 1115 1392 οὒκ
1129 1362 1332 1399 ἀποστέλλεται,
1350 1362 1412 1391 ὁταν
1440 1363 1454 1390 ὀ
1478 1363 1538 1395 Υἱὸς
1560 1362 1637 1402 λέγῃ,
1673 1373 1683 1388 ι
1710 1361 1813 1400 Πέμψω
1827 1363 1894 1399 ὑμῖν

1067 1408 1098 1436 τὰ
1123 1410 1228 1440 Πνεῦμα
1248 1409 1279 1436 τὸ
1303 1407 1379 1446 ἅγιον
1395 1415 1402 1422 ”
1420 1416 1431 1432 ι
1450 1408 1493 1435 καὶ
1527 1406 1617 1444 πάλιν,
1649 1407 1748 1439 Θεότης
1775 1408 1822 1435 οὐκ
1845 1407 1895 1435 ἐκ-

1069 1458 1172 1492 χεῖται,
1189 1450 1249 1480 ἀλλ’
1277 1459 1291 1479 τ
1316 1451 1400 1487 δωρεά
1416 1461 1423 1469 ·
1455 1452 1498 1480 καὶ
1527 1451 1618 1488 πάλιν,
1647 1452 1683 1480 Τὸ
1711 1450 1894 1491 ἑκχυνόμενον

1069 1497 1097 1525 o-‘a
1126 1497 1228 1534 πνεῦμά
1260 1495 1330 1524 ἔστιν
1363 1496 1450 1535 ἅγιον,
1478 1495 1545 1524 ἀλλὰ
1570 1496 1720 1534 Πνεύματος
1740 1499 1806 1525 Θεοῦ
1834 1496 1894 1535 χοί-

1069 1552 1120 1581 ρις⁷
1151 1541 1189 1578 μὴ
1219 1539 1261 1569 διὰ
1287 1544 1370 1569 ταῦτα
1404 1541 1466 1580 οὐχὶ
1493 1541 1570 1568 αὐτὸν
1610 1540 1712 1568 ἐκεῖνον
1752 1539 1894 1573 δηλοῦσθαι

1068 1588 1114 1615 τὸν
1128 1585 1299 1626 Παράκλητον
1329 1585 1386 1625 οἵῃ,
1423 1585 1490 1615 ἀλλὰ
1518 1586 1604 1626 χάριν
1632 1586 1691 1615 τινὰ
1717 1585 1895 1626 ἆποδιεσχοι..

1070 1625 1196 1669 νισμένην
1232 1630 1321 1669 ὥσπερ
1348 1631 1458 1661 ἐκείνου.
1502 1625 1590 1659 Ἰὅταν
1623 1631 1640 1664 ἡ
1691 1630 1780 1669 Γραγὴ
1812 1625 1893 1669 λέγῃ,

1072 1687 1087 1704 α
1103 1675 1138 1704 ra
1153 1678 1259 1712 Πνεῦμα
1280 1675 1311 1703 τὸ
1331 1675 1405 1714 ἇῖγιον
1421 1676 1492 1715 παρὰ
1507 1680 1553 1705 τοῦ
1579 1675 1671 1714 Κυρίου
1690 1681 1834 1714 προχεῖται
1850 1676 1894 1703 καὶ

1072 1718 1275 1757 ἀποστέλλεται,
1293 1733 1304 1748 ι
1333 1719 1422 1759 πόῤῥω
1457 1719 1563 1758 βάλλειν
1592 1719 1646 1748 ἴσθι
1670 1722 1718 1753 τῆς
1745 1723 1791 1747 τοῦ
1819 1719 1894 1758 ἁγίου

1073 1762 1198 1795 διανοίας,
1229 1764 1278 1792 Καὶ
1299 1764 1397 1804 μάρτυς
1424 1765 1477 1793 τῶν
1505 1764 1576 1801 ἐμῶν
1597 1763 1685 1803 λόγων
1713 1763 1790 1795 αὐτὸς
1815 1763 1829 1791 ὁ
1847 1766 1894 1792 τοῦ

1072 1808 1224 1846 Πνεύματος
1245 1807 1325 1848 ὃοτήρ
1339 1819 1367 1836 τε
1381 1808 1425 1837 καὶ
1440 1808 1570 1848 χορηγός.
1598 1807 1689 1847 Λέγων
1705 1808 1754 1847 γὰρ
1789 1807 1817 1836 ἐν
1839 1810 1892 1837 Εὖ-

1073 1852 1218 1892 αγγελίοις⁹
1235 1865 1248 1883 ί
1266 1847 1354 1882 ’Ὅταν
1382 1852 1410 1881 δὲ
1439 1847 1502 1891 ἔλθῃ
1524 1853 1538 1881 ό
1566 1851 1751 1893 Παράκλητος,
1782 1852 1810 1880 ὂν
1839 1852 1892 1892 ἆγὼ

1073 1898 1173 1935 πέμψω
1185 1899 1250 1936 ὑμῖν
1270 1899 1340 1937 παρὰ
1367 1901 1414 1926 τοῦ
1442 1898 1556 1937 Πατρὸς,
1588 1908 1599 1924 ι
1631 1897 1692 1937 οὒχὶ
1726 1897 1806 1937 χάριν
1834 1897 1892 1925 τινὰ

1072 1942 1188 1980 πέμπειν
1213 1943 1334 1982 ὶμφαίνει
1377 1942 1568 1980 πνευματικὴν,
1604 1943 1681 1970 οἱονεὶ
1720 1944 1770 1974 τῆς
1805 1941 1893 1972 οὐσίας

1072 1985 1288 2026 ἇποδιῃρημένην
1327 1990 1373 2015 τοῦ
1431 1987 1594 2026 Πνεύματος,
1637 1984 1696 2014 ἄλλ’
1730 1985 1806 2014 αὒτὸν
1848 1986 1894 2014 τὸν

1072 2030 1258 2071 Παράκλητον,
1282 2030 1337 2063 ὅτις
1352 2031 1417 2063 Θεός
1447 2031 1502 2060 ἐστι
1524 2030 1635 2068 τελειος,
1661 2031 1706 2059 καὶ
1727 2030 1840 2070 ἀληθὴς,
1856 2031 1892 2062 ὡς

1071 2075 1086 2103 ὁ
1120 2075 1211 2114 Πατὴρ
1246 2076 1290 2104 καὶ
1311 2076 1325 2104 ὀ
1360 2076 1431 2108 Υἱὸς.
1461 2077 1491 2104 Εἰ
1517 2079 1578 2115 γοῦν
1607 2076 1670 2107 Θεός
1696 2075 1751 2103 ἐστι
1773 2076 1803 2103 τὸ
1824 2075 1894 2114 παρὰ

1073 2121 1119 2147 τοῦ
1134 2120 1226 2159 Κυρίου
1241 2120 1423 2160 προχεόμενον
1450 2121 1492 2148 καὶ
1521 2119 1751 2157 ὰποστελλόμενον
1778 2123 1893 2160 πνεῦμα,

1073 2164 1151 2204 γνῶθι
1200 2164 1303 2193 ἀκούων
1352 2170 1399 2194 τοῦ
1438 2164 1652 2204 Χρυσοῤῥήμενος
1693 2164 1817 2203 λέγοντος
1850 2165 1892 2204 τὸ,

1074 2209 1138 2240 Θεὸς
1168 2208 1214 2237 οὒκ
1249 2209 1450 2246 ἀποστέλλεται,
1492 2210 1547 2247 καὶ,
1589 2210 1624 2238 Τὸ
1660 2209 1840 2249 ἒκχυνόμενον
1866 2211 1895 2238 οὐ

211 2250 339 2291 Spiritus
353 2249 538 2290 gratia,hanc
550 2253 661 2280 tantum
673 2249 710 2280 ob
719 2259 836 2280 causam
848 2249 1018 2281 enuntiasse

1098 2254 1179 2292 νεῦμά
1204 2254 1274 2282 ἔστιν
1303 2254 1391 2293 ἅγιον,
1421 2254 1489 2282 ἀλλὰ
1522 2254 1673 2292 Πνεύματος
1704 2257 1769 2282 Θεοῦ
1803 2254 1894 2293 χάρις,

212 2305 250 2327 ne
264 2297 331 2336 quis
341 2295 558 2336 separationem
576 2294 715 2335 aliquam,
742 2299 831 2334 atque
856 2293 1032 2325 divisionem

212 2340 337 2371 localem
362 2339 419 2370 sibi
433 2339 532 2370 animo
556 2339 656 2379 fingat,
682 2349 748 2370 cum
765 2338 858 2370 Deum
882 2338 1032 2378 intelligit,

213 2384 288 2415 mitti
303 2389 391 2425 atque
407 2383 779 2424 efl‘undi.Quandoquidem
795 2383 820 2414 si
835 2383 865 2413 in
882 2392 947 2414 eam
962 2392 1031 2414 sen-

214 2429 334 2459 tentiam
360 2438 419 2459 non
434 2428 596 2468 accipiatur
612 2428 696 2465 illud,
714 2427 792 2459 Deus
820 2437 878 2458 non
895 2427 1031 2465 mittitur,

213 2473 361 2512 quomodo
375 2473 467 2503 Deum
478 2473 755 2504 asseremusFilium
772 2472 894 2503 missum
906 2482 922 2502 a
931 2472 1034 2504 Patre?

213 2517 285 2548 Etsi
304 2518 365 2548 hac
395 2517 447 2548 tibi
469 2526 537 2548 vera
560 2518 700 2549 videntur
724 2527 801 2555 esse,
817 2517 936 2557 discito,
965 2516 1036 2548 licet

213 2561 326 2600 missio,
345 2567 374 2592 et.
389 2561 533 2592 demissio
555 2572 621 2603 quae
645 2563 676 2594 in
701 2562 788 2594 nobis
816 2561 865 2600 sit,
896 2562 1035 2602 Spiritus,

214 2605 393 2637 habitualem
411 2605 625 2638 habitationem
641 2606 799 2647 signiﬁcet,
828 2615 862 2636 ex
877 2606 941 2647 ipsa
957 2606 1037 2638 nihi-

213 2650 343 2681 lominus
359 2650 511 2690 missione,
522 2655 609 2692 atque
625 2651 798 2683 dimissione
813 2651 927 2682 clarum
942 2660 1037 2682 rema-

215 2695 446 2736 nere.Spiritum
463 2703 499 2726 ex
515 2695 661 2734 mittente,
679 2701 709 2728 et
723 2695 892 2728 dimitteute
909 2696 1038 2728 Domino

255 2780 286 2806 ΑΒ
305 2781 374 2812 Act.
389 2788 422 2819 ιι,
439 2779 488 2812 38.
532 2781 562 2806 47
576 2781 655 2813 Psal.
671 2789 747 2817 κων,
767 2781 797 2813 3.

1075 2299 1111 2330 ὡς
1146 2297 1189 2326 διὰ
1209 2302 1286 2327 τοῦτο
1307 2297 1380 2327 ταῦτ’
1408 2299 1529 2339 εἴρηκεν,
1552 2298 1599 2327 ἵνα
1628 2299 1666 2337 μή
1694 2309 1734 2330 τις
1763 2297 1895 2326 διαστάσιν

1074 2354 1133 2371 τινα
1157 2343 1322 2382 φαντάσηται
1350 2344 1475 2382 τοπικὴν⁹
1505 2344 1569 2372 Θεὸν
1598 2343 1698 2371 ἁκούων
1726 2343 1895 2381 πεμπόμενον

1074 2387 1118 2415 καὶ
1152 2386 1392 2426 ἀποστελλόμενον,
1423 2387 1511 2425 Ἐπεὶ,
1534 2389 1556 2416 εί
1585 2388 1623 2426 μὴ
1651 2389 1688 2419 εἷς
1716 2388 1841 2421 τοιαύτην
1856 2387 1896 2415 ἕν-

1074 2442 1147 2460 νοιαν
1182 2430 1324 2472 ἐκληφθείη
1353 2433 1395 2472 τὸ,
1434 2445 1446 2461 ε
1478 2433 1543 2465 Θεὸς
1572 2432 1620 2461 οὒκ
1660 2431 1863 2468 ἀποστέλλεται,
1883 2445 1896 2462 ι

1076 2479 1133 2508 πῶς
1162 2476 1192 2505 ἄν
1223 2478 1287 2509 Θεὸς
1316 2477 1490 2517 ὀμολογεθείη
1525 2478 1538 2505 ὀ
1571 2476 1799 2515 ἀποστελλόμενος
1842 2478 1897 2509 Υἱὸς

1076 2521 1148 2561 παρὰ
1169 2522 1214 2550 τοῦ
1230 2522 1356 2562 Πατρὸςς
1386 2523 1436 2551 Καὶ
1471 2523 1548 2562 εἴπερ
1575 2521 1663 2556 ἀληθῆ
1692 2533 1733 2550 σοι
1755 2526 1837 2550 ταῦτα
1852 2520 1896 2549 δο-

1077 2572 1132 2606 κεῖ,
1150 2566 1262 2604 μάνθανε
1275 2568 1312 2598 ὡς
1326 2566 1374 2594 κᾶν
1401 2567 1446 2595 καὶ
1474 2568 1491 2602 ἦ
1517 2567 1619 2605 πέμψις
1647 2567 1692 2594 καὶ
1718 2567 1736 2601 ἡ
1764 2565 1898 2600 ἀποστολὴ

1078 2611 1125 2644 τὴν
1160 2611 1197 2642 είς
1225 2612 1297 2649 ἡμᾶς
1318 2611 1467 2650 γενομένην
1487 2613 1558 2652 παρὰ
1585 2615 1631 2640 τοῦ
1659 2611 1751 2651 Κυρίου
1772 2611 1898 2651 σχετικὴν

1077 2655 1210 2689 ἐνοίκησιν
1246 2655 1346 2689 δηλῶσι
1381 2660 1428 2685 τοῦ
1473 2657 1634 2695 Πνεύματος,
1673 2655 1732 2684 ἀλλ’
1768 2655 1898 2689 ἐξαυτῆς

1078 2702 1129 2733 τῆς
1160 2699 1287 2738 πέμψεώς
1316 2710 1344 2728 τε
1373 2701 1416 2729 καὶ
1436 2700 1587 2735 ἀποστολῆς
1623 2699 1790 2740 ἀναφαίνεται
1819 2700 1901 2740 ὑπάρα-

845 2781 975 2812 481mm.
989 2791 1041 2815 xv.
1056 2782 1106 2815 26.
