1966 3073
201 98 259 130 467
757 100 860 131 JOAN.
885 100 995 131 VECCI
1017 99 1037 130 Ο

1126 102 1348 135 tTRIARCH/E
1840 98 1895 132 468

213 178 225 194 ι
246 165 325 195 enim
339 173 471 205 praesens
485 165 654 206 exemplum
665 169 767 197 sancto
783 175 842 197 non
855 166 1033 206 perplaceat,

1126 171 1147 205 ᾦ
1172 170 1238 209 ἁγιῳ
1266 171 1296 199 τὸ
1321 172 1403 211 παρὸν
1445 170 1592 210 ὑπόδειγμα
1633 169 1674 198 δίὰ
1700 170 1757 202 δέος
1779 170 1895 208 εὔλογον,

209 222 223 240 ‹
241 214 363 249 propter
379 210 528 247 timorem,
543 220 602 241 non
615 210 718 251 utique
729 220 746 242 a
757 211 872 242 ratione
883 211 1013 242 alienum
1027 221 1035 247 ;

1126 225 1184 251 μως
1196 215 1247 243 κάκ
1268 210 1364 244 τούτων
1387 216 1528 255 παρίστησι
1551 218 1641 255 σαφῶς
1661 216 1698 247 ὡς
1720 215 1751 244 ἐκ
1774 219 1820 244 τοῦ
1841 218 1896 243 Πα-

209 265 222 283 ‹
239 258 369 300 attamen
392 263 426 285 ex
442 255 499 286 hoc
532 264 649 296 quoque
665 255 768 296 probat
785 255 985 296 apertissime,
1001 264 1038 286 ex

1126 259 1183 298 πρὸς
1203 260 1247 287 καὶ
1261 259 1353 300 ἄμφω,
1375 259 1389 288 ὅ
1417 271 1445 288 τε
1463 261 1524 292 Υἱὸς
1552 259 1653 293 δηλαδὴ
1669 261 1710 288 καὶ
1737 260 1767 288 τὸ
1783 262 1896 297 Πνεῦμα,

209 312 221 329 ι
239 299 326 345 Patre
354 302 527 345 utrumque,
557 299 664 331 Filium
697 299 812 331 scilicet
842 304 871 331 et
894 300 1037 340 Spiritum

1126 304 1154 336 bc
1170 303 1195 337 ἐξ
1210 303 1285 338 ἡλίου
1297 299 1352 345 ιρῶς
1368 305 1412 333 καὶ
1426 305 1509 338 ἀκτίς.
1528 317 1541 332 ι

208 356 220 372 ι
237 342 328 374 veluti
343 352 379 374 ex
397 343 461 375 sole
475 344 577 375 lumen
593 349 623 375 et
638 345 741 376 radius
756 348 811 382 est,
829 354 906 376 esse.
921 355 931 370 ι

539 391 713 431 Refutatt'o.

249 437 360 469 Verum
376 439 606 479 est,exemplum
621 439 717 479 palam
735 438 903 473 ostendere,
916 442 1034 469 utrum-

208 491 266 522 que
279 486 396 514 esse'ex
411 482 497 514 Patre
515 494 521 513 :
540 483 592 514 sed
622 483 696 514 illud
714 493 830 523 quoque
856 483 953 514 modis
967 492 1034 513 om-

208 526 297 558 nibus
312 527 455 568 ostendit,
473 537 526 568 per
553 527 661 559 Filium
693 537 758 559 esse
773 527 928 568 Spiritum,
947 528 988 558 uti
1001 537 1036 559 ex

207 571 271 603 sole
286 581 340 612 per
354 571 471 602 radium
489 573 603 603 lumen.

269 619 415 658 Ejusdem
444 628 483 650 ex
505 618 652 651 Oratione
668 619 703 650 de
723 619 844 660 Spiritu
858 624 973 651 sancto.

248 709 404 741 XXXVIII.
419 725 430 741 ι
447 709 592 746 Quoniam
603 719 690 751 porro
701 709 876 740 divisionem
891 715 968 740 tuam
979 709 1038 750 pri-

1397 395 1573 436 Ἀντίρρησις.

1117 441 1237 476 Ἀληθῶς
1265 443 1296 471 τὸ
1320 442 1467 482 ὑπόδειγμα
1491 444 1522 472 ὲκ
1555 445 1601 472 106
1629 444 1730 482 Πατρός
1760 444 1829 472 εἶναι
1856 444 1898 471 καὶ

1077 485 1156 526 ἄμφω
1180 487 1337 525 παρίστησιν
1355 496 1361 503 ·
1392 487 1451 515 ἀλλ’
1480 487 1553 523 ὅμως
1587 488 1674 526 πάντῃ
1703 491 1792 528 σαφῶς
1815 489 1844 516 τὸ
1865 486 1897 514 δι’

1082 532 1143 559 Υ·ἱοῦ
1157 531 1187 560 ἐκ
1216 532 1317 571 Πατρὸς
1341 532 1413 560 εἶναι
1441 533 1471 560 τὸ
1502 535 1618 570 Πνεῦμα,
1641 533 1678 566 ὡς
1707 531 1733 565 ἐξ
1760 532 1835 566 ἡλίου
1855 531 1898 560 διὰ

1075 578 1124 609 τῆς
1146 576 1255 606 ἀκτῖνος
1277 577 1308 604 τὸ
1323 579 1391 616 φῶς.

1077 626 1128 651 T06
1168 623 1247 653 αὐτοῦ
1296 624 1349 651 ἀπὸ
1386 627 1432 652 τοῦ
1445 624 1519 692 λτέερῖ
1552 625 1598 652 τοῦ
1631 623 1706 663 ἆγίου
1749 625 1896 661 Πνεύματος

1479 675 1538 692 νου.

1479 675 1526 703 γου
1530 687 1538 694 .

1118 704 1186 747 AH',
1206 721 1220 737 α
1244 708 1316 738 Ἐπεὶ
1332 709 1359 738 δέ
1374 721 1420 739 σου
1444 712 1493 745 τὴν
1521 710 1630 750 πρώτην
1658 710 1782 751 διαίρεσιν
1811 711 1840 738 οὖ
1854 709 1898 738 δε-

213 769 224 785 ι
239 754 643 796 mam,quainteringenitum
652 754 813 795 etgenitum
823 755 898 785 nihil
907 755 1037 785 medium

1126 755 1225 794 Ldpeﬂa,
1249 755 1297 789 τὴν
1319 754 1401 791 μηδὲν
1432 755 1576 794 ἀγεννῆτου
1597 757 1640 784 καὶ
1667 759 1793 795 γεννητοῦ
1821 755 1898 793 μέσον

214 810 225 825 ε
242 808 308 830 esse
319 799 485 833 arbitraris,
501 799 578 830 haud
588 808 733 840 quaquam
742 799 1038 839 admittimus,proti-

1127 797 1359 838 πολαμϐάνουσαν,
1389 801 1481 829 αὖτίκα
1509 801 1665 840 οἱχήσονταί
1693 811 1736 828 σοι
1763 801 1830 837 μετὰ
1850 802 1898 833 τῆς

213 857 226 874 ι
242 853 297 874 nus
309 843 360 875 tibi
369 853 436 874 cum
445 844 586 884 praeclara
601 848 651 875 tua
661 843 807 874 divisione
827 844 933 874 fratres
954 844 995 874 illi
1009 848 1038 874 et

1126 845 1212 880 ‘epvﬁ;
1241 842 1390 882 διαιρέσεως
1420 846 1443 872 οἱ
1465 843 1570 884 ἀδελφοὶ
1610 846 1653 872 καὶ
1690 846 1788 879 υἱωνοὶ,
1813 844 1899 883 ὥσπερ

211 900 223 916 ι
235 892 360 928 nepotes
384 888 533 928 peribunt,
547 892 579 919 ut
590 889 640 929 qui
652 889 747 928 primo
763 888 814 919 illo
828 888 1038 928 disputationis

215 947 226 961 ι
243 940 301 963 tua;
336 932 445 973 capite,
471 933 554 972 quasi
578 933 750 973 multiplicis
779 934 929 969 cuiusdam
947 942 1039 963 nexus

216 990 227 1006 σ
245 976 329 1008 initio
346 976 442 1017 primo
458 977 565 1015 soluto,
593 977 680 1008 simul
706 987 824 1018 quoque
839 978 928 1008 soluti
942 987 975 1007 ac
990 977 1038 1007 di-

212 1033 224 1049 α
242 1021 316 1061 lapsi
337 1021 407 1058 sint,
421 1027 509 1061 atque
523 1031 540 1052 a
555 1022 718 1052 divinitatis
729 1021 865 1052 doctrina
885 1031 950 1052 sese
963 1021 1036 1052 sub-

213 1079 225 1094 ι
242 1065 389 1096 duxerint.
411 1065 464 1097 Ubi
478 1066 568 1096 enim.
587 1075 697 1106 quaeso,
716 1075 809 1106 pones
824 1067 852 1097 id
870 1067 948 1106 quod
966 1075 1036 1106 pro-

218 1126 229 1140 ι
247 1110 339 1147 cedit,
356 1110 433 1150 quod
459 1110 579 1150 quidem
607 1111 684 1141 inter
710 1111 782 1141 duas
802 1110 956 1141 divisionis
983 1115 1040 1141 tum

219 1170 229 1184 ι
247 1159 345 1195 partes
356 1154 546 1194 interjectum
570 1164 635 1185 esse
657 1159 785 1194 constat,
802 1160 891 1195 atque
907 1165 924 1186 a
938 1155 1037 1186 Theo-

219 1214 229 1229 ι
246 1199 312 1239 logo
327 1199 419 1230 multo
432 1204 459 1230 te
483 1199 694 1240 praestantiore,
723 1199 861 1230 nimirum
878 1209 894 1230 a
911 1199 1038 1239 Christo,

216 1258 227 1274 c
245 1243 464 1275 introducitur?
479 1243 543 1275 Nisi
564 1244 689 1275 fortasse
705 1253 805 1275 vocem
822 1243 902 1274 illam
919 1249 1041 1284 propter

218 1303 229 1318 ι
248 1288 367 1319 tertium
384 1292 466 1319 tuum
499 1293 706 1320 testamentum
726 1298 760 1319 ex
783 1288 951 1328 Evangeliis
975 1298 1041 1319 sus-

218 1346 230 1362 α
249 1333 354 1372 tulisti,
385 1332 514 1374 Spiritus
543 1338 662 1364 sanctus
677 1334 725 1373 qui
751 1343 769 1363 ει
793 1332 878 1364 Patre
895 1333 1038 1373 procedit.

220 1391 231 1407 ι
249 1377 305 1414 Qui
330 1382 478 1417 quatenus
507 1377 544 1408 ab
564 1378 624 1408 ﬁ'llo
648 1377 791 1418 procedit,
820 1382 955 1408 creatura
981 1387 1040 1408 non

222 1437 232 1452 ι
251 1427 309 1460 est,
330 1427 596 1463 quatenusuursus
626 1422 744 1462 genitus
774 1431 832 1452 non
863 1426 918 1459 est,
950 1422 1041 1453 Filius

221 1477 309 1498 «non
338 1475 396 1505 est,
436 1472 583 1507 quatenus
624 1472 723 1497 autem
762 1466 841 1497 inter
873 1467 1039 1506 ingenitum

220 1525 231 1541 ι
250 1515 280 1544 et
306 1511 436 1551 genitum
468 1512 584 1542 medius
613 1516 668 1549 est,
699 1511 777 1542 Deus
794 1516 848 1542 est.
877 1511 974 1551 Atque
1004 1512 1043 1542 ita

222 1573 232 1588 ι
249 1556 345 1588 vitatis
356 1555 594 1596 syllogismorum
608 1559 723 1586 tuorum
744 1555 869 1595 laqueis,
881 1555 960 1586 Deus
978 1566 1042 1587 ma-

222 1617 232 1631 ι
250 1601 357 1631 nit‘este
373 1599 721 1639 apparuit,divisionibus
734 1599 791 1630 tuis
804 1599 928 1639 ﬁrmior,
945 1609 978 1629 ac
992 1609 1042 1629 va-

223 1661 233 1676 ι
251 1645 369 1676 lentior.
397 1643 468 1680 Quae
484 1652 554 1683 ergo
579 1649 624 1674 est
640 1644 702 1674 haec
719 1644 881 1684 processio,
899 1643 1017 1684 inquies
1032 1644 1044 1674 Υ

221 1704 233 1721 ι
251 1689 304 1721 Dic
320 1693 350 1720 tu
366 1698 431 1729 quae
444 1688 538 1719 Patris
552 1688 724 1729 Egenitura
735 1688 783 1728 sit,
801 1692 829 1718 et
842 1697 895 1727 ego
907 1688 974 1718 Filii
991 1699 1043 1727 go-

1082 899 1094 915 α
1117 889 1187 920 τινὸς
1207 886 1303 925 δεσμοῦ
1331 888 1498 917 πολυπλόκου
1525 892 1576 922 τῆς
1602 889 1709 928 πρώτης
1731 889 1822 929 ἁιχῆς
1837 900 1899 916 συν-

1082 945 1095 960 α
1112 931 1287 970 διαλυθείσης,
1333 932 1541 965 συνδιαλυθέντες
1589 935 1633 962 καὶ
1673 937 1723 967 τῆς
1766 933 1900 972 οεολογίας

1083 978 1345 1017 «ὑποχωρήσαντες.
1384 981 1437 1006 Ποό
1474 979 1522 1017 γὰρ
1557 979 1646 1013 θήσεις
1675 979 1705 1006 τὸ
1735 979 1900 1018 ἐκπορευτὸν,

1083 1032 1094 1048 α
1119 1022 1175 1050 εἶπέ
1193 1033 1249 1062 μοι,
1267 1022 1347 1059 μέσον
1369 1024 1499 1062 ἆναφανὲν
1527 1025 1576 1056 τῆς
1606 1026 1654 1056 σῆς
1682 1023 1843 1062 διαιρέσεως,
1859 1025 1903 1052 καὶ

1082 1077 1095 1092 «
1118 1065 1190 1104 παρὰ
1216 1066 1367 1103 κρείσσονος
1386 1067 1403 1101 ἢ
1434 1067 1500 1095 κατά
1530 1068 1559 1095 σέ
1579 1067 1705 1106 οεολόγου
1729 1071 1775 1096 106
1806 1070 1902 1100 Σωτῆ-

1082 1122 1095 1137 :
1113 1121 1155 1149 ρος
1170 1111 1258 1148 ἡμῶν,
1276 1111 1448 1149 εἰσαγόμενον
1466 1122 1473 1151 ;
1500 1113 1521 1140 εἰ
1543 1113 1581 1149 μὴ
1610 1113 1658 1145 τὴν
1684 1112 1774 1151 φωνὴν
1801 1112 1902 1145 ἐκείνην

1083 1166 1094 1183 ιι
1118 1158 1170 1182 τῶν
1185 1158 1238 1183 σῶν
1254 1154 1348 1187 ἐξείλες
1365 1155 1542 1194 Εὖαγγελίων,
1576 1157 1624 1184 Διὰ
1659 1158 1707 1189 τὴν
1742 1157 1831 1195 τρίτην
1855 1168 1903 1184 σου

1084 1209 1095 1227 α
1113 1198 1252 1235 διαθήκην,
1275 1200 1306 1228 τὸ
1318 1203 1423 1237 Πνεῦμα
1437 1201 1467 1228 τὸ
1491 1199 1577 1239 ἅγιον,
1609 1200 1623 1228 ὅ
1650 1201 1721 1240 παρὰ
1741 1204 1787 1228 106
1805 1202 1903 1239 Πατρὸς

1084 1254 1096 1271 α
1114 1244 1281 1282 ἒκπορεύεται
1299 1252 1306 1259 ⁵
1337 1244 1351 1272 ὅ
1380 1245 1490 1273 καθόσον
1521 1246 1570 1283 μὲν
1598 1245 1700 1274 ἐκεῖθεν
1722 1245 1902 1284 ἐκπορεύεται,

1085 1299 1098 1316 ι
1121 1293 1151 1316 οὐ
1173 1289 1280 1328 κτίσμα,
1295 1290 1405 1317 καθόσον
1422 1288 1449 1317 δὲ
1472 1289 1502 1318 οὗ
1523 1290 1660 1328 γεννητὸν,
1678 1291 1729 1330 οὺχ
1756 1291 1829 1326 Υἱὸς,
1850 1301 1903 1318 κα-

1086 1343 1100 1362 (
1115 1333 1191 1362 θόσον
1213 1332 1241 1361 δὲ
1255 1333 1397 1372 ἆγεννήτου
1422 1335 1464 1362 καὶ
1486 1339 1613 1373 γεννητοῦ
1641 1334 1731 1372 μέσον,
1762 1335 1839 1366 Θεός.
1856 1336 1905 1364 Καὶ

1086 1389 1099 1406 α
1116 1377 1185 1406 οὕτω
1213 1389 1258 1406 σου
1281 1379 1327 1410 τὰς
1350 1381 1404 1406 τῶν
1441 1378 1625 1418 συλλογισμῶν
1662 1379 1736 1418 ἄρκις
1766 1378 1904 1419 διαφυγὸν,

1087 1435 1097 1450 ι
1125 1423 1188 1455 Θεὸς
1217 1422 1365 1462 ἆνεπέφηνε
1387 1426 1438 1452 τὼν
1464 1427 1516 1451 σῶν
1545 1423 1695 1462 διαιρεσεων
1723 1424 1904 1464 ἰσχυρότερος,

1088 1478 1098 1495 ι
1117 1469 1160 1499 Τίς
1196 1467 1240 1496 οὖν
1261 1469 1278 1501 ἦ
1301 1468 1473 1507 ἐκπόρεν)σις;
1505 1469 1567 1497 Εἰπὲ
1596 1469 1626 1497 σὺ
1655 1469 1703 1501 τὴν
1732 1469 1907 1508 ἀγγεννησίαν

1088 1524 1099 1540 ιι
1117 1516 1162 1541 τοῦ
1178 1513 1290 1548 Πατρὸς,
1308 1513 1382 1551 κάγὼ
1397 1513 1446 1546 τὴν
1477 1513 1598 1552 γέννησιν
1621 1517 1667 1542 τοῦ
1691 1514 1751 1541 Υἷοῦ
1786 1513 1909 1553 φυσιολο-

1087 1569 1098 1585 ι
1115 1558 1202 1596 γήσω,
1227 1558 1271 1585 καὶ
1294 1557 1342 1590 τὴν
1378 1557 1529 1597 ἐκπόρευσιν
1553 1562 1598 1587 τοῦ
1615 1558 1777 1595 Πνεύματος.
1796 1559 1839 1585 καί
1853 1570 1910 1586 πα-

1088 1613 1099 1628 ι
1122 1601 1336 1640 ραπληκτίσομεν
1381 1601 1536 1641 ἀμφότεροι,
1586 1602 1622 1634 εἰς
1665 1605 1730 1631 Θεοῦ
1776 1602 1912 1642 μυστήρια.

1090 1655 1104 1675 α
1120 1646 1332 1684 παρακόπτοντες
1350 1655 1358 1664 ·
1395 1647 1534 1676 καὶταῦτα
1555 1647 1641 1686 τίνες;
1672 1648 1701 1675 Οἱ
1723 1645 1790 1684 μηδὲ
1818 1647 1853 1676 τὰ
1883 1647 1911 1675 ἐν

1089 1700 1104 1720 α
1126 1691 1203 1719 ποσὶν
1218 1689 1311 1728 εἰδέναι
1327 1690 1476 1728 δυνάμενοι.
1496 1703 1507 1719 ν

222 1746 235 1761 ι
252 1727 450 1770 nerationem,
477 1737 506 1763 et
535 1727 662 1773 Spiritus
692 1733 913 1773 processionem
943 1734 1092 1772 explicare
1121 1734 1293 1774 aggrediar:
1311 1739 1344 1765 ut
1359 1727 1445 1765 ambo
1463 1734 1571 1766 mentis
1588 1735 1723 1765 versania
1740 1734 1914 1775 praecipites

221 1790 234 1806 κ
250 1786 383 1816 agamur,
409 1777 441 1807 in
462 1777 515 1808 Dei
540 1777 679 1817 mysteria
703 1777 805 1808 oculos
828 1777 996 1816 injicientes
1015 1789 1020 1810 :
1050 1779 1139 1820 idque
1164 1780 1212 1820 qui
1228 1779 1372 1811 tandem?
1396 1779 1509 1820 Nempe
1524 1779 1574 1820 qui
1590 1788 1628 1810 ne
1646 1788 1681 1810 ea
1695 1780 1830 1820 quidem,
1846 1790 1914 1821 quae

222 1835 233 1852 ι
253 1827 322 1854 ante
337 1822 430 1863 pedes
444 1825 512 1852 sunt
528 1822 606 1853 scire
623 1831 791 1862 possumus.
811 1834 824 1850 π

506 1869 752 1900 Animadversio.

266 1930 277 1945 ε
293 1915 376 1946 Hanc
392 1916 574 1955 pericopem,
591 1924 656 1956 quae
671 1915 843 1956 planissima
867 1920 921 1954 est,
942 1917 1043 1956 expla-

1416 1871 1581 1901 Ἐπιστασία.

1129 1930 1141 1948 α
1159 1919 1261 1952 Ταύτην
1290 1919 1339 1953 τὴν
1369 1919 1516 1956 περικοπὴν
1552 1918 1720 1959 σαφεστάτην
1748 1920 1828 1946 οὖσαν
1865 1920 1916 1947 οἷ-

222 1972 234 1989 (
253 1961 373 1992 natione
387 1961 524 2002 indigere
552 1971 610 1992 non
636 1966 717 2002 puto.
736 1961 807 1993 Cum
832 1962 912 1993 enim
928 1967 1042 1993 sanctus

1126 1976 1165 1993 ιαι
1181 1964 1220 2002 μὴ
1244 1963 1343 1992 δεῖσθαί
1372 1974 1441 1996 τινος
1469 1963 1634 2002 ἐπεργασίας.
1655 1962 1702 1992 Ἐκ
1723 1965 1772 2002 γὰρ
1800 1967 1848 1991 τοῦ
1869 1965 1917 1992 τὸν

225 2022 236 2036 ι
253 2006 373 2046 dixerit,
390 2006 496 2037 fratres
523 2011 552 2036 et
567 2010 691 2046 nepotes
707 2006 867 2047 perituros,
887 2007 942 2037 hoc
958 2016 1042 2046 pror-

1128 2009 1202 2048 ἅγιον
1218 2009 1303 2036 alii:er
1317 2009 1377 2040 τοὺς
1402 2007 1527 2048 ἀδελφοὺς
1555 2009 1599 2036 καὶ
1620 2008 1680 2040 τοὺς
1701 2008 1810 2039 υἱωνοὺς
1827 2009 1918 2047 οἰχή-

223 2063 233 2078 ι
251 2061 302 2082 sus
316 2051 424 2089 innuit,
444 2051 609 2090 ingenitum
632 2050 774 2090 Spiritum
795 2060 872 2089 esse,
890 2055 919 2082 et
931 2061 965 2083 ex
982 2052 1042 2082 solo

1126 2055 1210 2082 τεσθαι
1233 2055 1308 2081 τοῦτο
1330 2052 1434 2084 πάντως
1469 2053 1624 2092 παρίσταται
1652 2053 1682 2081 τό
1711 2063 1738 2080 τε
1769 2052 1919 2091 ἀγέννητον

226 2109 237 2126 ι
253 2098 351 2134 Patre,
367 2105 428 2127 non
442 2100 540 2127 autem
557 2105 593 2127 ex
608 2095 685 2126 Filio
700 2096 874 2136 procedere.
893 2109 903 2123 ι

552 2185 718 2226 Refutatio.

262 2234 313 2266 Nae
329 2239 358 2265 tu
374 2234 495 2274 quidem
520 2242 589 2264 vera
598 2220 661 2264 Inon
677 2233 820 2274 loqueris,
833 2233 912 2274 quod
928 2238 1049 2264 sanctus
1060 2220 1081 2245 θ

223 2280 308 2318 dixit,
327 2294 338 2310 ε
356 2279 461 2310 fratres
486 2282 518 2309 et
541 2281 664 2318 nepotes
679 2278 857 2318 periturosg
878 2279 1051 2318 prursusin-

224 2325 376 2364 nuisse,ex
387 2323 450 2354 solo
462 2323 560 2363 Patre,
577 2332 636 2353 non
653 2328 751 2353 autem
764 2332 800 2353 ex
818 2322 893 2353 Filio
910 2322 1050 2362 Spiritum

224 2368 390 2408 procedere
404 2379 410 2398 :
424 2368 477 2399 sed
494 2368 698 2398 tantummodo
714 2367 796 2398 illum
815 2367 976 2408 procedere
993 2377 1053 2398 non

224 2417 323 2444 tamen
340 2413 505 2452 ingenitum
524 2411 566 2443 uti
582 2413 713 2451 Patrem,
738 2420 837 2452 neque
863 2411 992 2451 genitum
1011 2416 1053 2445 uti

223 2457 344 2489 Filium.
375 2456 438 2488 Hoc
459 2457 539 2488 enim
568 2460 649 2487 notat
672 2456 758 2494 illud,
789 2467 801 2483 ‹
825 2455 880 2488 Ubi
910 2465 1002 2497 pones
1024 2457 1053 2487 id

225 2502 306 2543 quod
323 2501 470 2542 procedit,
490 2501 567 2542 quod
583 2501 703 2542 quidem
720 2501 798 2532 inter
813 2501 887 2532 duas
900 2501 1054 2533 divisionis

224 2550 283 2577 tuae
298 2550 398 2587 partes
412 2545 616 2585 interjicitur?
634 2556 645 2572 ι

384 2593 532 2632 Ejusdem
554 2602 594 2623 ea:
623 2593 727 2624 eadem
742 2593 890 2624 oratione.

264 2643 381 2676 XXXIX
397 2655 412 2672 (ι
428 2643 605 2676 Nob’sDeus
615 2653 694 2674 unus
703 2643 903 2684 est,quoniam
915 2653 973 2674 una
988 2643 1053 2674 dei—

225 2703 238 2721 ς
255 2693 402 2730 tas,atque
411 2689 446 2720 ad
456 2699 548 2721 unum
561 2698 677 2730 ea,quae
687 2698 721 2719 ex
735 2698 769 2719 eo
779 2693 857 2726 sunt,
870 2688 1051 2718 referuntur.

225 2748 237 2764 ι
256 2734 373 2766 etiamsi
382 2738 594 2775 trespersonas
605 2733 768 2766 credimus.
786 2732 889 2773 Neque
900 2733 978 2763 enim
996 2733 1054 2763 hoc

226 2795 238 2810 c
255 2779 437 2819 magis,illud
457 2779 557 2810 minus
581 2783 626 2811 est
636 2778 726 2816 Deus,
740 2786 797 2809 nec
812 2777 869 2808 hoc
881 2777 964 2817 prius
980 2776 1052 2808 illud

1091 2108 1104 2124 σ
1127 2101 1173 2126 τοῦ
1187 2098 1349 2135 Πνεύματος,
1374 2097 1417 2125 καὶ
1444 2098 1474 2125 τὸ
1504 2097 1534 2125 ἐκ
1562 2097 1642 2134 μόνου
1669 2099 1715 2125 106
1748 2099 1864 2132 [Ἰατρὸς.
1889 2099 1921 2126 οὗ

1095 2153 1108 2168 σ
1126 2143 1179 2180 μήν
1201 2143 1303 2171 καὶτοῦ
1324 2143 1386 2170 Non}
1401 2141 1580 2180 ἐκπορευτὸν;
1598 2152 1611 2172 ι

1420 2188 1584 2228 Ἀντίῤῥησις

1132 2236 1186 2265 Οὔκ
1201 2235 1305 2269 ἀληθῶς
1328 2236 1405 2276 ἔφης,
1422 2235 1452 2263 ἐκ
1473 2239 1518 2264 τοῦ
1546 2237 1591 2263 τὸν
1616 2235 1691 2268 ἅγιον
1706 2236 1802 2272 εἰπεῖν,
1824 2245 1835 2262 t!
1855 2236 1923 2267 τοὺς

1091 2281 1218 2321 ἀδελφοὺς
1245 2281 1288 2309 καὶ
1323 2281 1382 2312 τοὺς
1418 2281 1525 2312 υἱωνοὺς
1561 2281 1728 2320 οἰχήσεσθαι,
1754 2289 1766 2305 ι
1809 2280 1924 2312 πάντως

1093 2327 1262 2365 παρίστασθαι
1298 2326 1328 2353 τὸ
1350 2325 1380 2353 ἐκ
1401 2325 1482 2363 μόνον
1511 2328 1557 2353 τοῦ
1592 2326 1704 2364 Πατρὸς,
1728 2327 1757 2353 οὗ
1785 2324 1840 2362 μὴν
1878 2326 1927 2353 καὶ

1092 2376 1139 2401 τοῦ
1158 2372 1217 2399 Υἱοῡ
1244 2371 1401 2410 ἐκπορευτὸν
1429 2373 1474 2398 τοῦ
1509 2370 1672 2407 Πνεύματος,
1696 2369 1765 2397 ἀλλὰ
1791 2370 1834 2403 1b,
1868 2370 1927 2406 μό-

1094 2427 1145 2448 νως
1172 2415 1327 2455 ἐκπορευτὸν
1362 2415 1425 2444 αὖτό
1473 2415 1554 2444 εἶναι.
1596 2415 1726 2452 Οὕμενουν
1760 2414 1925 2453 ἀγέννητον²

1095 2462 1131 2494 ὡς
1154 2463 1168 2489 ὁ
1192 2461 1294 2500 Πατὴρ,
1320 2461 1337 2494 ἢ
1359 2461 1496 2499 γεννητὸν,
1520 2461 1556 2492 ὡς
1579 2461 1593 2488 ὁ
1625 2461 1695 2491 Υἱός.
1709 2463 1789 2488 Τοῦτο
1802 2459 1854 2498 γὰρ
1870 2458 1926 2493 δη-

1095 2506 1141 2535 λοῖ
1163 2507 1204 2546 τὸ,
1231 2517 1245 2533 σ
1262 2509 1315 2534 Ποῦ
1343 2506 1432 2540 Θήσεις
1460 2506 1491 2532 τὸ
1521 2504 1688 2544 ἐκπορευτὸν,
1719 2504 1799 2542 μέσον
1816 2505 1927 2544 ἀναφα-

1095 2551 1137 2580 νὲν
1153 2554 1202 2584 τῆς
1216 2553 1266 2584 σῆς
1282 2549 1457 2589 διαιρέσεωςῖ
1475 2559 1486 2574 ι

1327 2600 1378 2625 T06
1394 2597 1472 2624 αὑτοῦ
1487 2595 1516 2623 ἐκ
1531 2599 1576 2623 τοῦ
1598 2597 1686 2625 αὺτοῦ,

1137 2638 1200 2674 ΛΘ’,
1233 2636 1307 2681 Ὀμῐν
1337 2644 1377 2675 εἷς
1406 2643 1482 2678 Θεὸς,
1506 2641 1547 2669 ὅτι
1577 2642 1623 2679 μία
1651 2641 1757 2677 Θεότης,
1785 2642 1828 2669 καὶ
1859 2643 1931 2680 πρὸς

1099 2699 1110 2717 ι
1127 2688 1154 2716 ἕν
1169 2688 1202 2716 τὰ
1218 2687 1243 2721 ἐξ
1259 2688 1338 2715 αὑτοῦ
1364 2688 1414 2720 τῆν
1443 2686 1576 2726 ἀναφορὰν
1606 2685 1678 2726 ἔχει,
1715 2685 1764 2714 κᾶν
1799 2686 1861 2725 τρία
1876 2698 1932 2714 πι-

1099 2734 1261 2767 ιστεύηται.
1298 2733 1335 2760 Οὐ
1360 2732 1410 2771 γὰρ
1432 2732 1462 2759 τὸ
1485 2731 1534 2769 μὲν
1566 2729 1679 2768 μᾶλλον,
1718 2731 1748 2758 τὸ
1779 2729 1805 2758 δὲ
1843 2730 1933 2764 ἦττον

1098 2788 1110 2806 I
1129 2777 1194 2811 Θτός
1212 2787 1219 2794 ·
1236 2776 1295 2807 οὒδὲ
1310 2777 1339 2805 1b
1361 2775 1410 2814 μὲν
1441 2776 1581 2816 πρότερον,
1610 2775 1640 2803 τὸ
1662 2774 1690 2803 δὲ
1718 2774 1840 2815 ὕστερον.
1861 2776 1935 2804 Οὐδὲ
