1966 3073
207 131 262 164 471

754 131 860 163 JOAN.
884 129 992 162 VECCI
1013 127 1069 161 GP.
1091 128 1347 162 PATRIARCH/E

1831 101 1898 162 m-

209 208 222 226 α
239 207 296 230 nec
310 207 371 230 non
385 201 415 229 et
428 197 500 238 illis,
511 199 591 228 Deus
606 206 694 234 unus,
711 197 737 229 si
752 197 784 228 in
805 205 894 229 unam
910 206 1023 228 causam

1107 197 1148 225 ιέν
1166 198 1242 234 Θεὸς,
1259 198 1296 230 εἰς
1318 197 1345 226 ἒν
1373 197 1460 227 αἴτιον
1486 197 1546 226 Υἱοῦ
1579 197 1623 226 καὶ
1645 197 1797 235 Πνεύματος
1824 197 1890 225 ἀνα-

209 256 222 275 (
239 242 348 274 Filium
364 245 393 274 et
407 241 550 282 Spiritum
565 241 743 274 referemus.
762 257 774 273 ν

535 289 701 328 Refutatio.

248 335 309 368 illis
320 335 479 376 praemissae
489 335 644 376 pericopes
668 334 786 375 syllabis
805 335 959 366 attendere
972 335 1028 365 ad-

207 380 347 417 hortaris,
364 389 484 420 nempe,
505 390 515 406 ι
532 379 691 410 Parvorum
701 379 779 410 enim
789 383 869 410 certe
881 383 968 419 atque
980 379 1030 409 in-

207 425 366 465 dignorum
384 424 577 465 principium.
595 424 652 455 nisi
673 423 811 461 Deitatis,
825 433 890 464 quae
906 424 935 454 in
956 424 1030 454 Filio

207 474 237 501 et
247 469 359 510 Spiritu
373 473 476 501 sancto
488 469 704 507 consideratur,
715 468 891 509 principium
901 468 1000 500 fuerit.
1016 476 1029 494 )

206 524 263 546 nec
277 524 337 545 non
349 519 377 545 et
391 514 460 553 illis,
481 524 492 540 ι
509 514 587 545 Deus
603 523 690 551 unus,
708 513 733 544 si
748 514 778 544 in
796 523 883 544 unam
911 522 1028 544 causam

206 559 316 591 Filium
333 563 361 590 et
384 559 526 600 Spiritum
552 558 725 589 referamus.
752 570 764 587 ι
781 559 951 598 Amplector
975 567 1029 597 ego

208 604 346 646 equidem
362 604 439 644 quod
450 603 582 643 suggeris
595 613 602 634 :
620 608 823 634 verumtamen
834 603 898 643 ipse
913 611 1030 643 quoque

207 648 335 680 auditori
350 657 487 688 suggero,
510 649 648 678 attentius
664 647 865 685 considerare,
894 647 923 677 in
940 656 1028 677 unam

208 702 326 725 causam
339 693 445 724 referri
456 692 563 723 Filium
575 696 603 723 et
614 691 769 732 Spiritum,
787 701 845 723 non
857 701 922 723 esse
931 692 1028 731 impe-

207 738 353 778 dimento,
370 737 439 777 quiu
455 737 556 768 statim
581 737 772 776 intelligatur,
789 737 846 767 alio
861 740 948 776 atque
970 736 1027 766 alio

207 782 295 813 modo
307 782 369 813 haec
380 781 485 812 eadem
495 782 530 812 ad
540 791 627 812 unam
640 790 757 812 causam
776 781 892 812 referri.
910 781 945 811 Et
960 789 1027 811 cum

207 827 320 859 nullum
332 826 410 857 aliud
422 826 641 866 sitdiscrimen,
658 826 715 857 nisi
735 825 808 857 illud
824 840 834 855 ι
846 826 985 857 continue
1001 829 1030 856 et

207 881 261 912 per
275 871 346 902 illud
363 870 442 911 quod
455 871 593 902 continue
609 875 664 908 est,
682 884 693 899 ι
708 871 781 902 nihil
795 871 881 911 plane
897 871 1030 901 adductae

207 915 544 957 syllabmconducentad
551 915 814 947 demonstrandum
827 925 860 946 ex
870 915 932 946 solo
945 916 1032 946 Patre

208 970 274 993 esse
286 960 428 1001 Spiritum
441 965 578 992 sanctum
588 960 664 993 .Imo
676 961 749 992 illud
763 962 884 1000 insuper
894 959 1032 991 conside-

207 1006 334 1037 randum
351 1009 406 1042 est,
419 1005 497 1045 quod
513 1009 632 1036 sanctus
642 1005 781 1041 insinuat,
805 1016 815 1031 ι
831 1005 947 1035 Patrem
960 1014 1030 1035 rau-

208 1060 270 1082 sam
283 1059 349 1082 esse
362 1050 496 1087 Deitatis,
513 1059 579 1090 quae
589 1050 620 1080 in
631 1050 706 1081 Filio
722 1054 751 1080 et
763 1049 873 1090 Spiritu
889 1049 1029 1080 eonside-

208 1097 292 1125 ratur
307 1104 329 1132 ;ι
343 1098 547 1125 verumtameu
556 1093 686 1134 Spiritus
695 1094 824 1125 essentia
831 1103 866 1124 ac
880 1093 1028 1129 divinitas,

209 1148 244 1170 ex
259 1138 388 1170 essentia
403 1142 432 1169 et
446 1138 598 1169 divinitate
614 1139 679 1170 Filii
689 1139 808 1175 dicitur,
823 1138 900 1178 quod
910 1138 1029 1178 quidem

209 1179 291 1210 nulla
306 1179 420 1209 ratione
432 1179 489 1209 dici
504 1179 621 1219 poterit,
637 1179 691 1209 nisi
703 1178 830 1218 Spiritus
842 1182 920 1208 esset
931 1188 964 1209 ex
980 1178 1031 1208 Pa-

209 1227 254 1254 tre
270 1233 322 1263 per
336 1223 454 1254 Filium.
468 1223 584 1254 Etenim
595 1223 620 1254 si
631 1223 706 1254 forte
721 1223 934 1254 immediateex
947 1224 1030 1252 Patre

211 1267 376 1306 exsisteret,
392 1277 543 1309 nunquam
561 1267 692 1308 profecto
708 1267 803 1298 dictus
818 1267 938 1298 fuisset:
960 1282 970 1296 α
991 1266 1031 1298 Ex

213 1312 343 1344 essentia
359 1316 388 1344 et
402 1312 518 1344 Deitate
533 1312 601 1344 Filii
616 1312 766 1353 progredi.
784 1322 794 1337 ι

453 1359 505 1391 Ea:
518 1359 619 1390 eadem
635 1360 782 1390 oratione.

250 1403 324 1436 XLI.
339 1403 454 1435 «Au-iis
461 1403 683 1443 generationem
697 1403 815 1434 modum
829 1412 866 1434 ne
888 1403 1032 1433 curiosius

215 1463 226 1479 ι
245 1448 389 1489 inquiras.
405 1448 500 1480 Audis
513 1447 655 1488 Spiritum
672 1457 705 1479 ex
722 1449 809 1479 Patre
829 1447 965 1487 progredi
976 1447 991 1477 ?
1002 1447 1032 1477 id

1074 254 1085 268 ι
1103 242 1264 282 φερομένων,
1282 251 1295 268 ι

1389 287 1566 328 Ἀντὶῤῥησις.

1108 339 1175 367 Ταῖς
1186 337 1235 369 τῆς
1270 335 1394 374 ρηθεὶσης
1437 339 1583 375 περικοπῆς
1611 335 1757 368 συλλαϐαῖς
1781 335 1891 373 ὒποτίθῃ

1070 379 1224 419 προσέχειν,
1241 385 1314 415 ταῖς,
1344 390 1356 408 ι
1374 383 1480 419 Μικρῶν
1514 380 1562 420 γὰρ
1597 379 1627 408 ἃν
1663 380 1708 414 εἴη
1729 381 1773 409 καὶ
1787 379 1891 413 ἐναξίων

1071 423 1155 464 ἀρχὴ,
1180 424 1217 461 μὴ
1238 424 1363 458 θεότητος
1384 425 1421 452 ὧν
1443 425 1527 456 αἴτιος
1554 428 1603 459 τῆς
1619 424 1649 454 ἐκ
1680 426 1733 462 Υἷῷ
1747 426 1790 453 καὶ
1805 425 1891 453 Πνεύ-

1071 479 1134 506 ματι
1156 468 1351 508 θεωρουμένης,
1367 469 1411 497 καὶ
1435 476 1509 505 ταῖς,
1539 472 1580 502 εἷς
1616 470 1664 508 μὲν
1693 471 1758 501 Θεὸς
1794 471 1830 501 εἷς
1865 469 1892 497 ἕν

1070 512 1158 541 αἴτιον
1182 513 1225 541 καὶ
1264 515 1325 542 Υἱοῦ
1353 514 1396 542 καὶ
1432 514 1584 548 Πνεύμααος
1620 514 1832 554 ἀναφερομένων,
1848 515 1892 542 καὶ

1070 556 1183 597 δέχομαί
1203 569 1249 586 σου
1271 558 1319 592 τὴν
1347 559 1492 593 ὑποθήκην.
1510 558 1592 588 Ἀλλὰ
1611 563 1650 596 τῷ
1678 560 1748 596 αὐτῴ
1775 559 1892 598 ἀκροατῇ

1069 603 1209 642 ὑποτίθῃμι
1238 605 1282 632 καὶ
1311 605 1389 637 αὒτὸς
1419 612 1530 634 σκοπεῖν
1573 604 1772 645 ἀκριϐέστερον,
1802 606 1839 636 ὼς
1861 605 1892 632 ’νέἰὶ

1070 649 1105 680 εἰς
1122 647 1148 675 ἕν
1172 648 1257 677 αἴτιον
1287 649 1456 689 ἀναφέρεσθαι
1478 651 1522 677 τὸν
1556 651 1614 678 Υἱὸν
1641 651 1684 678 καὶ
1714 651 1743 678 τὸ
1773 653 1890 687 Πνεῦμα,

1069 691 1142 721 οὐδὲν
1162 692 1186 720 τί
1208 694 1277 721 εστιν
1306 692 1426 730 ἐμποδὼν
1462 695 1526 732 πρὸς
1551 694 1580 722 τὸ
1625 702 1696 723 νοεῖν
1731 695 1889 734 παραυτίκα,

1069 738 1105 768 ὡς
1127 735 1256 776 διαφόρως
1282 741 1364 765 ταῦτα
1393 738 1457 776 πρὸς
1486 739 1517 766 τὸ
1544 740 1648 767 τοιοῦτο
1670 738 1696 767 ἕν
1719 739 1889 779 ἀναφέρονται

1069 781 1166 812 αἴτιον,
1186 782 1233 810 Καὶ
1247 782 1305 810 ἐπεὶ
1316 781 1388 810 οῦδὲν
1405 781 1469 811 ἄλλο
1483 783 1500 816 ἡ
1515 782 1624 823 διαιρορᾶ
1638 784 1659 812 εἰ
1675 784 1713 821 μὴ
1728 785 1758 812 τὸ
1778 797 1788 811 ι
1811 794 1892 822 προσ-

1071 827 1155 865 εχῶς,
1170 826 1213 854 καὶ
1239 825 1281 854 διὰ
1305 831 1352 855 τοῦ
1373 828 1526 867 προσεχῶς,
1545 835 1558 853 ι
1582 827 1654 856 οὐδέν
1687 839 1712 856 τι
1743 829 1768 856 αἱ
1797 828 1891 867 ῥηθεῖ-

1071 881 1114 898 σαι
1142 870 1319 898 συντελέσωσι
1362 870 1487 899 συλλαϐαὶ
1517 873 1582 908 πρὸς
1618 872 1748 905 ἀπόδειξιν
1775 876 1821 901 τοῦ
1863 872 1892 900 ἐκ

1072 914 1153 952 μόνου
1166 918 1212 943 τοῦ
1237 917 1338 955 Πατρὸς
1366 916 1437 944 εἴναι
1459 917 1489 944 τὸ
1524 920 1630 955 Πνεῦμα
1644 918 1675 946 τὸ
1699 918 1784 956 ἅγιον,
1803 922 1851 945 Δεῖ
1865 916 1893 944 δὲ

1071 967 1295 999 προσεπισκοπετν
1311 961 1354 989 καὶ
1376 960 1416 989 ὅτι
1450 973 1461 988 ι
1484 961 1529 989 τὸν
1558 962 1660 1002 Πατέρα
1683 962 1782 1001 αἴιιον,
1802 975 1812 989 ι
1842 962 1893 1002 ἔφη

1072 1004 1187 1043 ὂέίγιος,
1233 1018 1244 1033 α
1263 1007 1310 1038 τῆς
1337 1005 1364 1033 ἐν
1406 1007 1456 1042 Γἱῷ
1483 1006 1526 1034 καὶ
1558 1007 1689 1044 Πνεύματι
1712 1007 1894 1047 θεωρουμένης

1071 1049 1206 1082 θεότητος.
1235 1047 1348 1083 Ἀλλὰὴ
1376 1050 1421 1078 τοῦ
1447 1051 1598 1088 Πνεύματος
1625 1053 1698 1081 οὐσία
1718 1053 1762 1080 καὶ
1788 1051 1892 1087 θεότης,

1071 1093 1114 1134 καὶ
1143 1092 1173 1121 ἐκ
1194 1095 1243 1127 τῆς
1266 1093 1354 1125 οὗσίας
1396 1095 1439 1123 καὶ
1466 1095 1590 1128 θεότητος
1611 1095 1715 1134 λέγεται
1742 1097 1787 1124 τοῦ
1821 1097 1894 1126 Υἱοῦ.

1072 1131 1162 1177 ’Ὀπερ
1204 1141 1261 1170 πῶς
1288 1137 1318 1166 ἄν
1348 1137 1450 1177 ἒῤῥέθη,
1480 1140 1502 1167 εἰ
1524 1141 1562 1176 μὴ
1591 1140 1622 1168 τὸ
1649 1131 1758 1178 ’Πνεῦμα
1779 1139 1821 1168 διὰ
1849 1144 1896 1169 τοῦ

1076 1182 1137 1209 Υἱοῦ
1152 1182 1184 1215 ἧν
1207 1181 1237 1210 ἐκ
1256 1183 1377 1222 Πατρός,
1416 1182 1538 1221 Ἀμέσως
1553 1184 1603 1223 γὰρ
1626 1184 1691 1216 ἴσως
1713 1185 1833 1224 ὑπάρχον
1865 1185 1896 1212 ἐκ

1070 1229 1117 1254 τοῦ
1132 1227 1245 1264 Πατρὸς,
1262 1226 1309 1255 οὒκ
1322 1226 1351 1254 ἄν
1373 1238 1436 1255 ποτε
1463 1227 1564 1267 έῤῥέθη.
1596 1227 1644 1257 Ἐκ
1664 1230 1713 1263 τῆς
1741 1229 1829 1260 obuia;
1851 1230 1896 1258 καὶ

1072 1271 1196 1304 θεότητος
1211 1275 1257 1300 τοῦ
1275 1273 1335 1300 Τὶοῦ
1350 1271 1456 1310 προϊόν,

1261 1359 1312 1385 Τοῦ
1327 1358 1405 1386 αὖτοῦ
1421 1356 1451 1385 ἐκ
1464 1359 1510 1384 τοῦ
1527 1357 1604 1386 αὐτοῦ
1618 1357 1709 1397 λόγου,

1114 1395 1183 1430 ΜΑ’.
1203 1414 1215 1431 ι
1234 1400 1350 1433 Ἀκούεις
1371 1401 1512 1440 γέννησιν;
1541 1401 1576 1430 Τὸ
1597 1395 1661 1434 πῶς
1751 1404 1895 1442 περιεργά-

1077 1457 1088 1473 ι
1105 1448 1160 1480 ζου.
1179 1443 1298 1477 Ἀκούεις
1326 1445 1366 1474 ὅτι
1401 1449 1506 1483 Πνεῦμα
1526 1446 1556 1474 τὸ
1592 1448 1686 1485 προϊὸν
1711 1447 1741 1476 ἐκ
1769 1449 1814 1476 τοῦ
1836 1451 1896 1476 Πα-

213 1508 226 1526 ‹
245 1494 393 1535 quomodo
405 1494 465 1531 ﬁat,
478 1503 516 1524 ne
526 1493 612 1524 anxio
624 1493 722 1524 studio
735 1492 1023 1532 perscruteris.Quoc

1107 1489 1190 1528 rpdc;
1227 1491 1262 1518 Τὸ
1284 1490 1356 1522 ὅπως
1380 1491 1417 1528 μὴ
1442 1490 1668 1530 πολυπραγμόνει,
1693 1493 1722 1521 Εἰ
1747 1491 1774 1520 δὲ
1805 1493 1894 1521 πολυ-

215 1539 263 1570 «si
278 1538 307 1570 id
326 1538 392 1570 Filii
415 1538 605 1578 generatione
629 1543 658 1568 et
674 1537 802 1578 Spiritus
826 1537 1023 1576 progressiom

1107 1541 1272 1578 πραγμονεῒς
1306 1536 1366 1563 Υἱοῦ
1407 1535 1540 1575 γέννησιν,
1570 1537 1613 1564 καὶ
1642 1537 1792 1574 Πνεύματος
1825 1538 1896 1576 πρό-

216 1599 227 1614 ι
244 1577 469 1624 pervestiganda
484 1582 633 1613 curiosum
651 1586 678 1612 te
695 1581 820 1622 praebes,
847 1591 900 1620 ego
916 1591 1023 1621 quoqut

1107 1577 1175 1615 οδον,
1193 1579 1268 1618 κάγώ
1284 1591 1330 1609 σου
1343 1579 1556 1619 πολυπραγμονῶ
1572 1581 1601 1608 τὸ
1627 1585 1715 1621 κρᾶμα
1737 1584 1829 1622 ψυχῆς
1851 1583 1897 1610 καὶ

214 1641 225 1656 ι
243 1627 308 1668 pari
321 1627 493 1658 curiositate
516 1631 594 1657 tuam
624 1626 729 1657 animae
749 1628 940 1666 corporisque
958 1636 1032 1657 con-

212 1685 225 1703 ‹
239 1671 426 1712 junctionem
442 1675 471 1702 et
487 1669 756 1711 temperamentum
773 1670 933 1710 inquiram.
954 1683 966 1699 ι»

492 1716 738 1748 Animadversio.

253 1770 265 1786 α
281 1759 365 1797 Quod
380 1760 427 1791 hic
436 1760 581 1802 asseritur
595 1759 800 1800 planissimum
813 1763 868 1797 est,
883 1764 911 1791 et
926 1770 1032 1800 supra-

213 1818 224 1834 ι
243 1804 330 1836 dictis
345 1805 423 1836 haud
439 1804 596 1837 dissimile.
613 1806 688 1836 Nam
717 1804 766 1835 hic
782 1805 871 1835 etiam
897 1815 930 1836 ex
946 1806 1033 1837 Patre

212 1860 225 1876 α
242 1853 271 1880 et
284 1848 378 1880 Filius
393 1853 423 1880 et
436 1849 563 1890 Spiritus
578 1853 680 1889 aperte
692 1849 891 1880 insinuantur.
909 1862 919 1876 ι

539 1894 707 1934 Refulatt'o.

251 1938 362 1979 Aperte
378 1938 521 1979 profecto,
539 1939 620 1980 quod
635 1939 685 1970 hic
707 1939 862 1977 astruitur,
886 1949 920 1970 ex
945 1940 1033 1970 Patre

211 1992 277 2014 esse
293 1988 323 2014 et
334 1983 441 2015 Filium
457 1983 634 2024 etSpiritum
649 1983 831 2014 corroborat.
849 1984 887 2015 At
914 1984 1032 2023 planum

211 2037 330 2068 quoque
336 2033 381 2058 est
391 2027 709 2068 intelligere,eamdem
723 2029 893 2068 pericopem
907 2028 1033 2058 maxime

209 2071 456 2110 illisconducere,
472 2073 522 2113 qui
535 2082 570 2104 ex
584 2074 669 2105 Patre
676 2077 705 2105 et
718 2073 795 2103 Filio
814 2081 879 2103 esse
890 2071 1033 2112 Spiritum

210 2121 344 2148 sanctum
351 2119 594 2150 autumant.Cum
601 2119 680 2150 enim
687 2122 809 2150 sanctus
829 2117 951 2148 dixisset
963 2116 1033 2157 Spi-

210 2161 299 2193 ritum
316 2163 456 2202 progredi
480 2172 516 2194 ex
539 2163 635 2202 Patre,
653 2168 682 2195 et
696 2163 858 2194 dictionem
874 2162 953 2192 illam
969 2162 1032 2192 loco

209 2207 414 2248 processionis
429 2213 611 2249 usurpasset,
627 2209 713 2249 plane
729 2207 925 2239 manifestavit
951 2216 1030 2244 eum,

210 2253 262 2291 qui
277 2261 312 2283 ex
327 2253 415 2284 Patre
429 2256 457 2283 et
471 2253 546 2284 Filio
560 2253 703 2294 Spiritum
719 2251 860 2293 progredi
870 2250 986 2285 asserit.
997 2260 1031 2281 ex

209 2300 337 2338 utroque
351 2297 431 2328 illius
446 2298 651 2329 exsistentiam
665 2298 809 2329 indicare.

270 2342 419 2379 Eiusdem
433 2351 471 2374 ea:
483 2343 619 2374 oratione
637 2344 669 2374 in
696 2343 817 2374 laudem
842 2342 972 2372 Heronis

523 2382 715 2423 Philosophi.

251 2425 336 2457 XLII.
346 2427 439 2463 «Quin
446 2427 563 2467 pietatis
570 2432 678 2459 nostrae
687 2428 851 2459 doctrinam
862 2425 1032 2466 praescribe,

214 2485 225 2501 ι
242 2470 286 2501 sic
297 2480 352 2502 nos
378 2471 546 2505 instituens.
573 2476 605 2503 ut
633 2473 726 2504 Deum
753 2481 844 2504 unum
867 2470 1030 2509 mgenitum

214 2525 225 2541 α
241 2525 447 2555 agnoscamus,
459 2516 514 2547 hec
529 2517 804 2557 estPatrem,unum
819 2517 886 2547 item
897 2515 1029 2555 genitum

212 2573 225 2591 ι
241 2560 524 2601 Dominum,Filium
538 2561 687 2600 videlicet,
704 2563 835 2603 quiDeus
846 2561 1030 2602 quidemap-

214 2619 225 2636 ε
242 2605 378 2646 pellatur,
394 2615 461 2637 cum
478 2606 515 2637 de
530 2615 565 2637 eo
586 2608 745 2647 separatim
771 2616 869 2638 sermo
892 2605 1029 2645 habetur,

214 2665 225 2681 ι
242 2650 386 2682 Dominus
397 2655 493 2681 autem
510 2651 627 2690 quando
643 2661 709 2682 cum
736 2653 823 2684 Patre
847 2651 1027 2685 nominatur,

212 2711 224 2727 ι
245 2695 318 2727 illud
334 2700 456 2738 propter
464 2699 610 2734 naturam,
621 2696 678 2728 hoc
689 2701 810 2738 propter
819 2695 941 2727 unicum
953 2695 1029 2725 divi-

213 2757 225 2773 α
242 2741 342 2773 nitatis
371 2741 582 2782 principatum,
613 2751 704 2773 unum
732 2742 862 2782 denique
885 2740 1029 2781 Spiritum

213 2801 224 2817 ι
233 2786 486 2828 sanctum,aPatre
497 2785 776 2829 procedentem,aut
786 2787 874 2819 etiam
883 2785 1031 2827 prodeun-

1077 1635 1087 1650 ι
1112 1623 1247 1660 σώματος.
1266 1635 1276 1649 ι

1406 1709 1562 1740 Ἐπιο-τασία

1115 1770 1125 1786 ε
1143 1757 1312 1800 Σαφέστατον
1326 1759 1356 1787 τὸ
1372 1759 1479 1788 ἐνταῦθα
1505 1759 1662 1800 λεγόμενσν,
1691 1761 1807 1793 καὶτοῖς
1827 1773 1898 1800 προ-

1075 1813 1088 1830 (
1105 1799 1213 1829 λαϐοῦσι
1246 1802 1403 1842 παρόμοιον.
1448 1803 1496 1833 Ἐκ
1529 1808 1576 1833 τοῦ
1613 1806 1714 1844 Πατρὸς
1752 1805 1801 1844 γὰρ
1829 1799 1897 1833 κειν-

1075 1857 1088 1874 ι
1101 1847 1181 1874 ταῦθα
1196 1845 1210 1874 ὅ
1232 1857 1261 1874 τε
1289 1848 1348 1879 Υἱὸς
1363 1849 1406 1876 καὶ
1418 1849 1449 1876 τὸ
1464 1850 1568 1886 Πνεῦμα
1583 1849 1752 1889 κηρύσσεται,
1772 1859 1784 1876 ι

1396 1892 1568 1933 Ἀντῖῤῥησις.

1115 1935 1202 1975 Σαφὲς
1237 1936 1286 1973 μὲν
1314 1937 1344 1965 τὸ
1379 1936 1486 1965 ἐνταῦθα
1528 1937 1682 1977 λεγόμενον,
1727 1940 1770 1967 καὶ
1798 1938 1828 1967 ἐκ
1852 1943 1901 1968 τοῦ

1075 1980 1176 2020 Πατρὸς
1211 1980 1282 2009 εἶναι
1313 1979 1393 2015 δηλοῖ
1430 1983 1474 2010 καὶ
1501 1983 1577 2011 αὐτὸν
1612 1984 1657 2011 τὸν
1697 1984 1756 2011 Υἱὺν
1791 1984 1835 2012 καὶ
1869 1985 1899 2012 τὸ

1075 2028 1192 2062 Πνεῦμα.
1210 2026 1295 2066 Σαφές
1311 2025 1338 2054 δέ
1363 2026 1417 2055 ἐστι
1445 2026 1557 2056 συνιδεῖν
1582 2029 1626 2056 καὶ
1654 2029 1690 2060 ὡς
1720 2029 1737 2062 ἡ
1763 2029 1899 2067 περικοπὴ

1075 2069 1141 2104 αὕτη
1157 2069 1301 2108 συμϐάλλει
1317 2072 1383 2100 κατὰ
1407 2072 1473 2101 πολὺ
1502 2079 1560 2105 τοῖς
1585 2073 1706 2113 λέγουσιν
1737 2073 1767 2102 ἐκ
1794 2075 1899 2113 Πατρὸς

1075 2115 1116 2142 καὶ
1146 2115 1206 2143 Υἰοῦ
1236 2115 1307 2144 εἶναι
1335 2117 1366 2145 τὸ
1394 2120 1499 2154 Πνεῦμα
1525 2118 1555 2145 τὸ
1584 2117 1670 2156 ἅγιον.
1708 2119 1796 2147 Εἰπὼν
1815 2119 1866 2158 γὰρ
1884 2120 1898 2147 ὁ

1044 2159 1150 2205 Ι)6ί-γιος
1185 2160 1222 2205 τὸ,
1237 2163 1343 2199 Πνεῦμα
1371 2163 1465 2201 προϊὸν
1495 2161 1525 2190 ἐκ
1560 2163 1661 2198 Πατρὸς
1689 2163 1731 2191 καὶ
1754 2164 1896 2203 χρήσαμε-

1075 2215 1118 2236 νος
1141 2207 1174 2242 τῇ
1195 2203 1262 2237 λέξει
1278 2205 1333 2233 ἀντὶ
1363 2207 1411 2240 τῆς
1436 2207 1625 2246 ἓκπορεύσεως,
1656 2208 1746 2246 σαφῶς
1777 2206 1899 2242 δεδήλω-

1073 2259 1117 2276 κεν
1133 2249 1169 2280 ὡς
1204 2250 1217 2277 ὁ
1239 2249 1269 2277 ἐκ
1291 2251 1392 2290 Πατρὸς
1421 2252 1464 2279 καὶ
1499 2252 1559 2281 Υἶοῦ
1587 2253 1616 2279 τὸ
1643 2255 1747 2288 Πνεῦμα
1776 2252 1898 2291 προϊέναι

1074 2292 1159 2332 λέγων
1175 2294 1223 2327 τὴν
1245 2293 1275 2322 ἐκ
1296 2295 1396 2335 ἀμφοῖν
1412 2296 1533 2333 σημαίνει
1549 2296 1627 2325 αὐτοῦ
1648 2296 1767 2335 ὕπαρξιν.

1136 2343 1186 2372 Τοῦ
1211 2343 1289 2372 αὐτοῦ
1303 2344 1330 2373 ἐν
1358 2349 1403 2374 τοῦ
1432 2346 1467 2377 εἷς
1497 2340 1609 2384 ’Ἠρωνα
1624 2346 1669 2373 τὸν
1693 2344 1835 2386 φιλόσοφον

1435 2385 1514 2425 λόγου
1519 2410 1526 2416 ,

1118 2423 1184 2458 ΜΒ”.
1207 2443 1217 2458 ι
1235 2424 1334 2465 Ὀρίζου
1350 2429 1376 2457 δέ
1397 2431 1440 2458 καὶ
1465 2423 1515 2464 τὴν
1535 2430 1583 2464 τὴν
1605 2429 1737 2470 ἡμετέραν
1752 2429 1896 2466 εὐσέϐειαν,

1078 2485 1089 2502 ι
1106 2471 1234 2501 διδάσκων
1252 2473 1296 2501 ἕνα
1323 2474 1371 2505 μὲν
1401 2475 1471 2503 εἶναι
1500 2475 1564 2503 Θεὸν
1593 2475 1736 2514 ἆγέννῃτον
1764 2476 1810 2502 τὸν
1840 2478 1898 2502 Πα-

1076 2531 1087 2546 ι
1102 2517 1175 2556 τέρα,
1194 2517 1239 2545 ἕνα
1260 2517 1287 2545 δέ
1303 2520 1429 2557 γεννητὸν
1458 2520 1549 2558 Κύριον
1571 2520 1615 2547 τὸν
1649 2520 1707 2547 Υἱόν
1724 2527 1731 2534 ’
1756 2519 1820 2547 Θεὸν
1837 2520 1896 2559 μὲν,

1075 2560 1164 2589 ιὸταν
1195 2561 1253 2590 καθ’
1290 2563 1383 2591 ἑαυτὸν
1412 2563 1522 2603 λέγηται
1557 2563 1826 2604 προσαγορευόμενον,
1849 2565 1886 2592 Κύ

1077 2617 1157 2644 apto:
1185 2605 1223 2646 δὲ,
1259 2606 1321 2635 ὅταν
1349 2608 1416 2646 μετᾶ
1454 2609 1554 2647 Πατρὸς
1582 2607 1767 2645 ὀνομάζηται·
1797 2609 1828 2635 τὸ
1850 2609 1901 2645 μὲν

1075 2663 1086 2679 ι
1110 2650 1152 2679 διὰ
1166 2651 1216 2686 τήν
1230 2652 1316 2692 φύσιν,
1347 2653 1377 2681 τὰ
1403 2652 1431 2681 δὲ
1460 2652 1501 2681 διὰ
1530 2653 1578 2686 τὴν
1601 2652 1760 2692 μοναρχίαν,
1786 2646 1840 2681 ’Ἑν
1870 2651 1900 2680 δὲ

1075 2707 1087 2723 ι
1105 2699 1210 2734 Πνεῦμα
1244 2696 1330 2737 ἅγιον,
1361 2697 1486 2737 προελθὸν
1510 2697 1540 2726 ἐκ
1578 2700 1624 2726 τοῦ
1653 2697 1767 2736 Πατρὸς,
1807 2696 1826 2730 ἢ
1855 2697 1901 2725 καὶ

1077 2755 1088 2771 ι
1110 2742 1217 2779 προϊὸν,
1236 2741 1300 2773 Θεὸς
1330 2749 1388 2774 τοῖς
1412 2745 1514 2776 νοητῶς
1538 2742 1625 2770 νοοῦσι
1650 2742 1683 2769 τὰ
1704 2742 1901 2781 παρακείμενα,

1076 2795 1088 2812 ι
1110 2791 1168 2816 τοῖς
1195 2785 1244 2822 μὲν
1266 2785 1370 2815 ἀσεϐέσι
1386 2787 1429 2815 καὶ
1462 2786 1673 2826 πολεμούμενον,
1691 2793 1750 2818 τοῖς
1777 2784 1804 2813 δὲ
1832 2786 1900 2826 ὑπὲρ
