1966 3073
80 131 139 168 473

84 213 99 230 «
121 203 240 244 τούτους,

88 259 97 276 ‹
124 250 167 278 καὶ
183 249 326 290 λεγόμενον
343 260 350 267 ·
368 252 438 290 μὴτε
459 253 511 281 ὑπὸ
539 253 628 293 ἀρχὴν
657 260 744 282 ποιεῖν
769 254 815 282 τὸν
852 257 909 281 Πα-

87 302 98 320 α
123 293 197 334 τέρα,
215 295 259 323 ἵνα
284 296 322 334 μὴ
350 300 396 325 τοῦ
417 297 521 337 πρώτου
548 309 573 326 τι
595 299 699 337 πρῶτον
714 296 909 338 εἰσαγάγωμεν,

89 348 104 365 ι
185 339 214 367 οὗ
236 341 280 369 καὶ
307 341 337 369 τὸ
374 343 444 370 εἶναι
479 342 576 381 πρώτῳ
591 343 824 382 περιτραπήσεται,
842 344 910 381 μήτε

89 392 101 408 ι
127 381 244 423 ἄναρχον
259 384 304 412 τὸν
334 386 405 422 Υἱὸν,
431 385 450 420 ἢ
465 387 496 414 τὸ
512 389 617 424 Πνεῦμα
637 381 769 426 τὸγᾶγιον,
798 386 843 414 ἴνα
873 387 911 424 μὴ

87 437 102 454 «
126 427 156 455 τὸ
183 432 228 457 τοῦ
254 429 357 469 Πατρὸς
395 429 463 458 ἴδιον
507 429 682 470 περιέλωμεν.
723 433 776 460 Οὐκ
806 429 911 471 ἅιαρχα

88 481 101 498 Ι
125 471 186 511 γὰρ,
216 474 259 502 καὶ
294 474 398 514 ἅναρχα
425 486 481 508 πως
506 483 513 490 ·
545 476 559 504 ὃ
594 476 638 503 καὶ
666 475 821 515 παράδοξον.
858 477 911 505 Οὐκ

88 527 102 542 ε
126 515 230 557 ἄναρχοι
259 522 308 555 μὲν
337 520 386 559 γὰρ
415 522 453 556 τῷ
475 521 559 558 αἷτίῷ,
596 520 626 548 ἐκ
645 521 711 549 Θεοῦ
730 521 789 560 γὰρ,
820 521 841 548 εἱ
867 520 910 548 καὶ

87 570 102 587 α
125 561 164 598 μὴ
186 561 244 599 μετ’
259 564 348 602 αὐτὸν,
365 565 401 596 ὡς
423 563 448 597 ἐξ
472 564 548 599 ἡλίου
577 568 632 605 φῶς
649 572 657 580 ⁸
687 564 792 604 ἄναρχοι
818 564 844 592 δὲ
872 568 910 602 τῷ

88 615 102 631 α
126 605 216 645 χρόνῳ
232 614 239 621 ‘
257 609 286 636 οὔ
301 608 351 647 γὰρ
377 609 427 637 ὑπὸ
449 609 557 649 χρόνον⁷
575 609 619 637 ἵνα
641 610 680 648 μὴ
702 610 732 637 τὸ
746 609 803 648 ῥέον
825 612 843 647 ᾖ
856 612 909 637 τῶν

89 658 100 676 α
125 650 247 679 ἑστώτων
262 652 448 693 πρεσϐύτερον.
467 664 477 679 ι

602 141 644 172 ΙΝ
667 140 863 173 CAMATERI
884 139 1259 174 ANIMADVERSIONES.

292 204 447 244 νοούμενον,
497 213 556 239 τοῖς
590 206 844 247 πνευματικωτέροις
878 205 905 234 δὲ

983 207 1154 245 tem,Deum
1165 217 1282 249 quoque
1293 208 1390 248 ipsum
1407 207 1483 248 apud
1497 217 1547 239 eos
1560 217 1568 249 ;
1581 209 1630 249 qui
1647 216 1692 245 ea,
1709 215 1775 247 qua

1711 138 1773 172 474

956 265 966 281 ι
983 256 1183 292 apponuntur,
1210 253 1345 293 apprime
1369 252 1550 292 intelligunt,
1566 253 1616 294 qui
1626 252 1662 283 ab
1675 251 1776 292 impiis

956 311 966 326 ι
983 297 1103 336 quidem
1114 298 1203 328 etiam
1215 297 1456 338 oppugnatur,ab
1469 298 1505 328 iis
1518 302 1614 329 autem
1628 298 1677 338 qui
1687 305 1777 336 supra

956 355 967 371 α
984 350 1035 372 εοε
1044 346 1213 382 assurgunt,
1225 343 1323 373 animo
1347 341 1485 373 et’mente
1497 342 1662 382 concipitur
1675 353 1682 379 ;
1694 341 1730 372 ab
1740 341 1776 372 iis

956 400 967 415 ι
983 395 1063 422 vero,
1082 387 1131 427 qui
1147 387 1241 427 magis
1265 387 1414 428 spiritales
1429 391 1508 425 sunt,
1526 388 1612 417 etiam
1630 386 1773 427 praedica—

956 448 966 461 ι
984 435 1042 462 tur.
1056 431 1129 462 Illud
1155 431 1227 462 item
1253 431 1424 472 praescribe,
1442 438 1472 462 ut
1498 442 1552 463 nec
1570 432 1645 462 Patri
1661 431 1772 471 princi-

955 491 966 506 ιι
984 475 1064 515 pium
1074 475 1290 517 tribuamus,ne
1304 477 1374 517 quid
1384 477 1478 517 primo
1490 477 1572 516 prius
1583 477 1771 515 inducamus,

953 534 966 550 ιι
983 529 1016 550 ex
1027 530 1085 560 quo
1106 520 1148 558 id,
1174 521 1252 560 quod
1269 521 1395 561 primum
1412 526 1466 558 est,
1490 522 1634 561 originem
1651 521 1773 551 traxisse

955 579 966 594 α
985 574 1107 595 necesse
1133 565 1191 600 sit;
1218 575 1272 596 nec
1299 566 1403 596 Filium
1437 570 1465 596 et
1480 565 1620 606 Spiritum
1638 570 1770 596 sanctum

953 622 964 638 ‹
984 609 1122 649 principii
1151 614 1287 650 expvrtes
1315 620 1380 641 esse
1402 615 1578 644 astruamus,
1596 619 1632 640 ne
1648 609 1727 641 Patri
1742 609 1771 639 id

955 669 965 683 ιι
982 654 1057 693 quod
1071 654 1126 693 ipsi
1138 655 1288 694 proprium
1300 660 1355 691 est,
1366 655 1542 686 adimauius.
1560 654 1604 686 Ili
1620 663 1729 695 qutppe
1745 658 1774 684 et

88 704 99 722 ιι
115 693 262 739 principio
279 697 400 728 minime
417 701 530 736 carent,
560 702 589 729 et
603 698 822 739 quodammodo
839 701 940 729 carent
957 709 965 734 ;
984 698 1061 738 quod
1078 693 1149 729 sane
1164 693 1244 729 dictu
1259 699 1366 729 mirum
1382 705 1435 730 est.
1455 700 1519 730 Non
1534 699 1614 729 enim
1629 693 1772 738 quantum

87 749 98 767 α
119 738 167 784 rad
196 749 314 771 causam
342 742 488 782 principio
516 738 630 780 carent,
658 752 693 774 ex
720 743 781 774 Deo
810 743 889 773 enim
905 747 984 776 sunt.
1015 742 1083 774 licet
1099 752 1156 773 non
1185 744 1362 783 postipsum
1392 744 1640 784 quemadmodum
1658 753 1692 773 ex
1710 743 1772 774 sole

85 795 100 811 α
117 783 231 822 lumen,
262 786 314 816 sed
345 792 486 827 quantum
516 787 552 818 ad
578 792 695 828 tempus
721 787 860 828 principii
882 791 950 818 sunt
967 791 1113 827 expertes.
1132 788 1193 819 Nec
1210 789 1288 818 enim
1317 783 1441 828 tempori
1463 788 1588 827 subjecti
1605 792 1682 817 sunt.
1700 788 1770 817 Nam

86 839 100 855 α
124 828 235 869 alioqui
262 830 342 870 quod
371 832 482 863 ﬂuxum
506 836 550 862 est
563 831 612 868 iis,
642 841 707 873 qua;
720 832 835 864 stabilia
852 836 934 869 sunt,
959 836 987 862 et
1008 831 1085 872 quod
1112 841 1170 862 non
1187 837 1230 863 est
1245 833 1290 866 iis,
1320 842 1385 872 qua}
1401 838 1477 871 sunt,
1497 833 1576 873 prius
1591 837 1678 872 atque
1693 831 1772 862 anti-

86 882 100 902 «
117 873 204 913 quius
220 878 309 906 esset.
330 887 342 905 ι)

419 924 586 956 Ἐπιστασία.

128 986 139 1002 ε
165 970 241 1016 Ὀρᾷς
283 976 414 1006 κάνταῦθα
454 978 484 1006 ἐκ
521 979 567 1007 τοῦ
597 979 698 1018 Πατρὸς
727 978 865 1019 προελθόν,
891 979 909 1014 ἢ

86 1031 99 1047 «
123 1021 166 1048 καὶ
181 1021 380 1062 προερχόμενον
395 1024 426 1050 τὸ
441 1026 567 1061 Πνεῦμα;
585 1034 598 1050 ιι

418 1068 593 1109 Ἀντίῤῥησις,

124 1110 202 1154 Ὀρᾷν
228 1115 270 1143 δεῖ
299 1116 335 1148 ὡς
356 1116 486 1145 κάνταῦθα
523 1116 553 1144 ἐκ
572 1121 619 1146 τοῦ
643 1117 742 1157 Πατρός
770 1117 905 1157 προελθὸν,

82 1160 100 1194 ἣ
130 1160 174 1187 καὶ
203 1161 298 1199 προϊὸν
313 1161 326 1188 ὁ
348 1159 422 1199 ἅγιος
452 1159 502 1201 ἔφη
524 1162 554 1189 τὸ
571 1165 676 1199 Πνεῦμα
694 1172 700 1179 ·
717 1161 776 1190 ἀλλ’
792 1163 854 1201 ὁρᾷν
868 1161 909 1190 δεῖ

83 1204 127 1232 καὶ
155 1203 194 1232 ὅτι
222 1208 274 1233 πᾶν
304 1204 418 1233 ἐντεῦθεν
448 1205 595 1245 πέφρακται
624 1206 709 1245 στόμα
731 1210 784 1235 τῶν
813 1206 908 1245 λεγόν-

80 1259 135 1276 των
158 1248 287 1289 διαφέρειν
323 1249 364 1278 ἐπὶ
392 1252 445 1281 τῶς
473 1249 585 1289 προόδου
618 1254 665 1279 τοῦ
700 1252 850 1289 Πνεύματος
879 1251 909 1279 τὸ

82 1294 204 1332 προϊέναι
225 1297 271 1323 τοῦ
292 1294 487 1333 ἐκπορεύεσθαι,

316 1386 368 1415 Τοῦ
382 1386 460 1415 αὐτοῦ
481 1385 510 1415 ἐκ
524 1390 570 1414 τοῦ
584 1387 673 1418 αὐτοῦ.

122 1425 190 1461 Ἀπ’.
224 1446 236 1461 α
252 1431 373 1465 Ἀληθῶς
395 1430 470 1470 ἅγιον
495 1433 525 1460 τὸ
540 1435 646 1470 Πνεῦμα
660 1433 691 1461 τὸ
705 1432 791 1472 ἅγιον,
808 1435 844 1463 Οὐ
858 1435 908 1475 γὰρ

83 1485 96 1502 α
123 1474 189 1505 ἄλλο
216 1480 347 1512 τοιοῦτον,
377 1476 434 1505 οὐδὲ
468 1476 550 1509 οὕτως
585 1478 621 1509 ὡς
655 1479 686 1505 'ex
719 1479 871 1517 προσθήκης
893 1481 907 1508 ὁ

85 1531 99 1547 α
122 1520 266 1560 ἁγιασμὸς,
304 1521 363 1550 ἀλλ’
392 1523 455 1551 αὖτὸ
483 1521 594 1560 ὰγιότης
612 1531 619 1538 ·
656 1521 713 1550 οδόὲ
742 1522 843 1559 μᾶλλον
865 1525 907 1552 καὶ

85 1577 99 1592 ε
122 1567 203 1599 ἦττον
221 1574 227 1581 '
252 1565 309 1595 οὒδὲ
342 1565 485 1606 ἂρξάμενον
507 1570 650 1606 χρονικιῐκ,
680 1566 698 1601 ἢ
728 1567 905 1605 παυσόμενον.

85 1619 97 1638 α
123 1611 216 1639 Κοινὸν
245 1612 295 1650 γὰρ
323 1612 404 1648 Πατρὶ
433 1611 482 1648 μὲν
515 1611 558 1638 καὶ
588 1611 641 1648 Υἶῷ
664 1612 708 1639 καὶ
736 1611 802 1650 ἆγίῳ
826 1613 907 1641 Πνεύ-

85 1666 97 1682 ι
123 1667 188 1694 ματι
209 1656 239 1684 τὸ
261 1656 300 1693 μὴ
322 1655 470 1695 γεγονέναι,
495 1656 539 1683 καὶ
563 1656 580 1689 ἡ
596 1655 701 1692 θεότης,
734 1657 786 1693 Υἱῷ
812 1656 838 1684 δὲ
866 1658 909 1685 καὶ

85 1711 98 1728 ιι
125 1700 193 1739 ἁγιῳ
214 1701 389 1738 Πνεόματιτὺ
412 1700 442 1728 ἐκ
471 1703 517 1729 τοῦ
546 1699 659 1739 Πατρός,
675 1700 742 1729 ἴδιον
758 1701 784 1729 δὲ
808 1702 907 1740 Πατρός

81 1755 95 1772 α
121 1745 171 1783 μὲν
186 1746 204 1779 ἦ
219 1745 372 1785 ἆγεννησία,
403 1746 464 1773 Υἱοῦ
497 1744 524 1772 δὲ
550 1745 567 1779 ἡ
597 1744 730 1784 γέννησις,
756 1746 907 1784 Πνεύματος

83 1801 95 1817 ι
120 1789 148 1818 δέ
168 1791 186 1824 ἡ
216 1790 382 1829 ἑκπόρευσις.
413 1790 442 1818 El
468 1788 495 1816 δὲ
523 1790 568 1817 τὸν
597 1789 693 1829 τρόπον
720 1790 856 1825 ἐπιζητεῖς
884 1791 908 1819 τί

84 1845 98 1862 α
121 1833 292 1872 καταλείψεις
333 1841 392 1865 τοῖς
429 1834 521 1871 μόνοις
555 1833 695 1872 γινώσκειν
723 1833 828 1868 ἄλληλα
862 1836 906 1863 καὶ

83 1890 97 1906 ι
120 1879 294 1918 γινώσκεσθαι
308 1878 353 1907 ὑπ’
369 1878 494 1914 ἀλλήλων
510 1878 740 1917 μαρτυρουμένοις.
761 1890 773 1906 ι

1240 924 1262 954 Α
1271 924 1482 954 uimadversio.

993 991 1004 1006 ι
1024 976 1113 1007 Vides
1128 977 1175 1007 hic
1190 986 1307 1017 quoque
1323 987 1356 1007 ex
1373 978 1460 1008 Patre
1470 977 1618 1017 progredi,
1632 976 1772 1017 procede—

952 1033 964 1048 α
982 1031 1073 1061 reque
1087 1020 1229 1062 Spiritum
1246 1027 1378 1053 sanctum
1390 1025 1404 1053 τί
1422 1037 1434 1052 ι)

1281 1068 1445 1108 Rofututio.

989 1114 1092 1156 Neque
1104 1115 1201 1146 minus
1210 1116 1258 1146 hic
1268 1115 1563 1148 animadvertendum
1576 1120 1632 1151 est,
1640 1120 1773 1146 sanctum

951 1169 985 1190 ex
1003 1161 1085 1191 Patre
1115 1169 1301 1200 promanare,
1318 1165 1368 1191 aut
1387 1161 1548 1200 procedere
1573 1161 1713 1202 Spiritum
1728 1162 1775 1191 di-

951 1204 1028 1235 xisse
1045 1228 1051 1234 .
1069 1209 1269 1235 verumtamen
1287 1209 1315 1236 et
1326 1205 1397 1236 illud
1411 1215 1528 1246 quoque
1543 1205 1773 1241 observandum,

952 1249 1020 1279 hinc
1037 1258 1138 1280 eorum
1155 1258 1188 1279 os
1203 1250 1278 1280 ObSll
1289 1249 1329 1286 ui,
1346 1250 1396 1290 qui
1409 1250 1594 1281 contendunt
1609 1251 1639 1280 in
1655 1259 1772 1290 proma-

951 1293 1070 1324 natione
1083 1293 1224 1334 Spiritus,
1242 1294 1322 1324 aliud
1347 1303 1413 1325 esse
1437 1295 1586 1335 progredi,
1607 1294 1686 1325 aliud
1703 1304 1773 1334 pro-

950 1338 1071 1370 cedere.

1198 1385 1343 1425 Ejusdem
1357 1394 1398 1416 ρας
1409 1386 1522 1417 eadem.

988 1430 1088 1463 XLIII.
1100 1446 1112 1462 ς
1130 1431 1272 1471 Spiritum
1284 1436 1419 1462 sanctum
1432 1441 1500 1463 vere
1509 1435 1643 1463 sanctum
1656 1441 1663 1464 :
1677 1441 1774 1472 neque

952 1490 963 1506 ι
981 1476 1059 1507 enim
1076 1476 1151 1507 alius
1166 1476 1232 1506 talis
1247 1479 1300 1507 est.
1320 1485 1374 1506 nec
1390 1479 1496 1506 eodem
1515 1477 1614 1511 modo,
1625 1486 1724 1517 neque
1739 1485 1774 1507 ex

954 1521 1151 1551 .accessione
1181 1520 1366 1551 sanctitatem
1397 1521 1495 1559 habet,
1525 1521 1576 1551 sed
1592 1526 1636 1551 est
1649 1521 1774 1561 ipsamet

955 1582 965 1596 ι
983 1566 1132 1605 sanctitas,
1149 1575 1202 1595 nec
1220 1566 1312 1604 magis
1329 1569 1358 1596 et
1376 1566 1485 1606 minus,
1500 1575 1555 1597 nec
1570 1576 1626 1606 quo
1642 1567 1678 1597 ad
1694 1570 1773 1596 tem-

955 1625 965 1640 ε
986 1619 1039 1650 pus
1055 1610 1198 1648 originem
1217 1619 1344 1650 unquam
1358 1610 1470 1648 habuit,
1489 1619 1543 1642 nec
1559 1611 1647 1641 ﬁnem
1661 1610 1774 1641 habitu-

955 1669 965 1684 α
981 1664 1031 1685 rus
1047 1659 1101 1685 est.
1114 1654 1175 1685 Hoc
1188 1655 1266 1685 enim
1280 1655 1359 1685 Patri
1372 1659 1400 1685 et
1413 1655 1488 1686 Filio
1499 1660 1528 1686 et
1539 1655 1772 1695 Spirituisancto

955 1715 965 1729 ι
981 1709 1140 1730 commune
1157 1704 1212 1740 est,
1230 1701 1307 1740 quod
1330 1699 1452 1730 minime
1468 1700 1561 1730 creati
1576 1705 1645 1730 sunt
1662 1708 1669 1730 :
1687 1704 1775 1740 atque

954 1760 964 1774 ι
981 1744 1044 1784 ipsa
1055 1744 1204 1775 divinitas.
1217 1744 1278 1774 Hoc
1291 1749 1391 1775 autem
1403 1744 1476 1775 Filio
1485 1749 1514 1775 et
1524 1743 1649 1785 Spiritui
1660 1748 1773 1780 sancto,

951 1803 962 1818 ι
981 1790 1058 1829 quod
1076 1793 1200 1829 uterque
1214 1797 1317 1819 eorum
1331 1798 1364 1819 ex
1378 1787 1464 1819 Patre
1476 1793 1530 1820 ρει.
1548 1790 1586 1820 At
1599 1798 1666 1819 vero
1680 1787 1774 1818 Patris

953 1849 963 1863 ε
980 1833 1145 1873 proprietas
1174 1833 1236 1864 haec
1266 1837 1321 1873 est,
1348 1833 1427 1873 quod
1448 1832 1597 1873 ingenitus
1613 1833 1652 1864 sit
1669 1842 1677 1864 :
1693 1832 1772 1872 Filii,

950 1892 961 1907 ιι
980 1878 1055 1917 quod
1069 1878 1205 1917 genitus;
1234 1876 1362 1917 Spiritus
1387 1878 1492 1914 sancti,
1510 1878 1587 1918 quod
1604 1877 1770 1909 emittatur.

81 1936 95 1952 ι
112 1924 196 1961 Quod
212 1924 238 1954 si
263 1923 382 1954 modum
399 1922 518 1964 quaeris,
542 1921 613 1962 quid
632 1922 669 1953 iis
690 1922 851 1954 relicturus
867 1932 910 1962 es,
927 1931 1002 1962 quos
1016 1923 1095 1953 solos
1113 1927 1213 1954 mutuo
1225 1931 1258 1953 se
1272 1931 1464 1962 cognoscere,
1479 1927 1567 1963 atque
1582 1932 1599 1954 a
1614 1932 1647 1953 se
1665 1926 1766 1953 mutuo

83 1981 94 1998 ι
111 1968 251 2009 cognosci
265 1968 418 2008 Scriptura
434 1967 581 1997 testatur?
598 1979 612 1994 ι

414 2012 580 2042 Ἐπιστασία.

122 2072 134 2088 ε
160 2059 280 2091 Ἀκούεις
308 2060 353 2088 καὶ
376 2059 456 2088 πάλιν
491 2059 579 2087 κοινὸν
608 2059 661 2095 Υἱῷ
702 2059 745 2086 καὶ
774 2059 905 2096 Πνεύματι

81 2117 92 2133 ι
118 2106 149 2133 τὸ
164 2105 196 2133 ἐκ
215 2109 262 2134 τοῦ
278 2104 377 2144 Πατρός
394 2104 465 2132 εἶναι
488 2104 531 2131 καὶ
548 2102 626 2143 ἄμφω
643 2112 651 2143 ;
671 2112 682 2127 ι

404 2149 582 2190 ’Λντίῤῥησις.

117 2199 240 2232 Ἀληθῶς
257 2207 264 2214 ⁸
297 2198 385 2226 κοινόν
415 2198 468 2233 Υἱῷ
503 2197 546 2224 καὶ
582 2197 712 2234 Πνεύματι
744 2196 774 2224 τό
802 2196 831 2224 ἐκ
859 2201 904 2226 τοῦ

1237 2012 1465 2042 Animadversio

993 2074 1003 2088 ι
1019 2059 1110 2089 Audis
1126 2059 1174 2090 hic
1189 2068 1308 2099 quoque
1322 2067 1481 2089 commune
1496 2067 1563 2089 esse
1575 2058 1649 2090 Filio
1664 2066 1694 2088 et
1709 2059 1775 2099 Spi-

952 2119 962 2133 α
979 2104 1047 2134 ι’ίιυί
1064 2108 1176 2140 sancto,
1194 2113 1229 2134 ex
1248 2106 1332 2134 l’atre
1347 2113 1413 2134 esse
1428 2108 1585 2143 utrumque
1596 2103 1624 2132 ‘2-

1283 2149 1450 2188 Rcfutatio.

985 2193 1074 2231 Vere,
1087 2194 1152 2234 quis
1164 2194 1193 2225 id
1211 2193 1320 2231 negat?
1339 2203 1497 2224 commune
1514 2200 1557 2224 est
1573 2193 1647 2224 Filio
1664 2198 1692 2224 et
1706 2193 1772 2233 Spi-

77 2244 181 2284 Πατρός
211 2243 282 2271 εἶναι
311 2243 356 2271 καὶ
379 2241 460 2281 ἄμφω
478 2250 485 2257 ·
502 2240 606 2274 ἀληθῶς
622 2240 648 2268 δὲ
664 2242 707 2269 καὶ
720 2240 761 2268 ὅτι
776 2239 905 2281 διαφόρως

988 2238 1016 2268 ui
1042 2248 1075 2268 ex
1095 2241 1179 2269 l’atre
1193 2248 1259 2270 esse
1275 2243 1443 2278 utrumque,
1460 2238 1653 2268 nihilominus
1671 2247 1771 2268 verum

75 2295 159 2319 ταῦτα
188 2289 218 2317 ἐκ
246 2288 291 2317 τοῦ
319 2288 434 2326 Πατρός,
472 2286 508 2312 Σὺ
536 2284 563 2313 δὲ
585 2285 662 2322 διατι,
680 2288 726 2314 τοῦ
741 2286 815 2323 ἁγίου
832 2285 858 2314 ἐν
873 2289 906 2324 τῇ

76 2334 257 2375 ἀπαριθμήσει
302 2335 356 2360 τῶν
380 2325 536 2365 νῐδιοτήτων
574 2329 709 2375 λὲγοντος.
730 2344 741 2360 ι
760 2325 843 2359 ’Ἰδιον
878 2330 906 2358 δὲ

77 2380 182 2420 Πατρός
211 2378 261 2416 μὲν
289 2379 307 2411 ἡ
337 2375 493 2416 ἆγεννησία,
512 2375 570 2404 rios
582 2374 609 2402 δὲ
629 2375 794 2414 ὴγέννησις,
820 2376 904 2403 Ilvati-

78 2435 161 2462 ματος
177 2422 205 2451 δὲ
226 2423 243 2457 ἡ
257 2422 402 2459 ἔκπεμψις,
422 2430 433 2445 ι
452 2419 509 2448 ἀντὶ
523 2423 568 2448 τοῦ
591 2421 688 2457 εἶπετν,
719 2421 737 2454 ἡ
759 2419 903 2461 ἐκπεμψις,

77 2470 94 2503 ἡ
130 2468 283 2507 ἒχπόρευσις
312 2468 416 2505 εἶπας;
448 2465 478 2494 Τί
506 2475 547 2493 σοι
582 2466 655 2505 τάχα
683 2463 850 2502 ωμϐάλλλον
870 2465 904 2498 ἧν

75 2518 180 2551 τοῦτο;
204 2513 313 2543 Πάντως
335 2510 368 2539 δι’
391 2509 464 2538 οὐδὲν
492 2509 578 2548 ἕτερον
606 2510 623 2543 ἡ
653 2510 830 2548 παραποίησις
852 2509 903 2537 ἐπ-

77 2560 176 2594 ενοήθη
205 2568 247 2585 σοι
277 2556 354 2593 αὕτη,
385 2554 444 2583 ἀλλ’
474 2555 492 2588 ἢ
521 2553 586 2582 διοτι
619 2554 663 2581 καὶ
691 2554 762 2593 παρὰ
782 2557 828 2582 τοῦ
843 2555 903 2583 ι’ἱοῠ

75 2603 224 2643 ιῦρίσκεταί
251 2613 302 2631 που
323 2604 377 2630 τῶν
406 2600 481 2628 θείων
511 2602 529 2626 Γ
532 2602 620 2638 ραφῶν
649 2598 851 2637 ἐκπεμπόμενιν
873 2599 902 2628 τό

74 2652 183 2687 Πνεῦμα
198 2648 229 2676 τὸ
244 2648 329 2687 ἆγιον.

249 2696 301 2724 Τοῦ
313 2695 392 2723 αὐτοῦ
406 2693 459 2723 ἀπὸ
473 2698 518 2723 τοῦ
533 2693 737 2732 Συντακτηρίου.

114 2777 186 2813 ΜΔ’.
204 2791 218 2807 α
244 2776 354 2820 υΟνομα
370 2781 397 2810 δὲ
425 2785 464 2819 τῷ
492 2781 539 2820 μὲν
570 2780 680 2820 ἀνάρχῳ
699 2779 803 2819 Πατὴρ,
819 2781 853 2817 τῇ
874 2777 901 2806 δὲ

72 2837 86 2853 ί
109 2827 184 2868 ἀρχῇ
218 2827 291 2865 Υἱὸς,
313 2830 352 2864 τῷ
379 2825 406 2855 δὲ
434 2827 502 2866 μετὰ
526 2829 575 2861 τῆς
591 2826 678 2866 ἀρχῆς
694 2826 800 2862 Πνεῦμα
815 2822 900 2863 ἅγιον,

948 2283 1035 2313 etiam
1051 2288 1105 2320 est,
1120 2283 1241 2314 eosdem
1261 2283 1317 2314 alia
1337 2287 1425 2322 atque
1441 2283 1497 2313 alia
1511 2283 1628 2313 ratione
1642 2292 1676 2313 ex
1688 2282 1772 2313 Patre

948 2337 1026 2359 esse.
1039 2328 1135 2364 Quare
1149 2338 1217 2359 vero
1236 2333 1275 2364 tu,
1294 2337 1360 2358 cum
1379 2333 1497 2357 sanctus
1514 2327 1542 2357 in
1560 2327 1771 2367 proprietatum

947 2373 1171 2403 enumeratione
1201 2373 1289 2413 dicat,
1308 2387 1320 2403 ‹
1339 2372 1551 2412 Proprietalem
1581 2381 1648 2402 esse
1666 2372 1769 2408 Patris,

951 2434 961 2447 ι
978 2418 1055 2457 quod
1069 2418 1221 2458 ingenitus
1242 2418 1290 2454 sit,
1310 2417 1388 2454 Filii,
1402 2417 1479 2457 quod
1497 2425 1627 2455 genitus,
1645 2416 1772 2456 Spiritus

947 2478 958 2494 ε
976 2465 1081 2504 sancti,
1099 2465 1176 2504 quod
1193 2463 1354 2498 emittatur,
1373 2477 1383 2490 ι
1413 2465 1477 2494 loco
1501 2464 1681 2503 L'lll-SSIUIIIS,
1701 2473 1771 2502 pro-

946 2509 1112 2540 cessionein
1139 2508 1313 2548 usurpaSIi‘I
1341 2507 1416 2544 Quid
1438 2509 1492 2539 hic
1510 2509 1562 2539 tibi
1579 2508 1773 2539 conferebat?

945 2554 1035 2584 Plane
1046 2555 1108 2585 haec
1121 2554 1172 2584 tibi
1185 2553 1351 2584 immutatio
1374 2553 1537 2593 excogitata
1550 2558 1604 2590 est,
1615 2558 1773 2594 propterea

944 2599 1021 2638 quod
1041 2601 1068 2629 in
1097 2598 1248 2629 nonnullis
1264 2597 1336 2628 locis
1361 2598 1527 2629 divinarum
1552 2599 1771 2639 Scripturarum

943 2643 1090 2683 repetitur
1104 2643 1199 2674 emitti
1211 2652 1228 2673 a
1241 2643 1315 2674 Filio
1333 2642 1476 2686 Spiritum
1494 2648 1642 2674 sanctum.

943 2695 1086 2734 Ejusdem
1114 2704 1154 2727 ea;
1178 2697 1317 2726 oratione
1345 2693 1453 2734 habita
1479 2696 1511 2726 in
1533 2696 1695 2735 prwsmtia
1724 2694 1773 2726 CL

1251 2743 1456 2776 epwcoporum
1463 2759 1469 2766 .

984 2779 1085 2814 XLIV.
1103 2791 1116 2807 α
1134 2780 1248 2812 Nomen
1263 2783 1360 2810 autem
1378 2779 1516 2820 principii
1532 2780 1655 2820 experti,
1675 2781 1770 2814 Pater,

945 2838 958 2855 ‹
975 2824 1242 2867 principio,Filius,
1250 2824 1276 2855 ei
1288 2829 1385 2855 autem
1395 2825 1475 2865 quod
1483 2833 1550 2856 cum
1556 2823 1702 2866 principio
1713 2829 1769 2862 est,
