1966 3073
93 149 150 183 465
608 152 646 185 ΙΝ
670 153 867 185 CAMATERI
890 153 919 184 ΑΙ

1000 147 1208 184 \DVERSION
1215 147 1267 182 ES.
1722 147 1782 179 486

96 231 107 245 α
131 219 293 259 πιστεύωσι,
309 219 341 247 δι’
371 220 401 247 οὗ
430 220 473 247 καὶ
501 219 594 249 δοκοῦν
622 221 670 258 μὲν
699 221 726 249 ὲν
741 223 778 258 τῷ
802 224 858 258 Θεῷ
873 220 913 259 γί-

1000 227 1055 248 :um
1072 217 1262 248 credentibus
1277 217 1428 255 largiatur,
1454 225 1506 256 per
1531 225 1617 256 quem
1647 215 1784 247 videmur

96 275 109 290 ι
134 265 219 291 νεσθαι
235 264 279 291 καὶ
300 264 367 291 κατὰ
381 267 457 292 τοῦτο
474 266 646 294 συνάπτεσθαι
668 265 695 293 ἐν
710 266 792 302 αὖτῷ.
809 264 917 299 Ἐπειδὴ

1004 272 1019 292 n
1034 262 1093 292 Deo
1110 262 1262 297 exsistere,
1282 271 1375 301 eaque
1385 260 1540 292 rationein
1565 260 1616 291 illo
1639 261 1780 301 coaptari.

96 319 109 335 α
131 308 180 347 γὰρ
195 309 208 335 ὁ
240 308 325 347 Λόγος
347 307 418 336 ἐστιν
448 309 475 336 ἐν
497 312 535 346 τῷ
551 311 641 349 Πατρὶ.
659 311 691 339 τὸ
705 309 732 338 δὲ
761 311 867 348 Πνεῦμα
887 311 918 338 ὲκ

1000 307 1064 337 iam
1081 307 1219 346 quoniam
1234 306 1365 337 Verbum
1388 311 1415 336 et
1437 305 1466 335 in
1487 307 1584 342 Patre,
1608 310 1636 336 et
1656 305 1783 346 Spiritus

97 364 108 380 ι
131 355 176 380 τοῦ
192 352 279 392 Λόγου
308 352 416 389 δίδοται,
438 353 507 382 θέλει
522 353 615 383 λαϐεῖν
631 356 702 389 ἡμᾶς
720 356 749 384 τὸ
765 358 882 393 Πνεῦμα,
901 367 915 383 υ

1000 363 1005 380 ι
1021 350 1119 382 Verbo
1135 351 1273 391 donatur,
1296 351 1361 381 ideo
1379 350 1513 380 voluntas
1529 350 1594 390 ejus
1610 355 1665 385 est,
1682 356 1715 382 ut
1730 360 1784 382 nos

962 405 972 420 ι
997 396 1176 435 accipiamus
1192 395 1346 435 Spiritum.
1367 406 1377 419 ι

426 442 595 474 Ἐπιστασία.
686 470 689 472 .

1249 441 1494 472 Animadversio.

136 501 146 517 ι
171 489 206 517 Τὸ
232 489 296 517 αὐτὸ
309 489 361 517 κάκ
384 492 433 523 τῆς
462 491 489 518 ἓν
510 493 545 528 τῇ
573 502 693 529 παρουσῃ
707 493 838 530 περικοπῇ
853 492 918 519 θαυ-

97 542 110 562 σ
133 533 228 569 μασίας
256 532 370 566 πλοκῆς.
401 534 444 562 καὶ
468 538 513 562 τοῦ
528 535 587 562 οἷον
604 534 782 573 συλλογισμοῦ
805 535 919 575 ἀναφαί-

97 588 108 605 ti
133 587 215 617 νεται,
233 578 308 605 εἶκαὶ
337 578 375 616 μὴ
390 577 432 606 διὰ
456 582 501 607 τοῦ
524 580 623 619 Λόγου,
639 578 699 607 ἀλλ’
716 579 811 618 ἐκ-τοῦ
833 579 919 618 Λόγου

96 633 109 649 ι
133 622 209 650 εἶπεν
224 621 333 650 ἐνταῦθα
347 623 378 650 τὸ
393 625 499 660 Πνεῦμα
522 622 644 655 δίδοσθαι.
665 636 675 650 ι

418 669 583 709 Ἀντίῤῥησις
590 694 597 701 .

133 717 164 743 0,
225 715 230 725 θ
384 718 391 727 Ψ
733 716 744 725 ἢ

154 729 168 744 υ
195 726 263 743 πανυ
291 726 338 743 σου
380 728 398 750 η
429 716 538 745 ἐνταυθι
567 717 706 745 ἐπιστασία
730 716 917 756 ουσαπολόγη-

1002 499 1013 515 ι
1030 489 1090 519 Hoc
1107 488 1183 518 idem
1202 498 1235 518 ex
1251 487 1431 523 admirabili.
1451 497 1516 528 quae
1532 488 1560 518 in
1577 488 1632 519 ista
1644 488 1782 529 pericope

964 545 975 562 (ι
988 532 1530 572 contineturimplicatione.ettantum
1544 543 1602 563 non
1615 533 1782 573 syllogismo

964 590 974 607 α
993 582 1125 617 apparet,
1141 578 1208 607 licet
1232 587 1290 607 non
1322 587 1374 616 per
1404 576 1547 614 Verbum,
1575 578 1627 608 sed
1652 587 1668 608 a
1687 577 1782 608 Verbo

965 635 974 650 ι
993 622 1136 662 Spiritum
1158 621 1293 652 exhiberi
1307 622 1434 652 dixerat.
1454 634 1464 648 ρ

1289 668 1453 708 Βρίιιῑαῑίο.

1001 716 1226 747 Animadversio
1243 720 1302 750 tua,
1325 725 1413 756 quam
1427 716 1475 746 hic
1487 718 1660 756 eomplicas,
1673 726 1732 747 non
1744 717 1784 747 ita

93 771 147 790 τος.
184 758 233 788 Ἐκ
261 760 319 799 γὰρ
332 761 379 794 τῆς
403 761 430 789 ἐν
444 761 478 795 τῆ
492 761 600 800 ῥηθείσῃ
628 766 760 802 περικοπῇ
774 763 919 799 θαυμασίας

1000 761 1047 791 :ilc
1055 761 1278 800 responsionem
1287 760 1564 801 admittit.Namque
1574 770 1608 791 ex
1615 761 1785 793 admirabili

94 803 198 837 πλοκῆς
226 805 270 832 καὶ
295 808 341 832 τοῦ
356 805 427 842 οἷον,
446 804 492 834 ἵνα
519 806 587 834 κατὰ
609 806 638 833 σὲ
665 805 782 844 εἴποιμι,
800 805 919 845 συλλογι-

1005 805 1163 844 ρΙίεαῑώηο
1177 811 1202 836 et
1217 810 1326 836 tantum
1342 815 1398 835 non
1411 805 1579 846 syllogismo
1592 805 1690 846 injam
1699 806 1785 837 allata

94 851 162 886 ιτμοῦ
185 848 214 877 οδ
230 849 260 876 τὸ
291 850 354 877 αὒτὸ
382 856 440 882 τοῖς
463 848 651 889 προλαϐοῦσιν,
675 851 712 881 ὼς
728 851 758 878 σὺ
774 851 838 890 φὴς,
854 851 919 878 ἁνα-

1003 850 1147 890 ricope,ut
1159 854 1254 881 tecum
1269 851 1609 889 'oquar,contentis,non
1624 850 1703 881 idem
1719 860 1784 881 cum

94 893 212 933 φαίνεται
230 901 237 908 ⁸

97 938 123 965 ἐν
151 941 186 975 τῇ
208 939 272 976 πρὸς
288 941 443 978 Σεραπίωνα
457 938 604 978 Ἐπιστολῇ
619 941 633 968 ὁ
653 940 727 979 ἅγιος
750 940 818 981 ἐρεῖ,
834 939 861 967 ἐν
877 940 922 971 οἷς

97 981 174 1010 αὖτὸν
190 983 335 1021 εὒρήσομεν
364 983 488 1022 λέγοντα,
521 998 533 1014 ι
565 983 612 1013 Ἐκ
640 986 742 1024 Πατρὸς
763 985 794 1013 τὸ
816 986 921 1022 Πνεῦμα

95 1027 289 1066 ἐκπορεύεσθαι,
315 1027 407 1061 ἐπειδὴ
435 1029 504 1068 παρὰ
531 1030 578 1057 τοῦ
602 1029 687 1068 Λόγου
701 1033 747 1058 τοῦ
768 1029 797 1057 ἐκ
819 1030 920 1068 Πατρὸς

97 1070 311 1110 ὁμολογουμένου
360 1072 490 1110 ἐκλάμπει
544 1075 587 1101 καὶ
646 1073 835 1102 ἀποστέλλεται
878 1074 922 1102 καὶ

95 1114 192 1143 δίδοται
199 1138 205 1145 .

95 1167 145 1192 Τοῦ
171 1165 249 1192 αὒτοῠ
277 1163 330 1191 ἀπὸ
359 1168 404 1192 τοῦ
431 1166 497 1203 πρὸς
516 1165 644 1194 Μελέτιον
668 1167 711 1194 καὶ
738 1165 859 1194 Εὖσέϐιον
874 1167 919 1194 τὸν

356 1205 513 1242 Σαμοσατέα
528 1205 652 1246 ἐλέγχου.

136 1245 192 1281 Μ’,
212 1263 223 1278 ιι
247 1248 294 1279 Ἠν
323 1250 350 1279 δὲ
372 1251 496 1280 ἀδύνατον
519 1253 545 1281 ἐν
568 1256 601 1290 τῇ
616 1256 664 1286 τῆς
688 1253 796 1293 Τριάδος
813 1252 874 1291 δόξῃ
889 1254 919 1281 τὸ

99 1304 111 1322 ι
130 1298 238 1332 Πνεῦμα
281 1294 441 1336 δοξάζεσθαι,
477 1297 514 1334 μὴ
550 1297 696 1337 προοδικῶς
737 1297 766 1326 ὃν
794 1298 824 1325 ἐκ
855 1299 921 1326 Θεοῦ

99 1349 111 1366 (ι
129 1338 162 1367 δι’
185 1340 255 1377 Υἱοῦ,
293 1339 360 1368 ἀλλὰ
387 1345 532 1375 ποιητικῶς
569 1342 599 1370 ἐκ
635 1345 700 1370 Θεοῦ
729 1343 850 1382 γεγονὸς,
884 1343 920 1374 ὡς

97 1393 109 1410 α
128 1383 260 1423 λέγουσιν.
286 1395 297 1411 I

430 1433 584 1462 'l-Jmawaia
589 1458 596 1464 .

113 1473 150 1508 Δι
167 1478 290 1519 Πρόσχες
329 1479 442 1520 ἀκριϐῶς
484 1484 520 1519 τῇ
548 1485 594 1510 τοῦ
635 1481 709 1520 ἁγίου
731 1483 831 1521 γραφῇ,
861 1481 918 1513 πῶς

99 1536 111 1551 ι
134 1522 194 1551 ἔνθα
228 1523 339 1563 πρόοδον
367 1523 439 1564 λέγει
464 1529 510 1553 τοῦ
536 1526 698 1564 Πνεύματος,
730 1526 802 1557 εὐθύς
831 1525 860 1554 ἐκ
874 1527 920 1554 τοῦ

269 892 329 921 ἀλλ’
361 894 453 922 ἐκεῖνα
480 894 547 934 ἅπερ
576 896 612 926 ὡς
639 889 785 934 προϊόντες
799 895 919 932 εἰσόμεθα

1001 905 1052 935 pro
1064 889 1165 935 positis
1180 895 1328 935 exprimit,
1346 895 1397 926 sed
1415 905 1448 926 ea
1465 895 1539 936 ipsa,
1555 904 1619 936 quae
1627 904 1784 936 progressu

963 940 1106 970 oration=s
1118 939 1147 969 in
1162 939 1293 979 Epistola
1306 939 1342 969 ad
1356 939 1549 979 Serapionem
1560 943 1680 970 sanctus
1695 939 1783 978 dicet,

962 983 1278 1024 deprehendemus,in
1290 983 1397 1023 quibus
1423 993 1491 1014 eum
1514 988 1616 1024 aperte
1637 983 1785 1015 dicentem

962 1029 1158 1068 reperiemus,
1181 1045 1190 1058 ι
1204 1027 1244 1058 Ex
1258 1028 1342 1058 Patre
1354 1028 1498 1068 Spiritum
1514 1028 1689 1069 procedere,
1717 1038 1784 1060 cum

963 1072 1093 1103 aVerbo
1123 1073 1202 1113 quod
1232 1082 1266 1103 ex
1297 1073 1385 1103 Patre
1411 1073 1568 1113 asseritur,
1599 1073 1727 1110 eluceat,
1757 1078 1786 1104 et

963 1117 1107 1155 mittatur,
1130 1122 1158 1148 et
1174 1117 1269 1147 detur.
1290 1132 1300 1146 ι

961 1164 1106 1204 Ejus-dem
1134 1173 1172 1194 ex
1198 1164 1381 1205 refutatione
1402 1164 1594 1205 hypocriseos
1614 1165 1742 1202 Meletii,
1757 1171 1783 1198 et

1214 1204 1338 1235 Eusebii
1351 1204 1551 1236 Samosateni.

1004 1251 1050 1282 LV
1081 1264 1092 1278 α
1113 1251 1180 1281 Erat
1195 1261 1263 1281 vero
1278 1251 1463 1291 impossibile
1479 1251 1509 1281 in
1523 1251 1676 1284 Trinitatis
1691 1254 1784 1294 gloria

965 1308 979 1324 ι
995 1296 1135 1335 Spiritum
1148 1296 1317 1336 gloriticari,
1332 1296 1388 1326 nisi
1401 1305 1435 1326 ex
1448 1297 1509 1327 Deo
1525 1306 1578 1336 per
1592 1297 1699 1328 Filium
1716 1308 1784 1339 pro-

965 1352 977 1368 α
994 1341 1183 1381 grederetur,
1200 1341 1253 1371 sed
1281 1350 1364 1381 aequa
1389 1344 1477 1381 atque
1502 1341 1567 1371 alia;
1590 1346 1733 1374 creaturae
1749 1353 1782 1374 ex

964 1399 975 1416 ι
993 1385 1055 1416 Deo
1072 1385 1231 1425 productus
1246 1385 1359 1425 fuisset,
1379 1389 1410 1416 ut
1420 1391 1568 1417 asserunt.
1589 1400 1600 1416 ι

1249 1433 1493 1464 Animadversio.

1005 1493 1018 1508 α
1035 1479 1164 1511 Attende
1172 1479 1513 1519 diligenteretscriptum
1527 1480 1620 1512 Patris
1632 1481 1781 1512 examina:

965 1539 976 1554 ι
988 1524 1085 1555 statim
1103 1524 1182 1554 enim
1196 1528 1285 1563 atque
1301 1524 1538 1563 progressionem
1555 1525 1681 1565 Spiritus
1704 1525 1782 1556 insi-

98 1579 110 1596 ι
136 1569 236 1607 Πατρὸς
276 1569 358 1602 αὖτὴν
400 1568 561 1608 δογματίζει,
603 1575 685 1600 Τοῦτο
720 1571 771 1610 γὰρ
814 1570 919 1602 πάντως

1000 1573 1071 1599 luat.
1088 1569 1168 1599 illico
1181 1578 1216 1600 ex
1233 1570 1317 1599 l’atre
1347 1577 1411 1598 eam
1438 1568 1583 1602 decernit.
1612 1569 1674 1601 Hoc
1701 1570 1782 1602 enim

97 1621 110 1636 α
136 1611 216 1646 δηλοῖ
230 1614 272 1651 τὸ,
289 1613 319 1642 ἐκ
342 1615 407 1642 Θεοῦ
421 1613 454 1642 δι’
471 1615 542 1647 ι’ὶοῦ,
562 1624 575 1642 ι

421 1660 597 1701 Ἀντίῤῥησις,

137 1707 174 1736 Εὖ
203 1718 245 1736 σοι
274 1707 390 1750 γένοιτο,
406 1709 535 1749 ἄνθρωπε,
568 1710 607 1739 ὅτι
625 1710 656 1739 ἐκ
672 1714 737 1739 Θεοῦ
750 1710 783 1739 δι’
800 1711 861 1739 Υἱοῦ
874 1711 923 1744 τὴν

95 1755 141 1780 τοῦ
162 1753 314 1790 Πνεύματος
334 1753 446 1793 πρόοδον
470 1755 660 1794 ὡμολόγησας,
683 1752 770 1784 ’Ὅσον
785 1756 835 1795 γὰρ
851 1755 923 1784 οὔπω

95 1796 188 1834 ἀλώσῃ
215 1797 384 1837 ὁμολογήσας
407 1801 449 1827 καὶ
477 1801 507 1828 τὸ
523 1803 571 1834 τῆς
599 1800 625 1833 ἓξ
648 1802 691 1828 καὶ
713 1799 922 1838 διὰὶσοδύναμον

95 1842 138 1869 ἰπὶ
170 1847 214 1871 τοῦ
244 1844 314 1872 Υἱοῦ.
347 1845 395 1872 Καὶ
424 1845 454 1872 οὗ
471 1845 560 1884 πόῤῥω
576 1846 665 1873 Λοιπὸν
681 1847 702 1874 εἰ
723 1847 776 1874 τῶν
791 1845 921 1884 λεγόντων

96 1886 122 1919 ἐξ
137 1886 236 1927 ἀμφοιν
250 1888 321 1916 εἶναι
338 1889 369 1916 τὸ
383 1891 488 1927 Πνεῦμα
501 1890 533 1918 τὸ
548 1890 636 1928 ἅγιον.

156 1980 207 2005 Τοῦ
222 1978 310 2014 αὐτοῦ,
326 1979 356 2006 ἒκ
370 1981 419 2012 τῆς
435 1979 500 2017 πρὸς
529 1979 684 2018 Σεραπίωνα
699 1979 856 2013 ἐπιστολῆς,

136 2022 199 2059 Νςῖ
218 2032 233 2053 ι
254 2024 351 2052 Οὐκοῦν
376 2028 464 2056 κακῶς
493 2029 646 2065 φρονοῦντες
673 2027 731 2066 περὶ
766 2030 812 2055 τοῦ
835 2027 918 2054 Πνεύ-

97 2078 111 2093 α
129 2077 213 2104 ματος
232 2071 277 2096 τοῦ
298 2067 383 2107 ἁγίου,
412 2068 470 2097 οὔδε
499 2071 558 2109 περὶ
585 2074 631 2100 τοῦ
659 2071 720 2099 fio-3
742 2070 832 2103 καλῶς
854 2082 920 2110 φρο-

97 2122 108 2137 ιι
128 2116 226 2143 νοῦσιν,
258 2113 287 2140 Εἰ
315 2113 365 2152 γὰρ
395 2113 518 2153 ἐφρόνουν
545 2115 627 2154 ὀρθῶς
656 2116 715 2154 περὶ
750 2119 796 2144 τοῦ
820 2116 919 2155 Λόγου,

96 2167 110 2183 ι
127 2156 251 2196 ἐφρόνουν
272 2157 353 2196 ὑγιῶς
385 2159 430 2186 καὶ
457 2159 515 2198 περὶ
537 2159 583 2187 τοῦ
612 2160 774 2197 Πνεύματος.
792 2155 822 2189 "0
849 2161 919 2199 παρὰ

95 2211 110 2228 ις
125 2204 173 2230 τοῦ
203 2202 304 2241 Πατρὸς
340 2201 520 2242 ἐκπορεύεται,
559 2204 602 2232 καὶ
632 2208 678 2232 τοῦ
706 2204 767 2233 ἰ’ἷοῦ
795 2204 862 2233 ἴδιον
893 2204 921 2232 ὃν

97 2255 108 2269 I
127 2246 192 2285 παρ’
221 2248 298 2275 αὐτοῦ
327 2246 423 2276 δίδοται
448 2254 508 2280 τοῖς
538 2250 672 2286 μαθηταῖς
701 2250 744 2278 καὶ
771 2253 835 2278 πᾶσι
864 2256 922 2281 τοῖς

97 2305 108 2320 ι
127 2291 292 2320 πιστεύουσιν
316 2293 352 2324 εἰς
374 2292 464 2324 αὐτόν,
489 2303 500 2317 I

425 2340 594 2372 Ἐπιστασία,

139 2400 149 2415 ι
169 2386 329 2421 Ἐπίστησον
364 2386 479 2427 ἀκριϐῶς
518 2391 552 2425 τῇ
589 2391 722 2428 περικοπῇ
750 2387 845 2427 ταύτῃ,
882 2399 916 2416 κα

97 2442 109 2457 ι
132 2433 278 2472 θαύμασον,
314 2433 363 2465 τὴν
384 2436 430 2460 τοῦ
454 2432 528 2471 ἁγίου
549 2431 692 2471 ἀκρίϐειαν,
717 2433 773 2464 πῶς
797 2432 921 2472 ἐκπορεύ-

95 2489 107 2504 α
134 2487 203 2509 σεως
232 2477 361 2515 μνησθείς
390 2481 438 2505 τοῦ
459 2477 533 2516 ἆγίου
563 2477 714 2515 Πνεύματος
745 2477 788 2505 καὶ
809 2476 919 2515 δόσεως,

98 2535 109 2549 ι
133 2522 185 2555 τὴν
220 2523 269 2559 μὲν
295 2522 446 2561 ἐκπόρευσιν
482 2523 573 2550 τούτου
601 2523 640 2559 τῲ
670 2523 750 2561 Πατρὶ
782 2521 920 2562 ἀπένειμε,

99 2580 110 2595 ι
133 2567 184 2600 τήν
199 2565 226 2594 δὲ
241 2566 313 2595 δόσιν
335 2570 373 2604 τῷ
389 2568 452 2604 Υῖῷ.
472 2579 484 2595 ι

426 2612 600 2653 ’Λντίρῤησις.

138 2660 175 2687 Σὺ
204 2661 253 2698 μὲν
266 2661 310 2688 καὶ
338 2660 418 2688 πάλιν
441 2660 492 2693 τὴν
513 2660 665 2700 ἐκπόρευσιν
680 2661 725 2689 καὶ
753 2659 824 2688 δόσιν
853 2658 924 2687 διαι-

95 2711 155 2741 pet:
175 2714 182 2721 '
213 2705 268 2744 ἐγὼ
288 2705 315 2733 δὲ
330 2706 376 2733 τὸν
397 2705 530 2745 ἀκροατὴν
558 2705 704 2743 ὑπομνήσω
720 2706 756 2738 ὡς
771 2706 801 2733 τὸ
816 2703 923 2742 διδόμε-

96 2761 143 2777 νον
167 2750 239 2790 παρὰ
274 2751 334 2779 Υἱοῦ
356 2753 473 2790 Πνευμα,
497 2751 533 2782 ὡς
562 2748 587 2782 ἐξ
616 2750 694 2780 αὐτοῦ
722 2749 853 2790 ὑπάρχον,
869 2748 924 2778 ἔστι

97 2793 220 2832 διδόμενο
227 2807 235 2822 δ
251 2794 312 2834 παρ’
335 2794 425 2825 αὑτοῦ.

965 1627 980 1644 ‹‹
996 1622 1116 1654 prorsus
1133 1613 1239 1650 innuit,
1257 1622 1292 1644 ex
1307 1611 1368 1643 Deo
1384 1622 1437 1653 per
1446 1612 1564 1644 Filium.
1587 1626 1597 1643 η

1287 1660 1452 1698 Ηρΐαιαείθ.

1004 1708 1112 1739 Fausta
1128 1707 1179 1738 tibi
1196 1706 1364 1743 obveniant,
1389 1707 1428 1737 mi
1454 1708 1542 1738 homo
1567 1709 1645 1748 quod
1672 1719 1706 1740 ex
1722 1709 1782 1740 Deo

965 1762 1018 1792 per
1034 1753 1139 1784 Filium
1166 1752 1553 1792 Spiritus-progressionem
1584 1754 1696 1792 fateris,
1727 1764 1784 1786 nec

964 1797 1058 1829 multo
1068 1802 1133 1838 post
1144 1797 1378 1838 deprehenderis
1394 1798 1528 1828 conﬁteri
1544 1799 1783 1839 praepositionum

963 1851 1002 1873 ea:
1018 1847 1047 1873 et
1073 1851 1127 1882 per
1153 1843 1190 1873 de
1219 1842 1294 1873 Filio
1322 1842 1397 1873 vires
1422 1843 1562 1883 zequales,
1599 1847 1628 1874 et
1653 1844 1696 1874 sic
1726 1854 1784 1875 non

964 1887 1087 1918 multum
1103 1887 1174 1918 abes
1190 1887 1225 1918 ab
1241 1887 1289 1924 iis,
1307 1887 1357 1927 qui
1373 1896 1406 1918 ex
1423 1892 1548 1928 utroque
1565 1887 1706 1928 Spiritum
1718 1899 1784 1920 esse

962 1932 1138 1963 decernunt.

1061 1978 1085 2009 1:
1086 1979 1206 2019 jusdem
1218 1987 1258 2010 em
1273 1978 1401 2018 epistola
1417 1979 1458 2010 ad
1476 1978 1682 2019 Serapionem.

1001 2025 1075 2057 LVI.
1090 2039 1102 2054 α
1117 2026 1193 2057 Male
1203 2026 1301 2066 itaque
1311 2026 1475 2058 sentientes
1486 2026 1523 2057 de
1533 2027 1645 2067 Spiritu
1669 2032 1781 2069 sancto,

965 2080 976 2099 ι
988 2070 1065 2102 haud
1081 2076 1161 2102 recte
1179 2071 1216 2102 de
1231 2071 1307 2102 Filio
1322 2071 1465 2102 sentiunt.
1479 2071 1598 2102 Etenim
1615 2072 1638 2102 si
1652 2078 1733 2104 recte
1745 2074 1783 2104 de

963 2128 974 2143 α
993 2115 1065 2146 Filio
1082 2116 1236 2155 sentirent,
1253 2125 1325 2147 sane
1336 2116 1438 2156 utique
1463 2121 1602 2157 recteque
1619 2117 1656 2148 de
1674 2118 1783 2158 Spiritu

965 2169 978 2186 α
995 2160 1151 2191 sentirent.
1167 2161 1217 2200 qui
1245 2170 1280 2191 ex
1307 2162 1393 2192 Patre
1420 2161 1565 2201 procedit,
1590 2165 1619 2192 et
1635 2161 1700 2192 Filii
1715 2171 1783 2193 cum

969 2219 979 2235 ι
996 2204 1133 2245 proprius
1148 2205 1195 2243 sit,
1209 2205 1246 2236 ab
1262 2205 1367 2236 eodem
1382 2205 1468 2236 datur
1491 2205 1657 2246 discipulis,
1674 2209 1703 2236 et
1714 2206 1783 2236 uui-

969 2262 979 2276 ι
997 2249 1090 2280 versis
1105 2250 1136 2280 in
1151 2249 1234 2281 illum
1247 2249 1453 2282 credentibus.

1255 2335 1498 2374 Animadversio,

1012 2398 1022 2413 α
1040 2383 1274 2415 Animadvertito
1286 2383 1444 2422 diligenter
1457 2384 1533 2414 hanc
1557 2382 1738 2423 pericopem.
1756 2387 1785 2414 et

964 2445 976 2461 α
993 2427 1172 2468 exquisitum
1188 2427 1418 2460 sanctiacnmen
1436 2428 1584 2459 admirare
1597 2438 1604 2458 :
1616 2428 1688 2458 dum
1704 2428 1784 2459 enim

965 2487 976 2502 ε
996 2472 1195 2514 processionis
1210 2473 1339 2512 Spiritus
1350 2473 1444 2504 sancti
1460 2477 1488 2504 et
1503 2473 1629 2504 dationis
1653 2474 1784 2504 mentio-

964 2533 976 2549 ‹
995 2527 1062 2549 nem
1079 2517 1201 2555 inducit,
1221 2519 1308 2558 hujus
1320 2518 1439 2558 quidem
1457 2518 1677 2558 processionem
1693 2518 1783 2556 Patri,

967 2575 978 2590 ε
994 2562 1145 2593 dationem
1162 2563 1235 2594 Filio
1251 2563 1393 2594 attribuit.
1414 2573 1426 2590 ›

1289 2610 1454 2649 Refulatio.

1004 2654 1049 2686 Tu
1070 2655 1260 2686 rursusinter
1276 2655 1496 2695 processionem
1513 2659 1541 2686 et
1570 2654 1720 2687 dationem
1737 2656 1785 2687 di-

965 2699 1107 2731 scrimina
1117 2699 1364 2731 comminisceris.
1377 2700 1486 2730 Verum
1503 2700 1593 2740 egoin
1611 2701 1784 2730 memoriam

966 2744 1109 2776 auditoris
1131 2754 1318 2782 revocavere,
1336 2744 1385 2785 qui
1401 2745 1486 2776 datur
1498 2755 1515 2776 a
1545 2745 1619 2778 Filio
1646 2744 1784 2783 Spiritus,

966 2799 1034 2821 eum
1054 2794 1193 2830 tanquam
1221 2799 1256 2821 ex
1284 2789 1349 2830 ipso
1381 2789 1570 2823 exsistentem
1600 2789 1667 2821 aliis
1700 2788 1786 2820 exhi-

965 2834 1044 2867 beri.
