1966 3073
200 131 258 166 48Ἵ

358 197 505 238 Ejusdem
518 206 556 229 ea:
575 200 682 230 eadem
708 198 861 239 Epistola.

236 242 322 274 LVII.
343 255 353 270 ι
372 242 466 273 Dicite
482 242 582 281 igitur,
602 244 628 274 si
645 243 676 274 in
699 243 798 284 aliquo
822 241 929 272 divina:
944 240 1021 272 Scri-

223 292 320 328 pturae
334 287 398 317 loco
423 287 574 326 reperitur
602 287 729 328 Spiritus
756 293 875 318 sanctus
893 285 1022 326 simp’ici

196 346 207 362 ε
229 331 351 362 nomine
364 330 492 370 Spiritus
509 335 628 363 vocatus
638 332 751 372 absque
769 331 951 370 adjectiono,
967 329 1020 360 Dei

199 393 209 407 ι
227 376 351 412 scilicet,
370 376 431 406 sive
445 375 551 413 Patris,
573 381 623 407 aut
654 377 712 407 mei
743 376 837 416 ipsius
867 374 974 407 Christi
992 378 1020 405 et

199 438 209 450 .
225 421 305 458 Filii,
319 424 368 451 aut
383 429 417 450 ex
434 429 513 453 meo.
526 421 605 460 quod
626 426 671 452 est
691 432 705 450 ει
732 420 792 451 Deo
808 432 813 449 :
828 426 954 451 autcum
966 428 1018 449 ar—

197 481 207 495 u
226 465 329 502 liculo,
344 474 380 495 ne
392 465 700 505 simpliciterSpiritus
713 469 949 505 nuncuparetur,
966 463 1017 494 sed

198 527 208 540 ι
227 510 273 540 hic
291 509 428 549 Spiritus,
447 513 496 539 aut
509 509 636 549 Spiritus
651 515 780 548 sanctus,
808 514 857 540 aut
885 509 1017 540 l'araule-

196 569 208 584 α
227 559 283 590 tus,
300 559 349 584 aut
360 553 500 590 veritatis,
519 554 596 594 quod
611 559 655 585 est
670 554 746 587 Filii.
765 564 812 594 qm
827 554 909 593 dicit,
927 567 936 580 ι
955 553 1017 592 Ego

195 609 289 630 «sum
302 599 450 639 veritas“,
477 603 507 628 ut
537 599 692 629 audientes
720 599 894 639 simpliciter
917 598 1016 638 prola-

196 659 207 675 ‹
226 650 287 677 tum
299 645 441 685 Spiritum
459 645 674 685 intelligeretis,
707 655 771 676 esse
786 645 928 686 Spiritum
946 654 1017 675 san-

198 706 208 719 ·
225 695 305 722 ctum
332 700 343 714 ι

486 737 716 769 Animadversa)

236 797 246 813 ι
264 784 358 824 Figite
371 784 459 814 altius
475 789 605 815 mentem
619 785 708 816 allato
722 785 876 817 Athanasii
893 785 1022 827 scripto,

733 126 867 164 JOANN.
885 130 996 164 VECCI
1015 128 1071 173 cr.
1091 119 1358 162 ΡΑΤΡιιΑΒοΗιΕ.

1034 201 1054 224 Δ

1831 126 1890 161 488

1266 200 1316 226 Τοῦ
1338 199 1414 226 αὖτοῦ
1446 196 1476 225 ἐκ
1509 198 1558 230 τῆς
1589 191 1683 230 αὖτῆς.

1104 235 1165 269 ΝΖ’.
1192 254 1203 270 ι
1222 241 1324 270 Εἴπατε
1345 245 1419 280 γοῦν,
1457 240 1484 269 εἴ
1505 252 1555 269 που
1570 243 1619 274 τῆς
1635 241 1704 272 θείας
1720 241 1826 279 Γραφῆς
1842 239 1887 266 εὖ-

1065 299 1076 313 .
1093 285 1209 324 ρίσκεται
1243 287 1274 315 τὸ
1315 290 1420 324 Πνεῦμα
1446 286 1476 314 τὸ
1511 285 1586 325 ἅγιον
1629 284 1766 325 εἰρημένον
1795 283 1888 315 ἁπλῶς

1065 343 1076 359 ι
1091 330 1197 368 Πνεύμα
1240 332 1324 371 χωρὶς
1365 331 1520 370 προσθήκης
1557 330 1605 358 τοῦ
1632 329 1754 369 λέγεσθαι
1782 328 1800 362 ἥ
1842 330 1889 356 τοῦ

1063 388 1073 403 ι
1092 377 1157 402 Θεοῦ
1192 375 1210 408 ἦ
1238 378 1284 404 τοῦ
1312 376 1424 415 Πατρὸς,
1456 375 1473 409 ἢ
1489 375 1527 403 ὅτι
1541 375 1608 412 ἒμοῦ
1622 375 1701 403 αὺτοῦ
1716 377 1761 402 τοῦ
1777 376 1890 412 Χριστοῦ

1063 432 1073 448 ι
1091 419 1134 447 καὶ
1164 421 1222 448 Υἷοῡ
1251 419 1269 454 ἢ
1305 419 1367 458 παρ’
1387 421 1463 458 Epeo,
1493 418 1507 447 ὅ
1535 419 1591 447 ἔστι
1611 419 1682 458 παρὰ
1709 422 1755 446 τοῦ
1777 420 1853 454 Θεοῦ,
1870 416 1889 450 ἢ

1063 477 1073 490 ι
1092 463 1158 500 μετὰ
1188 467 1233 492 τοῦ
1253 463 1357 503 ἄρθρου,
1383 463 1427 491 ἵνα
1457 463 1495 502 μὴ
1515 462 1606 496 ἀπλῶς
1628 462 1740 502 λέγηται
1767 462 1887 499 Πνεύμα,

1064 520 1074 536 ι
1091 506 1159 535 ἀλλὰ
1184 509 1215 536 τὸ
1242 509 1347 546 Πνεύμα
1381 508 1398 542 ἢ
1426 507 1489 536 αὐτὸ
1518 511 1595 536 τοῦτο
1631 507 1736 545 Πνεύμα
1756 506 1845 546 ἅγιον,
1869 505 1889 539 ἢ

1064 565 1074 580 ι
1097 551 1280 593 παράκλητον,
1302 553 1319 586 ἣ
1348 552 1484 589 ἀληθείας,
1507 552 1520 580 ὅ
1542 551 1596 580 ἐστι
1624 562 1670 581 τοι)
1695 552 1755 580 Υἱοῦ
1775 562 1823 579 του
1838 549 1888 578 λέ-

1062 610 1072 625 c
1089 606 1191 636 γοντος,
1212 611 1223 626 ι
1247 596 1318 636 Ἐγώ
1334 598 1387 635 εἰμι
1399 599 1415 631 ἠ
1431 596 1552 632 ἀλήθεια,
1577 595 1622 623 ἵνα
1638 596 1776 627 ἆκούοντες
1793 594 1886 626 ἁπλῶς

1060 649 1072 665 σ
1090 641 1207 681 Πνεύμα,
1229 642 1395 677 ὑπονοήσητε
1411 641 1482 670 εἶναι
1498 642 1528 669 τὸ
1542 641 1649 678 Πνεύμα
1670 641 1699 668 τὸ
1714 639 1802 680 ἅγιον,
1821 654 1832 670 ι

1391 725 1558 758 Ἐπιστασία.

1108 785 1120 799 ι
1137 772 1298 811 Ἐμϐαθυνον
1340 777 1374 812 τῇ
1413 785 1522 812 τοιαυτῃ
1557 776 1603 801 τοῦ
1631 773 1707 812 ἁγίου
1735 774 1887 812 συγγραφῇ,

199 845 209 860 ι
228 838 267 860 ex
281 817 365 859 illum
379 828 616 869 praepositionem
641 829 671 860 in
699 830 827 870 Spiritus
849 817 1021 861 exsiste-ntia]

1097 820 1154 849 πῶς
1196 819 1246 852 τὴν
1275 819 1346 858 παρὰ
1382 819 1503 857 πρόθεσιν
1539 819 1574 849 εἷς
1595 829 1645 850 την
1667 817 1713 846 τοῦ
1733 817 1888 854 Πνεύματος

1093 860 1106 870 Ἰ
1163 861 1173 870 Ρ
1251 863 1256 870 Ι
1329 864 1343 868 -
1366 866 1388 870 —_
1439 863 1445 870 ι
1467 863 1474 870 I
1535 863 1554 870 Ι..

199 889 210 904 c
233 873 289 905 soli
305 873 384 905 Patri
398 873 563 905 attribuere
595 889 607 905 υ

521 921 688 958 Ife/“utalia.
738 961 741 964 π

237 967 480 1008 Ρῐωροείιίοηθῐη
496 976 533 999 ea:
557 968 594 999 de
610 967 737 1008 Spiritus
757 968 929 1000 exsistentia
945 969 1021 1000 acci-

198 1014 283 1055 piens
301 1018 329 1043 tu
347 1017 427 1043 recto
444 1012 473 1042 in
494 1013 588 1043 sancti
604 1012 700 1044 Patris
725 1013 868 1053 scriptum
899 1015 1020 1045 allatum

199 1063 328 1091 mentem
344 1057 411 1097 ﬁgis
425 1065 432 1088 :
448 1062 651 1088 verumtamen
667 1058 722 1088 soli
737 1057 814 1088 Patri
836 1057 915 1088 illam
937 1059 1021 1089 attri-

198 1103 466 1140 buens,maximum
479 1102 508 1132 in
521 1103 641 1132 modum
656 1113 672 1133 a
686 1112 754 1133 vera
766 1102 845 1133 illius
857 1103 1022 1141 intelligen-

198 1149 239 1179 tia
250 1148 382 1185 aberras,
401 1156 541 1186 namque,
555 1156 622 1177 cum
640 1147 739 1177 multae
768 1147 879 1187 scripto
909 1148 1022 1179 traditm

196 1194 386 1225 auctoritates
402 1201 435 1222 ex
453 1193 539 1222 Patre
556 1196 584 1223 et
610 1191 687 1222 Filio
715 1191 858 1232 Spiritum
881 1202 945 1223 esse
961 1197 1021 1223 sta-

197 1237 314 1274 bilient,
333 1239 431 1267 nescio
447 1241 497 1266 aut
513 1237 574 1267 ulla
588 1237 655 1274 alia,
670 1246 737 1276 quae
752 1246 786 1267 ex
804 1242 928 1277 utroque
937 1246 1022 1277 aper-

198 1283 256 1312 tius
271 1280 457 1320 comprobet,
485 1281 627 1320 assignari
658 1282 777 1321 poterit.
802 1281 873 1312 Cum
895 1281 973 1312 enim
990 1282 1021 1312 in

194 1327 256 1367 jam
272 1326 374 1367 positis
381 1330 498 1355 sanctus
509 1326 667 1356 ostendere
677 1326 732 1356 sibi
745 1326 945 1366 proposuerit,
957 1326 1020 1357 ubi-

201 1380 316 1411 cunque
333 1368 460 1410 Spiritus
484 1379 551 1400 cum
568 1370 719 1401 additione
739 1372 945 1411 pronuntiatus
975 1381 1021 1402 re-

202 1426 247 1456 pei
258 1416 327 1452 itur,
345 1424 453 1454 nempe
467 1415 531 1450 Dei,
549 1415 611 1445 sive
623 1416 729 1456 Patris,
741 1415 803 1446 sive
819 1416 940 1453 Christi,
958 1418 1021 1446 sive

196 1461 274 1497 Filii,
288 1460 383 1500 ipsum
401 1459 553 1490 insinuare
570 1459 723 1499 Spiritum,
741 1469 776 1490 ex
790 1459 898 1491 Triade
915 1470 1018 1497 unum,

194 1505 347 1546 ipsiusque
364 1504 479 1535 Triadis
496 1505 717 1550 completivnm,
734 1505 813 1535 inter
841 1505 899 1536 alia
914 1505 1048 1550 quibusc

195 1551 323 1592 adjectio
337 1550 368 1580 id
380 1549 682 1590 indicat,superaddit
704 1554 733 1580 et
745 1550 818 1580 illud
830 1550 921 1591 veluti
936 1559 952 1580 a
967 1550 1018 1581 Fi-

196 1595 236 1626 lio
249 1596 374 1630 dictum,
391 1598 443 1625 aut
457 1603 474 1624 a
490 1603 537 1625 me
553 1595 628 1634 ipso,
647 1594 726 1634 quod
741 1604 758 1625 a
773 1594 833 1625 Deo
849 1600 893 1625 est
909 1605 916 1632 ;
930 1594 1020 1635 idque

194 1649 344 1676 asserens,
361 1647 396 1669 ex
411 1642 536 1678 utroque
550 1638 693 1678 Spiritum
720 1648 784 1669 esse
800 1643 1019 1670 commonstra-

195 1684 246 1721 vit,
267 1684 446 1723 modumque
462 1692 519 1722 quo
549 1692 583 1713 ex
614 1688 740 1724 utroque
770 1688 825 1714 est.
843 1685 913 1715 Cum
931 1683 1020 1714 etiam

195 1734 310 1760 asserat
325 1727 417 1758 veluti
432 1736 467 1758 ex
484 1727 557 1758 Filio
586 1728 645 1759 dlci
675 1732 814 1768 tanquam
841 1737 875 1759 ex
907 1727 1020 1768 meipso

198 1773 276 1814 quod
294 1776 339 1803 est
351 1781 367 1802 a
384 1771 488 1806 Deo.in
500 1771 625 1802 duorum
639 1773 745 1803 horum
760 1772 914 1803 nominum
936 1782 1020 1803 com-

199 1816 358 1860 plicatione
376 1815 448 1846 illud
477 1825 513 1846 ex
541 1821 666 1857 utroque
696 1816 845 1858 explicuit.
875 1817 924 1849 Sic
939 1816 1021 1858 prius

198 1862 381 1894 mentionem
403 1860 470 1892 Filii
495 1860 650 1896 inducens,
678 1861 819 1903 illicoque
847 1862 1019 1900 adnectens,

197 1907 275 1948 quod
292 1909 336 1936 est
349 1915 365 1936 a
380 1905 451 1942 Deo,
469 1905 693 1943 demonstravit,
707 1907 796 1937 veluti
807 1917 843 1937 ex
856 1917 916 1938 uno
933 1907 1021 1938 Patre

197 1956 226 1983 et
236 1951 322 1989 Filio,
339 1959 398 1980 non
415 1949 500 1980 veluti
515 1959 549 1980 ex
564 1950 680 1982 duabus
695 1952 790 1982 causis
816 1956 846 1982 et
868 1952 1022 1992 principiis

198 1995 342 2036 Spiritum
355 1999 488 2025 sanctum
504 2004 582 2033 esse;
596 1998 738 2035 quaenim
749 1997 863 2028 ratione
876 1997 941 2027 duae
957 2006 1022 2028 esse

201 2041 329 2082 Spiritus
344 2039 438 2070 sancti
458 2048 553 2070 causae
582 2047 721 2080 poterunt
749 2042 836 2073 Pater
858 2045 888 2072 et
914 2041 1020 2079 Filius,

202 2095 267 2117 cum
284 2085 376 2116 Filius
392 2083 479 2120 dicat,
492 2083 618 2123 Spiritus
630 2095 663 2115 ex
678 2095 736 2120 me.
748 2086 824 2126 quod
842 2091 886 2117 est
901 2095 935 2116 ex
946 2085 1021 2123 Deo,

1066 874 1077 890 α
1092 860 1199 902 ὕπαρξιν
1221 863 1295 901 μόνῳ
1307 864 1346 901 τῷ
1366 863 1447 903 Πατρὶ
1463 863 1591 903 ἀφορίζει,
1611 876 1622 892 ι

1386 915 1563 955 Ἀντίρῤησις.

1103 966 1157 1000 Τὴν
1179 967 1232 1004 μὴν
1261 967 1332 1006 παρὰ
1363 967 1484 1007 πρόθεσιν
1514 967 1550 999 εἷς
1579 967 1629 1000 τὴν
1652 966 1699 995 τοῦ
1734 966 1887 1003 Πνεύματος

1061 1009 1177 1050 ὕπαρχιν
1210 1009 1395 1049 ἐκλαμϐάνων,
1427 1011 1515 1043 καλῶς
1541 1014 1575 1049 τῇ
1590 1011 1637 1040 τοῦ
1658 1011 1732 1050 ἆ-γίου
1749 1013 1890 1050 συγγραφῇ

1061 1053 1213 1093 ὲμϐαθὺνεις
1239 1065 1247 1074 ·
1278 1056 1352 1094 μόνῳ
1393 1055 1420 1084 δὲ
1455 1059 1493 1093 τῷ
1528 1056 1608 1095 Πατρὶ
1643 1055 1771 1096 ἀφορίζων
1793 1055 1888 1094 αὐτὴν,

1063 1099 1130 1127 πολὺ
1158 1102 1206 1134 τῆς
1234 1100 1347 1134 ὰληθους
1375 1099 1489 1131 διανοίας
1515 1100 1666 1140 ἀφέστηκας
1682 1107 1688 1114 “
1713 1098 1819 1127 πολλῶν
1837 1099 1889 1138 γάρ

1064 1147 1188 1186 χρήσεων
1211 1151 1345 1187 γραφικῶν
1378 1147 1408 1175 ἐκ
1443 1147 1542 1186 [ἰατρὸς
1577 1147 1622 1174 καὶ
1664 1148 1724 1174 Υἱοῦ
1751 1144 1889 1179 δηλουσῶν

1063 1191 1134 1219 εἶναι
1155 1192 1185 1220 τὸ
1214 1192 1332 1232 Πνεύμα,
1349 1192 1395 1220 οὒκ
1420 1190 1483 1220 οῖδα
1511 1190 1538 1219 εἴ
1553 1202 1592 1222 τις
1609 1190 1685 1230 ἑτέρα
1699 1193 1747 1223 τῆς
1762 1191 1889 1230 χρήσεως

1062 1235 1159 1269 ταύτης
1189 1235 1357 1276 ἐκδηλότερον
1380 1235 1494 1269 δηλώσει
1516 1236 1546 1263 τὸ
1574 1235 1600 1268 ἐξ
1621 1235 1734 1274 ἀμφοῖν,
1763 1233 1807 1262 Ἐν
1837 1234 1890 1274 γὰρ

1062 1286 1120 1311 τοῖς
1146 1279 1197 1314 ἤδη
1221 1280 1338 1320 ῥηθεῖσιν
1373 1283 1386 1308 ὁ
1415 1281 1504 1319 ἅγιος,
1526 1280 1608 1308 θέλων
1635 1281 1814 1319 παραστῆσαι,
1838 1279 1888 1316 ὡς,

1063 1323 1123 1352 ὅποι
1149 1324 1179 1352 ἂν
1202 1324 1350 1365 εὒρίσκηταὶ
1378 1326 1408 1354 τὸ
1431 1325 1537 1362 Πνεύμα
1560 1324 1698 1364 εἰρημένον
1713 1323 1779 1361 μετὰ
1801 1334 1890 1362 προσ-

1061 1369 1146 1403 θήκης
1175 1371 1256 1409 τυχὸν
1278 1375 1324 1399 τοῦ
1359 1373 1435 1407 Θεοῦ,
1515 1373 1561 1398 τοῦ
1589 1369 1703 1407 Πατρὸς,
1727 1368 1744 1401 ἢ
1766 1368 1812 1396 τοῦ
1827 1371 1890 1407 Χρι-

1063 1417 1134 1450 στοῦ,
1153 1413 1171 1447 ἢ
1187 1415 1233 1442 τοῦ
1249 1415 1309 1442 Υἱοῦ
1324 1415 1386 1442 αὐτὸ
1406 1413 1488 1447 δηλοῖ
1510 1415 1540 1442 τὸ
1568 1413 1674 1450 Πνεόμα
1694 1414 1725 1440 τὸ
1739 1415 1787 1446 τῆς
1804 1413 1889 1452 Τριά-

1062 1456 1104 1490 δος
1140 1458 1166 1486 ἐν
1201 1459 1245 1486 καὶ
1279 1458 1505 1497 συμπληρωτικὸν
1539 1461 1588 1491 τῆς
1611 1456 1732 1497 Τριάδος,
1749 1458 1813 1497 πρὸς
1829 1464 1889 1488 τοῖς

1062 1501 1152 1534 ἄλλοις
1181 1504 1218 1531 ὦν
1247 1504 1264 1537 ἡ
1295 1503 1437 1538 πποσθήκη
1473 1507 1548 1531 τοῦτο
1586 1501 1680 1542 δηλοῖ,
1712 1502 1886 1541 προσενείρει·

1060 1547 1149 1574 καὶτὸ
1177 1548 1214 1579 ὡς
1242 1548 1294 1575 ἀπὸ
1322 1551 1367 1575 τοῦ
1401 1547 1459 1575 Υἱοῦ
1481 1546 1618 1587 εἰρημένον
1633 1547 1673 1581 τὸ,
1690 1545 1781 1584 ἣπειρ⁷
1806 1546 1886 1583 ἐμοι),

1061 1590 1075 1618 ὅ
1100 1591 1156 1619 ἐστι
1191 1592 1262 1626 παρὰ
1281 1592 1328 1620 τοῦ
1349 1592 1424 1622 eeo-3.
1443 1593 1492 1621 Καὶ
1518 1591 1601 1620 τούτω
1617 1591 1698 1620 εὶπὼν
1713 1591 1726 1618 ὁ
1741 1589 1826 1630 ἐὶγιος1
1845 1589 1890 1618 ὅτ’

1060 1646 1089 1664 τι
1115 1635 1141 1668 ἐξ
1169 1636 1268 1676 ἀμφοῖν
1296 1638 1327 1665 τὸ
1350 1637 1454 1674 Ilva-3p:
1476 1647 1596 1676 ενεφηνε,
1627 1636 1671 1664 καὶ
1700 1634 1773 1666 ὅπως
1790 1634 1815 1668 ἐξ
1829 1635 1889 1673 ἁμ-

1061 1692 1134 1721 φοιν.
1164 1680 1208 1710 Ἐν
1234 1682 1284 1721 γὰρ
1306 1685 1344 1719 τῷ
1371 1683 1456 1710 εἰπεῖν
1477 1682 1514 1714 ὡς
1536 1682 1589 1710 ἀπὸ
1623 1680 1669 1709 τοῦ
1695 1681 1755 1708 Υἱοῦ
1768 1680 1809 1718 ξτὸ
1823 1681 1889 1720 παρ’

1062 1725 1138 1763 ἐμον),
1161 1724 1175 1753 ὅ
1204 1725 1258 1754 ἔστι
1274 1726 1345 1766 παρὰ
1365 1727 1411 1754 τοῦ
1433 1730 1510 1764 Θεοῦ,
1527 1725 1554 1754 ἓν
1569 1726 1618 1764 μὲν
1633 1728 1667 1762 τῇ
1683 1728 1735 1753 τῶν
1756 1723 1801 1754 δύο
1823 1725 1888 1754 ὀνο-

1063 1770 1153 1808 μάτων
1168 1770 1299 1810 ἐπιπλοκῇ
1320 1770 1429 1811 ἒνέφηνε
1443 1773 1474 1799 τὸ
1485 1770 1511 1804 ἒξ
1525 1771 1625 1811 ἀμφοῖν
1643 1778 1649 1785 '
1668 1769 1694 1797 ἐν
1716 1768 1743 1798 δὲ
1758 1773 1796 1807 τῷ
1813 1781 1889 1807 μνη-

1063 1817 1157 1849 σθῆναι
1179 1816 1304 1856 πρότερον
1334 1821 1380 1846 τοῦ
1404 1817 1475 1853 Υἱοῦ,
1502 1816 1545 1844 καὶ
1561 1815 1697 1854 σδνιόμως
1726 1814 1888 1854 ἐπαγαγεῖν,

1064 1859 1078 1888 ὅ
1107 1859 1161 1888 ἔστι
1176 1861 1247 1900 παρὰ
1261 1860 1307 1889 τοῦ
1335 1860 1411 1901 Θεοῦ,
1429 1861 1537 1901 ἐνέφηνε
1564 1861 1594 1888 τὸ
1623 1861 1659 1893 ὡς
1689 1859 1753 1900 παρ’
1769 1860 1827 1892 ἑνὸς
1843 1863 1891 1889 τοῦ

1068 1905 1128 1933 Υἱοῦ
1149 1905 1192 1933 καὶ
1212 1905 1258 1934 τοῦ
1273 1903 1385 1945 Πατρὸς,
1418 1905 1540 1943 οὕμενουν
1569 1906 1605 1937 ὡς
1634 1905 1707 1944 παρὰ
1726 1904 1770 1933 δύο
1798 1905 1890 1933 αἰτίων

1062 1951 1106 1978 καὶ
1131 1950 1224 1990 ἀρχῶν
1249 1949 1320 1978 εἶναι
1350 1952 1380 1978 τὸ
1409 1951 1514 1988 Πιεύμα
1544 1951 1574 1978 τὸ
1602 1950 1688 1989 ἅγιον.
1715 1952 1775 1981 Πῶς
1791 1949 1842 1989 γὰρ
1857 1949 1891 1978 ἂν

1063 2001 1119 2022 εἷεν
1134 1993 1178 2023 δύο
1205 1996 1251 2023 τοῦ
1265 1995 1414 2033 Πνεύματος
1445 1994 1519 2023 αἴτια
1550 1995 1640 2034 Πατὴρ
1661 1995 1731 2023 καὶὸ
1752 1994 1822 2034 Υἱὸς,
1840 1999 1890 2024 τοῦ

1068 2040 1128 2068 Υἱοῦ
1160 2039 1293 2079 λέγοντος,
1323 2041 1354 2068 τὸ
1381 2040 1486 2078 Πνεύμα
1521 2039 1583 2079 παρ’
1612 2039 1687 2079 ὲμου,
1717 2038 1800 2068 ὅέστι
1816 2040 1888 2079 παρὰ

1062 2087 1109 2112 τοῦ
1129 2087 1204 2120 Θεοῦ,
1241 2085 1285 2112 καὶ
1317 2085 1398 2122 μόνον
1425 2084 1486 2125 οὒχὶ
1515 2085 1628 2122 βοῶντος
1653 2084 1690 2116 ὡς
1719 2084 1741 2111 εἰ
1766 2083 1809 2112 καὶ
1824 2085 1890 2125 παρ’

203 2135 374 2170 tantumque
389 2138 447 2159 non
464 2129 655 2167 inclamante,
680 2130 748 2161 licet
764 2139 801 2161 ex
827 2140 874 2162 me
894 2131 1021 2171 Spiritus

1093 2140 1128 2158 ,ου
1154 2129 1185 2157 τὸ
1213 2129 1320 2167 Πνεύμά
1332 2130 1415 2169 ἔστιν,
1431 2129 1490 2157 ἀλλ’
1515 2130 1551 2161 εἰς
1568 2130 1613 2157 τὸν
1629 2129 1732 2168 Πατέρα
1746 2128 1796 2162 τὴν
1809 2140 1889 2169 πρω-

202 2180 257 2210 est,
274 2184 374 2206 verum
392 2174 420 2205 in
443 2174 561 2205 Patrem
577 2175 747 2214 primariam
765 2179 794 2207 et
811 2175 924 2216 absque
940 2175 1024 2216 prin-

202 2221 280 2262 cipio
295 2228 426 2256 causam,
440 2219 520 2250 unde
535 2223 563 2250 et
580 2228 633 2259 ego
646 2220 725 2260 quod
741 2219 796 2250 sim
815 2219 923 2260 habeo,
936 2219 1028 2251 refcr-

204 2271 262 2298 tur.
277 2263 533 2302 Quemadmodum
555 2264 634 2295 enim
651 2264 681 2295 in
708 2264 774 2296 aliis
795 2264 866 2306 dixi,
883 2264 1027 2305 quidquid

201 2322 219 2343 a
234 2311 308 2344 Filio
323 2313 353 2342 et
365 2317 400 2342 ex
411 2308 498 2349 Filio,
517 2313 547 2340 et
563 2318 615 2349 per
630 2309 738 2341 Filium
765 2318 830 2340 esse
858 2309 979 2348 dicitur,
996 2309 1027 2340 in

202 2358 320 2389 Patrem
335 2354 473 2386 refertur.
491 2354 712 2395 Proptereaque
735 2353 786 2395 qui
809 2363 843 2385 ex
860 2355 956 2390 Patre,
974 2363 1029 2395 per

203 2401 311 2433 Filium
341 2408 378 2430 ex
403 2403 527 2439 utroque
552 2398 677 2436 exsistit,
703 2398 796 2430 veluti
826 2409 862 2430 ex
885 2408 945 2430 uno
969 2404 1024 2430 est.

201 2445 263 2476 Nec
281 2452 384 2485 parum
399 2442 436 2474 ad
462 2443 491 2474 id
517 2443 596 2474 idem
625 2443 774 2481 conducit,
801 2445 878 2484 quod
906 2443 993 2474 etiam
1010 2453 1027 2474 a

203 2498 310 2529 magno
326 2487 434 2520 Basilio
445 2487 475 2518 in
490 2487 717 2528 quadragesima
731 2488 854 2519 humilia
871 2488 1024 2519 Moralium

202 2534 311 2566 dicitur
326 2541 393 2564 cum
422 2532 545 2563 scribit:
567 2545 578 2561 ι
594 2533 660 2564 Νοιι
685 2533 810 2570 alienus,
837 2536 882 2563 est
902 2542 919 2563 a
932 2533 1027 2572 gloria

202 2579 298 2612 Patris
313 2577 366 2609 Dei
381 2577 509 2618 Spiritus
533 2587 568 2608 ex
588 2577 731 2608 ineﬂ‘abili
757 2587 819 2614 ore,
836 2576 1027 2608 ineﬂ‘abiliter

203 2632 362 2666 apparens,
378 2623 431 2654 sed
447 2622 498 2653 Dei
524 2621 664 2663 Spiritus,
677 2626 718 2654 et
740 2622 818 2663 apud
842 2622 949 2658 Deum,
967 2626 993 2652 et
1009 2631 1026 2653 a

204 2672 266 2701 Deo
281 2669 401 2708 missus,
412 2672 442 2700 et
452 2677 505 2708 per
517 2667 622 2699 Filium
634 2667 852 2708 suppeditatus,
868 2670 901 2698 ut
916 2666 1026 2698 dicitur

203 2725 220 2748 a
235 2717 357 2757 paterna
372 2722 509 2753 persona,
527 2711 648 2754 spiritus
674 2721 769 2751 meus,
793 2712 844 2754 qui
867 2715 912 2743 est
937 2711 968 2742 in
984 2714 1022 2742 te.

243 2801 272 2827 οι
293 2801 367 2831 Ιοιη
394 2808 455 2839 xiv,
470 2801 500 2831 6.

1066 2185 1114 2207 την
1129 2174 1173 2201 καὶ
1194 2172 1309 2214 ἄναρχον
1335 2174 1416 2202 αἰτίαν
1443 2173 1511 2202 ἐστὶν
1527 2173 1730 2214 ἀναφερόμενον,
1757 2172 1814 2202 ὅθεν
1844 2180 1895 2207 καὶ

1067 2218 1125 2256 ἐμοὶ
1140 2219 1170 2246 τὸ
1185 2218 1256 2246 εἶναι
1269 2218 1348 2247 ἐστιν.
1378 2214 1423 2250 Ὦς
1442 2219 1492 2259 γὰρ
1506 2219 1550 2248 καὶ
1574 2218 1601 2247 ἐν
1616 2217 1707 2251 ἄλλοις
1722 2219 1889 2258 εἰρήκειμεν,

1068 2262 1094 2291 εἴ
1122 2273 1149 2290 τε
1178 2263 1249 2303 παρὰ
1275 2264 1344 2298 Υἱοῦ,
1363 2264 1405 2292 καὶ
1432 2262 1458 2296 ἐξ
1488 2265 1559 2303 Υἱοῦ,
1583 2263 1625 2292 καὶ
1654 2261 1688 2291 δι’
1710 2263 1768 2291 Υἱοῦ
1783 2262 1894 2302 λέγεται

1067 2307 1150 2345 εἶναι,
1181 2308 1217 2339 εἰς
1252 2308 1297 2335 τὸν
1327 2308 1430 2347 Πατέρα
1464 2310 1512 2342 τὴν
1540 2307 1672 2348 ἀναφορὰν
1693 2306 1764 2348 ἔχει,
1782 2309 1826 2335 καὶ
1848 2307 1894 2337 διὰ

1067 2353 1143 2380 τούτο
1157 2352 1186 2380 τό
1202 2352 1231 2380 ἐκ
1258 2353 1358 2392 Πατρὸς
1387 2351 1420 2380 δι’
1448 2354 1519 2390 Υἱοῦ,
1542 2353 1586 2381 καὶ
1599 2351 1625 2386 ἐξ
1638 2352 1740 2392 ἀμφοῖν
1755 2352 1891 2394 ὑπάρχον,

1067 2398 1103 2428 ὡς
1117 2396 1145 2430 ἒξ
1160 2397 1216 2429 ἑνός
1240 2397 1322 2429 ἐστιν,
1350 2399 1403 2426 Οὐκ
1433 2396 1509 2437 ὀλίγα
1538 2396 1564 2425 δὲ
1586 2398 1651 2436 πρὸς
1667 2399 1744 2426 τούτο
1765 2395 1890 2435 συμϐάλ-

1067 2441 1107 2470 λει
1122 2442 1165 2470 καὶ
1192 2443 1223 2470 τὸ
1244 2442 1314 2482 παρὰ
1342 2446 1387 2470 τοῦ
1403 2441 1519 2481 μεγάλου
1544 2441 1681 2472 Βασιλείου
1694 2443 1722 2470 iv
1743 2445 1777 2480 τῇ
1792 2452 1894 2470 τεσσα-

1067 2490 1182 2526 ρακοστῇ
1209 2486 1300 2525 ὁμιλίᾳ
1334 2486 1409 2526 ῥηθὲν
1438 2490 1490 2515 τῶν
1521 2489 1597 2517 αὐτοῦ
1629 2486 1754 2524 Ἠθικῶν,
1783 2486 1810 2515 ἐν
1846 2487 1893 2519 οἷς

1069 2531 1130 2572 ἔφη,
1157 2545 1168 2560 ι
1199 2533 1252 2562 Οὺκ
1273 2531 1410 2571 ἀλλότριον
1431 2532 1479 2566 τῆς
1501 2536 1547 2561 τοῦ
1562 2535 1627 2561 Θεοῦ
1639 2531 1716 2565 δόξης
1737 2532 1768 2560 τὸ
1783 2532 1893 2570 Πνεύμα

1068 2575 1098 2604 ἐκ
1124 2580 1170 2605 τοῦ
1204 2575 1316 2616 ὰρῤητου
1343 2576 1472 2615 στόματος
1508 2576 1627 2617 ἀρρήτως
1655 2577 1786 2616 πεφηνὸς,
1823 2576 1894 2605 ἀλλὰ

1069 2622 1134 2649 Θεοῦ
1156 2621 1261 2658 Πνεύμα
1289 2621 1333 2649 καὶ
1359 2622 1430 2660 παρὰ
1466 2624 1533 2659 Θεῷ,
1563 2620 1793 2658 ἀποστελλόμενον
1821 2622 1896 2661 παρὰ

1067 2665 1143 2703 Θεοῦ,
1172 2665 1216 2693 καὶ
1251 2663 1284 2693 δι’
1311 2665 1373 2693 Υἱοῦ
1404 2667 1616 2706 χορηγούμενον,
1646 2667 1682 2698 ὡς
1709 2665 1815 2705 λέγεται
1843 2666 1894 2704 μὲν

1065 2709 1096 2738 ἐκ
1128 2712 1175 2738 τοῦ
1202 2710 1331 2750 πατριιοῦ
1362 2712 1516 2751 προσώπου,
1547 2712 1576 2740 τὸ
1605 2712 1710 2749 Πνεῦμα
1731 2711 1762 2739 τὸ
1777 2711 1856 2752 ἐμὸν,
1879 2711 1894 2739 ὁ
