1966 3073
213 125 272 159 499

785 129 906 161 JOANN
946 129 1051 161 VECCI
1073 130 1128 162 GP.
1152 131 1408 164 ΡΑΤΗΙΑΗΟΗΔΣ

1841 130 1901 164 500

213 192 281 223 doxi
296 197 324 224 et
340 194 479 239 Anomwi
494 203 560 225 cum
574 193 646 224 dicit
661 205 667 224 :
690 205 704 223 α
721 195 848 235 Spiritus
869 195 949 225 enim
972 197 1031 228 Pa-

1117 197 1214 235 νομοίου
1241 197 1347 238 λέγων’
1380 209 1393 227 ι
1430 199 1465 228 Τό
1492 199 1541 239 γὰρ
1583 203 1688 237 Πνεῦμα
1720 199 1822 238 Πατέρα
1852 201 1900 229 οὒκ

212 240 287 267 trem
304 247 363 268 non
379 238 477 275 habet,
496 247 592 278 neque
608 239 687 269 enim
703 240 820 279 genitus
833 243 887 270 est.
906 252 919 267 νδ

534 285 583 316 E1
599 285 712 317 eadem.

253 329 346 361 LXIX.
367 343 376 358 ι
396 330 539 371 Discipuli
554 331 653 372 itaque
669 341 736 363 cum
754 333 905 364 audissem
925 345 930 365 :
948 347 960 361 ‹‹
979 334 1033 364 Ba-

215 387 228 401 α
243 375 385 415 plizantes
401 384 451 406 eos
462 375 492 406 in
512 376 728 407 nominePatris
742 377 896 415 ethilii,rt
909 377 1036 419 Spiritus

215 431 228 450 ‹
244 421 432 458 sancti,mon
442 422 588 453 curiosius
597 422 878 464 perquirunt,quare
887 424 1035 455 secumlus

214 478 227 493 (ι
246 470 289 496 est
299 465 401 503 Filius,
419 472 449 496 et.
465 467 568 497 tertius
583 466 722 507 Spiritus,
740 473 769 498 et
796 478 887 508 quare
914 477 1034 508 prorsus

214 523 225 537 ει
244 509 396 541 Trinitas?
410 511 462 541 sed
481 513 520 540 uti
538 511 963 552 audiverun|.,cre'liderunt,et
975 522 1034 543 non

214 566 227 582 ιι
245 554 332 585 sicuti
348 564 398 585 vos
414 554 635 594 interrogarunt
656 565 661 587 :
684 556 778 587 Filius
804 557 893 596 igitur
907 561 950 588 est
965 556 1033 596 Spio

211 609 226 629 ‹
243 598 341 630 ritus?
356 608 452 639 neque
470 600 548 639 quod
566 604 630 639 post
645 601 752 631 Filium
769 601 912 632 Dominus
934 601 1030 642 Spiri-

214 655 225 671 ιι
245 649 306 675 tum
325 644 518 681 nominasset,
533 645 761 686 interrogarunt,
780 656 850 676 avus
866 646 953 684 igitur
976 648 1031 676 l’a-

214 700 227 715 «
244 687 287 718 ter
303 687 370 719 est?
385 698 444 718 non
458 688 537 719 enim
548 689 707 721 audierunt
723 690 752 720 in
767 691 886 721 nomine
899 691 956 729 avi,
978 690 1031 721 sed

214 744 227 760 α
245 732 275 762 in
291 732 411 763 nomine
426 733 528 771 Patris,
542 738 569 764 et
585 733 661 764 hanc.
677 734 767 766 fidem
781 735 921 766 omnibus
933 735 1030 765 divul-

214 789 227 804 ‹‹
244 781 360 816 garunt.
379 789 392 804 λι

500 825 742 857 Animadversio.

1077 242 1135 282 ἔχει
1153 251 1162 259 ⁸
1179 242 1299 282 οὐδὲγὰρ
1321 242 1460 282 ἐγεννήθη,
1485 255 1497 270 ι

1370 290 1418 319 Ἐκ
1431 292 1481 324 τῆς
1502 291 1595 324 αὐτῆς.

1114 330 1183 366 ΞΘ’.
1202 347 1213 362 ι
1244 337 1273 365 Οἱ
1302 347 1364 375 γουν
1406 337 1519 375 μαθηταὶ
1561 336 1734 374 ἀκούσαντες,
1766 346 1777 362 α
1796 337 1898 365 Βαπτί-

1079 388 1093 408 ι
1108 382 1197 415 ζοντες
1225 380 1320 413 αὐτοὺς
1356 382 1391 414 εἰς
1421 382 1452 410 τὸ
1480 381 1564 419 ὄνομα
1596 385 1642 410 τοῦ
1671 382 1772 420 Πατρὸς
1794 381 1838 408 καὶ
1851 384 1900 408 τοῦ

1079 435 1090 451 ι(
1108 426 1168 453 Υἱοῦ
1189 425 1232 453 καὶ
1272 429 1318 453 τοῦ
1353 426 1426 466 ἁγίου
1468 427 1632 466 Πνεύματος,
1648 435 1663 452 »
1691 427 1720 454 οὺ
1742 426 1898 465 περιειργά-

1078 480 1092 496 ε
1109 480 1199 509 σαντο,
1235 469 1301 498 διατί
1349 469 1465 507 δεύτερος
1505 472 1518 498 ὸ
1552 471 1621 507 Υἱὸς,
1656 470 1700 498 καὶ
1739 470 1824 510 τρίτον
1867 471 1898 498 τὸ

1078 524 1091 540 α
1108 516 1224 551 Πνεῦμα,
1252 514 1271 548 ἢ
1294 513 1361 543 διατί
1389 515 1458 547 ὅλως
1486 515 1593 555 Τριάς;
1619 513 1679 543 ἀλλ’
1701 515 1737 546 ὡς
1768 513 1895 549 ἤκουσαν,

1078 569 1089 584 «
1108 558 1273 598 ἐπίστευσαν,
1296 560 1340 588 καὶ
1363 561 1414 600 οὔχ
1428 559 1517 599 ὥσπερ
1533 561 1622 599 ὑμεῖς,
1639 559 1782 599 ἠρώτησαν
1805 566 1812 573 ⁸
1835 560 1897 591 Υἱὸς

1077 613 1088 631 α
1108 602 1152 631 οὖν
1180 603 1235 632 ἐστι
1270 604 1300 632 τὸ
1328 607 1461 642 Πνεῦμα;
1489 603 1547 633 οὐδὲ
1583 604 1700 635 εἰπόντος
1726 606 1773 632 τοῦ
1802 604 1896 642 Κυρίου

1077 658 1090 674 α
1106 647 1174 684 μετὰ
1207 649 1253 676 τόν
1295 649 1354 677 Υἱὸν
1388 650 1418 677 τὸ
1448 651 1565 688 Πνεῦμα,
1593 648 1747 688 ἠρώτησαν,
1785 647 1895 680 πάππος

1075 702 1089 718 (ι
1106 691 1150 720 οὖν
1178 693 1191 720 ὃ
1221 693 1336 730 Πατὴρ;
1365 695 1394 723 οὗ
1422 694 1471 733 γὰρ
1505 692 1631 730 ἤκουσαν,
1654 694 1690 725 εἰς
1720 691 1803 729 ὄνομα
1825 692 1897 720 πάπ-

1077 746 1091 763 ε
1108 748 1169 774 που,
1192 737 1251 766 ἀλλ’
1271 739 1308 770 εἷς
1336 737 1421 776 ὄνομα
1443 739 1556 777 Πατρός,
1580 739 1623 766 καὶ
1651 738 1748 770 ταᾶτην
1770 737 1818 770 τὴν
1846 737 1894 765 πί-

1079 792 1091 809 ι
1109 792 1165 811 στιν
1180 782 1308 822 ἐκήρυξαν
1329 783 1447 814 πάντως.
1472 795 1486 813 ι

1408 828 1574 860 Ἐπιστασία.

252 884 265 902 «
284 873 424 904 Eamdem
441 873 488 903 hic
503 882 620 913 quoque
633 874 812 904 sententiam
826 875 967 913 continet,
982 883 1034 914 pa-

1117 875 1168 909 Τῆς
1211 876 1292 909 αὐτῆς
1335 876 1435 908 ἐννοίας
1475 877 1519 904 καὶ
1548 881 1635 915 τοῦτο,
1673 879 1762 916 σαφῶς
1792 875 1895 915 δογμαα-

214 918 302 948 «lam
334 918 520 957 decernens,
553 927 610 948 non
648 927 716 949 esse
745 927 790 958 ,ει
828 919 902 950 Filio
940 918 1036 959 Spiri-

214 975 227 991 «
244 967 317 994 tum.
338 974 349 990 ι)

534 1008 703 1048 Refutatio.

251 1055 359 1086 Verum
390 1059 443 1093 est,
474 1054 609 1086 eamdem
639 1057 816 1088 sententiam
848 1057 877 1087 in
908 1057 960 1088 hac
979 1065 1034 1096 pe-

211 1101 312 1140 ricope
336 1100 493 1137 contineri,
524 1109 583 1130 non
612 1109 681 1130 vero
708 1110 742 1131 eo
770 1110 870 1142 scopo,
889 1110 976 1141 quem
1004 1105 1034 1132 tu

209 1145 308 1184 aﬂ‘ers,
325 1144 376 1175 sed
393 1154 440 1184 eo,
457 1153 515 1184 quo
532 1144 700 1175 ostenditur
729 1145 857 1186 Spiritus
884 1155 952 1184 erga
976 1147 1034 1176 Pa-

211 1193 285 1219 trem
303 1198 355 1229 per
368 1189 476 1220 Filium
499 1189 683 1229 conjunctio.
703 1191 766 1221 Hoc
781 1190 891 1221 etenim
917 1194 1034 1221 sanctus

212 1233 363 1274 explicuit,
379 1233 543 1265 secundum
560 1234 656 1264 locum
675 1244 733 1264 non
750 1235 881 1265 refutans
901 1234 929 1264 in
948 1234 1033 1275 Filio,

214 1287 310 1319 neque
323 1278 440 1309 tertium
458 1279 488 1309 in
504 1279 616 1319 Spiritu
627 1283 740 1310 sancto.

455 1325 601 1365 Ejusdem
616 1333 653 1356 ex
667 1325 784 1356 eadem.

254 1371 340 1404 LXX.
358 1383 371 1401 ‹
388 1371 472 1404 Unde
485 1372 516 1403 in
532 1371 640 1402 deitate
669 1372 732 1403 sola
756 1372 841 1403 Pater
866 1372 984 1413 proprie
1005 1377 1037 1404 et

217 1429 228 1444 «
249 1417 329 1447 solus
345 1417 431 1448 Pater
444 1426 510 1448 cum
526 1417 576 1454 sit,
593 1421 647 1454 est,
667 1423 696 1448 et
711 1417 776 1453 fuit,
790 1423 819 1447 et
836 1427 955 1457 semper
967 1417 1033 1454 erit,

1081 929 1095 950 ι
1106 921 1187 960 τίζον,
1203 920 1242 958 μὴ
1254 921 1286 950 Ex
1305 923 1351 949 τοῦ
1373 922 1433 950 Υῐοῦ
1447 920 1518 949 εἶναι
1533 921 1563 949 τὸ
1579 924 1695 958 Πνεῦμα,
1715 931 1726 946 ι

1400 1011 1562 1052 Ἀντίῤῥησις
1567 1034 1574 1041 .

1118 1058 1236 1093 Ἀληθῶς
1264 1062 1313 1093 τῆς
1350 1059 1432 1093 αὐτῆς
1454 1060 1553 1092 ἑννοίας
1577 1060 1620 1087 καὶ
1641 1060 1658 1093 ἡ
1683 1059 1793 1098 ῥηθετσα
1819 1069 1898 1098 περι-

1077 1105 1159 1144 κοπή,
1188 1104 1217 1132 οὗ
1239 1105 1292 1142 μὴν
1316 1115 1347 1143 γε
1369 1103 1428 1132 καθ’
1455 1103 1484 1132 ὅν
1513 1104 1544 1131 σὺ
1580 1103 1665 1143 λέγεις
1687 1105 1798 1140 σκοπὸν,
1830 1103 1899 1131 ἀλλὰ

1076 1150 1143 1178 κατᾶ
1166 1150 1196 1177 τὸ
1218 1148 1314 1183 δηλοῦν
1341 1149 1390 1183 τὴν
1413 1153 1457 1179 νοῦ
1485 1149 1637 1186 Πνεύματος
1659 1149 1799 1188 συνάφειαν
1830 1149 1899 1187 πρός

1075 1195 1120 1222 τὸν
1150 1193 1254 1234 Πατέρα
1282 1193 1324 1222 διὰ
1349 1197 1394 1222 τοῦ
1411 1195 1481 1225 ι’ἱοῦ,
1518 1197 1601 1222 Τοῦτο
1623 1193 1671 1232 γὰρ
1693 1194 1706 1221 ὁ
1734 1193 1810 1232 ἅγιος
1839 1192 1897 1220 ἐνέ-

1076 1249 1154 1279 φηνε,
1181 1239 1212 1267 τὸ
1244 1237 1363 1278 δεύτερον
1391 1238 1537 1278 δεχόμενος
1571 1237 1612 1266 ἐπὶ
1638 1242 1684 1267 τοῦ
1704 1239 1774 1275 Υῐοῦ,
1798 1238 1842 1266 καὶ
1868 1238 1898 1265 τὸ

1075 1284 1160 1323 τρίτον
1182 1283 1225 1312 ἐπὶ
1236 1287 1281 1312 τοῦ
1297 1284 1460 1321 Πνεύματος.

1307 1334 1357 1359 Τοῦ
1371 1329 1450 1358 αὐτοῦ
1466 1329 1495 1357 ἐκ
1518 1332 1568 1363 τῆς
1591 1329 1685 1363 αὐτῆς.

1117 1371 1157 1406 Ο’.
1178 1386 1190 1403 ι
1209 1371 1290 1405 ’”Οθεν
1311 1377 1354 1404 ἰπὶ
1374 1376 1422 1410 τῆς
1443 1376 1568 1410 θεότητος
1589 1377 1673 1414 μόνης
1703 1377 1717 1404 ὁ
1740 1375 1832 1414 Πατὴρ
1847 1386 1898 1402 κυ-

1081 1435 1091 1450 ι
1115 1421 1175 1460 ρίως
1197 1421 1241 1448 καὶ
1267 1421 1346 1458 μόνος
1372 1421 1463 1461 Πατὴρ
1485 1421 1521 1449 ὤν
1550 1421 1617 1458 ἐστι,
1646 1421 1689 1449 καὶ
1716 1421 1760 1460 ἦν,
1786 1421 1830 1448 καὶ
1860 1420 1900 1448 ἀεὶ

217 1474 231 1488 α
248 1465 277 1492 et
292 1461 382 1492 Filius
401 1462 521 1502 proprie
537 1466 566 1492 et
580 1461 661 1492 solus
678 1461 768 1492 Filius
792 1466 847 1499 est,
876 1467 905 1492 et
920 1462 957 1492 de
974 1462 1035 1492 istis

1117 1467 1182 1506 εστι,
1218 1466 1261 1494 καὶ
1290 1467 1308 1494 ὁη
1334 1467 1391 1499 Υἱὸς
1419 1466 1514 1505 κυρίως
1537 1467 1580 1494 καὶ
1611 1466 1756 1504 μόνοςΥἱὸς
1772 1465 1838 1502 ἐστι,
1855 1466 1899 1493 καὶ

215 1517 227 1535 «
244 1510 288 1536 est
300 1510 329 1536 et
344 1508 459 1537 Patrem
475 1515 594 1546 semper
606 1515 684 1543 esse,
699 1510 727 1536 et
740 1506 798 1536 dici
815 1506 1034 1545 Patrem,etFi-

1117 1510 1157 1538 ἐπὶ
1185 1511 1285 1539 τούτων
1311 1510 1376 1550 ἐστὶ,
1399 1513 1441 1538 καὶ
1468 1512 1509 1548 τὸ,
1533 1512 1546 1539 ὁ
1563 1511 1654 1550 Πατὴρ
1670 1510 1710 1538 ἀεὶ
1731 1510 1834 1549 Πατὴρ,
1855 1510 1899 1538 καὶ

214 1561 228 1581 (
244 1551 316 1581 lium
341 1551 448 1582 Filium
474 1559 606 1591 semper;
619 1555 649 1582 et
665 1549 791 1591 Spiritus
818 1552 888 1582 item
917 1555 1035 1582 sanctus

1117 1556 1156 1595 τὸ,
1187 1556 1200 1583 ὁ
1214 1555 1272 1587 Υἱός
1300 1555 1340 1583 ἀεὶ
1360 1549 1418 1587 fide
1443 1562 1512 1584 εἶναι
1536 1567 1564 1583 τε
1579 1556 1622 1583 καὶ
1637 1549 1756 1594 λέγεσθαι
1773 1564 1782 1573 ”
1799 1555 1843 1582 καὶ
1855 1555 1898 1591 τὸ;

213 1608 225 1623 α
242 1605 362 1637 semper
377 1595 503 1636 Spiritus
519 1599 638 1627 sanctus
652 1600 706 1636 est,
725 1604 754 1626 et
769 1597 847 1626 hunc
858 1605 874 1626 a
886 1597 947 1627 Deo
956 1605 1033 1636 esse,

1117 1603 1220 1637 Πνεῦμα
1249 1599 1275 1627 δὲ
1303 1600 1333 1628 τὸ
1357 1599 1434 1638 έίγιον
1463 1600 1503 1628 ἀεὶ
1524 1603 1629 1637 Πνεῦμα
1654 1599 1728 1638 ἅγιον
1757 1599 1824 1639 ἐστι,
1855 1600 1900 1628 καὶ

213 1654 225 1667 α
244 1645 272 1672 et
283 1650 300 1671 a
316 1642 402 1672 Pa're
418 1650 471 1681 per
488 1640 594 1671 Filium
623 1640 686 1671 dari
702 1641 862 1671 credimus.
880 1641 940 1671 Hac
956 1640 1035 1671 enim

1117 1655 1190 1674 τουτο
1204 1649 1250 1674 τοῦ
1271 1647 1337 1673 Θεοῦ
1365 1645 1447 1684 εἶναι,
1485 1646 1529 1673 καὶ
1558 1646 1628 1683 παρὰ
1647 1644 1693 1672 τοῦ
1728 1645 1830 1684 Πατρὸς
1866 1643 1899 1671 δι’

214 1697 225 1712 (ι
246 1685 361 1715 ratione
375 1690 477 1716 sancta
502 1684 634 1716 Trinitas
661 1685 855 1716 immutabilis
883 1690 981 1715 manet
1005 1685 1036 1715 in

214 1740 224 1757 ιι
242 1739 298 1760 una
316 1729 542 1768 deitateagnita.
559 1741 570 1758 »

494 1821 741 1853 Adimaduersio.

261 1877 275 1897 ‹
291 1867 345 1898 Hic
362 1871 484 1898 sanctus
499 1867 641 1905 declarat,
658 1868 805 1900 dationem
825 1868 951 1909 Spiritus
961 1880 977 1899 ει
987 1869 1037 1900 Pa-

214 1922 228 1942 α
245 1916 289 1943 tre
302 1922 354 1953 per
367 1913 473 1944 Filium
489 1913 660 1953 ﬁeri,quare
679 1913 744 1944 aliis
768 1914 855 1944 etiam
872 1914 900 1944 in
917 1914 988 1944 locis
1004 1914 1034 1944 in

213 1969 224 1985 α
243 1957 352 1998 quibus
365 1957 464 1996 docet,
495 1957 638 1998 Spiritum
671 1958 746 1988 mitti
777 1957 901 1998 darique
917 1967 932 1988 a
947 1958 1032 1996 Filio,

213 2014 226 2030 α
244 2002 411 2033 secundum
427 2003 503 2033 hanc
519 2002 747 2034 declarationem
764 2002 814 2033 illa
837 2012 902 2033 esse
922 2002 1034 2034 intelli-

213 2058 224 2075 α
241 2047 347 2086 genda.
366 2047 520 2078 Attendito
551 2047 650 2084 etiam,
668 2048 815 2088 quomodo
831 2056 962 2086 magnus
979 2048 1035 2078 iste

213 2105 222 2120 ι
242 2092 339 2130 Pater,
357 2092 699 2129 nonnullorum,tantum
715 2102 774 2122 non
795 2092 1034 2133 prmvaticinuns,

211 2154 226 2169 ι
244 2141 280 2172 ab
298 2141 380 2173 hisce
410 2142 587 2173 sententiam
618 2141 765 2172 diversam
781 2141 958 2182 reprimens,
977 2151 1034 2173 non

212 2198 223 2214 ‹ι
242 2186 336 2217 dixit:
355 2185 501 2228 Dicimus,
516 2190 565 2217 aut
579 2186 724 2224 dicemus,
738 2186 790 2217 sed
809 2195 815 2217 ε
834 2185 1000 2217 Credimus.
1018 2200 1030 2215 η

529 2278 698 2318 Refutat-io.

249 2325 321 2357 Cum
353 2329 473 2356 sanctus
513 2325 644 2356 declaret
672 2325 801 2366 Spiritus
837 2325 986 2356 (lationem
1018 2335 1035 2357 a

209 2372 294 2401 Patre
319 2379 372 2410 per
398 2369 504 2401 Filium
535 2370 611 2408 ﬁeri,
630 2370 739 2411 inquis,
769 2371 930 2400 secundum
960 2371 1035 2401 hanc

207 2414 438 2445 declarationem
454 2415 513 2445 alia
529 2424 647 2456 quoque
674 2424 741 2446 esse
763 2415 966 2453 intelligenda,
985 2414 1035 2446 ubi

209 2458 298 2489 docet
311 2457 399 2496 mitti,
417 2463 466 2489 aut
482 2459 545 2489 dari
566 2468 582 2490 a
605 2459 678 2489 Filio
698 2459 850 2498 Spiritum,
869 2468 976 2498 nempe
998 2458 1034 2489 ab

211 2511 245 2532 eo
261 2502 574 2543 quiaudit,Spiritum
596 2513 612 2534 a
642 2504 716 2535 Filio
746 2503 832 2541 mitti,
863 2503 1034 2542 intelligen-

209 2547 279 2577 dum
295 2556 360 2578 esse
376 2547 452 2578 mitti
476 2557 493 2578 a
509 2548 583 2579 Filio
611 2548 767 2588 Spiritum,
793 2547 871 2588 quod
901 2547 1036 2578 mittatur

210 2601 264 2632 per
278 2591 642 2632 Filium.Agnoscendum
670 2593 800 2633 profectu
830 2603 845 2623 a
873 2596 901 2622 te
919 2602 1036 2633 quoque

210 2640 265 2673 est,
284 2635 403 2674 Italum,
429 2646 497 2667 cum
523 2637 594 2668 dicit
623 2646 811 2678 promanare,
830 2641 858 2668 et
874 2637 1037 2677 procedere

210 2680 351 2721 Spiritum
367 2691 401 2712 cx
415 2681 501 2720 Filio,
519 2682 586 2713 ideo
612 2682 714 2713 isthmc
738 2681 850 2719 dicere,
868 2682 946 2723 quod
965 2691 1036 2721 tro—

211 2730 320 2764 manat,
344 2726 538 2767 proceditque
566 2727 692 2768 Spiritus
715 2736 767 2767 per
784 2726 900 2768 Filium,
915 2733 943 2757 et
960 2727 1035 2757 hanc

250 2792 282 2817 66
303 2793 408 2826 Matth.
425 2800 530 2833 xxvui,
549 2794 595 2826 19.

1082 1702 1092 1717 α
1107 1691 1166 1718 Υἱοῦ
1196 1688 1306 1717 δίδοσθαι
1335 1690 1556 1727 πεπιστεύκαμεν.
1586 1689 1661 1718 Οὕτω
1702 1689 1752 1728 γὰρ
1785 1690 1803 1723 ἡ
1838 1688 1900 1728 ἁγία

1082 1748 1092 1763 ι
1115 1735 1193 1774 Τριὰς
1217 1733 1392 1766 ἀναλλοίωτος
1427 1734 1499 1772 μένει
1538 1734 1564 1763 ἐν
1599 1737 1648 1772 μιᾷ
1675 1733 1780 1767 θεότητι
1814 1744 1900 1773 γινω-

1080 1793 1091 1808 ι
1115 1779 1244 1817 σχομένη,
1263 1788 1273 1803 I

1400 1825 1568 1858 Ἐπιστασία,

1121 1885 1132 1901 ι
1150 1872 1290 1911 Σαφηνίζει
1334 1872 1443 1901 ἐνταῦθα
1485 1873 1499 1900 ὁ
1540 1871 1614 1910 ἅγιος
1643 1871 1683 1899 ὅτι
1713 1873 1756 1900 καὶ
1784 1871 1802 1904 η
1828 1870 1899 1902 δόσις

1080 1925 1095 1946 (
1115 1917 1161 1945 τοῦ
1188 1918 1339 1954 Πνεύματος
1374 1917 1445 1956 παρὰ.
1494 1918 1596 1956 Πατρὸς
1634 1915 1667 1944 δι’
1701 1917 1758 1945 Υἱοῦ
1787 1916 1899 1955 γίνεται,

1120 1962 1132 1972 11
1246 1963 1252 1971 I
1296 1962 1307 1971 77
1400 1960 1410 1969 Ν
1424 1960 1450 1972 '\I
1472 1973 1476 1978 Ι
1566 1961 1571 1970 Ι
1618 1971 1627 1978 ⁸
1685 1961 1697 1972 )\
1730 1960 1741 1970 λ
1755 1960 1780 1970 ικ-
1879 1962 1885 1972 Ι

1079 1972 1091 1990 (ι
1115 1973 1183 1990 ωστε
1211 1973 1254 1990 και
1296 1963 1355 1990 ενθα
1397 1969 1511 1990 οιοασκει
1540 1972 1653 1999 πεμπειν
1681 1973 1699 1995 η
1727 1968 1825 1989 οιοοναι
1853 1973 1899 1990 τον

1079 2018 1091 2034 α
1108 2007 1168 2035 Υἶὸν
1195 2007 1225 2035 τὸ
1253 2010 1369 2044 Πνεῦμα,
1396 2006 1463 2034 κατὰ
1487 2007 1584 2040 ταύτην
1608 2006 1657 2040 τὴν
1673 2007 1817 2045 σαφήνειαν
1845 2008 1898 2035 κά-

1080 2062 1093 2078 κ
1117 2051 1194 2079 κεῖνα
1223 2057 1294 2079 νοεῖν
1321 2050 1470 2090 ὀφείλομεν,
1503 2052 1641 2091 Πρὸσσχες
1670 2049 1697 2078 δὲ
1725 2050 1769 2078 καὶ
1796 2051 1854 2083 πῶς
1886 2050 1900 2079 ὅ

1079 2107 1093 2123 κ
1116 2095 1197 2134 μέγας
1221 2096 1302 2128 οὕτως
1329 2096 1432 2135 Πατὴρ,
1459 2096 1490 2124 τό
1505 2107 1583 2124 τινων
1603 2095 1663 2124 οἷον
1677 2095 1900 2134 προαναστέλλων

1079 2152 1092 2168 ι
1117 2141 1287 2180 προφητικῶς
1331 2141 1389 2179 περὶ
1439 2139 1486 2174 τῆς
1518 2140 1564 2168 τοῦ
1590 2140 1718 2179 παναγίου
1747 2139 1900 2176 Πνεύματος

1079 2196 1089 2213 α
1115 2185 1294 2224 ἔκπορεύσεως
1323 2184 1514 2224 ὲτερόγνωμον,
1546 2186 1594 2214 οὐκ
1614 2185 1688 2224 εἶπε,
1719 2185 1849 2224 Λέγομεν,
1869 2185 1898 2223 ἢ,

1078 2242 1092 2259 ι
1117 2230 1290 2270 Διδάσκομεν,
1306 2229 1385 2268 ἀλλὰ,
1402 2228 1644 2267 Dementia};st

1392 2277 1563 2317 Ἀντίῤῥησις.

1117 2323 1237 2364 Ἐπειδὴ,
1254 2323 1296 2352 διὰ
1317 2326 1348 2353 τὸ
1364 2325 1513 2365 σαφηνίζειν
1528 2325 1573 2353 τὸν
1594 2325 1669 2364 ἅγιον
1684 2326 1733 2359 τὴν
1755 2329 1800 2354 τοῦ
1814 2326 1900 2354 Πνεύ-

1077 2381 1159 2408 ματος
1187 2368 1258 2397 δοσιν
1286 2370 1357 2409 παρὰ
1383 2370 1484 2409 Πατρὸς
1529 2368 1562 2397 δι’
1585 2371 1644 2399 Υἱοῦ
1667 2371 1793 2410 γίνεσθαι,
1811 2370 1900 2410 λέγεις

1077 2414 1190 2455 ὀφείλειν
1221 2415 1289 2443 κατὰ
1324 2415 1422 2448 ταύτην
1450 2421 1521 2443 νοεῖν
1545 2414 1594 2448 τὴν
1609 2416 1751 2455 σαφήνειαν
1787 2416 1901 2444 κάκεῖνα

1077 2460 1143 2499 οἵπερ
1158 2459 1242 2499 λέγει,
1273 2459 1331 2488 ἔνθα
1360 2458 1473 2487 διδάσκει
1503 2459 1617 2497 πέμπειν
1638 2460 1656 2494 ἢ
1671 2459 1767 2488 διδόναι
1782 2461 1826 2488 τὸν
1840 2462 1900 2489 Υἱὸν

1077 2506 1107 2533 τὸ
1130 2507 1247 2542 Πνεῦμα,
1276 2504 1394 2533 τουτέστι
1421 2505 1467 2532 τὸν
1490 2504 1618 2532 ἀκούοντα
1646 2504 1760 2542 πέμπειν
1775 2505 1821 2533 τὸν
1844 2506 1902 2533 Γὶὸν

1078 2551 1108 2578 τὸ
1136 2552 1241 2587 Πνεῦμα
1271 2556 1340 2577 νοεῖν
1378 2549 1527 2587 πέμπεσθαι
1549 2549 1619 2587 παρὰ
1643 2551 1701 2577 Υἱοῦ
1722 2550 1752 2577 τὸ
1781 2549 1899 2588 Πνεῦμα,

1079 2593 1119 2621 ὅτι
1147 2592 1243 2621 δίδοται
1273 2593 1314 2621 διὰ
1326 2593 1384 2622 1⁵ἱοῦ
1401 2602 1408 2610 ·
1439 2592 1480 2620 δεῖ
1508 2603 1535 2620 σε
1566 2591 1746 2632 διαγινώσκειν
1765 2594 1801 2624 ὡς
1818 2594 1860 2622 καὶ
1888 2595 1903 2622 ὁ

1077 2637 1162 2677 λέγων
1206 2637 1306 2670 Ἰταλὸς
1346 2636 1540 2677 προϐεϐλῆσθαι
1574 2638 1617 2666 καὶ
1659 2638 1842 2678 εκπορεὺεσοαι
1872 2639 1903 2666 τὸ

1078 2682 1183 2720 Πνεὺμα
1222 2681 1247 2715 ἐξ
1283 2682 1349 2719 fio-5,
1385 2681 1423 2710 ὃιέ
1451 2693 1527 2710 τουτο
1542 2682 1624 2710 uini
1639 2694 1731 2722 φησιν,
1761 2682 1801 2711 ὅτι
1830 2694 1902 2722 προ-

1077 2725 1203 2761 ϐέϐληται
1232 2727 1275 2756 καὶ
1302 2728 1470 2768 ἒκπορευεται
1496 2728 1526 2755 τὸ
1565 2730 1671 2766 Πνεῦμα
1693 2726 1725 2755 δι’
1757 2727 1827 2766 Υἱοῦ,
1859 2728 1903 2756 καὶ
