1966 3073
137 86 192 121 501
646 90 687 122 ΙΝ
710 89 907 121 GAMATERI
922 87 1299 121 ANIMADVEBSIONES.
1761 83 1818 117 502

130 155 304 192 ἀκολουθήσει
333 160 367 193 τῇ
396 155 535 195 διαγνώσει
572 157 655 195 ταύτῃ
685 158 724 193 μὴ
749 158 779 186 τὸ
799 157 830 185 ἐκ.
852 157 944 196 Πατρὸη

1018 164 1079 186 uam
1097 156 1299 196 cognitionem
1313 159 1465 196 sequetur,
1484 155 1564 186 nullo
1580 154 1667 186 modo
1686 153 1817 192 diﬂ'erre,

131 202 173 229 καὶ
195 203 256 231 rio-‘5
289 201 473 240 ἐκπορεύεσθαι
514 202 545 230 τὸ
576 204 683 238 Πνεῦμα
703 202 735 229 τὸ
757 201 832 241 ἅγιον
862 200 944 240 διαφέ-

1018 210 1032 230 x
1044 199 1128 231 Patre
1143 205 1172 232 et
1186 200 1260 232 Filio
1277 200 1421 241 Spiritum
1439 200 1658 240 procedere,et,
1675 208 1709 229 ex
1734 197 1820 228 Patre

131 257 184 285 ρειν
199 249 245 274 τοῦ
260 246 289 274 ἐκ
305 246 406 285 Πκτρὸς
435 244 477 275 διὰ
507 247 580 281 Υἰοῦ,
613 245 701 286 ὥσπερ
731 244 788 276 ουδὲ
802 247 833 275 τὸ
847 247 877 275 ὲκ
900 249 956 274 Πα-

130 291 190 330 τρὸς
204 294 250 319 τοῦ
284 292 343 318 Υἱοῦ
371 290 520 327 πέμπεσθαι
548 290 611 319 αὐτὸ
639 289 754 331 διαφέρει
776 295 821 319 τοῦ
849 291 878 319 ἐκ
901 294 955 318 Πα-

131 335 192 374 τρὸς
207 333 240 362 δι’
261 336 320 364 Υἱου
335 335 397 363 αὖτὸ
412 334 574 372 πέμπεσθαι,

211 381 259 410 Ἐκ
273 384 322 415 τῆς
345 382 408 420 πρὸς
431 381 586 420 Σεραπίωνα
616 381 705 422 ὶτέρας
721 381 873 416 ἐπιστολῆς.

172 424 236 459 01'.
257 440 267 456 α
295 429 344 457 Καὶ
385 428 434 467 γὰρ
470 428 562 468 ὥσπερ
612 428 732 467 γέννημα
774 429 914 468 μονογενὲς
941 431 954 458 ὁ

135 483 146 500 α
171 473 231 505 Υἱός
260 474 328 512 ἐστι,
364 472 433 501 οὕτω
466 473 510 500 καὶ
545 472 575 501 τό
603 475 709 510 Πνεῦμα
734 473 805 513 παρᾶ
832 477 877 502 τοῦ
897 475 956 502 rion

135 529 146 546 ε
170 517 304 556 διδόμενον
330 518 374 546 καὶ
403 517 587 556 πεμπόμενον,
617 517 661 545 καὶ
690 517 754 545 αὖτὸ
783 517 810 545 ἕν
831 517 886 546 ὶστι
911 519 955 546 καὶ

134 574 145 590 e
172 562 200 591 οὗ
236 562 333 599 πολλὰ,
371 560 429 591 οὐδὲ
457 561 487 589 ἐκ
514 561 621 590 πολλῶν
643 561 682 599 ἕν,
714 561 781 590 ἀλλὰ
797 562 878 600 μόνον
893 562 954 590 αὖτό

134 618 145 635 ε
170 610 286 644 Πνεῦμα,
302 605 379 638 Ἐνος
415 606 464 645 γὰρ
491 605 564 639 ὅντος
587 607 633 634 105
653 606 712 634 Υἰοῡ
727 605 773 635 τοῦ
788 609 885 642 ζῶντος
901 607 954 635 Λό-

133 663 146 679 ι
169 663 216 691 γου
231 652 292 690 μίαν
307 651 379 679 εἶναι
395 650 436 679 δεῖ
451 649 552 679 τελείαν
567 651 612 678 καὶ
627 650 716 690 πλήρη
732 651 781 685 τὴν
796 651 953 690 ἆγιαστικῆν

133 708 147 724 ι
170 697 253 734 ζωὴν,
276 696 356 724 οὖσαν
391 694 522 734 ἐνέργειαν
559 697 637 725 αὖτιιῦ
661 695 719 733 καιὶῇ
733 694 841 735 δωρεὰν,
869 695 885 730 ἦ
914 706 954 727 τις

133 753 147 768 α
170 742 200 769 εκ
228 744 274 769 τοῦ
296 740 398 779 Πατρός
427 738 531 778 λέγεται
559 739 766 779 ἐκπορεύεσθαι·
796 740 853 768 ἐπεὶ
884 740 953 779 παρὰ

1000 253 1052 283 per
1065 244 1184 284 Filium,
1198 245 1447 285 quemadmodum
1464 253 1560 284 neque
1576 243 1675 274 differt
1687 242 1771 273 illum
1785 251 1818 273 ex

1001 290 1084 319 Patre
1099 293 1128 319 et
1141 289 1227 327 Filio,
1245 294 1272 320 et
1286 299 1320 319 ex
1334 290 1419 320 Patre
1435 298 1488 329 per
1499 288 1606 319 Filium
1623 286 1709 318 mitti.

1131 380 1183 412 E1;
1196 381 1261 412 alia
1276 381 1315 412 ad
1327 381 1523 420 Serapionem
1538 379 1676 420 epistola.

1037 425 1136 458 LXXI.
1158 439 1168 454 ι(
1184 427 1317 467 Namque
1333 427 1419 458 sicuti
1434 427 1520 458 fcetus
1540 426 1709 465 unigenilus
1724 425 1816 456 Filius

1000 482 1012 496 α
1031 475 1085 506 est,
1103 472 1142 502 ito
1159 476 1186 502 et
1201 472 1341 512 Spiritus,
1369 471 1418 512 qui
1445 481 1462 501 ει
1486 471 1559 502 Filio
1574 471 1661 502 datur
1680 474 1709 501 et
1724 470 1817 500 mitti-

1000 528 1011 542 α
1031 519 1087 556 tur,
1101 526 1178 548 unus
1193 520 1238 547 est
1265 521 1294 546 et
1323 526 1381 547 non
1406 516 1507 553 multa,
1538 525 1634 556 neque
1658 525 1692 546 ex
1718 514 1818 545 multis

999 572 1012 586 α
1031 570 1132 598 unum,
1145 561 1196 592 sed
1212 561 1293 591 solus
1311 561 1373 600 ipse
1388 560 1527 600 Spiritus.
1541 560 1613 591 Cum
1629 559 1708 590 enim
1725 568 1816 590 unum

1000 616 1010 631 α
1030 605 1067 634 sit
1083 605 1287 642 Filius,vivens
1302 605 1445 646 Verbum,
1462 608 1579 644 oportet
1595 614 1683 635 unam
1699 613 1816 644 quoque

1001 659 1011 675 ι
1032 658 1097 679 esse
1113 649 1273 689 perfectam
1288 653 1318 680 et
1333 650 1451 688 plenam
1467 649 1556 679 vitam
1569 648 1814 685 sanctiﬁcantem,

999 705 1010 719 ‹ι
1030 693 1197 733 ᾳυωίρεὶυε
1208 697 1253 724 est
1267 694 1401 734 operatio
1418 699 1443 724 el
1459 694 1581 730 donum,
1599 703 1664 734 qua
1681 702 1722 730 ex,
1732 692 1816 723 Patre

998 749 1010 764 (ι
1028 737 1137 768 dicitur
1148 738 1311 778 prucedere
1324 749 1330 767 ι
1347 748 1413 769 cum
1428 747 1461 769 ex
1478 737 1671 778 Verbo,quod
1682 746 1716 768 ex
1729 739 1814 768 Patre

133 797 146 812 κ
170 786 216 814 τοῦ
244 787 329 824 Λόγου
351 787 396 813 τοῦ
421 783 451 812 ἐκ
476 783 576 822 Πατρός
606 782 818 822 ὁμολογουμένου
848 783 944 822 ἔκλαμ-

1028 791 1094 813 esse
1108 782 1262 822 asseritur,
1280 783 1388 820 elucet,
1407 782 1550 814 emittitur
1562 785 1592 813 et
1606 782 1745 813 donatur.
1762 794 1772 810 ι

133 842 143 857 ι
169 841 226 870 πει⁷
242 831 285 858 καὶ
298 828 501 865 ἀποστέλλεται,
524 828 567 856 καὶ
582 827 691 860 δίδοται,
711 838 721 855 ι

462 873 628 905 Ἐπιστασία.

169 915 234 962 ηορα
262 923 309 956 τὴν
339 925 384 950 τοῦ
423 921 498 960 ἆγίου
539 919 684 961 ἀκρίϐειαν,
729 923 786 953 πῶς
807 923 867 950 ἔνθα
902 922 950 955 τὴν

131 980 144 996 α
168 967 239 1007 παρᾶ
261 967 383 1006 πρόθεσιν
397 967 441 994 καὶ
456 966 498 994 ἐπὶ
519 969 565 994 τοῦ
595 967 696 1005 Πατρὸς
714 967 758 994 καὶ
773 965 815 994 ἐπὶ
830 967 874 994 τιιῦ
893 966 952 995 Υἱοῦ

131 1024 142 1041 α
168 1012 277 1049 τέθεικε,
301 1010 427 1039 διέστειλε
440 1010 487 1042 τὰς
509 1009 597 1050 φωνάς
623 1019 630 1027 ⁸
648 1011 692 1039 καὶ
713 1010 755 1039 ἐπὶ
771 1010 820 1048 μὲν
833 1014 878 1039 τοῦ
893 1014 950 1039 Πα-

129 1069 142 1084 σ
167 1057 227 1095 τρός
256 1055 349 1095 εἴρηκε
391 1055 440 1088 τὴν
476 1054 641 1094 ἑχπόρευσιν,
683 1055 726 1084 ἰπὶ
753 1054 780 1082 δὲ
806 1059 852 1084 τοῦ
892 1057 951 1085 Υἱοῦ

128 1114 141 1130 α
165 1102 215 1135 τὴν
231 1100 375 1138 ἔκλαμψιν,
391 1100 434 1128 καὶ
449 1099 612 1135 ἀποστολὴν,
628 1101 671 1128 καὶ
685 1099 767 1131 δόσιν.
781 1112 792 1127 ι

449 1145 625 1186 Ἀντίῤῥησις.

166 1195 239 1235 Ἐγὼ
267 1194 293 1222 δὲ
327 1206 408 1235 φημι,
439 1195 476 1226 ὡς
512 1194 573 1234 οὐχὶ
615 1195 661 1227 τὰς
688 1195 778 1234 φωνὰς
805 1195 914 1223 ἔνταυθα
936 1196 950 1223 ὁ

124 1241 200 1279 ἅγιος
226 1238 362 1278 διέγτειλε⁷
387 1239 435 1266 τ-ὶιν
463 1237 617 1277 ἒκπόρευσιν
643 1249 712 1278 φημι
740 1239 793 1268 ἀπὸ
824 1239 872 1273 τῆς
901 1239 949 1266 ἐκ-

124 1284 264 1321 λάμψεως,
294 1284 338 1311 καὶ
363 1284 393 1311 τὸ
408 1281 539 1310 ἀνάπαλιν
555 1290 562 1298 ·
597 1282 659 1311 ἀλλ’
681 1282 771 1317 ἐπειδὴ
800 1283 886 1312 πάντα
899 1282 948 1311 ὅσα

123 1329 155 1356 τὸ
183 1328 288 1365 Πνεῦμα
316 1326 342 1360 ἐξ
375 1328 435 1355 ι’ἷοῦ
462 1326 568 1366 λέγεται
600 1327 685 1367 ἔχειν,
705 1328 756 1367 οὐχ
771 1328 806 1360 ὡς
836 1327 862 1360 ἒξ
882 1326 947 1358 ἰδίας

123 1373 196 1412 παρᾶ
221 1373 267 1400 τὸν
289 1371 391 1410 Πατέρα
416 1371 501 1404 αἰτίας
525 1371 590 1411 ἕχον
615 1371 686 1400 ἔστιν
703 1379 710 1386 ·
728 1370 870 1407 ἂναϐλύζον
898 1372 947 1410 γὰρ

123 1422 170 1447 τοῦ
204 1419 274 1455 Tim"),
304 1418 348 1446 καὶ
375 1417 556 1457 προχεόμενον
579 1417 606 1450 ἒξ
631 1419 700 1454 Υἱοῠ,
726 1418 776 1457 οὐχ
791 1419 827 1450 ὡς
843 1417 868 1450 ἐξ
882 1416 946 1447 ἰδίας

122 1461 259 1497 ἀναϐλύζει
281 1463 325 1490 καὶ
356 1468 500 1501 προχεῖται
528 1462 670 1499 παρὰλτὸν
697 1461 800 1502 Πατέρα
822 1464 913 1501 πηγῆς
938 1471 945 1480 ⁸

121 1505 182 1535 ἀλλ’
211 1506 250 1534 ὅτι
271 1508 302 1534 ἒκ
331 1506 431 1545 Πατρός
454 1504 486 1533 δι’
519 1507 579 1535 Υἶοῦ
607 1504 743 1542 ἀναϐλύζει
765 1507 850 1534 τεκαὶ
877 1517 946 1546 προ-

122 1557 228 1591 χεῖται,
261 1551 303 1579 καὶ
336 1550 361 1583 ἐξ
394 1552 454 1579 Υἱοῦ
483 1549 634 1585 ἂναϐλύζειν
668 1550 772 1589 λέγεται
807 1551 850 1578 καὶ
877 1560 946 1590 προ-

121 1597 230 1635 χετσθαι
248 1605 255 1612 ·
287 1594 370 1626 οὕτως
400 1594 476 1622 οἱονεὶ
506 1595 519 1622 ὁ
534 1594 609 1633 ἅγιος
626 1593 818 1633 συλλογίζεται.
834 1594 944 1628 Ἐπειδὴ

120 1640 151 1667 τὸ
174 1640 279 1675 Πνεὺμα
303 1638 374 1677 παρὰ
402 1641 447 1666 τοῦ
475 1637 572 1676 Λόγου,
601 1638 720 1666 τουτέστι
735 1636 776 1665 ’διὰ
797 1641 843 1666 τοῦ
860 1637 944 1676 Λόγου

122 1683 240 1723 πρόεισιν
270 1683 299 1710 ἐκ
333 1683 446 1721 Πατρὸς,
475 1682 563 1720 ὥσπερ
578 1682 604 1714 ἐξ
625 1681 700 1715 ἡλίου
716 1681 757 1709 διὰ
771 1686 816 1710 τοῦ
844 1683 942 1722 φωτὸς,

119 1729 268 1768 φωτιστικὴ
292 1726 453 1765 λαμπηδὼν,
484 1728 497 1755 ὁ
526 1725 552 1754 δὲ
590 1726 675 1765 Λόγος
715 1726 744 1754 ἐκ
771 1730 816 1755 τοῦ
840 1727 942 1766 Πατρὸς

117 1772 309 1810 ὡμολόγηται,
340 1770 382 1800 διὰ
410 1781 486 1799 τοττο
513 1771 556 1799 καὶ
587 1771 648 1799 αὖυό
677 1771 746 1810 παρᾶ
780 1774 825 1799 τοῦ
840 1771 942 1810 Πατρός

118 1817 303 1856 ἐκπορεύεσθαι
320 1815 425 1856 λέγεται
433 1839 437 1843 .

115 1862 165 1892 Ἐκ
193 1863 245 1891 τὼν
273 1863 332 1902 περὶ
366 1865 412 1890 τοῦ
448 1861 554 1899 ομοίους
583 1861 656 1890 εἶναι
696 1862 742 1890 τὸν
770 1861 874 1901 Πατέρα
899 1861 944 1892 καὶ

157 1903 203 1931 τόν
244 1903 302 1931 ι’ἰόν
331 1903 374 1930 καὶ
401 1902 431 1930 τό
472 1901 547 1941 ἅγιον
586 1905 693 1940 Πνεῦμα
714 1905 864 1941 μαρτυριῶν
891 1905 941 1935 τῆς

157 1946 264 1983 Γραφῆς
279 1942 428 1982 κεφαλαίων
443 1942 639 1981 τεασαράκοντα
661 1942 742 1973 ὀκτώ,

157 1985 240 2021 οΒ’.«
256 1991 285 2019 Τί
302 1990 357 2018 ἐστι
373 1990 449 2029 Θεός;
464 1985 494 2017 Ἦ
510 1989 616 2017 πάντων
628 1989 700 2029 ἀρχὴ
714 1989 782 2017 κατὰ
795 1990 841 2017 τόν
857 1989 942 2018 ’Λπό-

74 2028 79 2032 ‘
117 2047 131 2062 ε
156 2035 249 2063 στολον
268 2044 274 2051 ’
300 2048 312 2063 ι
330 2034 377 2067 Εἷς
393 2034 457 2066 Θεός
473 2035 487 2062 ὁ
502 2035 604 2073 Πατὴρ,
621 2034 646 2066 ἒξ
668 2034 697 2062 οὗ
718 2035 751 2062 τὰ
761 2034 876 2066 πάντα.»
893 2036 940 2064 Καέ

1296 873 1537 905 Animadversio.

1037 930 1047 946 α
1066 919 1170 951 Nolato
1187 920 1281 951 sancli
1296 924 1427 951 exactam
1439 920 1483 951 rei
1497 919 1712 959 dicussionem,
1737 929 1813 959 quo-

997 975 1008 990 ιι
1028 963 1114 994 modo
1128 963 1179 995 ubi
1196 964 1434 1004 prepositionem
1451 972 1490 995 ea:
1504 963 1541 994 de
1556 963 1653 1000 Patre,
1665 967 1694 993 et
1709 962 1748 993 de
1762 962 1814 993 Fi-

997 1017 1008 1035 α
1026 1007 1064 1037 lio
1080 1008 1252 1045 enuntiavit,
1280 1008 1427 1039 dictiones
1453 1008 1603 1045 distinxit;
1619 1011 1650 1038 et
1664 1007 1701 1038 de
1727 1008 1814 1038 Patre

996 1063 1007 1080 (ι
1027 1053 1309 1092 processionem,de
1324 1053 1397 1085 Filio
1418 1062 1486 1084 vero
1510 1053 1666 1092 fulgorem,
1692 1052 1812 1083 missio-

996 1107 1009 1126 α
1026 1106 1106 1136 nem,
1124 1098 1313 1129 etdationem
1329 1098 1473 1129 asseruit.
1493 1110 1505 1126 υ

1312 1145 1480 1185 ΒιιΓιιιαιῑο.

1031 1191 1089 1224 Sed
1103 1193 1178 1233 ipse,
1193 1193 1252 1231 aio,
1268 1197 1400 1224 sanctum
1410 1193 1459 1224 hic
1474 1202 1532 1223 non
1549 1192 1693 1224 dictiones
1704 1193 1812 1225 distin-

990 1236 1080 1275 xisse,
1094 1239 1326 1278 processionem,
1344 1237 1476 1277 inquam,
1492 1242 1520 1268 et
1536 1237 1677 1277 fulgorem
1688 1241 1716 1268 et
1735 1246 1810 1269 con-

991 1286 1046 1313 tra.
1063 1282 1122 1314 Sed
1132 1291 1200 1313 cum
1215 1291 1399 1323 quaecunque
1415 1281 1541 1322 Spiritus
1555 1291 1590 1313 ex
1611 1281 1686 1313 Fi'io
1702 1282 1810 1314 dicitur

989 1326 1112 1363 habere,
1125 1336 1185 1358 non
1200 1327 1243 1357 uti
1262 1335 1296 1358 ex
1312 1327 1441 1367 propria,
1459 1326 1574 1358 secluso
1604 1327 1701 1364 Patre,
1720 1337 1809 1358 causa

989 1371 1129 1410 possidet.
1143 1371 1291 1402 Exsiliens
1312 1371 1391 1401 enim
1412 1380 1447 1401 ex
1462 1370 1547 1406 Filio.
1562 1376 1591 1402 et
1606 1371 1716 1402 eli‘usus
1727 1382 1744 1402 a
1756 1372 1806 1403 Fi-

991 1415 1041 1453 lio,
1059 1424 1117 1446 non
1133 1416 1175 1446 uti
1189 1425 1224 1446 ex
1248 1416 1366 1456 proprio
1383 1415 1481 1446 exsilit
1505 1415 1737 1456 eti'unditurque,
1755 1426 1805 1447 se-

990 1461 1071 1491 cluso
1086 1461 1184 1501 Patre,
1201 1460 1291 1498 fonte,
1308 1460 1360 1491 sed
1376 1461 1454 1501 quod
1470 1469 1505 1491 ex
1527 1459 1601 1491 Filio
1624 1460 1742 1491 exsilire
1758 1461 1806 1491 di-

989 1508 1081 1545 catur,
1098 1509 1125 1535 et
1141 1505 1290 1545 profundi,
1303 1505 1382 1536 hunc
1397 1504 1428 1535 in
1443 1504 1562 1536 modum
1582 1508 1701 1536 sanctus
1714 1505 1806 1536 ratio-

988 1549 1113 1581 cinatur.
1129 1549 1201 1581 Cum
1228 1549 1354 1591 Spiritus
1369 1559 1385 1581 a
1399 1549 1509 1590 Verbo,
1534 1550 1590 1580 hoc
1618 1553 1663 1580 est
1687 1559 1740 1590 per
1754 1549 1805 1581 Fi-

987 1593 1058 1624 lium
1075 1594 1262 1634 progreditur
1288 1604 1324 1626 ex
1351 1596 1438 1626 Patre
1462 1599 1599 1635 tanquam
1623 1603 1659 1626 ex
1673 1593 1737 1625 sole
1752 1604 1806 1635 per

985 1639 1086 1670 lumen
1100 1639 1270 1670 illuminans
1285 1639 1395 1677 radius,
1406 1644 1434 1671 et
1446 1638 1579 1671 Verbum
1592 1648 1627 1670 ex
1643 1640 1729 1670 Patre
1740 1648 1807 1671 esse

984 1684 1061 1723 apud
1077 1684 1235 1715 omnes-in
1263 1684 1400 1716 confesso
1421 1688 1474 1720 est,
1493 1688 1649 1725 propterea
1668 1688 1697 1714 et
1721 1684 1770 1715 hic
1786 1692 1803 1715 a

983 1729 1070 1760 Patre
1080 1729 1243 1769 procedere
1256 1729 1375 1760 dicitur.

986 1864 1037 1895 Εα*
1051 1865 1199 1905 capitibus
1213 1866 1421 1905 quadraginta
1440 1870 1506 1897 octo
1520 1866 1555 1897 de
1564 1865 1661 1898 simili
1673 1869 1805 1898 essentia

1009 1907 1088 1936 inter
1102 1905 1222 1937 Putrem
1233 1909 1260 1937 et
1276 1906 1396 1938 Filium
1408 1910 1438 1938 et
1452 1906 1603 1947 Spiritum
1616 1909 1769 1938 sanctum.

1022 1991 1134 2024 LXXII.
1152 1993 1228 2029 Quid
1245 1997 1289 2024 est
1305 1995 1398 2025 Deus?
1411 1992 1550 2025 Omnium
1567 1993 1745 2034 principium
1759 2002 1804 2024 se-

985 2048 998 2065 α
1017 2037 1144 2068 cundum
1160 2038 1333 2078 Apostolum
1348 2038 1496 2070 dicentem
1518 2047 1525 2070 :
1545 2038 1644 2070 «Unus
1657 2039 1734 2070 Deus
1745 2039 1804 2070 Pa-

117 2090 129 2108 ι
154 2080 205 2119 γὰρ
233 2081 247 2107 ὁ
274 2079 359 2118 Λόγος
386 2078 411 2111 ἐξ
447 2079 526 2108 αὐτοῦ
553 2081 699 2117 γεννητῶς,
730 2079 819 2106 καὶτὸ
834 2079 938 2116 Πνεῦμκ

1018 2086 1072 2119 ter,
1090 2092 1124 2113 ex
1140 2092 1198 2122 quo
1214 2083 1313 2113 omnia
1322 2083 1373 2114 87:
1389 2082 1521 2115 Verbum
1548 2087 1646 2114 autem
1676 2083 1740 2122 ejus
1768 2092 1804 2114 ex

116 2135 128 2152 α
155 2124 181 2157 ἐξ
211 2125 288 2152 αὐτοῦ
303 2124 476 2163 ἐκπορευτῶς,
503 2123 566 2152 εἶτα
597 2126 669 2151 πᾶσα
695 2124 712 2157 ἡ
733 2123 816 2155 κτίσις
832 2123 874 2151 διὰ
893 2128 939 2152 τοῦ

115 2179 129 2198 ι
153 2170 240 2208 Λόγου
255 2168 281 2196 ἐν
298 2169 429 2205 Πνεύματι
444 2167 557 2201 συνέστη
574 2167 786 2207 δημιουργικῶς.
802 2178 812 2192 I

447 2311 614 2341 Ἐπιστασία.

154 2376 165 2392 ιι
190 2364 258 2404 Ὅρα
299 2366 369 2396 τίνος
409 2365 568 2404 ἐκπορευτὸν
603 2365 632 2392 τὸ
660 2368 765 2401 Πνεῦμα
794 2364 880 2404 λέγεις
921 2366 934 2392 ὁ

112 2421 125 2436 α
149 2409 238 2448 ἅγιος,
258 2419 268 2434 I

430 2455 608 2494 Ἀντιρρησις.

149 2502 197 2532 Ἐκ
234 2506 279 2531 τοῦ
323 2502 422 2541 Πατρός
459 2502 565 2534 παντως
607 2501 765 2540 ἑκπορευτόν
802 2502 874 2542 λέγει
902 2504 932 2532 τό

108 2551 224 2585 Πνεῦμα.
253 2545 337 2575 Ἀλλὰ
362 2547 383 2574 εἷ
407 2548 450 2575 καὶ
466 2551 496 2575 ἐχ
514 2551 560 2575 τοὺ
591 2546 649 2574 Υἱοῦ
663 2547 778 2586 ὑπάρχει
795 2547 867 2584 αὑτό,
886 2548 932 2577 οὒκ

105 2592 176 2632 ἐρεῖς
196 2592 302 2623 παντως
331 2593 368 2623 ὡς
399 2590 562 2621 ἀποϐάλοι-το
584 2591 615 2617 ἂν
629 2591 659 2618 τὸ
687 2590 858 2629 ἐκπορευτὸν,
887 2593 931 2621 καὶ

105 2636 292 2676 προσλήψαιτο
308 2636 376 2668 ἴσως
390 2637 420 2664 τὸ
434 2635 573 2676 γεννητόν.

147 2720 159 2752 ι
174 2721 241 2753 Cor.
256 2729 318 2757 vui,
335 2721 364 2753 6.
934 2747 951 2762 ,

983 2137 997 2153 α
1015 2126 1078 2166 ipso
1095 2127 1235 2158 nascendi
1250 2127 1376 2163 ratione.
1395 2132 1424 2159 et
1437 2128 1564 2168 Spiritus
1589 2127 1803 2167 progrediendi

984 2184 993 2198 ι
1015 2171 1103 2201 modo
1131 2172 1254 2209 exsistit,
1272 2173 1381 2204 deinde
1405 2173 1547 2203 universa
1572 2181 1671 2202 rerum
1697 2175 1802 2203 natura

982 2226 993 2243 tl
1014 2225 1066 2255 per
1078 2214 1208 2246 Verbum
1225 2220 1252 2247 et
1265 2216 1409 2256 Spiritum
1422 2216 1545 2248 creandi
1556 2216 1672 2247 ratione
1686 2216 1801 2246 consti-

981 2272 992 2288 c
1014 2264 1073 2290 tuta
1085 2264 1142 2292 est.
1154 2271 1168 2290 ι

1257 2309 1499 2340 Animadversio.

1020 2364 1033 2382 ‹
1051 2353 1216 2392 Attendilo,
1234 2364 1251 2385 a
1265 2365 1322 2396 quo
1339 2354 1481 2396 Spiritum
1503 2355 1664 2396 procedere
1678 2359 1798 2387 sanctus

978 2410 991 2425 α
1008 2403 1131 2430 asserat.
1152 2411 1162 2428 υ

1294 2451 1454 2490 Refutatio.

1014 2497 1055 2528 Ex
1067 2498 1154 2530 Patre
1171 2509 1292 2539 prorsus
1306 2499 1379 2530 dicit
1393 2499 1554 2540 procedere
1569 2499 1723 2541 Spiritum.
1741 2501 1798 2532 Ve-

973 2553 1038 2574 rum
1055 2549 1085 2577 et
1098 2544 1122 2575 si
1130 2554 1165 2575 ex
1179 2544 1254 2575 Filio
1269 2545 1358 2575 etiam
1374 2549 1428 2585 est,
1448 2554 1507 2575 non
1531 2544 1599 2576 ideo
1615 2544 1792 2582 contendes,

972 2599 1038 2620 eum
1055 2589 1191 2621 amisisse
1206 2588 1388 2629 procedendi
1404 2589 1673 2632 modum,forteque
1688 2598 1792 2621 susce-

972 2634 1051 2674 pisse
1066 2634 1207 2666 niiscendi
1225 2633 1381 2666 rationem.
