1966 3073
209 98 268 134 515
762 101 868 136 JOAN.
892 102 1003 135 VECGI

1111 103 1364 136 PATRIARCHE
1847 102 1904 136 516

212 173 287 208 tum,
305 171 334 202 in
350 170 436 202 aliam
448 175 536 212 atque
557 169 643 202 aliam
667 171 844 202 sententiam
860 171 1016 211 detorquet

1111 174 1195 208 μεῦμα,
1221 173 1268 200 οὐκ
1296 171 1354 210 αίδῇ
1383 173 1418 204 είς
1440 171 1524 205 ἄλλην
1554 171 1653 200 ἔννοιαν
1682 175 1757 200 τοῦτο
1785 171 1901 211 παρεξη·

214 224 272 246 non
284 215 433 246 verebaris
447 227 453 246 :
473 216 669 247 nihilominus
682 216 706 246 si
717 215 776 247 alio
789 217 875 247 modo
887 225 919 246 ex
932 224 1016 246 essen

1112 215 1217 252 ύμενος,
1242 215 1325 255 ὅμως,
1349 217 1371 244 εί
1392 217 1435 245 καὶ
1457 215 1544 249 ἄλλως
1569 217 1617 255 μὲν
1641 217 1672 246 ἐκ
1695 221 1744 252 τῆς
1759 217 1846 248 οὒσίας
1859 219 1903 243 τοῦ

213 259 252 290 tia
264 260 368 297 Patris,
381 260 438 291 alio
454 269 487 291 ex
501 260 695 291 essentiaFilii
708 269 774 290 esse
800 259 955 290 contendis
967 258 1016 298 Spi

1111 260 1192 299 ιτρὸς,
1208 259 1296 293 ἄλλως
1310 260 1337 289 δὲ
1359 260 1388 288 ἐκ
1404 263 1452 294 τῆς
1482 261 1569 293 οὗσίας
1600 266 1645 291 τοῦ
1681 262 1741 289 Υἱοῦ
1762 261 1833 289 εἶναι
1856 259 1903 288 λέ-

210 306 313 347 ritum,
325 316 360 337 ex
376 307 506 338 essentia
517 307 612 339 Patris
625 316 690 338 esse
700 306 815 341 dicens,
827 310 964 347 tanquam
986 315 1016 346 qi

1111 314 1132 335 ις
1147 305 1177 331 τὸ
1200 307 1316 342 Πνεῦμα,
1334 305 1364 333 ἐκ
1393 305 1441 343 μὲν
1455 306 1504 339 τῆς
1533 306 1619 338 οὐσίας
1649 311 1695 335 τοῦ
1710 306 1811 345 Πατρὸς
1834 311 1904 333 εἶναι

210 360 246 381 ex
258 351 343 383 Patre
356 352 527 388 exsistat,ex
539 353 667 383 essentia
677 361 746 382 vero
756 350 823 382 Filii
836 355 1016 391 proptercon

1111 359 1162 387 γων
1177 349 1239 377 αὐτὸ
1255 350 1291 380 ὡς
1308 349 1426 389 ὕπαρχον
1441 351 1472 378 ὲκ
1500 354 1545 378 τοῦ
1569 351 1683 390 Πατρὸς,
1698 350 1728 378 ἐκ
1744 349 1771 378 δὲ
1785 352 1833 383 τῆς
1856 351 1905 378 οὒ-

209 395 443 436 substantialem,
466 395 541 427 scito
565 396 595 427 in
622 396 757 427 eamdem
782 395 959 426 sententiam
978 399 1033 425 tua)

209 439 404 480 expositionis
419 440 590 472 varietatem
622 449 810 471 concurrere.
840 439 924 476 Quod
953 439 1032 470 enim

206 485 320 516 exsistit
348 495 384 517 ex
412 485 543 516 essentia
572 486 678 522 Patris,
707 489 751 515 est
778 484 1033 515 consubstantiale

210 530 287 561 Patri
304 534 333 560 et
347 530 425 570 quod
441 529 538 560 existit
555 539 590 560 ex
612 529 741 560 essentia
759 528 826 559 Filii
843 533 886 559 est
901 528 1031 559 consub-

208 575 345 605 stantiale
360 575 442 605 Filio.
461 574 544 610 Quod
559 575 584 605 si
611 584 670 605 non
697 575 739 604 ita
767 577 822 613 est,
852 573 928 604 forte
944 575 1031 604 etiam

208 619 285 650 inter
293 619 386 650 Patris
397 618 493 649 etFilii
501 619 660 650 essentiam
671 619 832 649 discrimen
839 618 1032 659 aliquod'esse

207 663 463 704 deprehendetur,
478 664 656 703 etSpiritum
672 673 729 694 ase
740 663 804 703 ipso
820 661 1033 700 diiferre,nunc

207 708 328 748 quidem
346 717 406 738 uno
428 708 514 739 modo
538 717 572 739 ex
596 707 822 739 essentiaPatris
844 712 1031 738 emanantem

208 761 287 783 nunc
301 761 370 783 vero
382 752 439 784 alio
452 752 539 784 modo
551 762 586 784 ex
612 755 740 784 essentia
763 754 839 784 Filii.
858 752 902 783 Ad
926 752 1033 783 similia

205 797 333 828 absurda
348 806 442 838 eaque
455 798 588 829 enormia
598 803 701 829 vestrae
717 807 814 839 pravas
829 797 1032 837 expositiones

208 842 392 874 conducunt.

527 887 578 919 Ex
592 888 710 920 iisdem.

249 931 415 963 LXXXVIJ
428 934 500 964 Cum
512 933 609 972 itaque
621 933 670 973 qui
685 932 828 973 Spiritum
838 936 972 963 sanctum
983 941 1028 962 ac-

209 991 223 1008 c
236 984 390 1019 ceperunt,
402 983 538 1020 tanquam
550 979 643 1010 Deum
655 980 684 1010 in
695 980 863 1020 semetipsis
874 979 1028 1016 habentes,

210 1027 442 1063 (vaticinantur,
457 1026 588 1067 ideoque
601 1027 632 1057 in
657 1027 811 1057 hominum
834 1026 1031 1057 admiratione

209 1083 224 1099 ι
236 1075 305 1102 sunt
320 1071 469 1112 quomodo
486 1072 542 1102 erit
566 1075 711 1106 creatura.
738 1078 763 1102 et
792 1081 850 1101 non
868 1071 963 1110 potius
977 1079 1029 1100 su-

209 1127 225 1145 ρ
242 1115 425 1146 blimissimaa
439 1116 575 1147 essentia:
586 1116 748 1156 assumptio
765 1115 934 1155 habitualis,
947 1119 1032 1145 natu-

211 1173 226 1189 ι
243 1160 346 1192 raliter
360 1160 563 1200 pertransiens
578 1170 613 1191 ex
627 1162 712 1191 Patre
729 1169 781 1200 per
795 1159 902 1191 Filium
919 1160 948 1190 in
964 1169 1027 1196 eos,

209 1215 225 1236 (
242 1205 292 1246 qui
307 1206 367 1246 apti
383 1209 450 1236 sunt
466 1205 549 1236 illum
566 1205 704 1245 excipere
715 1205 730 1235 ἱ)
749 1218 762 1234 1)

493 1250 739 1281 Animadversio.

250 1310 261 1325 ¢
281 1298 324 1328 Ne
340 1297 395 1327 hoc
411 1297 543 1337 apertius
557 1297 637 1328 aliud
661 1297 799 1338 quaerito,
817 1296 890 1327 satis
906 1297 984 1327 enim
1001 1299 1030 1326 et

208 1352 223 1372 ‹
241 1342 348 1373 mirum
365 1341 395 1372 in
420 1342 540 1372 modum
565 1342 612 1373 hic
638 1351 777 1382 magnum
808 1341 887 1372 hunc
912 1340 1029 1381 pietatis

208 1386 404 1427 «Magistrum
432 1386 656 1427 praepositiones
682 1386 874 1423 dividentem,
902 1389 931 1416 et
952 1384 1030 1416 Patri

209 1444 221 1460 ιι
239 1440 286 1470 ex,
303 1431 376 1462 Filio
391 1439 459 1463 vero
473 1440 540 1471 per,
559 1431 768 1462 attribuentem
791 1430 935 1462 ollendes.
955 1441 967 1458 ι

531 1522 698 1562 Refutatio.

246 1567 339 1604 Quam
352 1566 455 1599 beatus
463 1577 555 1606 esses,
570 1567 610 1598 mi
622 1568 722 1598 homo.
733 1567 758 1597 si
770 1575 827 1598 non
838 1566 911 1597 tanti
932 1565 1030 1605 jacta-

206 1621 256 1644 res
281 1612 523 1653 praapositionum
548 1612 719 1649 divisiones,
733 1621 768 1642 ex
792 1609 899 1652 quibus
915 1610 1030 1641 nullum

207 1656 325 1697 pondus
337 1656 450 1687 veritati
474 1656 599 1694 accedit,
626 1656 676 1686 sed
705 1655 881 1687 sententiam
899 1655 1030 1686 studiose

205 1701 411 1740 investigares,
424 1710 488 1740 quae
499 1700 529 1731 in
540 1700 689 1741 pericopis
697 1699 806 1740 scripto
816 1699 931 1730 traditis
942 1699 1030 1730 insita

207 1749 262 1776 est.
279 1744 313 1775 Et
329 1744 483 1780 attendito,
513 1754 570 1785 qua
595 1745 711 1775 ratione
736 1745 783 1775 hic
812 1747 942 1782 sanctus,
961 1753 1027 1774 cum

206 1789 299 1820 Deum
314 1789 436 1820 dixisset
457 1788 599 1830 Spiritum
617 1789 807 1820 habitualiter
831 1788 860 1819 in
879 1787 1028 1828 prophetis

206 1833 419 1874 procedentem
435 1835 636 1874 acceptionem
655 1834 738 1864 illum
754 1832 927 1873 nominavit,
947 1845 959 1860 α
974 1833 1026 1863 ha-

207 1878 348 1909 bitualem
366 1878 592 1909 sublimissimae
607 1878 744 1909 essentia:
760 1877 934 1908 naturaliter
955 1887 1027 1917 per-

207 1922 390 1954 transeuntis
402 1932 418 1953 a
432 1922 520 1953 Patre
531 1932 585 1964 per
595 1923 699 1954 Filium
713 1923 742 1953 in
757 1921 873 1963 eos,qui
886 1921 947 1962 apti
961 1927 1029 1953 sunt

206 1967 290 1998 illum
305 1969 450 2008 recipere.
470 1980 481 1997 »ι
501 1967 572 1999 Cum
586 1968 675 2007 igitur
688 1966 816 2007 Spiritus
831 1971 949 1997 sanctus
964 1976 1029 2007 par-

205 2011 337 2052 ticipatio
346 2016 390 2043 est
397 2012 554 2043 hahitualis
562 2012 781 2044 sublimissimae
787 2010 920 2042 omnium
928 2020 1027 2041 essen-

205 2056 254 2086 tia;
266 2065 282 2087 a
290 2058 376 2088 Patre
384 2066 436 2096 per
442 2056 548 2088 Filium
562 2057 598 2088 ad
610 2057 716 2097 dignos
725 2055 937 2097 pertransiens,
950 2064 1026 2095 quo-

206 2100 294 2132 modo
304 2111 361 2132 non
372 2101 537 2132 ostenditur
548 2101 595 2133 hic
608 2100 848 2132 manifestissime
874 2099 1025 2130 sublimis-

1077 392 1134 424 σίας
1155 397 1200 422 τοῦ
1215 394 1274 421 1⁵ἷοῦ
1289 392 1332 421 διὰ
1360 395 1409 427 τὴν
1424 395 1630 432 ὁμοουσιότητα,
1660 394 1719 423 ἀλλ’
1736 395 1790 422 ἴσθι
1813 395 1851 426 ὡς
1867 395 1904 425 εἷς

1072 436 1121 470 τὴν
1137 437 1219 471 αὒτῆν
1234 437 1334 479 ἔννοιαν
1349 439 1492 479 συντρέχον
1507 439 1560 468 ἐστί
1577 441 1606 468 τὸ
1618 442 1667 473 τῆς
1683 442 1734 473 σῆς
1749 439 1905 478 ἐξηγήσεως

1071 479 1205 521 διάφορον.
1232 477 1296 511 ιὈτι
1317 483 1367 523 γὰρ
1382 477 1496 523 ὑπάρχει
1511 484 1541 512 ἐκ
1555 487 1605 518 τῆς
1621 484 1710 516 οὐσίας
1727 487 1772 512 τοῦ
1784 477 1904 522 Πατρὸς,

1072 525 1140 553 ἐστὶν
1161 527 1300 564 ὁμοούσιον
1321 531 1358 564 τῷ
1387 530 1478 567 Πατρὶ,
1509 530 1552 557 καὶ
1581 528 1621 558 ὅτι
1649 529 1763 568 ὑπάργει
1787 528 1817 556 ἐκ
1851 530 1904 561 τῆς

1072 570 1161 602 οὐσίας
1183 574 1227 599 τοῦ
1250 572 1320 609 Υίοῦ,
1345 571 1414 599 ἐστὶν
1435 573 1579 610 ὁμοούσιον
1607 577 1645 610 τῷ
1662 575 1725 610 Υἱῷ,
1749 574 1778 601 Εἰ
1804 573 1833 601 δὲ
1849 573 1901 610 μὴ,

1073 613 1137 653 τάχ’
1153 613 1183 642 ἄν
1199 614 1282 652 μέσον
1309 619 1358 649 τῆς
1385 620 1431 644 τοῦ
1459 618 1560 656 Πατρὸς
1589 619 1632 645 καὶ
1661 619 1720 646 Υἱοῦ
1741 618 1828 649 οὐσίας
1840 616 1903 644 δια-

1074 659 1140 698 φορά
1174 670 1213 691 τις
1236 662 1306 688 εἶναι
1335 660 1510 700 ὑποληφθείη,
1538 663 1582 691 καὶ
1608 663 1638 690 τὸ
1674 666 1778 700 Πνεῦμα
1806 663 1906 690 ἑαυτοῦ

1074 702 1214 744 διαφέρειν,
1231 705 1274 732 νῦν
1297 706 1344 742 μὲν
1360 705 1447 737 ἄλλως
1477 706 1507 734 ἐκ
1534 707 1582 740 τῆς
1612 707 1699 739 οὐσίας
1728 710 1774 735 τοῦ
1796 707 1902 745 Πατρὸς

1073 749 1178 785 προϊὸν,
1196 752 1239 777 νῦν
1260 748 1287 777 δὲ
1309 749 1396 782 ἄλλως
1420 750 1449 779 ἐκ
1463 753 1511 784 τῆς
1534 751 1621 784 οὖσίας
1643 756 1689 779 τοῦ
1715 752 1786 782 Ποῦ.
1804 751 1902 780 Τοιού-

1073 803 1125 820 των
1154 792 1334 831 ἀτοπημάτων
1369 796 1405 827 εἷς
1442 795 1507 833 ὕψος
1541 798 1567 824 αἱ
1601 795 1794 836 παρεξηγήσεις
1825 796 1901 832 ὑμῶν

1044 832 1062 856 Β
1073 837 1282 878 κεκορύφωνται.

1168 918 1176 929 ‘
1241 923 1247 930 ι
1254 922 1259 931 Ι
1373 882 1420 912 Ἐκ
1433 888 1486 912 τῶν
1501 887 1596 915 αὐτῶν.

1111 927 1185 964 Ηςί.
1211 937 1221 951 ε
1241 927 1309 956 "Ore
1324 929 1409 956 τοίνυν
1430 931 1454 957 οἱ
1467 931 1497 957 τὸ
1514 933 1620 968 Πνεῦμα
1634 929 1760 962 λαϐόντες
1775 930 1805 957 τὸ
1821 929 1899 968 ἅγιον

1075 982 1085 997 ι
1103 972 1139 1002 ὡς
1163 972 1227 999 Θεὸν
1256 971 1365 1012 ἔχοντες
1398 974 1424 1001 ἐν
1459 974 1564 1006 ἑαυτοῖς
1603 976 1802 1015 προφητεύουσι,
1856 976 1901 1002 καὶ

1076 1016 1276 1053 ιθαυμάζονται
1305 1016 1351 1045 διὰ
1379 1022 1466 1056 τοῦτο,
1504 1022 1560 1050 πῶς
1610 1019 1683 1047 ἕσται
1706 1019 1822 1058 ποίημα,
1854 1020 1901 1046 καὶ

1074 1073 1085 1088 α
1110 1061 1171 1100 οὐχὶ
1193 1060 1294 1098 μᾶλλον
1314 1064 1364 1095 τῆς
1394 1063 1521 1091 ἀνωτάτω
1547 1067 1640 1092 πασῶν
1660 1063 1746 1094 οὐσίας
1776 1061 1900 1102 μετάλη-

1073 1118 1085 1134 ι
1104 1107 1149 1142 ψις
1166 1106 1292 1146 σχετικὴ,
1314 1110 1430 1146 φυσικῶς
1461 1106 1627 1137 διαϐαίνουσα
1746 1108 1847 1147 [ἰατρὸς
1864 1102 1899 1134 δι’

1073 1162 1084 1177 α
1120 1151 1179 1178 fta-3
1201 1151 1266 1190 πρὸς
1282 1151 1342 1182 τοὺς
1357 1151 1519 1186 ἐπιτηδείους
1541 1153 1576 1186 εἰς
1590 1154 1621 1180 τὸ
1635 1151 1727 1181 λαϐεῖν
1741 1162 1750 1188 ;
1766 1165 1779 1181 ι

1402 1240 1570 1273 Ἐπιστασία.

1114 1297 1125 1313 ι
1150 1284 1194 1317 Μὴ
1216 1286 1288 1320 ζήτει
1310 1286 1402 1315 τούτου
1440 1288 1597 1326 σαφέστερον
1614 1294 1620 1301 “
1655 1286 1722 1314 πάνυ
1749 1287 1797 1326 γὰρ
1830 1288 1897 1314 θαυ-

1074 1341 1085 1356 ι
1104 1330 1212 1366 μαστῶς
1248 1330 1374 1369 εὑρίσκεις
1408 1330 1539 1359 κάνταῦθα
1553 1331 1598 1359 τὸν
1623 1330 1707 1370 μέγαν
1735 1334 1827 1359 τοῦτον
1848 1333 1898 1364 τῆς

1073 1384 1085 1399 ι
1103 1372 1234 1405 εὐσεϐείας
1270 1373 1428 1404 διδάσκαλον
1464 1374 1610 1414 διαιροῦντα
1655 1376 1702 1407 τὰς
1749 1375 1896 1415 προθέσεις.

1075 1427 1090 1446 (
1105 1419 1149 1445 καὶ
1165 1422 1203 1455 τῷ
1232 1420 1312 1458 Πατρὶ
1327 1419 1375 1457 μὲν
1396 1420 1444 1454 τὴν
1473 1420 1556 1459 παρὰ,
1589 1422 1639 1454 τὴν
1654 1419 1696 1449 διὰ
1721 1419 1749 1448 δὲ
1771 1423 1810 1457 τῷ
1845 1422 1896 1457 Υἷῷ

1040 1474 1060 1499 c
1076 1474 1087 1491 ι
1104 1462 1281 1500 ἀπονέμοντα.
1300 1475 1311 1491 ι

1390 1512 1566 1553 ’Δντίῤῥκησιᾳ

1115 1551 1160 1589 Ὠς
1183 1557 1311 1596 μακάριος
1325 1557 1356 1588 ἄν
1370 1556 1414 1597 ἧς,
1431 1551 1564 1598 ἄνθρωπε,
1586 1559 1609 1588 si
1624 1559 1663 1597 μή
1679 1560 1747 1591 παὸς
1762 1559 1809 1591 τὰς
1824 1558 1897 1588 διαι-

1071 1601 1156 1642 ρέσεις
1182 1605 1235 1630 τῶν
1264 1602 1412 1641 προθέσεων
1439 1602 1605 1643 ἓφιλοτιμοῦ,
1641 1603 1667 1636 ἐξ
1687 1605 1724 1632 ὧν
1761 1603 1833 1632 οὒδὲν
1863 1616 1899 1642 τῃ

1071 1645 1178 1685 ἀλῃθείᾳ
1193 1648 1223 1675 τὸ
1242 1646 1343 1686 κέρδος,
1359 1646 1427 1676 ἀλλὰ
1452 1649 1497 1675 τὸν
1526 1647 1630 1681 ἀληθῶς
1655 1648 1805 1687 ἐγκείμενον
1833 1656 1897 1681 ταῖς

1069 1698 1229 1730 περικοπαῐς
1255 1694 1308 1719 τῶν
1331 1692 1437 1732 γραφῶν
1459 1693 1596 1732 ἀνίχνευες
1622 1696 1692 1723 νοῦν.
1715 1693 1814 1722 Σκόπει
1846 1695 1897 1734 γὰρ

1069 1737 1106 1767 ὡς
1121 1735 1229 1763 ἐνταῦθα
1265 1737 1278 1763 ὁ
1296 1736 1371 1775 ἅγιος
1397 1737 1462 1765 Θεὸν
1488 1738 1568 1766 εἰπὼν
1589 1737 1619 1766 τὸ
1647 1741 1762 1776 Πνεῦμα,
1785 1739 1816 1766 τὸ
1837 1745 1897 1771 τοῖς

1069 1781 1214 1820 προφήταις
1244 1783 1376 1820 σχετικῶς
1411 1781 1592 1821 ἐγγινόμενον,
1636 1782 1788 1821 μετάληψιν
1824 1783 1895 1812 ὠνό-

1070 1836 1153 1862 μασεν
1182 1826 1245 1854 αὒτὸ
1281 1825 1407 1865 σχετικὴν
1429 1829 1476 1860 τῆς
1508 1827 1634 1855 ἀνωτάτω
1664 1831 1755 1856 πασῶν
1791 1829 1894 1868 οὖσιας,

1069 1873 1185 1909 φυσικῶς
1213 1870 1394 1899 διαϐαίνουσαν
1435 1872 1505 1911 παρὰ
1534 1873 1635 1911 Πατρὸς
1661 1871 1694 1900 δι’
1735 1873 1795 1900 Υἰοῦ
1830 1874 1896 1913 πρὸς

1069 1915 1128 1948 τοὺς
1163 1915 1325 1950 ἐπιτηδείους
1347 1917 1383 1948 εἰς
1405 1917 1435 1944 τὸ
1456 1915 1559 1947 λαϐεῖν.
1587 1913 1654 1946 Ὀτε
1668 1917 1752 1946 τοίνυν
1767 1918 1797 1945 τὸ
1810 1921 1896 1946 Πνεῦ-

1069 1970 1106 1997 μα
1134 1961 1165 1988 τὸ
1194 1959 1269 2000 ἅγιον
1298 1961 1446 1999 μεταληψίς
1469 1961 1523 1989 ἐστι
1552 1962 1667 2001 σχετικὴ
1698 1964 1745 1996 τῆς
1767 1962 1896 1992 ἀνωτάτω

1069 2008 1160 2033 πασῶν
1203 2006 1303 2042 οὕσίας,
1334 2007 1403 2039 παρὰ
1441 2007 1541 2045 Πατρὸς
1577 2005 1609 2034 δι’
1644 2007 1704 2036 Υἱοῦ
1732 2008 1797 2046 πρὸς
1833 2008 1895 2040 τοὺς

1068 2049 1153 2082 ἀξίους
1183 2050 1358 2089 διαϐαίνουσα,
1396 2055 1452 2083 πῶς
1482 2052 1528 2080 οὒκ
1555 2052 1721 2092 ἀναφαίνεται
1755 2051 1895 2091 προδήλως

1069 2095 1183 2123 ἐντεῦθεν
1211 2097 1247 2127 ὡς
1274 2096 1292 2130 ἦ
1320 2096 1447 2125 ἀνωτάτω
1474 2100 1564 2125 πασῶν
1591 2098 1664 2126 οὐσία
1693 2098 1763 2137 παρὰ
1791 2100 1894 2138 Πατρὸς

206 2145 310 2177 simam
323 2146 455 2176 omnium
464 2146 624 2178 essentiam
632 2147 743 2177 aPatre
753 2154 805 2186 per
818 2144 924 2175 Filium
938 2145 967 2175 in
978 2144 1016 2174 di-

1125 2141 1184 2170 Υίοῢ
1206 2142 1242 2172 εἷς
1257 2142 1287 2169 τὸ
1315 2142 1387 2170 θετον
1416 2141 1519 2170 ἕστοται
1542 2145 1659 2180 Πνεῦμα,
1688 2143 1724 2174 ὡς
1747 2143 1892 2183 Γρηγόριος

204 2191 305 2222 vinum
322 2190 464 2232 Spiritum
487 2191 561 2228 sisti,
574 2191 616 2221 uti
633 2190 805 2230 Gregorius,
832 2189 885 2229 qui
900 2189 1029 2228 theologi

203 2244 350 2275 agnomen
362 2235 420 2267 sibi
443 2235 548 2267 merito
569 2235 728 2267 vindicavit
746 2234 868 2273 heroico
883 2233 1027 2271 carmine,

204 2280 235 2311 in
249 2290 307 2321 quo
318 2284 467 2321 praecepta
478 2279 752 2321 Virginibustradit,
767 2282 908 2311 testatur:
920 2289 932 2307 ι
947 2278 1029 2310 Unus

203 2324 283 2356 Deus
294 2335 329 2356 ex
342 2325 482 2358 Genitore
503 2334 556 2366 per
570 2325 678 2356 Filium
689 2325 720 2355 in
733 2333 870 2362 magnum
886 2322 1027 2364 Spiritum

203 2373 299 2400 stante
306 2369 417 2401 deitate
430 2370 460 2400 in
469 2370 608 2410 perfectis
615 2370 757 2410 perlecta.
765 2382 776 2396 ιι
783 2368 819 2399 Et
829 2369 854 2399 si
868 2368 1028 2399 divinitatis

203 2412 368 2444 absolutam
380 2414 592 2454 perfectionem
600 2424 635 2445 ex
643 2415 729 2446 Patre
746 2413 912 2454 perFilium
922 2413 951 2444 in
965 2421 1027 2442 ma-

205 2467 294 2497 gnum
308 2458 450 2498 Spiritum
463 2457 887 2498 sistisanctusdecernit,quod
901 2458 989 2488 etiam
999 2457 1028 2487 in

205 2502 271 2533 aliis
284 2503 346 2533 suis
360 2504 478 2544 scriptis
487 2504 618 2542 tradidit,
631 2513 697 2535 cum
705 2503 777 2534 dicit
789 2513 796 2533 :
813 2502 933 2534 «Unitas
949 2501 1028 2533 enim

204 2555 221 2577 a
228 2547 373 2587 principio
381 2547 411 2578 in
419 2548 566 2579 binarium
580 2553 659 2579 mota
670 2549 700 2578 in
708 2547 853 2578 Trinitate
863 2546 1006 2584 substitit,
1014 2557 1026 2571 η

204 2592 354 2632 quomodo
370 2603 428 2624 non
445 2593 501 2624 erit
516 2603 551 2624 ex
573 2593 658 2624 Patre
674 2602 728 2633 per
753 2592 861 2623 Filium
886 2591 1027 2631 Spiritus,

203 2636 284 2667 unde
300 2636 410 2668 illudin
425 2637 599 2676 theologicis
608 2636 831 2678 assertum,uEx
843 2642 972 2675 utroque
983 2637 999 2666 7
1014 2648 1024 2664 ι›

203 2687 353 2728 Ejusdem
364 2697 405 2720 ea:
414 2689 663 2729 interpretatione
673 2690 705 2720 in
716 2688 828 2720 Joelem
836 2687 1024 2728 prophetam.

228 2773 498 2811 -LXXXNll.«Qua
508 2773 586 2806 enim
599 2773 713 2805 ratione
727 2774 805 2805 Deus
815 2776 907 2811 est,et
919 2782 952 2804 ex
965 2774 1025 2804 Deo

1071 2185 1085 2212 ὁ
1099 2188 1149 2218 τῆς
1171 2184 1303 2225 θεολογίας
1331 2185 1488 2224 ἀξιώνυμος,
1517 2188 1545 2214 ἒν
1560 2189 1601 2219 οῖς
1623 2188 1731 2226 ἡρωίζει
1753 2188 1800 2219 τὰς
1829 2190 1896 2228 πρὸς

1070 2230 1212 2264 παρθένους
1239 2231 1374 2265 ὑποθήκας
1404 2232 1481 2260 αὐτοῦ
1515 2238 1643 2271 μαρτυρεῖ
1673 2231 1757 2271 λέγων
1774 2242 1780 2249 ·
1818 2243 1830 2258 α
1848 2235 1895 2265 Εἷς

1071 2274 1136 2306 Θεὸς
1149 2273 1179 2301 ἐκ
1200 2274 1308 2314 γενέταο
1331 2274 1363 2302 δι’
1400 2275 1474 2308 Tiso;
1499 2277 1533 2308 εἰς
1555 2275 1625 2315 μέγα
1650 2279 1768 2315 Πνεῦμα,
1784 2277 1896 2315 ἱσταμέ-

1070 2329 1118 2352 της
1132 2319 1256 2353 θεότητος
1286 2319 1323 2348 ἒνὶ
1349 2319 1462 2348 τελέοισι
1483 2320 1600 2353 τελείης.
1626 2333 1637 2349 ι)
1664 2321 1712 2350 Καὶ
1733 2322 1755 2349 εἷ
1784 2321 1832 2355 τὴν
1847 2325 1897 2356 τῆς

1069 2364 1194 2397 θεότητος
1215 2363 1369 2398 τελειότητι
1384 2363 1414 2391 ἐκ
1429 2365 1530 2404 [ἰατρὸς
1551 2364 1593 2393 διὰ
1620 2366 1680 2393 Υἱοῦ
1701 2365 1737 2396 εἰς
1765 2366 1796 2392 τὸ
1826 2365 1896 2404 μέγα

1071 2407 1192 2436 ἵστασθαι
1221 2412 1328 2447 Πνεῦμα
1343 2410 1356 2437 ὁ
1384 2409 1458 2448 ἅγιος
1486 2409 1618 2449 θεολογεϊ,
1642 2409 1707 2449 ὅπερ
1734 2410 1778 2437 καὶ
1799 2409 1826 2438 ὲν
1849 2409 1895 2438 ἅλ-

1070 2450 1126 2484 λοις
1151 2452 1299 2488 δεδήλωκεν
1323 2453 1428 2481 εἰπών·
1454 2465 1466 2480 (ι
1492 2454 1578 2486 Μονὰς
1601 2455 1650 2494 γὰρ
1678 2453 1725 2481 ἀπ’
1754 2453 1843 2493 ἀρχὴς
1859 2455 1895 2482 εἰς

1070 2496 1149 2525 δυάδα
1174 2499 1314 2532 κινηθεῖσα
1340 2498 1420 2538 μέχρι
1443 2497 1550 2537 Τριάδος
1565 2498 1639 2536 ἔστη,
1658 2509 1669 2525 ι
1689 2501 1745 2530 πῶς
1774 2497 1805 2525 ἄν
1835 2500 1896 2539 οὖχὶ

1070 2541 1100 2570 ἐκ
1130 2543 1230 2582 Πατρὸς
1252 2542 1294 2571 διὰ
1319 2552 1330 2567 ι
1352 2544 1412 2572 Υίοῦ
1436 2543 1482 2576 ε’ίη
1511 2544 1541 2572 τὸ
1570 2547 1685 2583 Πνεῦμα,
1709 2543 1802 2572 ὁπόθεν
1824 2545 1854 2572 τὸ
1871 2543 1896 2577 ἒξ

1070 2587 1169 2626 ἀμφοῖν
1185 2587 1291 2626 εἴρηκεν
1313 2589 1329 2621 ἡ
1344 2587 1465 2627 θεολογία
1483 2598 1491 2624 ;

1110 2683 1161 2726 Τοῦ
1185 2683 1263 2713 αὐτοῦ
1298 2684 1350 2712 ἀπὸ
1385 2687 1434 2718 τῆς
1462 2685 1497 2716 εἰς
1533 2686 1578 2714 τὸν
1608 2686 1747 2726 προφήτην
1775 2684 1856 2719 ἰωὴλ

1404 2726 1555 2764 ἑρμηνείας.

1109 2773 1170 2805 DZ’.
1190 2785 1203 2801 α
1221 2771 1253 2809 ᾝ
1269 2774 1316 2811 μὲν
1341 2774 1390 2815 γάρ
1419 2774 1474 2803 ἐστι
1496 2775 1573 2814 Θεὸς,
1596 2775 1641 2803 καί
1670 2775 1700 2804 ix
1728 2779 1794 2805 Θεοῦ
1829 2777 1897 2804 κατὰ
