1966 3073
222 134 281 169 519
765 138 871 173 JOAN.
896 141 1006 174 VECCI
1027 141 1082 174 CP.
1107 140 1374 177 PATRIARCHIE.
1851 148 1915 182 520

223 208 336 257 nullum
353 217 419 240 esse
433 207 593 257 discrimen
621 208 683 239 sive
709 217 742 239 ex
767 208 851 239 Patre
869 218 921 249 per
935 208 1019 239 Filiul

1105 221 1137 238 ειν
1154 211 1184 239 ἐκ
1207 213 1307 257 Πατρός
1321 211 1355 240 δι’
1366 214 1437 251 Υἷοῦ,
1456 215 1498 242 καὶ
1513 214 1539 247 ἐξ
1567 215 1667 254 ἀμφοῖν
1683 217 1754 245 εἶναι
1776 216 1862 257 λέγειν
1880 219 1913 245 τὸ

223 252 284 285 sive
300 261 336 284 ex
353 257 478 293 utroque
501 251 645 292 Spiritum
673 256 809 283 sanctum
831 262 896 283 esse
912 262 1019 283 asseru:

1105 258 1192 292 [νεῦμα
1204 256 1234 284 τὸ
1249 256 1335 295 ἂγιον,

224 306 327 328 rimus.

222 348 364 395 Ejusdem
386 357 425 395 ex
446 348 675 395 prOSphanetica
696 349 833 395 oratione
900 357 1019 389 magum

1105 358 1137 379 ‘ou
1151 350 1229 395 αξτοῠ
1243 352 1355 395 ἆπὶκτοῦ
1370 353 1395 382 ἐν
1411 355 1472 395 τοῖς
1500 362 1657 395 πρακτικοῖς
1678 356 1727 390 τῆς
1743 351 1772 395 γ’
1785 358 1913 395 οὶκουμε-

262 389 474 436 theodosium,‘
495 397 559 436 quo!
598 389 678 420 inter
706 393 775 420 acta
806 390 901 420 tertia
937 397 1019 425 ενηοι

1125 392 1200 436 νικῆς
1236 392 1342 436 συνέᾷου
1382 394 1503 436 κειμένου
1521 389 1526 395 ”
1541 389 1759 436 προσφωνητικοῦ
1795 398 1833 428 εἷς
1859 389 1914 425 ’τὸν

260 430 449 460 cacumenij
463 428 602 460 habetur.

1126 430 1210 470 μέγαν
1233 432 1370 461 Θεοδόσιον
1386 428 1474 472 λόγου.

260 480 409 527 LXXXIX.
418 480 861 527 «UndedivinusPetrusiudzeos
872 481 911 512 ita
921 480 1019 527 alloqu

1115 491 1138 527 ut
1169 477 1234 514 ΠΘ’.
1268 485 1315 513 Καὶ
1349 486 1446 524 γοῦνὸ
1486 486 1622 519 Θεσπέσιος
1653 487 1750 527 Πέτρος
1778 486 1914 521 Ἰουδαίοις

221 530 297 557 «tur:
310 525 518 570 Paenitentiam
527 525 615 563 agite.
635 525 833 570 etbaptizetur
841 525 1019 566 unusquisqu

1115 525 1165 567 ἕῳη
1202 527 1357 567 προσλαλῶν
1376 537 1382 544 '
1417 539 1427 554 I
1446 532 1643 568 Μετανοήσατε,
1667 525 1711 560 καί
1737 532 1914 570 βαπτισθήτω

222 583 232 598 ι
249 573 377 601 vestrum
395 569 424 600 in
440 569 560 600 nomine
574 571 643 601 Jesu
660 569 770 601 Christi
783 570 813 600 in
834 570 1019 602 remissione:

1113 571 1224 604 ἕκαστος
1246 573 1319 610 ὑμῶν
1347 574 1390 602 ἐπὶ
1417 578 1455 612 τῷ
1476 575 1586 613 ὀνόματι
1616 575 1705 609 ἰησοῦ
1731 569 1845 615 Χριστοῦ
1875 578 1912 608 εἰς

220 629 231 643 ι
251 618 438 655 peccatorum
465 618 648 655 vestrorum;
694 618 724 646 et
751 613 904 654 accipietis
929 614 1019 646 donul

1120 615 1211 656 ἄφεσιν
1242 616 1376 657 ἆμαρτιῶν
1403 619 1477 656 ὑμῶν
1531 621 1574 649 καὶ
1603 619 1718 658 λήψεσθε
1739 613 1788 654 τὴν
1810 620 1912 660 δωρεὰν

220 669 230 684 ι
247 658 374 704 Spiritus
389 659 525 704 sanctii‘l,
546 660 694 690 »Pecca1a
706 668 833 699 namque
847 658 901 704 iis,
928 659 978 699 qui
999 659 1017 690 il

1110 664 1156 688 τοῦ
1190 662 1263 700 ἁγίου
1309 663 1469 700 Πνεύματος.
1514 663 1650 692 ’Λπολύη-ιν
1691 666 1740 703 γὰρ
1779 658 1910 704 ἁμαρτίας

221 717 232 732 ι
245 703 409 742 adhaerent,
427 703 609 743 condonans,
623 712 709 734 suum
736 713 802 734 mox
825 703 966 743 Spiritum
983 704 1019 734 im

1118 705 1162 733 τὸν
1189 708 1259 743 αὒτῳ
1300 708 1499 746 προσκείμενον,
1529 712 1568 745 τῷ
1596 707 1652 745 ἰδίῳ
1693 708 1785 737 λοιπὸν
1822 703 1908 737 κατα-

221 747 385 792 ,ρει-ΨΜ,
415 756 502 788 quem
525 747 646 789 quidem
673 747 814 784 Verbum,
841 752 1018 788 quatenuse

1113 750 1181 789 χρίει
1218 751 1362 789 Πνεύματι,
1400 751 1464 792 ὅπερ
1493 752 1576 786 ἐνίησι
1605 753 1653 790 μὲν
1691 754 1780 790 αὐτὸς,
1819 755 1857 786 ὡς
1879 756 1910 782 ὲκ

218 791 691 832 ‹ΒοοΡειιῖθριόοθιιίι,ίιιιιηὶιιὶι,
709 797 737 824 et
752 801 789 824 ex
803 793 922 833 propria
933 797 1035 824 natura
1081 805 1091 819 ε
1118 797 1182 822 Θεοῦ
1217 796 1318 835 Πατρὸς
1347 796 1440 835 Λόγος,
1473 797 1515 825 καὶ
1550 798 1580 825 ὲκ
1607 796 1671 829 ἰδίας
1700 799 1768 835 ἡμῖν
1796 798 1908 832 ἀναπη-

218 850 230 866 σ
246 837 356 882 inrnos,
374 837 458 877 quasi
472 847 506 868 ex
521 837 601 868 fonte
615 837 744 882 quodam
756 837 947 869 transfundit:
965 838 1015 878 qui

1112 838 1200 877 γάζων
1228 841 1340 879 φύσεως.
1371 841 1458 869 κοινὸν
1481 840 1508 868 δὲ
1537 841 1626 880 ὣσπερ
1643 843 1674 870 τὸ
1702 845 1796 882 χρῆμα
1827 843 1908 875 τιθεὶς

218 896 230 912 α
246 881 333 913 etiam
343 881 478 913 facultate
495 882 674 922 hacpropter
696 881 836 912 unionem
859 882 1019 913 etincarna

1108 885 1143 920 τῇ
1178 884 1246 920 μετὰ
1277 885 1373 924 σαρκὸς
1403 885 1539 923 οἰκονομίαι
1573 885 1614 913 διὰ
1648 887 1698 919 τὴν
1733 886 1838 924 ἕνωσιν,
1862 888 1908 915 καὶ

215 940 227 957 ι
242 925 331 957 tionis
340 927 536 957 (nconomiam
561 926 713 967 mqualttcr
737 926 956 966 quodammodo
967 936 1019 957 cun

1106 928 1143 959 ὡς
1169 927 1303 967 ἄνθρωπος
1332 929 1431 957 ὲνέπνει
1461 933 1631 967 σωματικῶς.
1665 929 1826 970 Ἐνεφύσησε
1854 932 1906 971 γὰρ

216 984 227 1000 ι
244 971 365 1002 homine
393 971 623 1007 communicata,
653 970 847 1010 corporaliter
869 980 986 1011 quoque
1005 981 1019 1002 u

1114 982 1172 1003 τοις
1203 972 1287 1011 ἁγίοις
1309 972 1481 1011 ἀποστόλοις,
1505 974 1585 1002 εἰπών
1602 984 1610 992 θ
1642 984 1654 1000 ε
1672 973 1770 1003 Λάϐετε
1794 970 1905 1012 Πνεῦμα

215 1029 227 1044 α
244 1015 333 1046 homo
348 1015 487 1056 inspirat:
498 1015 656 1046 insufﬂavit
677 1015 757 1046 enim
783 1015 813 1045 in
829 1019 947 1045 sanctos
960 1024 1034 1055 apo-

214 1073 226 1088 ι
240 1059 329 1091 stalos
347 1059 470 1091 dicens:
487 1071 498 1086 ι
508 1059 640 1100 Accipite
655 1059 796 1099 Spiritum
809 1063 941 1090 sanctum
958 1060 1000 1097 78,
1021 1071 1030 1086 ι

211 1116 223 1131 ι
240 1103 292 1135 sed
319 1113 413 1145 neque
440 1115 474 1136 ex
499 1113 637 1135 mensura
665 1113 783 1135 rursum
812 1103 862 1134 dat
891 1105 1032 1144 Spiritum

214 1160 225 1175 ι
239 1148 322 1188 juxta
335 1148 456 1180 Joannis
471 1159 584 1185 vocem,
607 1148 659 1180 sed
689 1158 724 1179 ex
752 1158 784 1179 se
815 1158 873 1178 non
897 1157 983 1179 secus
999 1159 1032 1180 ac

214 1207 224 1222 ε
240 1195 328 1224 Pater
342 1194 481 1224 eumdem
498 1193 637 1224 infundit.
661 1192 745 1225 Unde
757 1201 878 1232 magnus
894 1193 944 1223 ille
958 1193 1032 1225 Pau-

213 1253 224 1267 ι
241 1237 285 1268 lus
302 1241 410 1269 tantam
436 1239 512 1269 hanc
530 1239 759 1269 coulroversiam
777 1246 793 1267 e
809 1237 906 1268 medio
924 1238 1031 1269 tollens

211 1296 222 1311 ι
239 1282 326 1313 modo
342 1291 403 1312 rom
431 1283 506 1314 hanc
532 1284 592 1314 Deo
617 1286 646 1313 et
674 1282 765 1318 Patri,
797 1281 884 1312 modo
911 1290 1029 1313 rursum

213 1341 223 1356 ι
239 1326 306 1367 ipso
321 1327 394 1358 Filio
411 1327 522 1358 tribuit.
536 1327 585 1358 Sic
596 1326 674 1358 enim
685 1325 808 1358 scribit:
825 1338 836 1354 ι
858 1325 916 1356 Vos
931 1330 1030 1357 autem

213 1386 223 1400 ι
237 1371 267 1402 in
283 1381 371 1402 carne
385 1382 443 1403 non
457 1371 536 1405 estis,
554 1371 606 1403 scd
623 1371 653 1402 in
667 1370 789 1411 Spiritu,
806 1370 830 1401 si
845 1375 943 1401 tamen
959 1370 1029 1411 Spi-

211 1434 222 1450 ι
238 1416 312 1449 ritus
328 1416 381 1448 Dei
396 1417 507 1447 habitat
517 1417 547 1447 in
572 1415 664 1446 vobis.
682 1415 713 1447 Si
739 1415 805 1455 quis
822 1419 919 1445 autem
932 1415 1028 1455 Spiri-

208 1468 297 1496 ctum
340 1461 449 1494 Christi
477 1471 536 1492 non
565 1460 663 1501 habet,
694 1460 743 1491 hic
769 1469 828 1490 non
865 1464 909 1491 est
939 1459 1027 1499 ejus:

207 1522 219 1539 c
237 1509 261 1540 si
275 1513 373 1540 autem
389 1506 522 1539 Christus
555 1506 584 1537 in
601 1504 683 1536 vobis
708 1509 764 1544 est,
787 1514 894 1545 corpus
907 1504 1026 1545 quidem

1080 1030 1091 1045 ι
1112 1015 1199 1054 ἃγιον.
1216 1026 1227 1041 I
1263 1018 1310 1045 Καὶ
1339 1018 1386 1046 οὐκ
1414 1018 1444 1046 ἐκ
1471 1019 1567 1057 μέτρου
1601 1017 1688 1047 δίδωσι
1715 1020 1745 1047 τὸ
1781 1022 1904 1057 Πνεῦμα,

1079 1073 1090 1089 ι
1107 1060 1175 1088 κατὰ
1200 1061 1249 1094 τὴν
1287 1060 1409 1090 Ἰωάννου
1451 1063 1553 1101 φωνὴν,
1591 1061 1651 1091 ἀλλ’
1680 1064 1758 1094 αὐτὸς
1799 1063 1904 1097 ἐνίησιν

1079 1119 1089 1134 ι
1105 1103 1131 1137 EE
1146 1105 1236 1142 αὐτοῦ,
1252 1106 1368 1145 καθάπερ
1399 1106 1491 1144 ἀμέλει
1520 1107 1564 1135 καὶ
1590 1108 1604 1135 ὁ
1637 1108 1738 1148 Πατὴρ.
1765 1108 1814 1137 Καὶ
1837 1113 1902 1147 γοῦν

1075 1161 1088 1179 ς
1106 1150 1119 1176 ὁ
1147 1149 1283 1182 θεσπέσιος
1311 1152 1427 1187 Παῦλος,
1458 1150 1523 1185 ὅλην
1552 1151 1707 1186 ἀποστήσας
1735 1152 1785 1186 τὴν
1813 1152 1841 1180 ἓν
1870 1163 1901 1191 γε

1076 1207 1086 1221 ι
1103 1193 1188 1230 τούτῳ
1221 1192 1356 1234 διαφορὰν,
1392 1195 1457 1223 ποτὲ
1492 1195 1539 1233 μὲν
1584 1195 1654 1233 αὐτῷ
1681 1200 1720 1233 τῷ
1755 1199 1813 1233 Θεῷ
1855 1202 1901 1228 καὶ

1073 1249 1086 1266 ε
1110 1239 1189 1277 Πατρὶ
1204 1239 1359 1277 προσνέμων
1388 1240 1489 1278 ὁρᾶται,
1529 1239 1594 1268 ποτε
1623 1238 1649 1267 δὲ
1679 1241 1705 1268 ἓν
1734 1241 1823 1279 σαρκὶ,
1837 1240 1902 1269 ἀλλ’

1074 1292 1086 1310 α
1105 1282 1132 1310 ἒν
1163 1285 1307 1322 Πνεύματι,
1331 1283 1406 1324 εἴπερ
1432 1287 1538 1322 Πνεῦμα
1576 1285 1642 1312 Θεοῦ
1673 1285 1742 1313 οἰκεῖ
1771 1283 1798 1312 ἐν
1819 1285 1898 1322 ὑμῖν,

1072 1338 1083 1353 ι
1103 1327 1132 1355 Εἰ
1155 1326 1184 1355 δέ
1212 1339 1251 1357 τις
1281 1328 1387 1365 Πνεῦμα
1410 1331 1522 1368 Χριστοῦ
1556 1329 1608 1368 οὐχ
1642 1328 1711 1369 ἔχει,
1749 1330 1823 1361 οὗτος
1851 1331 1900 1358 οὒκ

1075 1383 1085 1399 ι
1103 1370 1172 1399 ἔστιν
1187 1372 1277 1402 αὖπεοῦ.
1295 1373 1324 1400 Εἰ
1339 1371 1365 1400 δὲ
1388 1373 1502 1412 Χριστὸς
1528 1372 1554 1400 ἐν
1583 1374 1659 1412 ὑμῖν,
1687 1373 1718 1401 τὸ
1746 1373 1794 1410 μὲν
1816 1377 1897 1411 σῶμα

1075 1426 1086 1441 ι
1102 1416 1193 1454 νεκρὸν
1208 1415 1395 1456 δι’ᾲμαρτίαν,
1412 1418 1443 1445 τὸ
1463 1416 1491 1445 δὲ
1520 1419 1626 1454 Πνεῦμα
1639 1420 1692 1452 ζῶν
1720 1416 1762 1445 διὰ
1790 1416 1896 1446 δικαιο-

1073 1472 1085 1489 ‹
1101 1460 1192 1493 σύνην.
1210 1471 1222 1488 ι
1247 1455 1366 1500 ιἈροιρεν
1388 1460 1444 1499 οὖν,
1462 1460 1502 1489 ὅτι
1516 1462 1560 1489 καὶ
1577 1460 1644 1489 ἴδιόν
1671 1461 1728 1489 ἐστι
1744 1462 1774 1490 τὸ
1789 1462 1897 1500 Πνεῦμα

1073 1517 1084 1533 ι
1106 1505 1152 1532 τοῦ
1166 1505 1237 1542 risi,
1265 1505 1308 1534 καὶ
1337 1505 1392 1534 diu
1421 1517 1471 1534 που
1495 1506 1576 1544 μόνον
1603 1507 1622 1544 ᾗ
1647 1506 1731 1545 Λόγος
1754 1505 1810 1535 lavi
1844 1517 1896 1536 πε-

206 1566 219 1584 ι
237 1557 386 1584 mortuum
403 1555 448 1583 est
463 1555 583 1591 propter
598 1553 752 1595 peccatum
766 1560 773 1580 :
790 1549 911 1590 spiritus
925 1553 1019 1595 autern

1105 1549 1189 1595 pnvdic
1205 1549 1236 1577 ἐκ
1259 1550 1372 1590 Πατρὸς,
1403 1549 1463 1578 ἀλλ’
1485 1551 1507 1578 αἱ
1541 1551 1584 1579 καὶ
1617 1557 1707 1579 νοοῖτο
1734 1549 1792 1595 καθ’
1823 1551 1896 1589 ἡμᾶν

209 1597 297 1628 «vivit
317 1601 438 1637 propter
460 1595 644 1636 justitiam79.
657 1606 669 1622 ι
697 1594 780 1625 Patet
806 1603 860 1633 ego
880 1598 910 1624 et
931 1592 1019 1634 Spiri-

1105 1593 1235 1632 ἅνθρωπος
1257 1595 1383 1633 γεγονὼς,
1417 1596 1469 1623 τῶν
1497 1597 1547 1628 τῆς
1575 1595 1699 1628 θεότητος
1742 1593 1896 1633 ιδιωμάτων

207 1657 217 1672 ι
234 1646 295 1673 tum
307 1641 374 1674 Filii
384 1649 501 1681 quoque
526 1638 679 1680 proprium
698 1647 835 1676 esse,nec
844 1638 940 1669 solum
955 1647 1027 1678 qua-

1071 1649 1082 1664 ι
1099 1638 1135 1670 ὡς
1150 1638 1177 1666 ἐν
1199 1637 1248 1674 ἰδία
1263 1638 1337 1678 φύσει
1354 1639 1383 1667 οὗ
1403 1638 1570 1676 λειπόμενος.
1596 1649 1607 1664 I

206 1697 219 1713 ε
236 1691 322 1717 tenus
337 1680 468 1717 Verbum
485 1693 520 1715 ex
549 1685 635 1715 Patre
651 1683 770 1724 prodiit,
789 1683 840 1714 sed
871 1682 958 1713 etiam
987 1682 1013 1713 si
1037 1680 1182 1720 cogitetur
1209 1682 1374 1713 secundum
1398 1691 1452 1713 nos
1478 1682 1567 1714 homo
1594 1682 1699 1721 factus,
1729 1682 1895 1716 divinitatis

209 1743 220 1759 ι
237 1729 479 1772 proprietatibus,
495 1738 561 1769 quae
573 1728 603 1759 in
620 1728 770 1769 propriam
784 1727 864 1759 illius
878 1729 1013 1759 naturam
1028 1725 1219 1767 conveniunt,
1237 1736 1297 1758 non
1309 1726 1480 1760 destitutus.
1497 1741 1508 1757 ι

488 1782 722 1813 Animadversio

246 1842 257 1857 ι
274 1826 418 1864 Audisne,
435 1826 585 1867 quomodo
601 1826 649 1856 hic
663 1835 698 1857 ex
720 1827 807 1857 Patre
822 1824 893 1856 dicit
907 1829 1026 1857 sanctus

209 1884 221 1901 ε
240 1870 662 1912 apparereSpiritum,immitti
676 1879 745 1901 vero
761 1870 859 1901 aFilio
871 1879 929 1900 non
939 1879 1026 1901 secus

205 1920 320 1956 uatque
349 1925 366 1946 a
389 1917 476 1947 Patre
498 1919 617 1956 propter
659 1915 856 1955 aequalitatem
899 1920 1021 1946 naturae.

205 1975 216 1990 ε
231 1964 261 1993 et
271 1960 407 1992 essentiae
418 1959 612 1991 individuum.
628 1958 670 1991 Ne
682 1964 711 1990 te
724 1969 812 2000 porro
824 1959 896 1990 illud
909 1964 1024 1991 contur-

201 2019 214 2036 ‹
231 2005 280 2036 bet
294 2005 371 2045 quod
387 2005 476 2045 dicat,
508 2005 592 2036 illum
617 2015 652 2036 ex
667 2005 788 2045 propria
815 2008 918 2035 natura
934 2004 1023 2036 veluti

202 2065 214 2080 ε
235 2059 272 2081 ex
292 2049 372 2081 fonte
385 2049 549 2081 effundere.
566 2050 638 2081 Cum
652 2049 732 2081 enim
749 2049 831 2080 illum
844 2059 878 2080 ex
888 2049 1022 2088 fonte,ex

201 2108 212 2123 ι
227 2094 288 2126 Deo
302 2098 331 2126 et
345 2096 429 2125 Patre
443 2093 570 2135 scilicet,
589 2094 671 2125 illum
688 2094 851 2134 procedere
865 2094 1018 2133 didiceris,

200 2154 211 2170 ι
228 2148 318 2170 unam
326 2148 424 2170 veram
436 2143 465 2169 et
475 2138 745 2170 immulabilemDei
755 2138 850 2170 Patris
863 2138 959 2170 etFilii
974 2148 1018 2170 es-

1105 2138 1275 2178 κπορεύεσθαι

200 2198 211 2214 ι
228 2185 351 2216 sentiam
361 2193 438 2221 esse,
450 2188 480 2216 et
489 2183 518 2214 in
531 2184 607 2215 hanc
615 2183 791 2215 sententiam
802 2188 831 2215 et
840 2183 912 2215 illud
924 2187 1015 2215 attra-

197 2242 209 2260 ‹
227 2229 299 2268 hilo,
317 2238 425 2270 nempe
441 2238 475 2260 ex
504 2229 586 2261 fonte
601 2238 655 2270 per
683 2227 790 2259 Filium
821 2227 907 2260 nobis
932 2228 1016 2259 illum

197 2287 209 2304 ι
226 2283 378 2307 emanare.
395 2284 406 2300 ³

523 2365 685 2404 Ite/utalia.

233 2407 274 2440 Ex
281 2409 336 2440 hac
344 2413 393 2440 tua
405 2409 661 2440 animadversione
673 2408 710 2439 ad
734 2407 914 2439 refellendas
926 2408 1016 2439 hasce

193 2452 257 2479 tuas
270 2450 435 2488 nugatorias
454 2448 806 2490 interpretationes,qaod
827 2448 931 2479 ultimo
948 2448 1012 2479 loco

193 2493 278 2533 ponis
290 2493 463 2533 accipimus.
490 2496 562 2526 Cum
587 2495 666 2525 enim
696 2503 731 2524 ex
758 2493 877 2534 propria
907 2498 1012 2525 natura

190 2537 281 2568 veluti
296 2547 331 2569 ex
345 2538 424 2569 fonte
445 2538 552 2570 Filium
566 2537 864 2577 eil‘undereSpiritum
875 2547 909 2568 eo
923 2537 1012 2569 intel-

189 2581 268 2613 lectu
281 2582 322 2614 vis
336 2582 442 2623 accipi,
460 2593 568 2624 nempe
583 2593 617 2614 ex
641 2584 720 2614 fonte
739 2591 791 2623 per
805 2582 910 2613 Filium
926 2581 1012 2614 nobis

189 2627 273 2658 illum
287 2635 438 2665 emanare,
447 2628 509 2668 jam
522 2632 608 2660 teneo
621 2633 804 2668 te,tanquam
816 2626 867 2667 qui
883 2631 911 2657 et
924 2630 1010 2659 antea

188 2672 386 2703 fassusfueras
393 2673 633 2714 praepositionum
645 2683 686 2705 ex
692 2677 721 2704 et
724 2681 780 2714 per
786 2671 1008 2713 viresaequales,

190 2726 257 2749 cum
273 2725 372 2748 sermo
386 2721 431 2748 est
444 2718 482 2749 de
498 2717 583 2757 Filio,
608 2717 683 2750 nihil
705 2727 826 2759 prorsus
840 2717 959 2749 ditl’erre
974 2727 1008 2748 ex

228 2803 258 2829 77
273 2805 339 2834 Act.
353 2810 385 2842 ιι,
403 2803 453 2836 38.
497 2804 529 2830 ’18
542 2803 628 2836 Joan.
646 2812 696 2843 xx,
712 2803 762 2835 92.

1401 1781 1569 1813 Ἐπιστασία.

1112 1836 1123 1853 α
1155 1825 1273 1858 Ἀκούεις
1315 1827 1456 1863 κάνταῦθα,
1498 1829 1555 1858 πῶς
1584 1827 1727 1867 πεφηνέναι
1772 1827 1822 1865 μὲν
1861 1829 1892 1857 τὸ

1071 1881 1082 1896 ε
1099 1873 1215 1908 Πνεῦμα,
1246 1871 1276 1899 ὲκ
1304 1871 1350 1900 τοῦ
1384 1872 1486 1910 Πατρὸς
1507 1870 1578 1910 λέγει
1608 1873 1622 1899 ὁ
1649 1871 1736 1912 ἅγιος,
1779 1871 1890 1902 ἐνίεσθαι

1069 1928 1080 1944 ι
1096 1914 1123 1942 δὲ
1153 1917 1196 1944 καὶ
1224 1916 1294 1956 παρὰ
1334 1920 1379 1944 τοῦ
1421 1916 1492 1952 Υἱοῦ,
1528 1916 1614 1947 καθὼς
1654 1918 1698 1944 καὶ
1732 1918 1802 1956 παρὰ
1843 1921 1890 1946 τοῦ

1069 1971 1080 1987 ι
1097 1960 1198 1999 Πατρὸς
1213 1960 1255 1989 διὰ
1285 1961 1334 1994 τὴν
1355 1960 1496 1999 ὁμοτιμίαν
1517 1963 1565 1994 τῆς
1593 1961 1693 2000 φύσεως
1722 1962 1765 1989 καὶ
1786 1962 1817 1990 τὸ
1838 1965 1890 1996 τῆς

1068 2016 1079 2031 ι
1096 2005 1182 2038 οὐσίας
1218 2004 1373 2044 ἀδιαίρετον.
1413 2007 1449 2034 Τὸ
1479 2004 1506 2033 δὲ
1531 2006 1661 2044 πηγάζειν
1702 2007 1779 2034 αὑτὸν
1811 2010 1889 2036 τοῦτο

1067 2062 1078 2077 ι
1095 2048 1125 2077 ἐκ
1153 2049 1202 2083 τῆς
1231 2048 1295 2081 ἰδίας
1331 2050 1432 2089 φύσεως
1468 2050 1507 2088 μὴ
1535 2050 1642 2087 θροείτω
1671 2060 1711 2081 οε.
1735 2050 1809 2079 Ἐπεὶ
1837 2051 1888 2091 γὰρ

1064 2106 1075 2121 ι
1092 2092 1122 2122 ἐκ
1136 2094 1183 2132 μὲν
1205 2094 1253 2127 τῆς
1269 2097 1372 2134 πηγῆς,
1388 2093 1469 2133 ἤγουν
1495 2095 1526 2122 ὲκ
1554 2097 1600 2122 τοῦ
1619 2097 1683 2123 Θεοῦ
1711 2095 1755 2123 καὶ
1770 2096 1884 2135 Πατρὸς,

1329 2144 1406 2168 τοῦτο
1449 2139 1617 2177 μεμάθηκας,
1669 2139 1715 2177 μία
1761 2138 1788 2167 δὲ
1840 2141 1886 2168 καὶ

1062 2195 1073 2211 ι
1090 2182 1292 2222 ἀπαράλλακτος
1325 2184 1340 2217 ἡ
1367 2183 1414 2211 τοῦ
1449 2187 1515 2212 Θεοῦ
1545 2184 1646 2223 Πατρὸς
1680 2184 1723 2212 καὶ
1751 2187 1797 2212 τοῦ
1824 2185 1885 2214 Υἱοῦ

1062 2240 1074 2257 ι
1090 2228 1175 2267 οὐσία,
1191 2228 1255 2267 πρὸς
1291 2228 1339 2262 τὴν
1366 2228 1493 2262 τοιαύτην
1524 2226 1624 2256 ἔννοιαν
1647 2228 1690 2256 καὶ
1714 2228 1791 2256 τοῦτο
1819 2239 1884 2266 συμ-

1063 2283 1075 2299 (ι
1091 2270 1191 2310 βίϐαζε,
1207 2272 1287 2312 ἤγουν
1312 2274 1342 2301 τὸ
1357 2273 1386 2301 ἐκ
1413 2274 1462 2306 τῆς
1489 2275 1582 2312 πηγῆς
1611 2271 1652 2302 διὰ
1673 2278 1719 2302 τοῦ
1735 2274 1794 2301 Υἱοῦ
1814 2274 1882 2311 ἡμῖν

1061 2330 1072 2344 ι
1089 2321 1165 2347 τοῦτο
1179 2318 1352 2357 πηγάζεσοαι,
1378 2329 1390 2346 ιι

1380 2361 1528 2402 Ἀντίῤῥησι
1537 2373 1557 2394 ς,

1098 2405 1177 2436 Οὖὸὲν
1204 2419 1229 2436 τι
1264 2407 1345 2436 πλέον
1366 2412 1412 2437 τοῦ
1441 2407 1638 2447 ἆκροτελευτίου
1668 2407 1717 2441 τῆς
1744 2408 1880 2447 παρούσης

1054 2451 1205 2485 ἐπιστασίας
1255 2453 1290 2485 εἰς
1334 2451 1447 2492 ἔλεγχον
1485 2455 1537 2480 τῶν
1584 2451 1790 2491 παρεξηγήσεών
1832 2463 1880 2482 σου

1054 2495 1206 2534 ληψόμεθα,
1227 2498 1298 2525 Ἐπεὶ
1331 2497 1381 2537 γάρ
1409 2497 1440 2525 τὸ
1468 2496 1498 2525 ἐκ
1519 2498 1567 2530 τῆς
1595 2495 1660 2528 ἰδίας
1689 2497 1791 2531 φύσεως
1811 2496 1879 2525 ἁνα-

1054 2542 1182 2580 πηγάζειν
1197 2542 1242 2570 τὸν
1266 2542 1323 2570 Υἱὸν
1352 2542 1382 2569 τὸ
1411 2545 1517 2579 Πνεῦμα
1538 2542 1603 2580 πρὸς
1632 2541 1756 2575 τοιαύτην
1777 2540 1879 2570 ἔννοιαν

1053 2584 1233 2624 συνεϐίϐασας,
1256 2586 1336 2625 ἤγουν
1370 2587 1400 2614 τὸ
1429 2587 1460 2614 ἐκ
1486 2586 1535 2620 τῆς
1558 2587 1649 2624 πηγῆς
1678 2584 1720 2614 διὰ
1747 2589 1793 2614 τοῦ
1818 2586 1879 2615 Υἱοῦ

1052 2630 1119 2667 ἡμῖν
1134 2633 1212 2659 τοῦτο
1231 2631 1407 2671 πηγέζεσθαι,
1436 2630 1494 2670 ἔχω
1510 2640 1539 2657 σε
1567 2629 1594 2657 δὲ
1630 2630 1879 2670 προωμολογηκότα

1051 2675 1095 2702 καὶ
1129 2675 1160 2703 τὸ
1189 2675 1238 2708 τῆς
1268 2675 1294 2708 ἐξ
1325 2676 1369 2703 καὶ
1395 2674 1437 2703 διὰ
1463 2674 1617 2713 ἱσοδύναμον
1647 2675 1689 2703 ἐπὶ
1717 2679 1764 2704 τοῦ
1792 2676 1852 2704 Ποῦ
1868 2683 1875 2690 ⁵

1051 2718 1123 2748 οὐδέν
1151 2730 1175 2747 τι
1205 2718 1319 2760 διαφέρει
1349 2720 1454 2752 πάντως
1496 2719 1526 2748 ἐκ
1551 2724 1598 2749 τοῦ
1626 2720 1728 2760 Πατρὸς
1755 2718 1796 2748 διὰ
1831 2723 1878 2749 τοῦ

807 2803 838 2828 79
853 2804 938 2835 Rom.
955 2811 1019 2843 vni,
1036 2803 1065 2842 9,
1083 2806 1133 2835 4ο.
