1966 3073
190 125 249 158 527
283 96 287 102 .

744 123 850 158 JOAN.
867 124 978 157 VECCI
993 123 1048 155 GP.
1065 121 1321 158 PATRIARCILE

1812 122 1864 154 528

189 202 243 232 ego
269 191 372 233 utique
398 199 575 228 assererem,
605 189 855 231 quemadmodum
872 190 1009 231 proprius

1238 191 1250 203 ΙΙ
1345 191 1373 202 ΜΝ
1474 195 1486 200 -ο
1681 192 1687 201 \
1774 191 1780 202 9
1852 194 1862 199 ν

1066 203 1132 233 ιημι,
1162 192 1201 221 ὅτι
1233 203 1323 231 ωσπερ
1348 200 1414 220 ιοιον
1442 203 1488 220 του
1515 193 1627 232 Πατρὺς,
1650 191 1694 220 δια
1722 192 1752 220 τὺ
1773 202 1800 219 εκ
1823 202 1864 219 του

189 235 285 268 Patris
307 239 362 274 est,
379 235 459 276 quod
475 245 510 266 ex
525 236 610 266 Patre
625 238 681 272 est,
711 234 752 266 ita.
776 234 928 275 proprium
945 244 1010 265 esse

188 281 267 322 Filii,
285 281 363 321 quod
379 289 432 320 per
447 279 554 311 Filium
571 283 627 310 est.
656 281 692 311 Et
706 280 750 310 sic
765 279 918 319 utriusque
938 289 1009 320 pro-

189 326 270 366 prius
294 325 434 365 Spiritus,
466 324 544 364 quod
573 333 607 355 ex
636 327 763 365 utroque
793 323 1008 363 progrediatur.

189 369 271 406 Quod
287 369 324 406 si,
340 373 372 400 ut
389 373 418 400 tu
433 377 551 409 quoque
565 369 685 406 astruis,
703 368 832 409 propriis
854 368 966 399 estFilii
984 371 1012 398 et

188 413 285 444 Patris
312 412 440 453 Spiritus
468 417 588 453 propter
618 422 709 443 unum
732 413 872 453 idemque
887 417 1009 451 naturae,

189 457 264 488 mihi
279 457 409 497 profecto
426 466 522 497 neque
538 458 567 488 id
583 457 732 497 displicet.
755 456 826 487 Cum
844 459 921 488 enim
940 466 1009 497 pro-

190 502 286 542 prium
302 502 470 542 utriusque,
486 502 566 541 quod
596 511 632 532 ex
657 505 783 542 utroque
814 502 1010 542 progreditur,

190 546 259 586 quia
273 554 342 576 vero
357 545 393 576 ab
409 549 535 585 utroque
550 545 820 586 progreditur,ideo
837 550 881 576 est
898 550 925 577 et
936 545 1012 576 Patri

190 594 218 621 et
233 589 308 622 Filio
325 589 595 627 consubstantialis,
614 590 665 629 qui
679 590 720 622 ait
750 590 901 630 proprium
928 591 1012 621 illum

190 634 285 666 Patris
302 634 401 665 etFilii
417 639 538 674 propter
552 643 644 665 unum
660 634 800 674 idemque
813 634 1014 670 naturaz,nihil

190 679 307 710 aberrat
321 688 338 709 a
348 678 481 715 veritate,
496 677 585 709 etiam
601 679 694 718 magis
717 678 915 719 sophistarum
933 688 1013 710 more

191 731 361 754 sermonem
376 722 548 763 disponens,
564 722 634 755 inde
649 723 844 764 comprobare
856 723 928 764 vult,
943 726 1012 763 :non

192 777 258 799 esse
273 767 417 808 Spiritum
433 768 520 798 etiam
537 776 572 798 ex
587 768 672 798 Filio.

351 817 499 857 Eiusdem
513 826 550 849 ex
573 819 676 850 eadem
700 819 846 863 oratione.

231 863 465 896 XCIII.¢Sancta
480 869 579 895 autem
597 864 749 905 Scriptura
764 875 817 896 nos
833 865 1012 905 alloquente:

195 922 209 938 α
225 909 321 941 Omne
335 909 445 940 donum
461 909 619 947 bonum,et
634 898 721 940 omne
733 919 840 941 munus
851 898 1013 950 perlectum
1027 898 1044 922 ⁵

197 966 209 983 α
226 955 382 985 desursum
407 959 462 992 est,
490 953 677 985 descendens
692 963 709 984 a
736 954 821 985 Patre
855 954 1012 990 luminum,

196 1012 208 1030 ‹
225 998 302 1039 apud
320 1007 408 1038 quem
425 1007 486 1028 non
497 1002 543 1028 est
558 999 824 1036 transmutatio,ve|
841 998 1013 1029 conversio-

198 1054 210 1072 ι
226 1043 273 1073 nis
287 1041 472 1073 adumbratio
485 1042 545 1080 87,»
562 1042 644 1074 unde
659 1046 742 1083 putas
758 1043 821 1083 ipse
837 1042 1016 1073 distributio-

198 1099 210 1116 α
229 1096 297 1118 nem
315 1086 481 1117 divinarum
495 1086 743 1126 gratiarumnobis
759 1087 839 1118 ﬁeri?
852 1087 957 1118 Herm.
975 1086 1016 1117 Ex

199 1144 210 1161 ε
229 1131 291 1162 Deo
306 1129 390 1162 Patre
405 1130 531 1162 scilicet.
550 1131 726 1171 CyriliQuin
742 1135 770 1162 et
781 1131 890 1163 sanctis
900 1135 1015 1171 aposto-

199 1175 265 1207 (lis
294 1175 467 1206 auctoritate
496 1185 550 1207 sua
587 1175 679 1207 Dabat
709 1176 843 1207 Christus
875 1176 1014 1207 virtutem

200 1233 214 1248 α
232 1224 335 1251 contra
348 1219 470 1259 spiritus
483 1220 664 1257 immundos,
681 1220 721 1251 ita
735 1225 766 1252 ut
781 1221 925 1261 ejicerent
937 1221 1015 1257 illos,

198 1275 213 1296 ‹
232 1268 262 1295 et
284 1268 425 1295 curarent
440 1274 544 1295 omnes
559 1265 689 1302 morbos,
708 1271 736 1296 et
749 1275 853 1296 omnes
879 1266 1017 1305 langures

202 1320 214 1338 (ι
230 1310 262 1339 in
278 1308 397 1349 populo,
415 1312 444 1339 et
459 1309 535 1349 quod
552 1309 600 1340 his
613 1309 806 1340 excellentius
821 1313 874 1347 est,
883 1309 971 1340 etiam
983 1314 1014 1340 ut

201 1363 214 1382 ι
232 1356 353 1393 possent
367 1353 462 1392 ipsam
479 1362 592 1384 morem
606 1355 724 1384 vincere
736 1353 924 1384 divinissime
938 1363 1014 1394 pree-

202 1408 214 1426 α
232 1397 310 1438 cepit
325 1397 429 1428 dicens
445 1407 452 1427 :
473 1410 482 1423 ι
501 1397 636 1429 Inﬁrmos
652 1402 764 1436 curate,
778 1402 807 1428 et
819 1403 949 1429 mortuos
965 1408 1014 1429 su-

201 1450 218 1470 (
232 1440 347 1478 scitate,
363 1440 500 1481 leprosos
516 1442 667 1478 mundate,
683 1442 829 1473 daemonia
843 1443 943 1482 ejicite
954 1443 995 1482 88;
1005 1455 1014 1470 ι

202 1497 216 1513 ι
233 1485 385 1516 confessus
401 1489 446 1516 est
455 1491 553 1518 autem
566 1495 707 1526 perquam
724 1488 879 1518 manifeste
892 1488 1020 1518 Joannes

200 1541 214 1557 α
232 1529 336 1560 dicens
353 1538 360 1560 :
379 1541 392 1557 α
407 1531 449 1560 De
465 1530 651 1569 plenitudine
663 1532 728 1571 ejus
744 1541 797 1562 nos
813 1541 917 1562 omnes
930 1541 1018 1563 acce—

203 1584 216 1602 α
233 1574 331 1614 pimus
342 1573 385 1604 89.
405 1586 419 1602 π
437 1573 552 1604 Donum
580 1579 678 1606 autem
710 1575 832 1613 bonum,
857 1581 886 1607 et
914 1586 1021 1607 munus

203 1630 215 1646 ι
236 1618 401 1658 perfectum
417 1618 511 1648 eritne
526 1618 606 1649 aliud
623 1620 786 1660 quidpiam,
804 1621 881 1661 quod
907 1621 959 1651 tibi
975 1621 1019 1651 vi-

204 1674 218 1690 u
235 1662 332 1700 detur,
351 1671 436 1703 quam
453 1663 628 1703 participem
645 1664 722 1695 ﬁerit
750 1665 877 1705 Spiritus
903 1665 1022 1696 sancti?

205 1717 220 1736 (
235 1706 436 1737 Herm.Nullo
452 1707 788 1746 modo.Cyril.Proinde
802 1709 1019 1750 vide,obsecro,

205 1763 220 1779 ε
236 1750 438 1788 amice,etiam
455 1760 489 1782 ex
503 1751 548 1782 his
564 1750 671 1784 Filium
689 1754 842 1793 prot'rium
854 1763 939 1785 suum
950 1754 1022 1785 insi-

205 1808 217 1823 α
236 1799 308 1830 tum,
325 1795 366 1825 ita
381 1799 412 1825 ut
430 1805 489 1825 non
505 1795 674 1837 adjiciatur,
690 1797 830 1837 Spiritum
843 1802 1022 1838 sanctum,et

206 1851 219 1867 ι
238 1848 290 1880 per
304 1849 392 1879 quem
408 1849 496 1870 omne
522 1840 631 1871 donum
650 1841 759 1872 bonum
775 1846 829 1874 est.
848 1843 921 1874 Nam
939 1848 1021 1883 post—

205 1895 217 1913 ι
236 1893 323 1924 quam
335 1884 498 1915 resurrexit
511 1884 661 1916 destructa
676 1887 875 1927 corruptione.
887 1888 1025 1919 vinculis-

207 1940 219 1958 ι
239 1937 297 1968 que
313 1928 416 1958 mortis
441 1928 579 1969 abjectis,
597 1931 744 1962 reducens
760 1941 813 1962 nos
836 1932 872 1962 ad
888 1933 1021 1964 sanctifi-

207 1984 219 2001 ι
240 1972 385 2003 cationem
403 1977 430 2004 et
445 1974 612 2013 primmvam
630 1980 741 2006 naturze
755 1976 1021 2016 pulchritudinem,

207 2026 223 2048 ‹
238 2017 486 2057 quemadmodum
501 2018 532 2048 in
548 2019 693 2060 principio
702 2022 821 2060 generis
830 2021 952 2053 humani
963 2026 1024 2053 tra-

207 2074 221 2090 α
240 2061 314 2092 dens
327 2062 468 2102 apostolis
492 2063 651 2094 iusufﬂavit
675 2065 704 2095 in
725 2065 828 2096 faciem
859 2075 961 2096 eorum
977 2067 1025 2097 di-

207 2118 221 2134 ¢
238 2114 310 2137 cens
326 2115 333 2136 :
354 2116 368 2136 α
383 2106 516 2146 Accipite
540 2108 682 2148 Spiritum
699 2113 832 2142 sanctum
847 2110 889 2140 90.
908 2123 921 2139 ιι
940 2111 1025 2147 Quod

1052 238 1153 277 Πατρὸς
1175 237 1259 277 εἶναι,
1287 236 1369 268 οὕτως
1399 235 1465 265 ἴδιον
1479 238 1524 265 γαὶ
1538 242 1584 266 τοῦ
1609 238 1681 273 Tini,
1704 235 1745 264 διὰ
1759 237 1788 264 τὸ
1801 236 1864 263 εἶναι

1054 280 1084 292 'Nv
1165 285 1176 290 ην
1246 282 1253 292 \
1348 281 1356 291 κ
1405 280 1432 291 πη
1509 280 1517 290 ›
1581 281 1594 287 -
1653 282 1659 290 ι
1750 284 1759 288 -
1837 281 1842 289 v

1051 290 1074 308 οι
1119 282 1188 319 Υἳου,
1211 293 1255 309 και
1283 280 1377 309 λοιπον
1407 289 1472 309 ιοιον
1507 292 1608 320 αμφοιν
1635 291 1666 308 το
1696 283 1810 317 Πνευμα,
1831 291 1864 310 ως

1052 327 1145 365 προϊὸν
1183 325 1208 358 ἐξ
1244 326 1356 365 ἀμφοῖν.
1394 326 1422 354 Εἰ
1450 325 1477 353 δὲ
1504 327 1546 353 καὶ
1565 326 1601 358 ὡς
1617 326 1648 353 σὺ
1664 325 1716 365 φὴς
1731 324 1796 353 ἴδιον
1811 325 1865 352 Υἱοῦ

1052 371 1096 398 καὶ
1122 371 1224 410 Πατρὸς
1252 371 1282 398 τὸ
1318 369 1423 406 Πνεῦμα
1444 369 1530 397 διὰτὸ
1558 369 1658 398 ἒνιαῖον
1685 369 1733 403 τῆς
1757 369 1866 408 φύσεως,

1070 413 1109 431 ’νεὶ
1172 418 1182 422 ..
1300 414 1306 422 ς
1517 413 1524 423 ς
1548 426 1567 431 __
1582 414 1589 424 ι
1631 415 1636 422 ι
1674 413 1702 425 νη
1763 413 1769 422 a

1053 423 1110 443 000:.
1139 426 1215 443 τουτο
1231 425 1276 452 μοι
1296 413 1486 453 απαράδειτον.
1527 418 1591 443 Ειιει
1610 425 1658 453 γαρ
1677 423 1741 442 ιοιον
1760 419 1866 453 αμροῖν,

1053 459 1093 487 ὅτι
1122 459 1238 498 πρόεισιν
1261 457 1286 491 ἐξ
1302 458 1414 498 ἀμφοῖν,
1431 457 1473 486 διὰ
1489 457 1515 486 δὲ
1531 459 1561 486 τὸ
1583 458 1608 491 ἐξ
1623 459 1725 498 ἀμφοῖν
1742 457 1868 498 προϊέναι,

1053 504 1190 541 ὁμοούσιον
1206 503 1260 531 ἐστι
1290 504 1369 542 Πατρὶ
1397 504 1440 531 ναὶ
1480 505 1542 540 Υἱῴ,
1574 504 1587 531 ὁ
1609 502 1693 541 λέγων
1709 502 1787 537 ἴδιον,
1812 502 1870 529 αὐτὸ

1055 549 1154 588 Πατρὸς
1183 549 1226 576 καὶ
1255 548 1311 575 Γὶοὖ
1326 546 1367 576 διὰ
1396 548 1425 575 τὸ
1448 547 1547 575 ἓνιαϊον
1575 550 1623 581 τῆς
1647 547 1748 586 φύσεως
1764 545 1834 575 οὖδὲν
1847 556 1871 572 τι

1054 591 1222 631 διαμαρτάνει
1257 592 1304 624 τῆς
1340 590 1476 625 ἀληθεάς,
1519 593 1540 619 εἰ
1570 592 1624 628 καὶ,
1656 590 1871 631 σοφιστικώτερῠν

1055 636 1252 676 μετερχόμενος
1294 636 1339 663 τὸν
1374 635 1464 675 λόγον,
1501 636 1616 664 ἐντεῦθεν
1651 635 1772 673 βούλεται
1802 635 1872 672 τάχα

1054 680 1246 710 κατασκευάσαι
1291 681 1330 717 μὴ
1373 680 1443 708 εἶναι
1490 681 1519 708 τὸ
1556 683 1660 717 Πνεῦμα
1687 681 1729 708 καὶ
1772 679 1803 707 ἐκ
1831 681 1874 706 τοῦ

1056 725 1126 755 Υἱοὺ.

1288 817 1339 843 Τοῦ
1355 816 1432 843 αὐτοῦ
1447 814 1476 841 ἐκ
1489 818 1535 843 τοῦ
1550 815 1638 845 αὑτοῦ.

1097 856 1160 899 4Γ’.
1193 875 1204 890 ι
1228 860 1306 900 Ἰεροῦ
1336 860 1363 888 δὲ
1393 862 1460 899 ἡμῖν
1488 860 1679 901 ἐπιφωνοῦντος
1710 860 1874 899 γράμματος,

1059 915 1073 934 (
1088 908 1162 933 Πᾶσα
1191 904 1261 937 δόσις
1277 905 1373 944 ἀγαθὴ,
1391 907 1433 933 καὶ
1461 909 1512 933 πᾶν
1534 905 1644 945 δώρημα
1665 904 1765 933 τέλειον
1783 903 1877 931 ἄνωθέν

1058 961 1072 977 α
1089 949 1143 978 ἐστι
1159 948 1318 978 καταϐαῖνον
1334 949 1364 977 ἐκ
1386 953 1429 978 τοῦ
1445 951 1546 989 Πατρὸς
1574 953 1626 978 τῶν
1645 950 1750 989 φώτων,
1773 948 1837 987 παρ’
1857 949 1878 983 ᾧ

1059 1006 1070 1022 ι
1089 996 1135 1024 οὐκ
1162 994 1216 1022 ἔστι
1246 994 1405 1033 παραλλαγὴ
1438 995 1456 1028 ἢ
1483 994 1582 1034 τροπῆς
1605 994 1785 1031 ἀποσκίασμα,
1802 993 1879 1021 πόθεν

1059 1051 1073 1066 α
1090 1038 1120 1066 ἃν
1141 1039 1231 1076 ᾠήθης
1258 1038 1334 1070 αὐτὸς
1363 1039 1412 1072 τὴν
1435 1040 1486 1066 τῶν
1507 1039 1582 1067 Θείων
1610 1040 1678 1076 ἡμῖν
1704 1037 1878 1078 χαρισμάτων

1060 1095 1073 1110 α
1090 1083 1246 1122 πράττεσθαι
1288 1082 1415 1121 διανομὴν
1434 1107 1440 1114 .
1482 1080 1614 1121 Ἑρμείας,
1651 1083 1699 1111 Ἐκ
1728 1086 1795 1111 Θεοῦ
1822 1085 1878 1109 Πα-

1059 1139 1070 1157 α
1087 1130 1147 1169 τρὸς
1178 1127 1312 1162 δηλονότι,
1330 1128 1468 1168 Κύριλλος.
1487 1130 1534 1158 Καὶ
1547 1129 1611 1168 ξμὴν
1626 1136 1683 1160 τοῖς
1699 1129 1784 1168 ὰγίοις
1811 1129 1878 1156 ἁπο-

1060 1185 1071 1201 ι
1090 1173 1194 1204 στόλοις
1220 1172 1262 1201 ἐπ’
1287 1173 1401 1205 ἐξουσίας
1430 1173 1510 1201 ἐδίδου
1538 1174 1586 1207 τὴν
1626 1174 1694 1202 κατὰ
1721 1172 1879 1211 πνευμάτων

1061 1230 1074 1246 α
1091 1218 1242 1257 ἀκαθάρτων
1274 1217 1419 1246 εὒσθένειαν
1458 1219 1472 1246 ὁ
1499 1219 1622 1258 Χριστὸς,
1645 1218 1713 1246 ὥστε
1742 1216 1882 1245 ἐκϐάλλειν

1061 1274 1074 1290 ι
1092 1263 1157 1291 αὐτὰ
1183 1263 1228 1290 καὶ
1248 1262 1398 1301 θεραπεὺειν
1422 1265 1509 1290 πᾶσαν
1537 1263 1624 1299 νόσον,
1647 1263 1691 1290 καὶ
1721 1266 1810 1290 πᾶσαν
1826 1272 1881 1299 μα-

1062 1317 1074 1335 α
1091 1306 1183 1335 λακίαν
1207 1308 1235 1334 ἒν
1269 1310 1306 1342 τῷ
1327 1306 1461 1345 λαῷῄκαὶ
1483 1306 1517 1340 τὴ
1533 1306 1570 1335 ἔτι
1592 1308 1690 1336 τούτων
1711 1307 1881 1347 ὕπιρτεροῦν,

1060 1362 1071 1379 ς
1089 1352 1133 1379 καὶ
1157 1353 1235 1380 αὐτοῦ
1266 1349 1386 1379 δύνασθαι
1408 1350 1548 1380 καταθλεῐν
1575 1352 1686 1380 θανάτου
1708 1350 1887 1386 διεκελεύετο,

1060 1408 1071 1423 ι
1089 1395 1298 1434 θεοπρεπέστλτα
1334 1395 1430 1434 λέγων,
1457 1407 1468 1422 ι
1499 1395 1683 1428 Ἀσθενοῦντας
1713 1398 1882 1436 θεραπεύετε,

1062 1452 1076 1468 α
1093 1442 1135 1468 καὶ
1171 1440 1276 1479 νεκροὺς
1303 1439 1425 1479 ἐγείρετε,
1462 1439 1576 1480 λεπροὺς
1603 1442 1766 1480 καθαρίζετε,
1785 1440 1885 1478 δαιμό-

1063 1497 1078 1513 ¢
1094 1496 1136 1513 νια
1166 1483 1316 1522 ἐκϐάλλετε,
1336 1498 1347 1514 ι
1365 1483 1549 1524 διωμολόγηχὲ
1571 1496 1599 1513 τε
1628 1487 1671 1514 καὶ
1705 1485 1777 1524 μάλα
1792 1486 1885 1525 σαφῶς

1065 1542 1077 1557 α
1095 1532 1108 1557 ὁ
1136 1528 1272 1561 θεσπέσιος
1295 1527 1420 1562 Ἰωάννης
1434 1528 1531 1568 λέγων,
1555 1529 1595 1558 ὅτι
1615 1541 1626 1556 ι
1639 1529 1687 1558 ἘΑ
1706 1535 1752 1560 τοῦ
1767 1529 1885 1569 πληρώ-

1064 1586 1075 1602 «
1094 1585 1176 1612 ματος
1199 1574 1276 1601 αὐτοῦ
1311 1572 1406 1604 πάντες
1436 1575 1516 1612 ἡμεϊς
1545 1573 1684 1612 ἐλάϐομεν.
1703 1585 1716 1603 ι
1748 1575 1830 1606 Δόσις
1861 1573 1888 1601 ὁὶ

1066 1629 1076 1646 σ
1095 1618 1182 1657 ἀγαθὴ
1203 1618 1247 1646 καὶ
1269 1616 1379 1657 δώρημα
1406 1617 1506 1646 τέλειον
1529 1618 1573 1652 εἴη
1596 1619 1626 1647 ἂν
1654 1619 1741 1659 ἕτερον
1756 1630 1794 1656 τι,
1820 1618 1890 1647 κατὰ

1065 1674 1076 1692 α
1094 1673 1124 1702 γε
1155 1663 1186 1691 τὸ
1208 1662 1278 1699 αὒτῷ
1292 1673 1333 1690 σοι
1348 1661 1451 1703 δοκοῦν,
1473 1663 1543 1698 πλὴν
1559 1663 1598 1692 ὅτι
1620 1675 1660 1692 τοι
1673 1665 1704 1692 τὸ
1719 1663 1890 1704 μεταλαχειν

1064 1719 1078 1735 α
1095 1708 1168 1748 ᾄγίου
1189 1707 1367 1745 Πνεύματος;
1405 1704 1538 1747 Ἑρμείας,
1575 1707 1713 1747 Οὐδαμῶς.
1744 1708 1889 1748 Κύριλλος.

1067 1764 1078 1781 (ι
1098 1747 1191 1791 ’Ἂθρει
1217 1750 1250 1784 δὴ
1266 1751 1309 1779 οὖν
1331 1752 1375 1780 καὶ
1396 1751 1437 1780 διὰ
1453 1753 1562 1791 τούτων,
1580 1754 1603 1780 ὧ
1623 1754 1691 1790 ἡμῖν
1720 1747 1848 1793 φιλότης,
1865 1753 1890 1786 ἒξ

1066 1807 1077 1825 «
1094 1795 1157 1824 ἰδίου
1184 1795 1363 1834 πληρώματος
1398 1796 1524 1836 προϊέντα
1556 1798 1600 1825 τὸν
1627 1798 1686 1826 Υἱὸν
1700 1798 1730 1826 τὸ
1744 1797 1814 1827 ἴδιον
1839 1800 1892 1827 αὒ-

1066 1855 1077 1870 ι
1094 1844 1151 1877 τοῦ,
1181 1840 1223 1868 καὶ
1267 1838 1459 1874 ἀναπόϐλητως
1487 1843 1639 1882 εμπεφυκὸς
1664 1842 1738 1881 ἅγιον
1765 1845 1888 1883 Πνεῦμα,

1069 1899 1080 1914 ι
1096 1885 1128 1913 δι’
1150 1884 1180 1913 οὗ
1208 1887 1280 1912 πᾶσα
1307 1884 1378 1917 δόσις
1414 1885 1511 1925 ἀγαθή,
1532 1886 1608 1916 Ἐπεὶ
1635 1887 1684 1927 γὰρ
1709 1886 1817 1928 ἀνεϐίω,
1836 1899 1892 1916 κα-

1066 1943 1079 1960 (
1097 1929 1212 1961 ταλύσας
1245 1929 1293 1962 τὴν
1321 1930 1427 1970 φθορὰν,
1459 1932 1503 1959 καὶ
1529 1938 1586 1964 τοῖς
1614 1937 1660 1961 τοῦ
1685 1932 1796 1960 θανάτου
1827 1933 1893 1960 δεσ-

1066 1987 1079 2004 ι
1096 1980 1159 2012 μοῖς
1215 1973 1338 2012 ἒῤῥωσοαι
1387 1975 1497 2016 φράσας,
1548 1977 1709 2014 ὰνακομίζων
1744 1978 1817 2013 ἡμᾶς
1855 1979 1893 2010 εἰς

1070 2029 1080 2045 ι
1097 2019 1231 2058 ἁγιασμόν
1248 2019 1291 2046 καὶ
1323 2020 1354 2047 τὸ
1369 2020 1485 2060 ἀρχαῖον
1513 2021 1561 2055 τῆς
1589 2022 1690 2061 φύσεως
1712 2021 1824 2058 κάλλος,
1839 2034 1894 2051 κα-

1071 2063 1178 2102 ιθσίπερ
1207 2063 1234 2090 ὲν
1262 2063 1373 2103 ἀπαρχῇ
1406 2065 1452 2093 τοῦ
1473 2065 1564 2104 γένους
1588 2066 1698 2098 ἀντιθεὶς
1727 2073 1785 2098 τοῖς
1815 2067 1895 2096 ἀπο-

1068 2121 1081 2138 (
1098 2107 1214 2142 στόλοις,
1231 2107 1387 2147 ἐνεφύσησεν
1410 2110 1445 2141 εἷς
1464 2111 1495 2138 τὸ
1516 2111 1657 2150 πρόσωπον
1672 2111 1756 2139 αὐτῶν
1778 2110 1870 2150 λέγων
1887 2120 1895 2127 ⁸

208 2161 220 2179 α
238 2153 299 2181 sest
324 2159 453 2191 superne
468 2155 496 2182 et
511 2161 528 2182 a
553 2153 640 2184 Patre
665 2163 753 2185 omne
782 2154 891 2186 donum
908 2156 1017 2195 perfec-

1071 2166 1082 2182 ι
1099 2151 1197 2180 Λάϐετε
1219 2155 1325 2190 Πνεῦμα
1358 2153 1446 2193 ἅγιον.
1474 2166 1485 2181 ι
1505 2154 1579 2184 Ἀλλ’
1608 2155 1685 2195 εἴπερ
1707 2156 1776 2184 ἐστὶν
1791 2156 1897 2186 ἄνωθέν

208 2207 221 2224 a
238 2198 300 2226 tum
315 2199 455 2235 operatur
469 2200 567 2227 autem
583 2197 688 2228 horum
712 2198 951 2230 distributionem
966 2210 1026 2231 non

208 2252 221 2270 ‹
238 2243 270 2270 ut
285 2239 421 2271 minister
434 2240 539 2278 Filius,
552 2242 605 2273 sed
619 2243 792 2274 auctoritate
803 2244 901 2284 potius
916 2244 1026 2282 divina,

209 2296 223 2312 ι
241 2294 367 2324 quonam
385 2286 474 2317 modo
491 2291 593 2326 postea
607 2288 746 2325 cessabit,
764 2293 795 2319 ut
810 2297 868 2318 non
885 2289 923 2319 sit
946 2289 1028 2330 quod

211 2341 223 2358 ιι
243 2332 286 2359 est
301 2329 466 2374 secundum
484 2335 632 2369 naturam,
649 2331 679 2362 id
696 2333 774 2373 quod
792 2337 836 2364 est
850 2333 887 2370 is,
899 2329 1027 2374 quieum

211 2384 223 2401 ι
242 2373 356 2412 genuit,
375 2383 461 2405 verus
478 2376 594 2406 scilicet
610 2377 700 2414 Deus,
724 2381 753 2408 et
780 2387 840 2408 non
855 2373 1030 2410 adulterinis

211 2428 226 2445 α
243 2416 419 2457 quibusdam
445 2420 611 2452 honoribus
625 2421 716 2452 veluti
742 2421 772 2452 in
800 2421 899 2453 tabula
922 2423 1029 2455 obum-

213 2472 224 2489 ε
243 2460 357 2492 bratus.
377 2474 389 2492 ι

490 2510 737 2543 Animadversio.

253 2564 268 2581 κ
278 2553 399 2584 Attento
415 2555 513 2586 animo
530 2555 609 2587 dicta
623 2558 958 2599 considerato,desuper
968 2569 1033 2592 esse

214 2609 229 2626 ι
246 2606 264 2629 a
283 2599 367 2629 Patre
379 2608 467 2630 omne
476 2609 583 2631 munus
595 2602 875 2642 perfectum,eorum
885 2613 953 2635 vero
969 2604 1030 2635 dis-

215 2654 228 2672 «
245 2642 439 2674 tributionem
454 2644 561 2676 Filium
578 2655 638 2677 non
655 2646 698 2677 uti
713 2647 893 2686 ministrum,
911 2649 963 2679 sed
979 2658 1033 2680 au-

216 2701 228 2717 ι
244 2687 379 2719 ctorilate
394 2697 448 2720 sua
461 2689 504 2720 uti
517 2689 612 2721 Deum
630 2692 757 2731 operari.

1072 2208 1127 2228 (τε
1157 2198 1200 2225 καὶ
1241 2199 1311 2238 παρὰ
1337 2203 1384 2227 τοῦ
1422 2201 1524 2240 Πατρὸς
1551 2204 1603 2229 πᾶν
1632 2200 1742 2241 δώρημα
1777 2201 1897 2240 τέλειον⁹

1074 2256 1084 2271 ι
1101 2242 1203 2281 ἐνεργεῖ
1229 2241 1256 2269 δὲ
1284 2242 1332 2276 τὴν
1359 2244 1457 2272 τούτων
1481 2244 1609 2282 διανομὴν
1637 2246 1667 2274 οὐ
1694 2245 1852 2278 διακονικῶς
1885 2248 1900 2275 ὁ

1071 2300 1083 2318 ε
1101 2287 1172 2325 Υἱὸς,
1201 2287 1229 2314 ἒν
1256 2286 1358 2324 ἐξουσίᾳ
1400 2287 1426 2316 δὲ
1456 2289 1557 2327 μᾶλλον
1585 2293 1619 2328 τῇ
1654 2291 1806 2330 θεοπρεπετ,
1824 2292 1901 2319 κατὰ

1074 2346 1084 2362 α
1100 2331 1158 2360 τὶνα
1186 2330 1219 2365 δὴ
1258 2331 1307 2371 ἄρα
1335 2332 1428 2361 λοιπὸν
1461 2334 1599 2374 ἀφεστήξει
1628 2335 1735 2375 τρόπον,
1769 2339 1813 2363 τοῦ
1856 2337 1900 2374 μὴ

1074 2390 1085 2406 ι
1100 2376 1170 2405 εἶναι
1197 2377 1263 2405 κατὰ
1300 2378 1374 2418 φύσιν
1395 2379 1465 2408 τοῦθ⁷
1489 2379 1553 2420 ὅπερ
1570 2380 1639 2409 ἐστὶν
1663 2382 1676 2408 ὁ
1698 2382 1828 2420 γεννήσας
1847 2383 1902 2411 αὖ-

1075 2422 1159 2458 ιτὸν,
1182 2421 1303 2455 ἀληθινὸς
1339 2422 1460 2457 δηλονότι
1489 2426 1562 2465 Θεὸς,
1590 2425 1634 2453 καὶ
1662 2426 1692 2454 οὐ
1719 2426 1803 2459 νόθοις
1826 2428 1900 2467 τισὶ,

1075 2479 1086 2495 ι
1102 2466 1217 2505 καθάπερ
1232 2466 1259 2494 ἐν
1273 2467 1362 2496 πίνακι
1376 2469 1618 2509 κατακεχρισμένος
1640 2477 1733 2508 τιμαῖς
1751 2481 1760 2508 ;
1776 2482 1787 2497 ι

1397 2515 1562 2548 Ἐπιττασία.

1118 2574 1129 2589 1
1146 2564 1286 2601 Νουνεχῶς
1316 2562 1426 2591 ἄκουσον
1461 2564 1557 2592 ἄνωθεν
1583 2564 1631 2602 μὲν
1660 2565 1730 2593 εἶναι
1751 2565 1823 2604 παρὰ
1855 2571 1910 2597 τοῦ

1076 2623 1088 2636 ε
1105 2606 1206 2643 Πατρὸς
1241 2609 1293 2634 πᾶν
1334 2606 1444 2647 δώρημα
1484 2608 1595 2648 τέλειον,
1634 2609 1750 2649 ἐνεργεῖν
1777 2610 1804 2638 δὲ
1850 2613 1909 2646 τὴν

1078 2664 1090 2680 ι
1106 2650 1205 2678 τούτων
1236 2649 1362 2689 διανομὴν
1398 2653 1443 2680 τὸν
1476 2654 1547 2692 Υίὸν,
1578 2654 1607 2682 οὗ
1635 2653 1800 2693 διακονικῶς,
1836 2656 1910 2686 ἀλλ’

1079 2707 1091 2723 ι
1108 2694 1319 2734 ἐξουσιαστικῶς,
1343 2698 1379 2729 ὡς
1401 2698 1477 2728 Θεόν.
1495 2706 1508 2722 ι

253 2773 285 2799 87
299 2771 402 2805 Jacob.
419 2782 441 2814 ι,
460 2775 507 2807 17.
530 2775 562 2802 88
577 2775 678 2809 Matth.
695 2785 727 2816 x,
744 2778 774 2810 8.
794 2777 826 2803 89
840 2778 924 2810 Joan.
941 2786 962 2818 1,
978 2778 1017 2810 i6

1066 2779 1081 2806 0
1095 2780 1180 2810 Joan.
1199 2787 1248 2817 xx,
1272 2779 1321 2811 22.
