1966 3073
1742 86 1800 119 530

117 95 173 129 529
636 98 676 128 IN
698 95 893 128 CAMATERI
915 91 1290 124 ANIMADVERSIONES.

442 161 614 202 Ἀντίῤῥησις.

1310 157 1476 197 Refutatio.

157 209 206 238 Καί
222 209 247 237 τί
260 220 301 237 σοι
323 210 396 249 τάχα
409 210 440 237 τὸ
467 209 497 237 ἐκ
511 212 560 243 τῆς
597 209 749 241 ἐπιστασίας
778 209 833 237 ἐστὶ
858 220 939 238 συνα-

1020 207 1076 243 Qui
1088 215 1157 238 vero
1174 206 1228 238 tibi
1241 215 1276 237 ex
1290 206 1346 237 hac
1360 204 1618 236 animadversione
1633 201 1802 243 colligitur?

122 253 259 292 γόμενον;
293 251 341 281 Ἐκ
375 253 472 280 τούτων
495 253 579 280 αὐτῶν
606 256 657 281 τῶν
686 252 712 280 ἐν
741 256 775 291 τῇ
804 253 941 290 ἐπιστασίᾳ

999 251 1021 281 '.x
1039 250 1085 282 his
1100 260 1164 291 quae
1180 251 1210 281 in
1225 250 1484 281 animadversione
1498 248 1700 286 continentur,
1717 257 1802 292 com-

119 291 384 336 ἒμπεριειλημμένων
397 298 485 326 κοινὸν
511 298 611 337 Πατρὸς
633 298 676 327 καὶ
705 299 764 327 Υἱοῠ
779 299 809 326 τὸ
836 301 940 335 Πνεῦμα

999 305 1101 326 iunem
1111 304 1175 326 esse
1192 295 1288 326 Patris
1300 300 1328 326 et
1340 294 1407 325 Filii
1423 293 1578 334 Spiritum,
1592 295 1728 324 sanctum
1745 291 1801 322 de-

121 342 135 369 ὀ
149 341 225 381 ἅγιος
242 340 369 370 δείκνυσιν
375 363 382 371 .

192 384 240 414 Ἐκ
253 390 299 414 τοῦ
315 385 390 415 ἕκτου
405 386 484 426 λόγου
510 390 558 420 τῆς
573 387 654 420 αὐτῆς
674 387 866 426 πραγματείας.

160 431 213 470 4Δ¹
246 444 257 460 ι
271 434 330 461 Τίνο
360 432 387 443 ”“
457 434 471 461 ἶ
509 434 515 444 ’
656 435 662 443 ¹
738 438 749 443 ”
822 435 829 444 “
857 435 870 444 "

218 455 225 462 .
294 456 299 460 .
332 445 344 465 ς
363 443 427 462 ιοιον
444 444 456 461 ε
474 445 515 461 ναι
529 445 616 473 φαμεν
638 445 669 462 το
684 437 790 472 Πνευμα
806 445 835 462 το
851 445 939 472 αγιον,

124 488 138 504 ι
153 477 264 516 πότερον
293 477 325 510 δὴ
356 478 436 515 μόνου
463 481 508 506 τοῦ
530 481 595 506 Θεοῦ
620 479 664 506 καὶ
692 479 805 519 Πατρὸς,
836 478 853 512 ἣ
882 482 942 517 γοῦν

122 530 136 551 ι
157 522 201 549 καὶ
238 525 284 550 τοῦ
325 523 396 559 Υἱοῦ,
426 522 443 556 ἢ
471 523 515 550 καὶ
544 522 592 550 ἂνὰ
620 522 699 561 μέρος
739 523 859 563 ἐκατέρου
900 524 944 552 καὶ

124 577 135 592 ι
152 565 265 605 ἀμφοῖν,
288 567 324 598 ὡς
339 566 365 595 ἕν
381 566 411 595 ἐκ
432 568 534 606 Πατρὸς
549 566 582 594 δι’
612 569 671 596 ι”ιοῦ
699 567 742 596 διὰ
769 568 818 600 τὴν
846 567 942 597 ταυτό-

125 619 139 639 (
154 621 223 643 τητα
248 613 297 644 τῆς
321 612 432 651 οὐαίαςς
457 611 591 651 Ἐρμείας.
628 612 717 644 Οὕτως
751 612 835 651 ἔγωγε
863 612 942 651 φημί,

124 665 137 682 σ
157 654 294 693 Κύριλλος,
324 651 433 695 Ὀρθῶς,
456 657 478 683 ὦ
506 657 594 696 ἑταῖρε
612 664 618 671 ·
649 657 693 685 καὶ
720 668 749 685 σε
777 658 826 690 τῆς
858 657 944 696 ἀγχι-

123 711 135 728 ‹
152 699 222 731 νοίας
261 699 374 739 ἄγαμαι,
403 701 446 729 καὶ
474 707 536 732 ταῖς
563 701 741 733 θεοπνεύστοις
772 704 888 740 Γραφατς
917 701 946 729 εὗ

127 754 140 770 α
168 743 239 780 μάλα
269 743 460 782 συμϐαίνουσαν
503 745 552 778 τὴν
584 745 627 773 ἐπὶ
661 744 726 781 τῷδε
761 744 835 778 δόξαν
869 746 944 784 εἰρῆ-

123 787 211 815 «σοαί
241 781 320 827 φημι,
353 794 460 818 Nostra:
489 789 538 827 μὲν
566 789 615 829 γὰρ
645 791 658 817 ὁ
686 790 750 821 Θεὸς
778 791 819 818 κοὶ
854 781 975 829 ΠατὴρΒ

126 833 182 859 «ἓν
212 833 317 872 ὑπάρξει
345 834 379 868 τῆ
407 833 464 862 καθ’
493 835 596 870 ἑαυτὸν,
625 834 754 873 ὑφέστηκε
784 833 811 862 δὲ
843 834 874 864 αὖ
902 837 945 866 καὶ

127 888 137 903 ι
165 877 178 903 ὁ
202 878 260 909 Υἱὸς
296 876 383 910 ἰδικῶς
402 887 408 893 ·
431 877 489 906 ἀλλ’
509 880 530 906 εἰ
553 879 596 906 καὶ
623 878 687 906 ἰδίαν
715 879 855 907 ὑπόστασιν
884 879 946 906 ἑκά-

128 930 139 946 (
155 930 228 958 τερος
265 921 420 959 ἀπετέμετο,
453 923 497 950 τὸν
522 926 585 961 γοῦν
613 923 722 950 eici-mw
757 922 891 962 διορισμὸν
916 923 946 950 οὗ

127 974 141 990 σι
159 966 303 1003 προσίεται,
322 965 386 995 Οὐδὲ
415 967 463 1005 γὰρ
485 966 515 995 ἄν
541 965 675 1005 διορίζοιτο
709 967 809 1003 Πατρὸς
839 968 852 994 ὁ
873 967 944 1004 Υἱὸς,

127 1019 141 1035 α
166 1008 254 1049 ὥσπερ
276 1010 389 1050 ἅγγελος
404 1010 528 1049 ἄγγελον),
548 1012 595 1039 Καὶ
611 1011 664 1048 μὴν
679 1012 722 1039 χαὶ
746 1011 773 1038 ἐν
801 1017 859 1043 τοῖς
888 1009 945 1039 καθ’

128 1063 142 1079 α
154 1054 228 1091 ἡμᾶς
242 1055 272 1083 τὸ
287 1054 361 1083 δεῖνα
376 1055 436 1087 ὅλος
453 1055 514 1083 ὅλου
543 1054 673 1090 δίαστήξει
701 1057 796 1095 τυχὸν,
821 1055 878 1084 οὔτε
894 1057 947 1091 μὴν

126 1097 271 1136 (διαμπαξ
301 1099 389 1128 ἐλάσει
418 1102 466 1133 τῆς
495 1099 618 1139 διαφορᾶς
635 1101 648 1127 ὁ
677 1099 767 1138 λόγος,
790 1100 839 1127 ἀνὰ
868 1099 947 1138 μέρος

129 1154 143 1170 α
160 1143 311 1183 ὁλοτρόπως
328 1145 455 1183 ἑκάττ,ρὸν
479 1144 564 1176 ἱστάς.
588 1141 620 1172 Ἦ
642 1145 690 1183 γὰρ
720 1143 750 1171 ἄν
778 1144 834 1172 εἶεν
848 1143 950 1172 καὶδύο

130 1199 144 1214 α
159 1188 239 1215 Θεοί·
263 1192 326 1225 μιᾶς
342 1188 369 1216 δὲ
398 1189 441 1216 καὶ
477 1188 560 1225 μόνης
578 1187 656 1221 οὔσης
679 1199 707 1216 τε
740 1189 784 1216 καὶ
804 1187 949 1225 νοουμένης

129 1243 139 1259 ι
165 1232 303 1269 θεότητος,
346 1234 431 1268 ζῶντα
476 1234 519 1260 καὶ
545 1233 709 1272 ὑφεστηκότα
738 1233 949 1271 καταθρήσαιμεν

129 1286 140 1304 I
166 1276 238 1305 ἔινὲν
254 1279 334 1316 Πατρὶ
356 1278 400 1305 τὸν
420 1278 491 1314 Υἱὺν,
522 1278 565 1305 καὶ
594 1278 647 1314 μὴν
677 1277 720 1304 καὶ
755 1278 785 1304 τὸ
820 1275 944 1314 ἔμπαλιν,

732 1323 870 1362 χαρακτὴρ
897 1323 947 1362 γὰρ

131 1381 141 1396 ι
159 1367 213 1408 ἐστι
250 1369 298 1402 τῆς
321 1369 489 1399 ὑποστάσεως
522 1368 612 1399 αὗτοῠ,
642 1366 775 1406 Ἑρμείας,
806 1368 946 1407 Σύμφημι.

130 1423 144 1439 α
162 1412 300 1452 Κύριλλος.
325 1416 393 1443 Μιᾶς
429 1413 473 1441 οὖν
501 1413 603 1452 φύσεως
625 1411 651 1439 ἕν
679 1413 722 1440 καὶ
749 1413 780 1440 τὸ
815 1415 921 1450 Πνεῦμα
939 1422 946 1428 ’

128 1322 290 1351 «τουτέστιν
335 1323 361 1350 ἐν
402 1325 453 1360 Υἱῷ
489 1324 534 1351 τὸν
563 1323 690 1362 Πατέρα·

984 343 1150 371 monstrare
1166 340 1287 380 planum
1305 343 1359 370 est.

1083 385 1136 417 Em
1149 389 1235 417 sexta
1249 385 1364 426 e‘judem
1384 385 1539 417 Tractatus
1553 386 1700 416 oratione.

1024 436 1094 469 XCI.
1115 438 1227 477 aCujus
1243 437 1395 478 proprium
1420 436 1549 467 dicimus
1573 444 1639 466 esse
1661 434 1803 475 Spiritum

989 493 999 507 ε
1017 485 1161 518 sanctum,
1188 486 1345 522 utrumque
1375 481 1466 511 solius
1495 480 1550 512 Dei
1578 484 1607 510 et
1638 479 1741 519 Patris,
1758 478 1804 509 vel

989 539 999 554 ι
1017 525 1103 555 etiam
1116 525 1193 563 Filii,
1206 526 1251 556 vel
1268 525 1392 556 seorsim
1422 524 1556 564 alterius,
1581 527 1611 555 et
1634 522 1802 560 amborum,

987 581 1000 596 «
1019 570 1103 609 quasi
1118 580 1208 600 unum
1224 580 1258 601 ex
1275 572 1359 600 Patre
1377 578 1428 610 per
1443 569 1550 600 Filium
1566 572 1686 609 propter
1700 567 1807 598 identi-

989 627 999 642 ιι
1017 616 1105 644 tatem
1127 614 1297 645 substantia;
1313 613 1325 644 ?
1339 613 1446 645 Herm.
1465 612 1514 644 Sic
1530 622 1584 652 ego
1598 612 1677 644 dico.
1703 611 1803 652 Cyril.

989 669 1002 685 α
1019 658 1111 689 Recte
1127 659 1235 699 inquis,
1252 659 1359 699 amice,
1375 662 1405 689 et
1426 657 1463 688 ob
1492 657 1642 696 ingenium
1668 657 1699 687 in
1714 655 1807 687 sacris

989 714 1001 729 α
1019 703 1180 743 Scripturis
1196 703 1387 734 exercitatum
1403 702 1545 739 admiror,
1568 701 1646 742 quod
1662 701 1738 732 banc
1752 700 1807 731 de-

989 758 1002 774 α
1020 746 1126 786 legeris
1137 746 1403 778 sententiam.Nam
1414 745 1718 785 intelligiturquidem
1729 744 1808 775 Deus

1016 796 1044 821 et
1058 792 1146 822 Pater
1158 792 1188 822 in
1202 792 1375 823 exsistentia
1393 800 1447 832 per
1462 801 1506 827 se,
1521 790 1652 821 substitit
1665 793 1763 821 autem
1779 792 1809 820 et

988 836 1110 866 «Filius
1138 836 1268 876 proprie,
1298 837 1430 877 quamvis
1457 835 1588 876 propriis
1609 833 1810 866 subsistentiis

987 889 1002 909 α
1019 884 1142 920 uterque
1158 882 1340 920 sejungatur.
1359 880 1442 912 Unde
1465 890 1525 911 non
1551 888 1669 910 omnem
1685 887 1807 918 separa—

991 939 1000 953 ι
1018 924 1130 955 tionem
1146 924 1284 955 admittit.
1303 924 1366 955 Non
1393 924 1473 955 enim
1498 923 1667 955 secernitur
1691 924 1778 954 Pater
1791 932 1809 953 a

991 983 1001 998 ι
1018 969 1091 999 Filio
1120 969 1196 1000 sicut
1223 969 1346 1008 angelus
1375 969 1411 1000 ab
1439 969 1558 1008 angelo,
1575 977 1672 1008 neque
1687 967 1764 998 sicut
1777 967 1809 998 in

991 1026 1002 1041 ι
1019 1013 1105 1043 nobis
1118 1023 1183 1044 cum
1200 1013 1305 1054 aliquis
1321 1013 1357 1044 ab
1369 1014 1481 1054 aliquo,
1500 1017 1576 1044 totus
1591 1022 1608 1043 a
1625 1016 1684 1043 toto
1698 1011 1809 1043 distin-

992 1068 1002 1082 α
1020 1062 1083 1087 ctus
1098 1059 1261 1098 est.Neque
1275 1058 1365 1088 etiam
1377 1058 1516 1098 utrinque
1530 1055 1707 1088 differentia}
1717 1065 1809 1087 unum

994 1112 1004 1127 ι
1022 1103 1095 1132 ratio
1111 1111 1245 1133 seorsum
1260 1103 1398 1133 omnibus
1410 1102 1506 1133 modis
1521 1101 1637 1142 utrique
1646 1101 1808 1132 constituit.

994 1161 1004 1176 ι
1024 1147 1129 1177 Nonne
1152 1150 1251 1177 essent
1277 1147 1364 1178 etiam
1393 1147 1452 1178 duo
1481 1147 1521 1178 dii
1547 1155 1614 1177 cum
1630 1154 1689 1177 una
1705 1149 1735 1176 et
1749 1146 1811 1176 sola

996 1206 1006 1221 ι
1023 1191 1142 1222 exsistat
1169 1196 1197 1222 et
1214 1192 1398 1231 intelligatur
1414 1191 1526 1229 Deitas,
1543 1192 1688 1221 viventem
1699 1193 1728 1221 et
1743 1190 1811 1221 sub-

994 1250 1004 1266 α
1022 1235 1174 1266 sistentem
1191 1235 1359 1267 videremus
1375 1237 1405 1266 in
1420 1237 1506 1268 Patre
1520 1235 1639 1272 Filium,
1656 1238 1685 1265 et
1710 1238 1812 1265 contra

992 1294 1003 1310 ε
1021 1280 1051 1310 in
1069 1280 1275 1318 FilioPatrem;
1292 1281 1446 1311 character
1462 1281 1541 1311 enim
1557 1278 1749 1310 subsistentia
1769 1279 1810 1310 il-

993 1335 1003 1349 ε
1021 1323 1711 1365 liusest.Hermias.Assentior.Cyrillus.Unius
1721 1323 1811 1364 igitur

993 1385 1003 1399 ι
1020 1373 1132 1400 naturae
1147 1378 1222 1400 unus
1237 1369 1325 1400 etiam
1340 1369 1481 1408 Spiritus,
1496 1373 1524 1400 et
1539 1368 1674 1409 procedit
1689 1368 1810 1408 quidem

992 1427 1002 1442 ι
1019 1414 1104 1454 quasi
1118 1423 1134 1444 a
1149 1414 1227 1444 fonte
1243 1415 1341 1454 Patre,
1360 1419 1406 1445 est
1431 1418 1529 1445 autem
1546 1423 1605 1444 non
1620 1413 1735 1444 alienus
1751 1416 1780 1443 et
1794 1422 1811 1444 a

129 1465 141 1480 I
158 1458 202 1485 καὶ
216 1464 362 1498 προχεῖται
385 1457 434 1495 μὲν
461 1456 558 1496 οἷάπερ
579 1457 632 1484 ἀπὸ
659 1459 748 1494 πηγῆς
773 1459 819 1485 τοῦ
848 1457 943 1496 Πατρὸς

999 1473 1004 1487 ι
1020 1458 1106 1495 Filio,
1122 1458 1332 1498 proprietatem
1350 1458 1484 1489 omnium
1512 1458 1625 1489 habens
1639 1458 1670 1488 in
1684 1466 1716 1488 se
1731 1457 1810 1497 ipso.

128 1501 211 1531 «ἔστι
224 1513 254 1541 γε
283 1503 336 1540 μήν
362 1503 408 1530 οὐχ
437 1500 573 1541 ἀλλότριον
601 1502 646 1529 τοῦ
675 1502 735 1529 Υἱοῠ
751 1509 758 1517 '
795 1500 949 1540 γεγέννηται

130 1558 144 1574 α
161 1547 211 1587 γὰρ
261 1547 310 1581 τὴν
339 1550 384 1575 τοῦ
411 1547 513 1583 Πατρδς
555 1544 672 1578 ἰδιότητα
700 1548 786 1574 πᾶσαν
815 1545 887 1584 ἔχων
922 1545 948 1573 ἐν

130 1603 142 1618 α
159 1592 253 1628 ἑαυτῷ.
279 1592 329 1620 Καὶ
356 1590 462 1630 ἐπείπερ
497 1590 554 1618 ἐστι
581 1590 628 1623 τῆς
663 1589 790 1618 ἀνωτάτω
823 1590 948 1624 θεότητος

129 1650 140 1665 ι
164 1638 178 1664 ὃ
194 1637 339 1675 ἁγιασμὸς,
363 1635 392 1664 οὗ
413 1636 443 1663 τὸ
480 1637 584 1672 Πνεὺμα
612 1633 740 1662 δεικτικόν
756 1643 765 1652 ·
795 1634 871 1674 ἅγιον
900 1635 949 1673 γὰρ

129 1682 224 1711 ικατὰ
252 1682 339 1721 φύσιν,
369 1682 412 1708 καὶ
435 1683 485 1713 τῆν
520 1679 585 1713 ὅλης
622 1680 731 1711 κτίσεως
783 1680 947 1719 ἂγιαστικόν.

128 1740 139 1755 ε
158 1727 291 1767 Ἑρμείας.
330 1727 380 1756 Καὶ
403 1739 442 1758 τις
472 1725 502 1754 ἅν
533 1726 635 1765 γένοιτο
662 1727 761 1754 τούτων
788 1727 805 1760 ἦ
836 1731 947 1762 πίστιςς

995 1517 1004 1532 ι
1022 1502 1057 1533 Ει
1071 1502 1210 1543 quoniam
1236 1507 1280 1533 est
1307 1512 1431 1534 summa:
1458 1502 1582 1534 Deitatis
1605 1502 1809 1539 sanctiﬁcatio,

994 1562 1005 1576 σ
1023 1556 1109 1587 quam
1126 1546 1254 1587 Spiritus
1270 1547 1409 1578 ostendit:
1422 1551 1540 1578 sanctus
1555 1546 1634 1578 enim
1650 1550 1696 1577 est
1707 1555 1812 1578 secun-

996 1607 1006 1622 ι
1025 1592 1095 1622 dum
1111 1595 1245 1622 naturam
1273 1594 1303 1622 et
1328 1591 1426 1622 omnis
1441 1594 1588 1623 creaturas
1602 1591 1811 1622 sanctiﬁcator.

993 1649 1004 1664 α
1023 1637 1125 1667 Herm.
1144 1635 1178 1666 Et
1200 1644 1265 1676 quae
1279 1635 1335 1666 erit
1350 1636 1455 1667 borum
1483 1636 1580 1667 ﬁdes?
1594 1636 1649 1667 Vel
1664 1634 1813 1676 quomodo

993 1695 1005 1712 ‹
1022 1681 1181 1711 manifeste
1196 1681 1506 1720 discerem,Spiritum
1523 1685 1658 1712 sanctum
1668 1689 1734 1711 esse
1746 1689 1812 1721 pro-

995 1739 1006 1754 ε
1023 1726 1119 1765 prium
1134 1725 1201 1756 Filii
1217 1725 1293 1756 sicut
1307 1725 1423 1757 scilicet
1450 1729 1478 1756 et
1502 1725 1617 1757 Patris?
1633 1724 1730 1766 ϐαρ-ἐι.
1747 1725 1814 1756 Non

128 1787 140 1802 α
157 1776 218 1805 Πῶς
234 1772 256 1800 δ’
272 1772 302 1800 ἂν
318 1773 425 1810 μάθοιμι
439 1775 542 1811 σαφῶς,
565 1772 600 1802 ὡς
618 1770 687 1799 ἔστιν
716 1770 783 1799 ἴδιον
811 1775 857 1799 τοῦ
889 1772 943 1800 Υἱοί

999 1780 1006 1794 ι
1021 1775 1179 1801 extranens
1199 1769 1255 1800 erit
1270 1770 1364 1811 testis,
1381 1770 1435 1801 sed
1450 1771 1547 1811 ipsum
1572 1770 1723 1802 Christum
1739 1769 1813 1801 aﬂ‘e-

129 1830 140 1845 ι
156 1817 188 1845 τὸ
204 1820 309 1854 Πνεῦμα
324 1817 353 1844 τὸ
376 1816 462 1854 ἅγιον,
493 1815 609 1854 καθάπερ
636 1814 727 1852 ἀμέλει
751 1818 796 1843 τοῦ
825 1815 943 1855 Πατρόςς

999 1830 1004 1845 ι
1022 1824 1084 1845 ram
1101 1815 1249 1846 dicentem
1268 1825 1275 1845 :
1297 1828 1308 1842 ι
1319 1815 1426 1846 Adhuc
1443 1815 1535 1847 multa
1559 1815 1654 1846 habeo
1670 1813 1752 1845 vobis
1767 1813 1814 1845 di-

129 1874 141 1890 I
158 1860 297 1899 Κύριλλος,
340 1861 377 1889 Οὐ
410 1861 515 1899 θύραθεν
543 1860 639 1896 ἡμϊνὸ
668 1860 778 1900 μάρτυς,
818 1860 894 1888 αὐτὸν
923 1858 943 1887 δὲ

999 1872 1003 1883 ι
1023 1859 1156 1898 cere,sed
1174 1869 1232 1889 non
1248 1860 1373 1899 potestis
1389 1865 1508 1900 portare
1519 1859 1605 1890 modo
1618 1860 1658 1890 9‘.
1673 1870 1684 1885 ι
1695 1858 1814 1899 quando

128 1919 140 1935 ι
159 1907 301 1943 εἷσκομίσω
315 1905 418 1943 βοῶντα
432 1906 477 1933 τὸν
504 1903 613 1943 λριστόν
629 1912 634 1918 ·
675 1918 686 1934 ι
704 1898 769 1932 ”Ετι
793 1903 879 1932 πολλὰ
893 1903 943 1944 ἔχει

999 1921 1003 1933 ι
1023 1908 1119 1935 autem
1135 1898 1256 1935 venerit
1267 1904 1317 1935 ille
1332 1898 1460 1945 Spiritus
1472 1903 1612 1945 veritatis,
1627 1898 1754 1935 deducet
1764 1912 1816 1934 vos

128 1962 139 1977 ι
158 1951 246 1990 λέγειν
280 1950 357 1988 ὑμῖν,
387 1949 445 1977 ἄλλ’
484 1950 513 1977 οὔ
553 1948 660 1977 δύνασθε
702 1949 839 1986 βαστάζειν
869 1948 943 1987 ἅρτι¹

999 1964 1006 1978 ι
1022 1949 1052 1979 in
1083 1958 1201 1979 omnem
1231 1949 1382 1980 veritatem
1399 1958 1406 1980 :
1420 1959 1478 1980 non
1495 1949 1573 1979 enim
1601 1949 1738 1989 loquetur
1752 1957 1768 1978 a
1783 1957 1816 1978 se

129 2010 140 2024 ι
159 1995 223 2023 ὅταν
254 1994 281 2022 δὲ
310 1994 372 2033 ἔλθῃ
400 1994 511 2030 ἐκεῖνος,
543 1994 574 2021 τὸ
601 1996 706 2031 Πνεῦμα
737 1995 785 2026 τῆς
814 1993 943 2031 ἀληθείαις1

999 2008 1006 2022 ι(
1024 1993 1155 2033 ipso,sed
1172 2003 1238 2033 quae
1253 1993 1380 2024 audierit
1395 1993 1545 2034 loquetur,
1567 1997 1595 2023 et
1610 2002 1678 2033 quae
1690 1996 1815 2023 ventura

128 2055 139 2069 ι
164 2039 290 2079 ὁδηγήσει
321 2040 386 2076 ὂμᾶς
415 2039 442 2067 ἐν
466 2042 499 2073 τῇ
530 2038 639 2073 ἀληθείᾳ
674 2038 748 2076 πάσῃ
770 2039 799 2066 οὗ
827 2039 877 2076 γὰρ
899 2037 943 2066 λα-

999 2054 1007 2067 ιι
1024 2042 1094 2068 sunt
1109 2037 1295 2067 annuntiabit
1311 2037 1406 2069 vobis.
1424 2037 1531 2069 Omnia
1545 2046 1610 2077 quae
1624 2036 1713 2068 habet
1730 2036 1817 2067 Pater

128 2096 139 2111 ε
172 2084 249 2119 λήσει
276 2083 321 2124 ἀφ’
349 2083 452 2120 ἑαυτοῦ,
483 2082 546 2110 ἀλλ’
566 2081 614 2110 ὅσα
637 2082 667 2110 ἅν
696 2082 798 2120 ἀκοὺσῃ
827 2082 943 2118 λαλήσει

999 2091 1006 2106 ι
1027 2091 1091 2112 mea
1120 2086 1207 2113 sunt:
1226 2085 1382 2122 propterea
1408 2082 1468 2113 dixi
1497 2082 1579 2113 vobis
1604 2081 1636 2106 92
1662 2081 1732 2122 quia
1748 2094 1759 2109 ι
1774 2080 1817 2111 De

128 2141 143 2156 α
174 2130 219 2157 καὶ
261 2129 292 2156 τὰ
332 2128 464 2167 ἐρχόμενα
498 2126 643 2165 ἀναγγελεῖ
677 2127 752 2164 ὑμῖν,
784 2127 873 2155 Πάντα
906 2127 943 2155 ὅσί

1000 2140 1011 2155 ι
1029 2136 1093 2157 mea
1109 2126 1234 2166 accipiet
1249 2131 1278 2156 et
1293 2126 1482 2157 annuntiabit
1496 2126 1590 2157 vobis.
1608 2139 1618 2152 η
1638 2125 1745 2156 Annon
1766 2125 1816 2155 in-

129 2185 142 2202 a
168 2173 227 2213 ἔχει
249 2174 263 2201 ὁ
290 2173 391 2211 Πατὴρ.
422 2172 473 2208 ἐμά
503 2172 569 2199 ἐστι·
600 2170 641 2198 διὰ
662 2175 739 2199 τοῦτο
772 2171 850 2200 εἶπον
878 2172 952 2209 ὑμῖν,

127 2230 142 2246 ε
162 2217 202 2246 ὅτι
219 2219 249 2246 ἐκ
277 2222 322 2246 τοῦ
349 2216 413 2254 ἑμοῦ
440 2214 585 2254 λαμϐάνει,
615 2216 658 2243 καὶ
680 2215 824 2254 ἀναγγελεῖ
847 2217 922 2254 ὑμῖν.
937 2225 951 2245 )

129 2277 140 2292 ι
164 2262 198 2291 Ἦ
227 2263 274 2290 οὺκ
330 2261 458 2300 ἀποχρῶν
494 2261 507 2288 ὁ
533 2257 612 2298 λόγος
628 2261 663 2291 εἷς
686 2259 866 2300 πληροφορίαν
894 2266 954 2292 τοῖς

127 2317 144 2337 ε
187 2313 293 2346 σοφοῖς,
322 2306 358 2337 ὡς
395 2304 461 2333 ἴδιον
512 2304 560 2342 μέν
603 2316 667 2344 φησι
695 2305 740 2332 τον
769 2305 953 2344 Παρᾶκλητον.

126 2365 141 2380 ιι
166 2355 272 2389 Πνεῦμα
287 2352 335 2390 γὰρ
362 2349 483 2383 ἀληθείας
512 2349 649 2380 ὠνόμασεν
671 2349 759 2377 αὐτόν·
796 2350 848 2390 οὔχ
882 2350 956 2390 ἑτέρα

127 2408 143 2428 ‹
169 2396 197 2425 δὲ
226 2395 278 2436 παῤ
306 2395 384 2424 αὐτόν
418 2395 435 2428 ἡ
465 2393 586 2428 ἀλήθεια,
618 2395 766 2434 Προστιθεὶς
795 2394 822 2423 δέ
838 2395 889 2432 ὃτι,
906 2395 955 2423 Ἐκ

125 2456 139 2473 ε
165 2445 212 2471 τοῦ
235 2442 300 2479 ἐμοῦ
315 2439 441 2477 λήψεται,
459 2439 508 2472 τὴν
528 2438 640 2472 οὗσιώδη
671 2440 717 2468 καὶ
746 2440 858 2479 φνσικὴν
886 2438 953 2468 ἰδιό-

127 2499 142 2514 ι
173 2497 243 2520 τητα
270 2484 390 2524 δέδειχεν
421 2484 550 2523 ἐναργῶς,
592 2483 649 2512 καθ’
680 2483 712 2518 ἥν
741 2484 767 2512 ἓν
797 2485 851 2512 ἑστι
889 2485 953 2524 πρὸς

126 2542 141 2558 α
159 2530 237 2560 αὖτόν
278 2529 307 2557 τό
343 2531 449 2565 Πνεῦμα
477 2529 565 2557 αὑτοῦ.
597 2529 632 2556 Οὒ
646 2529 696 2568 γάρ
712 2540 753 2557 τοι
776 2528 952 2565 μεταληπτῶς

127 2587 142 2604 ε
159 2576 239 2615 σοφὸν
275 2574 379 2602 ἔσεσθαι
401 2572 454 2612 παῤ
479 2573 558 2600 αὒτοῧ
586 2573 616 2601 τό
640 2574 745 2611 Πνεῦμα
774 2585 865 2614 φησιν,
895 2573 953 2601 οὔτε

126 2632 142 2649 α
160 2621 213 2659 μὴν
235 2620 262 2648 ἐν
277 2618 348 2652 rage;
362 2621 395 2657 τῇ
410 2617 579 2657 λειτουργικῇ
592 2618 653 2650 τοὺς
679 2618 741 2657 παρ’
775 2620 835 2647 rios
856 2618 953 2658 λδγους

126 2677 142 2694 ε
165 2671 225 2698 τοῖς
239 2664 326 2704 ἁγίοισ
343 2662 500 2700 διακομίσει·
517 2661 576 2690 ἀλλ’
599 2662 687 2702 ὥσπερ
723 2662 753 2691 ἄν
791 2662 818 2692 εἴ
847 2675 870 2693 τι
899 2665 951 2691 τῶν

997 2182 1008 2197 ‹ι
1029 2171 1194 2210 telligentes
1219 2171 1323 2212 [sermo
1340 2171 1389 2202 ille
1405 2170 1620 2202 sulﬁcieutibus
1636 2169 1817 2209 argumentis

1000 2230 1010 2244 α
1028 2215 1114 2246 docet
1128 2215 1278 2255 proprium
1286 2215 1406 2255 quidem
1417 2214 1519 2246 dicere
1529 2213 1735 2246 Paracletum?
1751 2212 1818 2253 Spi-

1001 2275 1010 2289 ι
1027 2260 1115 2290 ritum
1131 2259 1211 2290 enim
1236 2259 1368 2290 veritatis
1389 2259 1552 2293 nominavit
1573 2259 1668 2296 illum,
1686 2267 1745 2288 non
1759 2257 1817 2288 alia

1002 2319 1011 2332 ι
1028 2308 1125 2335 autem
1141 2303 1177 2334 ab
1194 2304 1257 2344 ipso
1274 2307 1319 2334 est
1333 2304 1450 2335 veritas.
1467 2303 1619 2344 Adjiciens
1633 2311 1734 2343 porro,
1755 2314 1765 2329 ι
1778 2302 1817 2334 de

1003 2366 1012 2380 ι
1032 2359 1096 2380 meo
1112 2349 1249 2389 accipiet,
1267 2360 1279 2376 ι
1297 2348 1578 2380 consubstantialem
1606 2352 1634 2379 et
1649 2346 1815 2379 naturalem

999 2413 1008 2427 ι
1028 2394 1235 2435 proprietatem
1243 2393 1371 2424 ostendit
1384 2392 1715 2432 evidenter,secundum
1730 2401 1817 2433 quam

1000 2455 1010 2470 α
1027 2448 1102 2470 unus
1129 2442 1173 2468 est
1198 2448 1263 2469 cum
1289 2438 1354 2478 ipso
1384 2439 1511 2479 Spiritus
1540 2439 1616 2479 ejus.
1648 2438 1715 2470 Non
1737 2437 1816 2468 enim

998 2499 1009 2514 α
1027 2482 1230 2524 participative
1247 2482 1413 2523 sapientem
1440 2483 1503 2514 fore
1531 2483 1567 2515 ab
1593 2483 1658 2523 ipso
1676 2481 1816 2522 Spiritum

997 2544 1006 2558 ι
1026 2527 1108 2565 dicit,
1126 2536 1222 2567 neque
1250 2527 1453 2558 ministrorum
1470 2528 1556 2561 modo
1572 2527 1640 2559 Filii
1662 2535 1819 2558 sermones

997 2589 1007 2603 ι
1026 2573 1135 2603 sanctis
1151 2572 1330 2603 allaturum:
1348 2572 1399 2603 sed
1420 2573 1507 2612 quasi
1521 2572 1547 2604 si
1559 2573 1624 2614 quis
1643 2570 1818 2611 fragrantis-

999 2629 1008 2643 ι
1026 2617 1120 2649 simus
1134 2618 1188 2648 ﬂos
1204 2625 1288 2648 suum
1306 2616 1487 2649 diﬂ‘underet
1502 2619 1638 2654 odorem,
1655 2619 1685 2647 et
1695 2616 1819 2647 circum-

999 2675 1009 2691 α
1027 2662 1166 2693 stantium
1180 2660 1319 2694 sensibus
1332 2670 1364 2693 se
1380 2661 1542 2694 infundens
1557 2661 1636 2694 dicat
1650 2669 1657 2693 :
1678 2670 1689 2686 ι
1699 2659 1741 2691 De
1750 2668 1817 2690 meo

163 2750 196 2776 95
209 2749 294 2782 Joau.
312 2755 372 2784 XVI,
392 2747 440 2779 12.
461 2746 580 2779 “ibid.
593 2755 643 2786 xv,
659 2747 709 2779 26.
731 2746 763 2773 97
778 2746 854 2779 ibid.
871 2756 932 2785 xw,
948 2747 987 2778 13
1003 2755 1068 2787 sqq.
