  <div class='ocr_page' id='page_1' title='image "/cluster/home/n/w/nwhite01/storage/ocr_20150623/141/njp.32101010942868/295.png"; bbox 0 0 1966 3073; ppageno 0'>
   <div class='ocr_carea' id='block_1_1' title="bbox 180 85 997 124">
    <p class='ocr_par' dir='ltr' id='par_1_1' title="bbox 180 85 997 124">
     <span class='ocr_line' id='line_1_1' title="bbox 180 85 997 124; baseline 0.002 -4"><span class='ocrx_word' id='word_1_1' title='bbox 180 85 240 121; x_wconf 81' lang='grc'><strong>579</strong></span> <span class='ocrx_word' id='word_1_2' title='bbox 728 86 833 124; x_wconf 75' lang='lat' dir='ltr'><strong>JOAN.</strong></span> <span class='ocrx_word' id='word_1_3' title='bbox 858 91 967 123; x_wconf 86' lang='lat' dir='ltr'><strong>VECCI</strong></span> <span class='ocrx_word' id='word_1_4' title='bbox 988 92 997 123; x_wconf 88' lang='lat'>(</span> 
     </span>
    </p>
   </div>
   <div class='ocr_carea' id='block_1_2' title="bbox 1056 85 1855 124">
    <p class='ocr_par' dir='ltr' id='par_1_2' title="bbox 1069 90 1855 124">
     <span class='ocr_line' id='line_1_2' title="bbox 1069 90 1855 124; baseline -0.001 -1"><span class='ocrx_word' id='word_1_5' title='bbox 1069 90 1206 123; x_wconf 79' lang='grc' dir='ltr'><strong>ΡΑΤΒΙΛ</strong></span> <span class='ocrx_word' id='word_1_6' title='bbox 1212 92 1256 123; x_wconf 81' lang='lat' dir='ltr'><strong>RC</strong></span> <span class='ocrx_word' id='word_1_7' title='bbox 1261 92 1322 123; x_wconf 65' lang='lat' dir='ltr'><strong>HA3</strong></span> <span class='ocrx_word' id='word_1_8' title='bbox 1802 91 1855 124; x_wconf 82' lang='grc'><strong>580</strong></span> 
     </span>
    </p>
   </div>
   <div class='ocr_carea' id='block_1_3' title="bbox 184 156 997 198">
    <p class='ocr_par' dir='ltr' id='par_1_3' title="bbox 184 156 997 197">
     <span class='ocr_line' id='line_1_3' title="bbox 184 156 997 197; baseline 0.001 -11"><span class='ocrx_word' id='word_1_9' title='bbox 184 170 197 186; x_wconf 77' lang='grc' dir='ltr'><strong>ο</strong></span> <span class='ocrx_word' id='word_1_10' title='bbox 212 157 333 189; x_wconf 81' lang='lat' dir='ltr'><strong>eﬁ&#39;ectus</strong></span> <span class='ocrx_word' id='word_1_11' title='bbox 347 156 470 197; x_wconf 63' lang='lat' dir='ltr'><strong>est?un</strong></span> <span class='ocrx_word' id='word_1_12' title='bbox 488 166 521 187; x_wconf 82' lang='lat' dir='ltr'><strong>ex</strong></span> <span class='ocrx_word' id='word_1_13' title='bbox 533 165 567 187; x_wconf 86' lang='lat' dir='ltr'><strong>ea</strong></span> <span class='ocrx_word' id='word_1_14' title='bbox 579 156 702 188; x_wconf 86' lang='lat' dir='ltr'><strong>edoctus</strong></span> <span class='ocrx_word' id='word_1_15' title='bbox 715 161 771 196; x_wconf 88' lang='lat' dir='ltr'><strong>est,</strong></span> <span class='ocrx_word' id='word_1_16' title='bbox 786 157 837 188; x_wconf 93' lang='lat' dir='ltr'><strong>illa</strong></span> <span class='ocrx_word' id='word_1_17' title='bbox 845 162 874 188; x_wconf 90' lang='lat' dir='ltr'><strong>et</strong></span> <span class='ocrx_word' id='word_1_18' title='bbox 888 157 997 189; x_wconf 90' lang='lat' dir='ltr'><strong>decer-</strong></span> 
     </span>
    </p>
   </div>
   <div class='ocr_carea' id='block_1_4' title="bbox 1056 156 1853 198">
    <p class='ocr_par' dir='ltr' id='par_1_4' title="bbox 1069 157 1853 198">
     <span class='ocr_line' id='line_1_4' title="bbox 1069 157 1853 198; baseline 0.001 -14"><span class='ocrx_word' id='word_1_19' title='bbox 1069 157 1136 185; x_wconf 72' lang='grc' dir='ltr'>θέντι</span> <span class='ocrx_word' id='word_1_20' title='bbox 1161 158 1246 194; x_wconf 70' lang='grc' dir='ltr'><strong>τοῦτῷ</strong></span> <span class='ocrx_word' id='word_1_21' title='bbox 1275 158 1352 196; x_wconf 69' lang='grc' dir='ltr'><strong>ἁγίῳ,</strong></span> <span class='ocrx_word' id='word_1_22' title='bbox 1370 158 1386 186; x_wconf 77' lang='grc' dir='ltr'>ἃ</span> <span class='ocrx_word' id='word_1_23' title='bbox 1401 157 1461 197; x_wconf 72' lang='grc' dir='ltr'>παρ’</span> <span class='ocrx_word' id='word_1_24' title='bbox 1491 158 1592 192; x_wconf 77' lang='grc' dir='ltr'>ἐκείνης</span> <span class='ocrx_word' id='word_1_25' title='bbox 1614 157 1750 198; x_wconf 68' lang='grc' dir='ltr'>ἐδιδάχθη,</span> <span class='ocrx_word' id='word_1_26' title='bbox 1779 159 1853 185; x_wconf 68' lang='grc' dir='ltr'>ταῦτα</span> 
     </span>
    </p>
   </div>
   <div class='ocr_carea' id='block_1_5' title="bbox 184 200 997 242">
    <p class='ocr_par' dir='ltr' id='par_1_5' title="bbox 184 200 997 242">
     <span class='ocr_line' id='line_1_5' title="bbox 184 200 997 242; baseline -0.001 -9"><span class='ocrx_word' id='word_1_27' title='bbox 184 216 197 233; x_wconf 82' lang='grc' dir='ltr'><strong>ι</strong></span> <span class='ocrx_word' id='word_1_28' title='bbox 211 201 305 239; x_wconf 81' lang='lat' dir='ltr'><strong>uenti,</strong></span> <span class='ocrx_word' id='word_1_29' title='bbox 320 205 348 232; x_wconf 90' lang='lat' dir='ltr'><strong>et</strong></span> <span class='ocrx_word' id='word_1_30' title='bbox 363 200 547 240; x_wconf 73' lang='lat' dir='ltr'><strong>praedicanti,</strong></span> <span class='ocrx_word' id='word_1_31' title='bbox 568 201 710 241; x_wconf 81' lang='lat' dir='ltr'><strong>Spiritum</strong></span> <span class='ocrx_word' id='word_1_32' title='bbox 731 210 839 242; x_wconf 85' lang='lat' dir='ltr'><strong>nempe</strong></span> <span class='ocrx_word' id='word_1_33' title='bbox 864 211 897 232; x_wconf 81' lang='lat' dir='ltr'><strong>ex</strong></span> <span class='ocrx_word' id='word_1_34' title='bbox 918 201 997 233; x_wconf 79' lang='lat' dir='ltr'><strong>Patre</strong></span> 
     </span>
    </p>
   </div>
   <div class='ocr_carea' id='block_1_6' title="bbox 1056 200 1856 242">
    <p class='ocr_par' dir='ltr' id='par_1_6' title="bbox 1081 200 1856 242">
     <span class='ocr_line' id='line_1_6' title="bbox 1081 200 1856 242; baseline 0 -14"><span class='ocrx_word' id='word_1_35' title='bbox 1081 201 1124 228; x_wconf 84' lang='grc' dir='ltr'>καὶ</span> <span class='ocrx_word' id='word_1_36' title='bbox 1152 200 1335 240; x_wconf 79' lang='grc' dir='ltr'>δογματίζοντι</span> <span class='ocrx_word' id='word_1_37' title='bbox 1362 203 1406 230; x_wconf 78' lang='grc' dir='ltr'><strong>καὶ</strong></span> <span class='ocrx_word' id='word_1_38' title='bbox 1439 203 1603 242; x_wconf 72' lang='grc' dir='ltr'>κηρύττοντι,</span> <span class='ocrx_word' id='word_1_39' title='bbox 1641 203 1672 229; x_wconf 84' lang='grc' dir='ltr'><strong>τὸ</strong></span> <span class='ocrx_word' id='word_1_40' title='bbox 1700 204 1803 238; x_wconf 79' lang='grc' dir='ltr'>Πνεῦμα</span> <span class='ocrx_word' id='word_1_41' title='bbox 1828 201 1856 228; x_wconf 69' lang='grc' dir='ltr'><strong>ἔτι</strong></span> 
     </span>
    </p>
   </div>
   <div class='ocr_carea' id='block_1_7' title="bbox 186 244 997 286">
    <p class='ocr_par' dir='ltr' id='par_1_7' title="bbox 186 244 997 286">
     <span class='ocr_line' id='line_1_7' title="bbox 186 244 997 286; baseline 0.004 -11"><span class='ocrx_word' id='word_1_42' title='bbox 186 260 197 275; x_wconf 77' lang='grc' dir='ltr'><strong>ι</strong></span> <span class='ocrx_word' id='word_1_43' title='bbox 215 245 416 278; x_wconf 76' lang='lat' dir='ltr'><strong>exsistentiam</strong></span> <span class='ocrx_word' id='word_1_44' title='bbox 433 245 555 282; x_wconf 82' lang='lat' dir='ltr'><strong>habere,</strong></span> <span class='ocrx_word' id='word_1_45' title='bbox 572 249 600 276; x_wconf 91' lang='lat' dir='ltr'><strong>et</strong></span> <span class='ocrx_word' id='word_1_46' title='bbox 616 254 669 286; x_wconf 92' lang='lat' dir='ltr'><strong>per</strong></span> <span class='ocrx_word' id='word_1_47' title='bbox 696 244 801 277; x_wconf 88' lang='lat' dir='ltr'><strong>Filium</strong></span> <span class='ocrx_word' id='word_1_48' title='bbox 818 255 973 286; x_wconf 78' lang='lat' dir='ltr'><strong>apparere.</strong></span> <span class='ocrx_word' id='word_1_49' title='bbox 987 257 997 271; x_wconf 80' lang='grc' dir='ltr'>ι</span> 
     </span>
    </p>
   </div>
   <div class='ocr_carea' id='block_1_8' title="bbox 1056 244 1856 286">
    <p class='ocr_par' dir='ltr' id='par_1_8' title="bbox 1056 244 1856 286">
     <span class='ocr_line' id='line_1_8' title="bbox 1056 244 1856 286; baseline -0.003 -11"><span class='ocrx_word' id='word_1_50' title='bbox 1056 255 1058 275; x_wconf 73' lang='grc' dir='ltr'><em>ἴ</em></span> <span class='ocrx_word' id='word_1_51' title='bbox 1082 249 1128 274; x_wconf 81' lang='grc' dir='ltr'><strong>τοῦ</strong></span> <span class='ocrx_word' id='word_1_52' title='bbox 1142 246 1242 285; x_wconf 81' lang='grc' dir='ltr'>Πατρὸς</span> <span class='ocrx_word' id='word_1_53' title='bbox 1264 247 1313 283; x_wconf 78' lang='grc' dir='ltr'>μὲν</span> <span class='ocrx_word' id='word_1_54' title='bbox 1328 245 1392 286; x_wconf 66' lang='grc' dir='ltr'>ἔχον</span> <span class='ocrx_word' id='word_1_55' title='bbox 1415 247 1463 280; x_wconf 83' lang='grc' dir='ltr'>τὴν</span> <span class='ocrx_word' id='word_1_56' title='bbox 1492 246 1611 286; x_wconf 65' lang='grc' dir='ltr'>ὕπαρξιν,</span> <span class='ocrx_word' id='word_1_57' title='bbox 1641 244 1682 274; x_wconf 76' lang='grc' dir='ltr'>διὰ</span> <span class='ocrx_word' id='word_1_58' title='bbox 1696 249 1741 274; x_wconf 90' lang='grc' dir='ltr'><strong>τοῦ</strong></span> <span class='ocrx_word' id='word_1_59' title='bbox 1761 246 1817 273; x_wconf 61' lang='grc' dir='ltr'><strong>Ποῦ</strong></span> <span class='ocrx_word' id='word_1_60' title='bbox 1830 245 1856 273; x_wconf 76' lang='grc' dir='ltr'><strong>δὲ</strong></span> 
     </span>
    </p>
   </div>
   <div class='ocr_carea' id='block_1_9' title="bbox 503 335 671 375">
    <p class='ocr_par' dir='ltr' id='par_1_9' title="bbox 503 335 671 375">
     <span class='ocr_line' id='line_1_9' title="bbox 503 335 671 375; baseline -0.018 -8"><span class='ocrx_word' id='word_1_61' title='bbox 503 335 578 375; x_wconf 66' lang='lat' dir='ltr'><strong>Heiu</strong></span> <span class='ocrx_word' id='word_1_62' title='bbox 583 340 612 366; x_wconf 79' lang='lat' dir='ltr'><strong>Ia</strong></span> <span class='ocrx_word' id='word_1_63' title='bbox 618 337 660 367; x_wconf 77' lang='lat' dir='ltr'><strong>tio</strong></span> <span class='ocrx_word' id='word_1_64' title='bbox 667 361 671 364; x_wconf 91' lang='lat'><strong><em>_</em></strong></span> 
     </span>
    </p>
   </div>
   <div class='ocr_carea' id='block_1_10' title="bbox 220 381 999 422">
    <p class='ocr_par' dir='ltr' id='par_1_10' title="bbox 220 381 999 422">
     <span class='ocr_line' id='line_1_10' title="bbox 220 381 999 422; baseline 0 -8"><span class='ocrx_word' id='word_1_65' title='bbox 220 383 257 414; x_wconf 91' lang='lat' dir='ltr'><strong>Et</strong></span> <span class='ocrx_word' id='word_1_66' title='bbox 273 383 357 422; x_wconf 85' lang='lat' dir='ltr'><strong>plane</strong></span> <span class='ocrx_word' id='word_1_67' title='bbox 364 381 432 412; x_wconf 89' lang='lat' dir='ltr'><strong>huic</strong></span> <span class='ocrx_word' id='word_1_68' title='bbox 439 381 652 414; x_wconf 76' lang='lat' dir='ltr'><strong>attendendum</strong></span> <span class='ocrx_word' id='word_1_69' title='bbox 662 382 770 422; x_wconf 90' lang='lat' dir='ltr'><strong>est,qui</strong></span> <span class='ocrx_word' id='word_1_70' title='bbox 778 392 811 413; x_wconf 83' lang='lat' dir='ltr'><strong>ex</strong></span> <span class='ocrx_word' id='word_1_71' title='bbox 820 382 999 414; x_wconf 84' lang='lat' dir='ltr'><strong>revelatione</strong></span> 
     </span>
    </p>
   </div>
   <div class='ocr_carea' id='block_1_11' title="bbox 179 427 1000 468">
    <p class='ocr_par' dir='ltr' id='par_1_11' title="bbox 179 427 1000 468">
     <span class='ocr_line' id='line_1_11' title="bbox 179 427 1000 468; baseline -0.002 -8"><span class='ocrx_word' id='word_1_72' title='bbox 179 427 367 460; x_wconf 77' lang='lat' dir='ltr'><strong>determinat.</strong></span> <span class='ocrx_word' id='word_1_73' title='bbox 385 428 518 468; x_wconf 82' lang='lat' dir='ltr'><strong>Namque</strong></span> <span class='ocrx_word' id='word_1_74' title='bbox 535 427 629 468; x_wconf 84' lang='lat' dir='ltr'><strong>quiin</strong></span> <span class='ocrx_word' id='word_1_75' title='bbox 654 428 741 468; x_wconf 88' lang='lat' dir='ltr'><strong>hujus</strong></span> <span class='ocrx_word' id='word_1_76' title='bbox 760 428 850 465; x_wconf 85' lang='lat' dir='ltr'><strong>dicta,</strong></span> <span class='ocrx_word' id='word_1_77' title='bbox 876 428 917 458; x_wconf 91' lang='lat' dir='ltr'><strong>uti</strong></span> <span class='ocrx_word' id='word_1_78' title='bbox 947 437 1000 468; x_wconf 89' lang='lat' dir='ltr'><strong>par</strong></span> 
     </span>
    </p>
   </div>
   <div class='ocr_carea' id='block_1_12' title="bbox 179 473 998 514">
    <p class='ocr_par' dir='ltr' id='par_1_12' title="bbox 179 473 998 514">
     <span class='ocr_line' id='line_1_12' title="bbox 179 473 998 514; baseline 0 -10"><span class='ocrx_word' id='word_1_79' title='bbox 179 478 234 510; x_wconf 90' lang='lat' dir='ltr'><strong>est,</strong></span> <span class='ocrx_word' id='word_1_80' title='bbox 253 477 282 504; x_wconf 86' lang='lat' dir='ltr'><strong>et</strong></span> <span class='ocrx_word' id='word_1_81' title='bbox 297 474 439 505; x_wconf 81' lang='lat' dir='ltr'><strong>attentius</strong></span> <span class='ocrx_word' id='word_1_82' title='bbox 452 474 674 514; x_wconf 81' lang='lat' dir='ltr'><strong>introspexerit,</strong></span> <span class='ocrx_word' id='word_1_83' title='bbox 700 484 849 514; x_wconf 83' lang='lat' dir='ltr'><strong>nunquam</strong></span> <span class='ocrx_word' id='word_1_84' title='bbox 874 484 907 505; x_wconf 86' lang='lat' dir='ltr'><strong>ex</strong></span> <span class='ocrx_word' id='word_1_85' title='bbox 923 473 998 505; x_wconf 85' lang='lat' dir='ltr'><strong>Filio</strong></span> 
     </span>
    </p>
   </div>
   <div class='ocr_carea' id='block_1_13' title="bbox 179 517 997 557">
    <p class='ocr_par' dir='ltr' id='par_1_13' title="bbox 179 517 997 557">
     <span class='ocr_line' id='line_1_13' title="bbox 179 517 997 557; baseline 0 -9"><span class='ocrx_word' id='word_1_86' title='bbox 179 517 322 557; x_wconf 80' lang='lat' dir='ltr'><strong>Spiritum</strong></span> <span class='ocrx_word' id='word_1_87' title='bbox 339 518 461 555; x_wconf 82' lang='lat' dir='ltr'><strong>dividet,</strong></span> <span class='ocrx_word' id='word_1_88' title='bbox 477 519 639 549; x_wconf 85' lang='lat' dir='ltr'><strong>secundum</strong></span> <span class='ocrx_word' id='word_1_89' title='bbox 667 519 830 550; x_wconf 76' lang='lat' dir='ltr'><strong>naturalem</strong></span> <span class='ocrx_word' id='word_1_90' title='bbox 848 523 876 548; x_wconf 83' lang='lat' dir='ltr'><strong>et</strong></span> <span class='ocrx_word' id='word_1_91' title='bbox 893 528 997 549; x_wconf 86' lang='lat' dir='ltr'><strong>essen-</strong></span> 
     </span>
    </p>
   </div>
   <div class='ocr_carea' id='block_1_14' title="bbox 179 562 998 603">
    <p class='ocr_par' dir='ltr' id='par_1_14' title="bbox 179 562 998 603">
     <span class='ocr_line' id='line_1_14' title="bbox 179 562 998 603; baseline 0.001 -11"><span class='ocrx_word' id='word_1_92' title='bbox 179 562 279 592; x_wconf 88' lang='lat' dir='ltr'><strong>tialem</strong></span> <span class='ocrx_word' id='word_1_93' title='bbox 323 562 402 593; x_wconf 87' lang='lat' dir='ltr'><strong>illius</strong></span> <span class='ocrx_word' id='word_1_94' title='bbox 433 563 647 596; x_wconf 77' lang='lat' dir='ltr'><strong>exsistentiam,</strong></span> <span class='ocrx_word' id='word_1_95' title='bbox 679 563 759 602; x_wconf 92' lang='lat' dir='ltr'><strong>quod</strong></span> <span class='ocrx_word' id='word_1_96' title='bbox 786 572 846 595; x_wconf 86' lang='lat' dir='ltr'><strong>non</strong></span> <span class='ocrx_word' id='word_1_97' title='bbox 887 563 998 603; x_wconf 87' lang='lat' dir='ltr'><strong>absque</strong></span> 
     </span>
    </p>
   </div>
   <div class='ocr_carea' id='block_1_15' title="bbox 179 607 996 647">
    <p class='ocr_par' dir='ltr' id='par_1_15' title="bbox 179 607 996 647">
     <span class='ocr_line' id='line_1_15' title="bbox 179 607 996 647; baseline -0.001 -10"><span class='ocrx_word' id='word_1_98' title='bbox 179 616 281 637; x_wconf 89' lang='lat' dir='ltr'><strong>errore</strong></span> <span class='ocrx_word' id='word_1_99' title='bbox 296 610 455 644; x_wconf 86' lang='lat' dir='ltr'><strong>conantur,</strong></span> <span class='ocrx_word' id='word_1_100' title='bbox 470 607 521 646; x_wconf 87' lang='lat' dir='ltr'><strong>qui</strong></span> <span class='ocrx_word' id='word_1_101' title='bbox 537 612 710 646; x_wconf 79' lang='lat' dir='ltr'><strong>prrnegant,</strong></span> <span class='ocrx_word' id='word_1_102' title='bbox 727 617 780 647; x_wconf 87' lang='lat' dir='ltr'><strong>per</strong></span> <span class='ocrx_word' id='word_1_103' title='bbox 794 607 901 639; x_wconf 81' lang='lat' dir='ltr'><strong>Filium</strong></span> <span class='ocrx_word' id='word_1_104' title='bbox 913 607 996 637; x_wconf 90' lang='lat' dir='ltr'><strong>illum</strong></span> 
     </span>
    </p>
   </div>
   <div class='ocr_carea' id='block_1_16' title="bbox 178 651 997 690">
    <p class='ocr_par' dir='ltr' id='par_1_16' title="bbox 178 651 997 690">
     <span class='ocr_line' id='line_1_16' title="bbox 178 651 997 690; baseline -0.001 -8"><span class='ocrx_word' id='word_1_105' title='bbox 178 651 329 683; x_wconf 86' lang='lat' dir='ltr'><strong>exsistere.</strong></span> <span class='ocrx_word' id='word_1_106' title='bbox 348 651 472 682; x_wconf 88' lang='lat' dir='ltr'><strong>Sanctus</strong></span> <span class='ocrx_word' id='word_1_107' title='bbox 488 651 567 682; x_wconf 92' lang='lat' dir='ltr'><strong>enim</strong></span> <span class='ocrx_word' id='word_1_108' title='bbox 585 660 651 681; x_wconf 91' lang='lat' dir='ltr'><strong>cum</strong></span> <span class='ocrx_word' id='word_1_109' title='bbox 663 656 748 681; x_wconf 83' lang='lat' dir='ltr'><strong>antea</strong></span> <span class='ocrx_word' id='word_1_110' title='bbox 763 651 887 683; x_wconf 79' lang='lat' dir='ltr'><strong>dixisset</strong></span> <span class='ocrx_word' id='word_1_111' title='bbox 901 651 997 690; x_wconf 89' lang='lat' dir='ltr'><strong>Spiri-</strong></span> 
     </span>
    </p>
   </div>
   <div class='ocr_carea' id='block_1_17' title="bbox 177 695 999 730">
    <p class='ocr_par' dir='ltr' id='par_1_17' title="bbox 177 695 999 730">
     <span class='ocr_line' id='line_1_17' title="bbox 177 695 999 730; baseline 0.002 -5"><span class='ocrx_word' id='word_1_112' title='bbox 177 699 238 725; x_wconf 92' lang='lat' dir='ltr'><strong>tum</strong></span> <span class='ocrx_word' id='word_1_113' title='bbox 256 704 290 725; x_wconf 87' lang='lat' dir='ltr'><strong>ex</strong></span> <span class='ocrx_word' id='word_1_114' title='bbox 307 697 367 727; x_wconf 90' lang='lat' dir='ltr'><strong>Deo</strong></span> <span class='ocrx_word' id='word_1_115' title='bbox 384 695 586 726; x_wconf 76' lang='lat' dir='ltr'><strong>exsistenliam</strong></span> <span class='ocrx_word' id='word_1_116' title='bbox 603 695 756 730; x_wconf 84' lang='lat' dir='ltr'><strong>habere,et</strong></span> <span class='ocrx_word' id='word_1_117' title='bbox 780 696 999 727; x_wconf 82' lang='lat' dir='ltr'><strong>manifestasset</strong></span> 
     </span>
    </p>
   </div>
   <div class='ocr_carea' id='block_1_18' title="bbox 177 739 1000 779">
    <p class='ocr_par' dir='ltr' id='par_1_18' title="bbox 177 739 1000 779">
     <span class='ocr_line' id='line_1_18' title="bbox 177 739 1000 779; baseline 0.001 -9"><span class='ocrx_word' id='word_1_118' title='bbox 177 739 342 779; x_wconf 85' lang='lat' dir='ltr'><strong>hypostasis</strong></span> <span class='ocrx_word' id='word_1_119' title='bbox 357 749 417 770; x_wconf 66' lang='lat' dir='ltr'><strong>sua:</strong></span> <span class='ocrx_word' id='word_1_120' title='bbox 429 749 547 770; x_wconf 83' lang='lat' dir='ltr'><strong>causam</strong></span> <span class='ocrx_word' id='word_1_121' title='bbox 571 739 683 771; x_wconf 87' lang='lat' dir='ltr'><strong>habere</strong></span> <span class='ocrx_word' id='word_1_122' title='bbox 702 749 736 770; x_wconf 80' lang='lat' dir='ltr'><strong>ex</strong></span> <span class='ocrx_word' id='word_1_123' title='bbox 758 740 853 779; x_wconf 84' lang='lat' dir='ltr'><strong>prima</strong></span> <span class='ocrx_word' id='word_1_124' title='bbox 875 744 904 770; x_wconf 89' lang='lat' dir='ltr'><strong>et</strong></span> <span class='ocrx_word' id='word_1_125' title='bbox 933 740 1000 772; x_wconf 86' lang='lat' dir='ltr'><strong>sine</strong></span> 
     </span>
    </p>
   </div>
   <div class='ocr_carea' id='block_1_19' title="bbox 177 783 998 824">
    <p class='ocr_par' dir='ltr' id='par_1_19' title="bbox 177 783 998 824">
     <span class='ocr_line' id='line_1_19' title="bbox 177 783 998 824; baseline 0 -10"><span class='ocrx_word' id='word_1_126' title='bbox 177 783 323 823; x_wconf 91' lang='lat' dir='ltr'><strong>principio</strong></span> <span class='ocrx_word' id='word_1_127' title='bbox 339 793 426 814; x_wconf 86' lang='lat' dir='ltr'><strong>causa</strong></span> <span class='ocrx_word' id='word_1_128' title='bbox 442 783 513 824; x_wconf 90' lang='lat' dir='ltr'><strong>Deo,</strong></span> <span class='ocrx_word' id='word_1_129' title='bbox 528 793 565 814; x_wconf 91' lang='lat' dir='ltr'><strong>ne</strong></span> <span class='ocrx_word' id='word_1_130' title='bbox 577 784 644 823; x_wconf 88' lang='lat' dir='ltr'><strong>quis</strong></span> <span class='ocrx_word' id='word_1_131' title='bbox 667 783 868 816; x_wconf 74' lang='lat' dir='ltr'><strong>exsistimaret</strong></span> <span class='ocrx_word' id='word_1_132' title='bbox 893 785 998 814; x_wconf 88' lang='lat' dir='ltr'><strong>imme-</strong></span> 
     </span>
    </p>
   </div>
   <div class='ocr_carea' id='block_1_20' title="bbox 176 827 995 869">
    <p class='ocr_par' dir='ltr' id='par_1_20' title="bbox 176 827 995 869">
     <span class='ocr_line' id='line_1_20' title="bbox 176 827 995 869; baseline 0 -11"><span class='ocrx_word' id='word_1_133' title='bbox 176 827 254 858; x_wconf 89' lang='lat' dir='ltr'><strong>diate</strong></span> <span class='ocrx_word' id='word_1_134' title='bbox 269 837 303 858; x_wconf 82' lang='lat' dir='ltr'><strong>ex</strong></span> <span class='ocrx_word' id='word_1_135' title='bbox 322 830 380 859; x_wconf 90' lang='lat' dir='ltr'><strong>Deo</strong></span> <span class='ocrx_word' id='word_1_136' title='bbox 394 828 492 868; x_wconf 87' lang='lat' dir='ltr'><strong>ipsum</strong></span> <span class='ocrx_word' id='word_1_137' title='bbox 505 828 704 859; x_wconf 81' lang='lat' dir='ltr'><strong>exsistentiam</strong></span> <span class='ocrx_word' id='word_1_138' title='bbox 721 828 842 862; x_wconf 59' lang='lat' dir='ltr'><strong>habere,</strong></span> <span class='ocrx_word' id='word_1_139' title='bbox 869 837 927 869; x_wconf 89' lang='lat' dir='ltr'><strong>qua</strong></span> <span class='ocrx_word' id='word_1_140' title='bbox 951 828 995 859; x_wconf 90' lang='lat' dir='ltr'><strong>vel</strong></span> 
     </span>
    </p>
   </div>
   <div class='ocr_carea' id='block_1_21' title="bbox 177 871 995 912">
    <p class='ocr_par' dir='ltr' id='par_1_21' title="bbox 177 871 995 912">
     <span class='ocr_line' id='line_1_21' title="bbox 177 871 995 912; baseline 0.001 -10"><span class='ocrx_word' id='word_1_141' title='bbox 177 872 240 902; x_wconf 87' lang='lat' dir='ltr'><strong>sola</strong></span> <span class='ocrx_word' id='word_1_142' title='bbox 251 872 427 911; x_wconf 79' lang='lat' dir='ltr'><strong>cogitatione</strong></span> <span class='ocrx_word' id='word_1_143' title='bbox 442 872 587 912; x_wconf 81' lang='lat' dir='ltr'><strong>sequitur,</strong></span> <span class='ocrx_word' id='word_1_144' title='bbox 605 871 748 912; x_wconf 90' lang='lat' dir='ltr'><strong>Spirilnm</strong></span> <span class='ocrx_word' id='word_1_145' title='bbox 766 882 782 903; x_wconf 89' lang='lat' dir='ltr'><strong>a</strong></span> <span class='ocrx_word' id='word_1_146' title='bbox 807 873 881 904; x_wconf 88' lang='lat' dir='ltr'><strong>Filio</strong></span> <span class='ocrx_word' id='word_1_147' title='bbox 894 872 995 909; x_wconf 79' lang='lat' dir='ltr'><strong>dividi,</strong></span> 
     </span>
    </p>
   </div>
   <div class='ocr_carea' id='block_1_22' title="bbox 176 916 997 957">
    <p class='ocr_par' dir='ltr' id='par_1_22' title="bbox 176 916 997 957">
     <span class='ocr_line' id='line_1_22' title="bbox 176 916 997 957; baseline 0 -11"><span class='ocrx_word' id='word_1_148' title='bbox 176 918 339 947; x_wconf 91' lang='lat' dir='ltr'><strong>secundum</strong></span> <span class='ocrx_word' id='word_1_149' title='bbox 352 916 446 957; x_wconf 86' lang='lat' dir='ltr'><strong>ipsam</strong></span> <span class='ocrx_word' id='word_1_150' title='bbox 458 917 630 947; x_wconf 86' lang='lat' dir='ltr'><strong>eorumdem</strong></span> <span class='ocrx_word' id='word_1_151' title='bbox 642 926 675 947; x_wconf 81' lang='lat' dir='ltr'><strong>ex</strong></span> <span class='ocrx_word' id='word_1_152' title='bbox 688 918 772 948; x_wconf 85' lang='lat' dir='ltr'><strong>Patre</strong></span> <span class='ocrx_word' id='word_1_153' title='bbox 781 917 997 953; x_wconf 87' lang='lat' dir='ltr'><strong>exsistentiam,</strong></span> 
     </span>
    </p>
   </div>
   <div class='ocr_carea' id='block_1_23' title="bbox 176 960 997 1002">
    <p class='ocr_par' dir='ltr' id='par_1_23' title="bbox 176 960 997 1002">
     <span class='ocr_line' id='line_1_23' title="bbox 176 960 997 1002; baseline 0.001 -11"><span class='ocrx_word' id='word_1_154' title='bbox 176 960 250 991; x_wconf 86' lang='lat' dir='ltr'><strong>adeo</strong></span> <span class='ocrx_word' id='word_1_155' title='bbox 279 965 310 991; x_wconf 91' lang='lat' dir='ltr'><strong>ut</strong></span> <span class='ocrx_word' id='word_1_156' title='bbox 338 961 536 1001; x_wconf 81' lang='lat' dir='ltr'><strong>conspiciatur</strong></span> <span class='ocrx_word' id='word_1_157' title='bbox 562 961 651 991; x_wconf 92' lang='lat' dir='ltr'><strong>trium</strong></span> <span class='ocrx_word' id='word_1_158' title='bbox 690 961 997 1002; x_wconf 84' lang='lat' dir='ltr'><strong>connaturale,-con-</strong></span> 
     </span>
    </p>
   </div>
   <div class='ocr_carea' id='block_1_24' title="bbox 1045 293 1240 331">
    <p class='ocr_par' dir='ltr' id='par_1_24' title="bbox 1045 293 1240 331">
     <span class='ocr_line' id='line_1_24' title="bbox 1045 293 1240 331; baseline 0.005 -12"><span class='ocrx_word' id='word_1_159' title='bbox 1045 304 1056 319; x_wconf 73' lang='grc' dir='ltr'>α</span> <span class='ocrx_word' id='word_1_160' title='bbox 1072 293 1200 331; x_wconf 70' lang='grc' dir='ltr'>πεφηνὸς,</span> <span class='ocrx_word' id='word_1_161' title='bbox 1228 302 1240 320; x_wconf 74' lang='grc' dir='ltr'><strong>ο</strong></span> 
     </span>
    </p>
   </div>
   <div class='ocr_carea' id='block_1_25' title="bbox 1364 337 1539 378">
    <p class='ocr_par' dir='ltr' id='par_1_25' title="bbox 1364 337 1539 378">
     <span class='ocr_line' id='line_1_25' title="bbox 1364 337 1539 378; baseline 0 -12"><span class='ocrx_word' id='word_1_162' title='bbox 1364 337 1539 378; x_wconf 77' lang='grc' dir='ltr'>Ἀντῖρῤησις,</span> 
     </span>
    </p>
   </div>
   <div class='ocr_carea' id='block_1_26' title="bbox 1079 383 1858 425">
    <p class='ocr_par' dir='ltr' id='par_1_26' title="bbox 1079 383 1858 425">
     <span class='ocr_line' id='line_1_26' title="bbox 1079 383 1858 425; baseline -0.001 -13"><span class='ocrx_word' id='word_1_163' title='bbox 1079 384 1201 412; x_wconf 73' lang='grc' dir='ltr'>Μάλιστέ</span> <span class='ocrx_word' id='word_1_164' title='bbox 1215 396 1245 424; x_wconf 78' lang='grc' dir='ltr'>γε</span> <span class='ocrx_word' id='word_1_165' title='bbox 1266 386 1351 423; x_wconf 79' lang='grc' dir='ltr'>τούτῳ</span> <span class='ocrx_word' id='word_1_166' title='bbox 1375 392 1523 425; x_wconf 73' lang='grc' dir='ltr'>προσσχεῖν</span> <span class='ocrx_word' id='word_1_167' title='bbox 1544 384 1585 413; x_wconf 77' lang='grc' dir='ltr'>δεῖ</span> <span class='ocrx_word' id='word_1_168' title='bbox 1606 388 1644 422; x_wconf 86' lang='grc' dir='ltr'>τῷ</span> <span class='ocrx_word' id='word_1_169' title='bbox 1666 383 1700 417; x_wconf 73' lang='grc' dir='ltr'><strong>ἑξ¹</strong></span> <span class='ocrx_word' id='word_1_170' title='bbox 1715 383 1858 412; x_wconf 73' lang='grc' dir='ltr'>Ἀποκαλύ-</span> 
     </span>
    </p>
   </div>
   <div class='ocr_carea' id='block_1_27' title="bbox 1040 425 1855 468">
    <p class='ocr_par' dir='ltr' id='par_1_27' title="bbox 1040 425 1855 468">
     <span class='ocr_line' id='line_1_27' title="bbox 1040 425 1855 468; baseline -0.001 -12"><span class='ocrx_word' id='word_1_171' title='bbox 1040 430 1111 465; x_wconf 79' lang='grc' dir='ltr'>ψεως</span> <span class='ocrx_word' id='word_1_172' title='bbox 1133 428 1335 468; x_wconf 75' lang='grc' dir='ltr'>θεολογώσαντι,</span> <span class='ocrx_word' id='word_1_173' title='bbox 1360 425 1388 458; x_wconf 70' lang='grc' dir='ltr'><strong>Ὀ</strong></span> <span class='ocrx_word' id='word_1_174' title='bbox 1415 430 1464 468; x_wconf 76' lang='grc' dir='ltr'>γὰρ</span> <span class='ocrx_word' id='word_1_175' title='bbox 1492 431 1525 467; x_wconf 79' lang='grc' dir='ltr'><strong>τῇ</strong></span> <span class='ocrx_word' id='word_1_176' title='bbox 1550 430 1641 458; x_wconf 75' lang='grc' dir='ltr'>τούτου</span> <span class='ocrx_word' id='word_1_177' title='bbox 1666 427 1786 467; x_wconf 74' lang='grc' dir='ltr'>θεολογῖᾳ</span> <span class='ocrx_word' id='word_1_178' title='bbox 1807 427 1855 465; x_wconf 77' lang='grc' dir='ltr'><strong>ἑμ-</strong></span> 
     </span>
    </p>
   </div>
   <div class='ocr_carea' id='block_1_28' title="bbox 1039 472 1858 513">
    <p class='ocr_par' dir='ltr' id='par_1_28' title="bbox 1039 472 1858 513">
     <span class='ocr_line' id='line_1_28' title="bbox 1039 472 1858 513; baseline -0.002 -12"><span class='ocrx_word' id='word_1_179' title='bbox 1039 473 1159 513; x_wconf 66' lang='grc' dir='ltr'>Ξαθύνας,</span> <span class='ocrx_word' id='word_1_180' title='bbox 1176 474 1212 505; x_wconf 81' lang='grc' dir='ltr'><strong>ὡς</strong></span> <span class='ocrx_word' id='word_1_181' title='bbox 1228 474 1294 513; x_wconf 77' lang='grc' dir='ltr'>χρὴ,</span> <span class='ocrx_word' id='word_1_182' title='bbox 1311 475 1357 502; x_wconf 69' lang='grc' dir='ltr'><strong>οἶν-4</strong></span> <span class='ocrx_word' id='word_1_183' title='bbox 1380 474 1411 501; x_wconf 73' lang='grc' dir='ltr'>ἄν</span> <span class='ocrx_word' id='word_1_184' title='bbox 1436 484 1500 501; x_wconf 88' lang='grc' dir='ltr'>ποτε</span> <span class='ocrx_word' id='word_1_185' title='bbox 1522 472 1646 512; x_wconf 77' lang='grc' dir='ltr'>διαιρήσῃ</span> <span class='ocrx_word' id='word_1_186' title='bbox 1667 476 1712 501; x_wconf 90' lang='grc' dir='ltr'><strong>τοῦ</strong></span> <span class='ocrx_word' id='word_1_187' title='bbox 1752 473 1812 499; x_wconf 76' lang='grc' dir='ltr'>Υῖοῦ</span> <span class='ocrx_word' id='word_1_188' title='bbox 1829 473 1858 499; x_wconf 88' lang='grc' dir='ltr'><strong>τὸ</strong></span> 
     </span>
    </p>
   </div>
   <div class='ocr_carea' id='block_1_29' title="bbox 1041 515 1857 558">
    <p class='ocr_par' dir='ltr' id='par_1_29' title="bbox 1041 515 1857 558">
     <span class='ocr_line' id='line_1_29' title="bbox 1041 515 1857 558; baseline -0.002 -13"><span class='ocrx_word' id='word_1_189' title='bbox 1041 520 1145 555; x_wconf 71' lang='grc' dir='ltr'>Πνεῦμα</span> <span class='ocrx_word' id='word_1_190' title='bbox 1166 518 1234 546; x_wconf 76' lang='grc' dir='ltr'>κατὰ</span> <span class='ocrx_word' id='word_1_191' title='bbox 1245 518 1294 551; x_wconf 78' lang='grc' dir='ltr'>τὴν</span> <span class='ocrx_word' id='word_1_192' title='bbox 1316 519 1427 558; x_wconf 70' lang='grc' dir='ltr'>φυσικὴν</span> <span class='ocrx_word' id='word_1_193' title='bbox 1450 520 1493 546; x_wconf 80' lang='grc' dir='ltr'><strong>καὶ</strong></span> <span class='ocrx_word' id='word_1_194' title='bbox 1527 516 1641 551; x_wconf 72' lang='grc' dir='ltr'>οὗσιώδη</span> <span class='ocrx_word' id='word_1_195' title='bbox 1669 517 1747 545; x_wconf 66' lang='grc' dir='ltr'>αὐτοῦ</span> <span class='ocrx_word' id='word_1_196' title='bbox 1780 515 1857 555; x_wconf 73' lang='grc' dir='ltr'>ὕπαρ-</span> 
     </span>
    </p>
   </div>
   <div class='ocr_carea' id='block_1_30' title="bbox 1039 561 1859 601">
    <p class='ocr_par' dir='ltr' id='par_1_30' title="bbox 1039 561 1859 601">
     <span class='ocr_line' id='line_1_30' title="bbox 1039 561 1859 601; baseline -0.002 -12"><span class='ocrx_word' id='word_1_197' title='bbox 1039 561 1088 599; x_wconf 69' lang='grc' dir='ltr'>ξιν,</span> <span class='ocrx_word' id='word_1_198' title='bbox 1118 561 1182 601; x_wconf 77' lang='grc' dir='ltr'>ὅπερ</span> <span class='ocrx_word' id='word_1_199' title='bbox 1211 562 1362 601; x_wconf 75' lang='grc' dir='ltr'><strong>ἐπισφαλῶς</strong></span> <span class='ocrx_word' id='word_1_200' title='bbox 1414 561 1568 591; x_wconf 69' lang='grc' dir='ltr'><strong>σπεύδουσιν</strong></span> <span class='ocrx_word' id='word_1_201' title='bbox 1606 563 1629 590; x_wconf 85' lang='grc' dir='ltr'>οἱ</span> <span class='ocrx_word' id='word_1_202' title='bbox 1670 561 1859 600; x_wconf 71' lang='grc' dir='ltr'><strong>ἀπαρνούμενοι</strong></span> 
     </span>
    </p>
   </div>
   <div class='ocr_carea' id='block_1_31' title="bbox 1039 601 1858 645">
    <p class='ocr_par' dir='ltr' id='par_1_31' title="bbox 1039 601 1858 645">
     <span class='ocr_line' id='line_1_31' title="bbox 1039 601 1858 645; baseline -0.002 -12"><span class='ocrx_word' id='word_1_203' title='bbox 1039 604 1080 633; x_wconf 72' lang='grc' dir='ltr'><strong>διὰ</strong></span> <span class='ocrx_word' id='word_1_204' title='bbox 1094 609 1140 633; x_wconf 83' lang='grc' dir='ltr'><strong>τοῦ</strong></span> <span class='ocrx_word' id='word_1_205' title='bbox 1160 607 1219 633; x_wconf 79' lang='grc' dir='ltr'>Υἱοῦ</span> <span class='ocrx_word' id='word_1_206' title='bbox 1235 606 1363 645; x_wconf 76' lang='grc' dir='ltr'>ὕπάρχειν</span> <span class='ocrx_word' id='word_1_207' title='bbox 1387 607 1460 635; x_wconf 67' lang='grc' dir='ltr'>αὐτὸ.</span> <span class='ocrx_word' id='word_1_208' title='bbox 1495 601 1523 633; x_wconf 64' lang='grc' dir='ltr'><strong>Ὀ</strong></span> <span class='ocrx_word' id='word_1_209' title='bbox 1551 605 1601 644; x_wconf 78' lang='grc' dir='ltr'>γάρ</span> <span class='ocrx_word' id='word_1_210' title='bbox 1623 604 1709 644; x_wconf 70' lang='grc' dir='ltr'>ἅγιος,</span> <span class='ocrx_word' id='word_1_211' title='bbox 1737 603 1858 643; x_wconf 83' lang='grc' dir='ltr'>πρότερον</span> 
     </span>
    </p>
   </div>
   <div class='ocr_carea' id='block_1_32' title="bbox 1039 648 1858 689">
    <p class='ocr_par' dir='ltr' id='par_1_32' title="bbox 1039 648 1858 689">
     <span class='ocr_line' id='line_1_32' title="bbox 1039 648 1858 689; baseline -0.002 -12"><span class='ocrx_word' id='word_1_212' title='bbox 1039 650 1119 677; x_wconf 73' lang='grc' dir='ltr'>εἰπὼν</span> <span class='ocrx_word' id='word_1_213' title='bbox 1148 652 1178 678; x_wconf 81' lang='grc' dir='ltr'><strong>τὸ</strong></span> <span class='ocrx_word' id='word_1_214' title='bbox 1206 653 1311 688; x_wconf 80' lang='grc' dir='ltr'>Πνεῦμα</span> <span class='ocrx_word' id='word_1_215' title='bbox 1346 650 1376 678; x_wconf 80' lang='grc' dir='ltr'><strong>ἐκ</strong></span> <span class='ocrx_word' id='word_1_216' title='bbox 1405 650 1470 678; x_wconf 81' lang='grc' dir='ltr'><strong>Θεοῦ</strong></span> <span class='ocrx_word' id='word_1_217' title='bbox 1497 650 1546 683; x_wconf 82' lang='grc' dir='ltr'>τὴν</span> <span class='ocrx_word' id='word_1_218' title='bbox 1572 648 1680 689; x_wconf 76' lang='grc' dir='ltr'>ὕπαρξιν</span> <span class='ocrx_word' id='word_1_219' title='bbox 1708 648 1785 688; x_wconf 74' lang='grc' dir='ltr'>ἕχον,</span> <span class='ocrx_word' id='word_1_220' title='bbox 1817 649 1858 676; x_wconf 81' lang='grc' dir='ltr'>καὶ</span> 
     </span>
    </p>
   </div>
   <div class='ocr_carea' id='block_1_33' title="bbox 1039 692 1858 732">
    <p class='ocr_par' dir='ltr' id='par_1_33' title="bbox 1039 692 1858 732">
     <span class='ocr_line' id='line_1_33' title="bbox 1039 692 1858 732; baseline -0.001 -11"><span class='ocrx_word' id='word_1_221' title='bbox 1039 693 1194 727; x_wconf 74' lang='grc' dir='ltr'><strong>δεδηλωκὼς</strong></span> <span class='ocrx_word' id='word_1_222' title='bbox 1216 695 1264 728; x_wconf 74' lang='grc' dir='ltr'>τὴν</span> <span class='ocrx_word' id='word_1_223' title='bbox 1279 696 1328 728; x_wconf 80' lang='grc' dir='ltr'><strong>της</strong></span> <span class='ocrx_word' id='word_1_224' title='bbox 1342 695 1512 726; x_wconf 70' lang='grc' dir='ltr'><strong>ὑποστάσεως</strong></span> <span class='ocrx_word' id='word_1_225' title='bbox 1542 694 1625 722; x_wconf 74' lang='grc' dir='ltr'>αἰτίαν</span> <span class='ocrx_word' id='word_1_226' title='bbox 1651 693 1725 732; x_wconf 76' lang='grc' dir='ltr'>ἔχειν</span> <span class='ocrx_word' id='word_1_227' title='bbox 1754 693 1816 721; x_wconf 78' lang='grc' dir='ltr'>αὐτὸ</span> <span class='ocrx_word' id='word_1_228' title='bbox 1831 692 1858 720; x_wconf 70' lang='grc' dir='ltr'><strong>ἐκ</strong></span> 
     </span>
    </p>
   </div>
   <div class='ocr_carea' id='block_1_34' title="bbox 1039 737 1856 779">
    <p class='ocr_par' dir='ltr' id='par_1_34' title="bbox 1039 737 1856 779">
     <span class='ocr_line' id='line_1_34' title="bbox 1039 737 1856 779; baseline -0.001 -12"><span class='ocrx_word' id='word_1_229' title='bbox 1039 738 1146 777; x_wconf 75' lang='grc' dir='ltr'>πρώτης</span> <span class='ocrx_word' id='word_1_230' title='bbox 1161 740 1205 767; x_wconf 73' lang='grc' dir='ltr'>καὶ</span> <span class='ocrx_word' id='word_1_231' title='bbox 1219 739 1337 779; x_wconf 81' lang='grc' dir='ltr'>ἆνάρχου</span> <span class='ocrx_word' id='word_1_232' title='bbox 1351 739 1434 770; x_wconf 76' lang='grc' dir='ltr'>αἰτίας</span> <span class='ocrx_word' id='word_1_233' title='bbox 1462 742 1508 766; x_wconf 86' lang='grc' dir='ltr'><strong>τοῦ</strong></span> <span class='ocrx_word' id='word_1_234' title='bbox 1537 739 1650 777; x_wconf 68' lang='grc' dir='ltr'>Πατρὸς,</span> <span class='ocrx_word' id='word_1_235' title='bbox 1671 737 1718 765; x_wconf 76' lang='grc' dir='ltr'><strong>ἵνα</strong></span> <span class='ocrx_word' id='word_1_236' title='bbox 1747 737 1786 774; x_wconf 80' lang='grc' dir='ltr'><strong>μή</strong></span> <span class='ocrx_word' id='word_1_237' title='bbox 1820 747 1856 766; x_wconf 77' lang='grc' dir='ltr'><strong>τις</strong></span> 
     </span>
    </p>
   </div>
   <div class='ocr_carea' id='block_1_35' title="bbox 1039 780 1855 821">
    <p class='ocr_par' dir='ltr' id='par_1_35' title="bbox 1039 780 1855 821">
     <span class='ocr_line' id='line_1_35' title="bbox 1039 780 1855 821; baseline -0.004 -10"><span class='ocrx_word' id='word_1_238' title='bbox 1039 782 1162 817; x_wconf 77' lang='grc' dir='ltr'>οἴήσαιτο</span> <span class='ocrx_word' id='word_1_239' title='bbox 1188 782 1293 820; x_wconf 75' lang='grc' dir='ltr'>ἂμέσως</span> <span class='ocrx_word' id='word_1_240' title='bbox 1322 782 1351 811; x_wconf 80' lang='grc' dir='ltr'><strong>ὲκ</strong></span> <span class='ocrx_word' id='word_1_241' title='bbox 1379 783 1445 810; x_wconf 83' lang='grc' dir='ltr'>Θεοῦ</span> <span class='ocrx_word' id='word_1_242' title='bbox 1463 783 1512 816; x_wconf 79' lang='grc' dir='ltr'>τὴν</span> <span class='ocrx_word' id='word_1_243' title='bbox 1540 781 1647 821; x_wconf 77' lang='grc' dir='ltr'>ὕπαρξιν</span> <span class='ocrx_word' id='word_1_244' title='bbox 1676 780 1751 820; x_wconf 77' lang='grc' dir='ltr'>ἔχειν</span> <span class='ocrx_word' id='word_1_245' title='bbox 1787 781 1855 817; x_wconf 64' lang='grc' dir='ltr'>αὐτὸ,</span> 
     </span>
    </p>
   </div>
   <div class='ocr_carea' id='block_1_36' title="bbox 1040 826 1858 866">
    <p class='ocr_par' dir='ltr' id='par_1_36' title="bbox 1040 826 1858 866">
     <span class='ocr_line' id='line_1_36' title="bbox 1040 826 1858 866; baseline -0.002 -12"><span class='ocrx_word' id='word_1_246' title='bbox 1040 826 1109 859; x_wconf 78' lang='grc' dir='ltr'>ἦτινι</span> <span class='ocrx_word' id='word_1_247' title='bbox 1151 826 1234 862; x_wconf 65' lang='grc' dir='ltr'>ἔννοια</span> <span class='ocrx_word' id='word_1_248' title='bbox 1269 826 1408 856; x_wconf 83' lang='grc' dir='ltr'>ἀκολουθεῖ</span> <span class='ocrx_word' id='word_1_249' title='bbox 1457 826 1611 866; x_wconf 73' lang='grc' dir='ltr'>διαιρεῖσθαι</span> <span class='ocrx_word' id='word_1_250' title='bbox 1651 826 1698 854; x_wconf 80' lang='grc' dir='ltr'><strong>τοῦ</strong></span> <span class='ocrx_word' id='word_1_251' title='bbox 1737 826 1797 853; x_wconf 83' lang='grc' dir='ltr'>Υἱοῦ</span> <span class='ocrx_word' id='word_1_252' title='bbox 1829 826 1858 852; x_wconf 79' lang='grc' dir='ltr'><strong>τὸ</strong></span> 
     </span>
    </p>
   </div>
   <div class='ocr_carea' id='block_1_37' title="bbox 1041 867 1856 909">
    <p class='ocr_par' dir='ltr' id='par_1_37' title="bbox 1041 867 1856 909">
     <span class='ocr_line' id='line_1_37' title="bbox 1041 867 1856 909; baseline 0.005 -12"><span class='ocrx_word' id='word_1_253' title='bbox 1041 873 1149 907; x_wconf 70' lang='grc' dir='ltr'>Πνεῦμα</span> <span class='ocrx_word' id='word_1_254' title='bbox 1171 870 1230 898; x_wconf 74' lang='grc' dir='ltr'>κατ’</span> <span class='ocrx_word' id='word_1_255' title='bbox 1253 871 1333 904; x_wconf 73' lang='grc' dir='ltr'>αὺτὴν</span> <span class='ocrx_word' id='word_1_256' title='bbox 1359 871 1406 904; x_wconf 79' lang='grc' dir='ltr'><strong>τὴν</strong></span> <span class='ocrx_word' id='word_1_257' title='bbox 1434 870 1464 898; x_wconf 74' lang='grc' dir='ltr'>ἐκ</span> <span class='ocrx_word' id='word_1_258' title='bbox 1491 871 1591 909; x_wconf 63' lang='lat' dir='ltr'><strong>Harpe:</strong></span> <span class='ocrx_word' id='word_1_259' title='bbox 1620 870 1705 897; x_wconf 72' lang='grc' dir='ltr'>αὑτῶν</span> <span class='ocrx_word' id='word_1_260' title='bbox 1741 867 1856 908; x_wconf 70' lang='grc' dir='ltr'>ὕπαρξιν,</span> 
     </span>
    </p>
   </div>
   <div class='ocr_carea' id='block_1_38' title="bbox 1040 913 1859 954">
    <p class='ocr_par' dir='ltr' id='par_1_38' title="bbox 1040 913 1859 954">
     <span class='ocr_line' id='line_1_38' title="bbox 1040 913 1859 954; baseline -0.002 -13"><span class='ocrx_word' id='word_1_261' title='bbox 1040 914 1076 945; x_wconf 81' lang='grc' dir='ltr'>ὡς</span> <span class='ocrx_word' id='word_1_262' title='bbox 1105 914 1202 950; x_wconf 77' lang='grc' dir='ltr'><strong>μηκέτι</strong></span> <span class='ocrx_word' id='word_1_263' title='bbox 1223 915 1376 953; x_wconf 72' lang='grc' dir='ltr'>θεωρεῖσθαι</span> <span class='ocrx_word' id='word_1_264' title='bbox 1398 915 1428 942; x_wconf 79' lang='grc' dir='ltr'><strong>τὸ</strong></span> <span class='ocrx_word' id='word_1_265' title='bbox 1455 915 1508 942; x_wconf 68' lang='grc' dir='ltr'>τῶν</span> <span class='ocrx_word' id='word_1_266' title='bbox 1530 917 1608 954; x_wconf 79' lang='grc' dir='ltr'>τριῶν</span> <span class='ocrx_word' id='word_1_267' title='bbox 1636 913 1752 952; x_wconf 68' lang='grc' dir='ltr'><strong>συμφυὲς</strong></span> <span class='ocrx_word' id='word_1_268' title='bbox 1791 923 1859 940; x_wconf 85' lang='grc' dir='ltr'>συνε-</span> 
     </span>
    </p>
   </div>
   <div class='ocr_carea' id='block_1_39' title="bbox 1042 956 1857 998">
    <p class='ocr_par' dir='ltr' id='par_1_39' title="bbox 1042 956 1857 998">
     <span class='ocr_line' id='line_1_39' title="bbox 1042 956 1857 998; baseline -0.001 -13"><span class='ocrx_word' id='word_1_269' title='bbox 1042 958 1090 997; x_wconf 78' lang='grc' dir='ltr'><strong>χὲς</strong></span> <span class='ocrx_word' id='word_1_270' title='bbox 1126 959 1169 986; x_wconf 76' lang='grc' dir='ltr'><strong>χαὶ</strong></span> <span class='ocrx_word' id='word_1_271' title='bbox 1197 958 1379 998; x_wconf 72' lang='grc' dir='ltr'>ἆδιάῤῥηκτον,</span> <span class='ocrx_word' id='word_1_272' title='bbox 1417 958 1535 998; x_wconf 73' lang='grc' dir='ltr'>ἐπήγαγε</span> <span class='ocrx_word' id='word_1_273' title='bbox 1562 968 1628 997; x_wconf 76' lang='grc' dir='ltr'>πιρε</span> <span class='ocrx_word' id='word_1_274' title='bbox 1661 959 1717 994; x_wconf 65' lang='grc' dir='ltr'><strong>ὣς,</strong></span> <span class='ocrx_word' id='word_1_275' title='bbox 1754 958 1798 985; x_wconf 79' lang='grc' dir='ltr'>καὶ</span> <span class='ocrx_word' id='word_1_276' title='bbox 1826 956 1857 984; x_wconf 77' lang='grc' dir='ltr'>δι’</span> 
     </span>
    </p>
   </div>
   <div class='ocr_carea' id='block_1_40' title="bbox 178 1001 997 1046">
    <p class='ocr_par' dir='ltr' id='par_1_40' title="bbox 178 1004 997 1046">
     <span class='ocr_line' id='line_1_40' title="bbox 178 1004 997 1046; baseline 0.001 -11"><span class='ocrx_word' id='word_1_277' title='bbox 178 1004 290 1035; x_wconf 92' lang='lat' dir='ltr'><strong>tinuum</strong></span> <span class='ocrx_word' id='word_1_278' title='bbox 301 1010 329 1036; x_wconf 89' lang='lat' dir='ltr'><strong>et</strong></span> <span class='ocrx_word' id='word_1_279' title='bbox 343 1005 561 1039; x_wconf 89' lang='lat' dir='ltr'><strong>indissolutum.</strong></span> <span class='ocrx_word' id='word_1_280' title='bbox 581 1006 682 1036; x_wconf 85' lang='lat' dir='ltr'><strong>statim</strong></span> <span class='ocrx_word' id='word_1_281' title='bbox 693 1005 869 1041; x_wconf 81' lang='lat' dir='ltr'><strong>subdidit,et</strong></span> <span class='ocrx_word' id='word_1_282' title='bbox 884 1015 936 1046; x_wconf 91' lang='lat' dir='ltr'><strong>per</strong></span> <span class='ocrx_word' id='word_1_283' title='bbox 948 1005 997 1036; x_wconf 87' lang='lat' dir='ltr'><strong>Fi-</strong></span> 
     </span>
    </p>
   </div>
   <div class='ocr_carea' id='block_1_41' title="bbox 1056 1001 1859 1046">
    <p class='ocr_par' dir='ltr' id='par_1_41' title="bbox 1056 1001 1859 1042">
     <span class='ocr_line' id='line_1_41' title="bbox 1056 1001 1859 1042; baseline 0 -13"><span class='ocrx_word' id='word_1_284' title='bbox 1056 1003 1105 1030; x_wconf 64' lang='lat'><strong>7106</strong></span> <span class='ocrx_word' id='word_1_285' title='bbox 1126 1004 1244 1041; x_wconf 77' lang='grc' dir='ltr'><strong>πεφηνὸς</strong></span> <span class='ocrx_word' id='word_1_286' title='bbox 1272 1010 1331 1036; x_wconf 71' lang='grc' dir='ltr'>τοτε</span> <span class='ocrx_word' id='word_1_287' title='bbox 1359 1003 1516 1042; x_wconf 73' lang='grc' dir='ltr'>ἀνθρώποις,</span> <span class='ocrx_word' id='word_1_288' title='bbox 1546 1002 1618 1031; x_wconf 71' lang='grc' dir='ltr'>οῦδὲν</span> <span class='ocrx_word' id='word_1_289' title='bbox 1653 1001 1784 1041; x_wconf 72' lang='grc' dir='ltr'>διαφέρειν</span> <span class='ocrx_word' id='word_1_290' title='bbox 1806 1001 1859 1029; x_wconf 80' lang='grc' dir='ltr'>οἰό-</span> 
     </span>
    </p>
   </div>
   <div class='ocr_carea' id='block_1_42' title="bbox 177 1045 997 1090">
    <p class='ocr_par' dir='ltr' id='par_1_42' title="bbox 177 1049 997 1090">
     <span class='ocr_line' id='line_1_42' title="bbox 177 1049 997 1090; baseline 0 -11"><span class='ocrx_word' id='word_1_291' title='bbox 177 1049 248 1079; x_wconf 91' lang='lat' dir='ltr'><strong>lium</strong></span> <span class='ocrx_word' id='word_1_292' title='bbox 265 1049 437 1080; x_wconf 90' lang='lat' dir='ltr'><strong>hominibus</strong></span> <span class='ocrx_word' id='word_1_293' title='bbox 450 1049 595 1090; x_wconf 87' lang='lat' dir='ltr'><strong>apparuit,</strong></span> <span class='ocrx_word' id='word_1_294' title='bbox 615 1049 687 1080; x_wconf 89' lang='lat' dir='ltr'><strong>nihil</strong></span> <span class='ocrx_word' id='word_1_295' title='bbox 703 1050 823 1080; x_wconf 75' lang='lat' dir='ltr'><strong>ditl‘erre</strong></span> <span class='ocrx_word' id='word_1_296' title='bbox 838 1054 929 1086; x_wconf 87' lang='lat' dir='ltr'><strong>ratus,</strong></span> <span class='ocrx_word' id='word_1_297' title='bbox 947 1058 997 1089; x_wconf 90' lang='lat' dir='ltr'><strong>per</strong></span> 
     </span>
    </p>
   </div>
   <div class='ocr_carea' id='block_1_43' title="bbox 1056 1045 1858 1090">
    <p class='ocr_par' dir='ltr' id='par_1_43' title="bbox 1056 1045 1858 1088">
     <span class='ocr_line' id='line_1_43' title="bbox 1056 1045 1858 1088; baseline -0.001 -14"><span class='ocrx_word' id='word_1_298' title='bbox 1056 1057 1120 1079; x_wconf 84' lang='grc' dir='ltr'>,ενος</span> <span class='ocrx_word' id='word_1_299' title='bbox 1149 1045 1182 1074; x_wconf 79' lang='grc' dir='ltr'>δι’</span> <span class='ocrx_word' id='word_1_300' title='bbox 1219 1048 1278 1076; x_wconf 78' lang='grc' dir='ltr'>Υἱοῦ</span> <span class='ocrx_word' id='word_1_301' title='bbox 1311 1049 1429 1088; x_wconf 61' lang='grc' dir='ltr'>πεφηνὸς</span> <span class='ocrx_word' id='word_1_302' title='bbox 1458 1054 1516 1080; x_wconf 77' lang='grc' dir='ltr'>τοῖς</span> <span class='ocrx_word' id='word_1_303' title='bbox 1546 1046 1692 1086; x_wconf 78' lang='grc' dir='ltr'>ἀνθρώποις</span> <span class='ocrx_word' id='word_1_304' title='bbox 1718 1046 1807 1085; x_wconf 76' lang='grc' dir='ltr'>λέγειν</span> <span class='ocrx_word' id='word_1_305' title='bbox 1830 1046 1858 1074; x_wconf 84' lang='grc' dir='ltr'><strong>τὸ</strong></span> 
     </span>
    </p>
   </div>
   <div class='ocr_carea' id='block_1_44' title="bbox 178 1090 997 1134">
    <p class='ocr_par' dir='ltr' id='par_1_44' title="bbox 178 1093 997 1134">
     <span class='ocr_line' id='line_1_44' title="bbox 178 1093 997 1134; baseline 0 -11"><span class='ocrx_word' id='word_1_306' title='bbox 178 1093 285 1125; x_wconf 85' lang='lat' dir='ltr'><strong>Filium</strong></span> <span class='ocrx_word' id='word_1_307' title='bbox 300 1102 447 1134; x_wconf 88' lang='lat' dir='ltr'><strong>apparere</strong></span> <span class='ocrx_word' id='word_1_308' title='bbox 462 1093 603 1133; x_wconf 91' lang='lat' dir='ltr'><strong>Spiritum</strong></span> <span class='ocrx_word' id='word_1_309' title='bbox 634 1094 816 1134; x_wconf 88' lang='lat' dir='ltr'><strong>hominibus,</strong></span> <span class='ocrx_word' id='word_1_310' title='bbox 842 1101 871 1124; x_wconf 88' lang='lat' dir='ltr'><strong>et</strong></span> <span class='ocrx_word' id='word_1_311' title='bbox 887 1103 940 1134; x_wconf 87' lang='lat' dir='ltr'><strong>per</strong></span> <span class='ocrx_word' id='word_1_312' title='bbox 953 1093 997 1125; x_wconf 84' lang='lat' dir='ltr'><strong>Fi-</strong></span> 
     </span>
    </p>
   </div>
   <div class='ocr_carea' id='block_1_45' title="bbox 1056 1090 1859 1134">
    <p class='ocr_par' dir='ltr' id='par_1_45' title="bbox 1056 1090 1859 1133">
     <span class='ocr_line' id='line_1_45' title="bbox 1056 1090 1859 1133; baseline -0.001 -14"><span class='ocrx_word' id='word_1_313' title='bbox 1056 1093 1148 1128; x_wconf 78' lang='grc' dir='ltr'>Ινεῦμα</span> <span class='ocrx_word' id='word_1_314' title='bbox 1176 1092 1220 1119; x_wconf 80' lang='grc' dir='ltr'>καὶ</span> <span class='ocrx_word' id='word_1_315' title='bbox 1251 1091 1283 1119; x_wconf 77' lang='grc' dir='ltr'>δι’</span> <span class='ocrx_word' id='word_1_316' title='bbox 1315 1093 1385 1128; x_wconf 64' lang='lat' dir='ltr'><strong>Tim},</strong></span> <span class='ocrx_word' id='word_1_317' title='bbox 1411 1092 1540 1133; x_wconf 80' lang='grc' dir='ltr'>ῦπάρχειν</span> <span class='ocrx_word' id='word_1_318' title='bbox 1556 1092 1618 1120; x_wconf 71' lang='grc' dir='ltr'>αὐτὸ</span> <span class='ocrx_word' id='word_1_319' title='bbox 1645 1090 1675 1118; x_wconf 79' lang='grc' dir='ltr'><strong>ἐκ</strong></span> <span class='ocrx_word' id='word_1_320' title='bbox 1689 1091 1803 1130; x_wconf 66' lang='grc' dir='ltr'>Πατρὸς,</span> <span class='ocrx_word' id='word_1_321' title='bbox 1832 1091 1859 1119; x_wconf 77' lang='grc' dir='ltr'><strong>Εἰ</strong></span> 
     </span>
    </p>
   </div>
   <div class='ocr_carea' id='block_1_46' title="bbox 178 1134 997 1178">
    <p class='ocr_par' dir='ltr' id='par_1_46' title="bbox 178 1137 997 1178">
     <span class='ocr_line' id='line_1_46' title="bbox 178 1137 997 1178; baseline 0 -10"><span class='ocrx_word' id='word_1_322' title='bbox 178 1137 250 1168; x_wconf 89' lang='lat' dir='ltr'><strong>lium</strong></span> <span class='ocrx_word' id='word_1_323' title='bbox 266 1137 361 1177; x_wconf 87' lang='lat' dir='ltr'><strong>ipsum</strong></span> <span class='ocrx_word' id='word_1_324' title='bbox 382 1147 417 1168; x_wconf 80' lang='lat' dir='ltr'><strong>ex</strong></span> <span class='ocrx_word' id='word_1_325' title='bbox 450 1137 536 1169; x_wconf 87' lang='lat' dir='ltr'><strong>Patre</strong></span> <span class='ocrx_word' id='word_1_326' title='bbox 563 1138 717 1169; x_wconf 70' lang='lat' dir='ltr'><strong>exsi~tere.</strong></span> <span class='ocrx_word' id='word_1_327' title='bbox 748 1138 866 1168; x_wconf 86' lang='lat' dir='ltr'><strong>Etenim</strong></span> <span class='ocrx_word' id='word_1_328' title='bbox 897 1138 921 1169; x_wconf 93' lang='lat' dir='ltr'><strong>si</strong></span> <span class='ocrx_word' id='word_1_329' title='bbox 948 1147 997 1178; x_wconf 87' lang='lat' dir='ltr'><strong>per</strong></span> 
     </span>
    </p>
   </div>
   <div class='ocr_carea' id='block_1_47' title="bbox 1056 1134 1858 1178">
    <p class='ocr_par' dir='ltr' id='par_1_47' title="bbox 1056 1134 1858 1176">
     <span class='ocr_line' id='line_1_47' title="bbox 1056 1134 1858 1176; baseline 0 -14"><span class='ocrx_word' id='word_1_330' title='bbox 1056 1136 1141 1174; x_wconf 79' lang='grc' dir='ltr'>,ἡγὰρ</span> <span class='ocrx_word' id='word_1_331' title='bbox 1153 1136 1258 1176; x_wconf 78' lang='grc' dir='ltr'>ὑπῆρχε</span> <span class='ocrx_word' id='word_1_332' title='bbox 1286 1135 1319 1164; x_wconf 83' lang='grc' dir='ltr'>δι’</span> <span class='ocrx_word' id='word_1_333' title='bbox 1357 1138 1428 1173; x_wconf 74' lang='grc' dir='ltr'>Υἱοῦ,</span> <span class='ocrx_word' id='word_1_334' title='bbox 1459 1137 1506 1165; x_wconf 68' lang='grc' dir='ltr'>οῦκ</span> <span class='ocrx_word' id='word_1_335' title='bbox 1531 1135 1561 1164; x_wconf 80' lang='grc' dir='ltr'>ἆν</span> <span class='ocrx_word' id='word_1_336' title='bbox 1589 1134 1612 1162; x_wconf 79' lang='grc' dir='ltr'><strong>δι</strong></span> <span class='ocrx_word' id='word_1_337' title='bbox 1647 1136 1706 1163; x_wconf 78' lang='grc' dir='ltr'>Υὶοῦ</span> <span class='ocrx_word' id='word_1_338' title='bbox 1741 1135 1858 1175; x_wconf 75' lang='grc' dir='ltr'>πεφηνὸς</span> 
     </span>
    </p>
   </div>
   <div class='ocr_carea' id='block_1_48' title="bbox 178 1178 997 1223">
    <p class='ocr_par' dir='ltr' id='par_1_48' title="bbox 178 1182 997 1223">
     <span class='ocr_line' id='line_1_48' title="bbox 178 1182 997 1223; baseline 0 -10"><span class='ocrx_word' id='word_1_339' title='bbox 178 1182 285 1213; x_wconf 80' lang='lat' dir='ltr'><strong>Filium</strong></span> <span class='ocrx_word' id='word_1_340' title='bbox 301 1192 358 1213; x_wconf 92' lang='lat' dir='ltr'><strong>non</strong></span> <span class='ocrx_word' id='word_1_341' title='bbox 370 1182 537 1218; x_wconf 64' lang='lat' dir='ltr'><strong>exsisteret.</strong></span> <span class='ocrx_word' id='word_1_342' title='bbox 566 1192 714 1223; x_wconf 87' lang='lat' dir='ltr'><strong>nunquam</strong></span> <span class='ocrx_word' id='word_1_343' title='bbox 741 1191 795 1223; x_wconf 89' lang='lat' dir='ltr'><strong>per</strong></span> <span class='ocrx_word' id='word_1_344' title='bbox 823 1183 928 1213; x_wconf 82' lang='lat' dir='ltr'><strong>Filium</strong></span> <span class='ocrx_word' id='word_1_345' title='bbox 946 1183 997 1213; x_wconf 86' lang='lat' dir='ltr'><strong>ho-</strong></span> 
     </span>
    </p>
   </div>
   <div class='ocr_carea' id='block_1_49' title="bbox 1056 1178 1857 1223">
    <p class='ocr_par' dir='ltr' id='par_1_49' title="bbox 1056 1178 1857 1219">
     <span class='ocr_line' id='line_1_49' title="bbox 1056 1178 1857 1219; baseline -0.002 -12"><span class='ocrx_word' id='word_1_346' title='bbox 1056 1192 1073 1213; x_wconf 54' lang='grc' dir='ltr'>ιν</span> <span class='ocrx_word' id='word_1_347' title='bbox 1088 1186 1146 1211; x_wconf 71' lang='grc' dir='ltr'>τοῖς</span> <span class='ocrx_word' id='word_1_348' title='bbox 1161 1180 1317 1219; x_wconf 76' lang='grc' dir='ltr'>ἀνθρώποις,</span> <span class='ocrx_word' id='word_1_349' title='bbox 1346 1184 1391 1209; x_wconf 89' lang='grc' dir='ltr'><strong>τοῦ</strong></span> <span class='ocrx_word' id='word_1_350' title='bbox 1415 1181 1453 1218; x_wconf 79' lang='grc' dir='ltr'>μὴ</span> <span class='ocrx_word' id='word_1_351' title='bbox 1481 1179 1676 1219; x_wconf 77' lang='grc' dir='ltr'>λιιτουργικῶς,</span> <span class='ocrx_word' id='word_1_352' title='bbox 1703 1178 1773 1215; x_wconf 80' lang='grc' dir='ltr'><strong>μῆδὲ</strong></span> <span class='ocrx_word' id='word_1_353' title='bbox 1787 1180 1857 1212; x_wconf 81' lang='grc' dir='ltr'>ὑπη-</span> 
     </span>
    </p>
   </div>
   <div class='ocr_carea' id='block_1_50' title="bbox 179 1222 997 1267">
    <p class='ocr_par' dir='ltr' id='par_1_50' title="bbox 179 1222 996 1267">
     <span class='ocr_line' id='line_1_50' title="bbox 179 1222 996 1267; baseline 0 -10"><span class='ocrx_word' id='word_1_354' title='bbox 179 1225 308 1257; x_wconf 91' lang='lat' dir='ltr'><strong>minibus</strong></span> <span class='ocrx_word' id='word_1_355' title='bbox 322 1227 544 1267; x_wconf 78' lang='lat' dir='ltr'><strong>appareret,qui</strong></span> <span class='ocrx_word' id='word_1_356' title='bbox 557 1237 615 1257; x_wconf 92' lang='lat' dir='ltr'><strong>non</strong></span> <span class='ocrx_word' id='word_1_357' title='bbox 627 1222 878 1258; x_wconf 77' lang='lat' dir='ltr'><strong>administratorio</strong></span> <span class='ocrx_word' id='word_1_358' title='bbox 896 1227 996 1264; x_wconf 93' lang='lat' dir='ltr'><strong>modo,</strong></span> 
     </span>
    </p>
   </div>
   <div class='ocr_carea' id='block_1_51' title="bbox 1056 1222 1858 1267">
    <p class='ocr_par' dir='ltr' id='par_1_51' title="bbox 1058 1222 1858 1267">
     <span class='ocr_line' id='line_1_51' title="bbox 1058 1222 1858 1267; baseline -0.003 -15"><span class='ocrx_word' id='word_1_359' title='bbox 1058 1227 1150 1256; x_wconf 73' lang='grc' dir='ltr'>ιτικῶς</span> <span class='ocrx_word' id='word_1_360' title='bbox 1178 1225 1227 1258; x_wconf 77' lang='grc' dir='ltr'>τὴν</span> <span class='ocrx_word' id='word_1_361' title='bbox 1255 1228 1300 1253; x_wconf 84' lang='grc' dir='ltr'><strong>τοῦ</strong></span> <span class='ocrx_word' id='word_1_362' title='bbox 1328 1226 1478 1262; x_wconf 74' lang='grc' dir='ltr'>Πνεύμιτος</span> <span class='ocrx_word' id='word_1_363' title='bbox 1513 1224 1643 1264; x_wconf 72' lang='grc' dir='ltr'>χορηγίαν</span> <span class='ocrx_word' id='word_1_364' title='bbox 1684 1230 1743 1267; x_wconf 74' lang='grc' dir='ltr'>τοῖς</span> <span class='ocrx_word' id='word_1_365' title='bbox 1782 1222 1858 1256; x_wconf 74' lang='grc' dir='ltr'>ἀξίοις</span> 
     </span>
    </p>
   </div>
   <div class='ocr_carea' id='block_1_52' title="bbox 178 1265 997 1312">
    <p class='ocr_par' dir='ltr' id='par_1_52' title="bbox 178 1265 996 1312">
     <span class='ocr_line' id='line_1_52' title="bbox 178 1265 996 1312; baseline 0.001 -11"><span class='ocrx_word' id='word_1_366' title='bbox 178 1280 274 1311; x_wconf 88' lang='lat' dir='ltr'><strong>neque</strong></span> <span class='ocrx_word' id='word_1_367' title='bbox 288 1265 388 1302; x_wconf 80' lang='lat' dir='ltr'><strong>servili</strong></span> <span class='ocrx_word' id='word_1_368' title='bbox 399 1265 525 1312; x_wconf 73' lang='lat' dir='ltr'><strong>Spiritus</strong></span> <span class='ocrx_word' id='word_1_369' title='bbox 535 1271 802 1311; x_wconf 56' lang='lat' dir='ltr'><strong>suppr-dilationem</strong></span> <span class='ocrx_word' id='word_1_370' title='bbox 818 1272 915 1311; x_wconf 84' lang='lat' dir='ltr'><strong>dignis</strong></span> <span class='ocrx_word' id='word_1_371' title='bbox 925 1271 996 1302; x_wconf 87' lang='lat' dir='ltr'><strong>sub-</strong></span> 
     </span>
    </p>
   </div>
   <div class='ocr_carea' id='block_1_53' title="bbox 1056 1265 1858 1312">
    <p class='ocr_par' dir='ltr' id='par_1_53' title="bbox 1056 1265 1858 1308">
     <span class='ocr_line' id='line_1_53' title="bbox 1056 1265 1858 1308; baseline 0 -13"><span class='ocrx_word' id='word_1_372' title='bbox 1056 1269 1219 1308; x_wconf 69' lang='grc' dir='ltr'>ιανὲμοντος,</span> <span class='ocrx_word' id='word_1_373' title='bbox 1247 1268 1376 1297; x_wconf 76' lang='grc' dir='ltr'>κάλλιστα</span> <span class='ocrx_word' id='word_1_374' title='bbox 1391 1268 1418 1297; x_wconf 75' lang='grc' dir='ltr'>δὲ</span> <span class='ocrx_word' id='word_1_375' title='bbox 1447 1272 1524 1297; x_wconf 83' lang='grc' dir='ltr'>τοῦτο</span> <span class='ocrx_word' id='word_1_376' title='bbox 1550 1269 1627 1300; x_wconf 68' lang='grc' dir='ltr'>αὐτὸς</span> <span class='ocrx_word' id='word_1_377' title='bbox 1649 1268 1664 1297; x_wconf 80' lang='grc' dir='ltr'><strong>ὁ</strong></span> <span class='ocrx_word' id='word_1_378' title='bbox 1685 1265 1764 1306; x_wconf 72' lang='grc' dir='ltr'>ἅγιος</span> <span class='ocrx_word' id='word_1_379' title='bbox 1787 1268 1858 1295; x_wconf 82' lang='grc' dir='ltr'>συνί-</span> 
     </span>
    </p>
   </div>
   <div class='ocr_carea' id='block_1_54' title="bbox 178 1311 997 1356">
    <p class='ocr_par' dir='ltr' id='par_1_54' title="bbox 178 1315 997 1356">
     <span class='ocr_line' id='line_1_54' title="bbox 178 1315 997 1356; baseline 0.001 -11"><span class='ocrx_word' id='word_1_380' title='bbox 178 1315 338 1352; x_wconf 89' lang='lat' dir='ltr'><strong>ministrat,</strong></span> <span class='ocrx_word' id='word_1_381' title='bbox 357 1316 434 1356; x_wconf 91' lang='lat' dir='ltr'><strong>quod</strong></span> <span class='ocrx_word' id='word_1_382' title='bbox 451 1316 561 1356; x_wconf 83' lang='lat' dir='ltr'><strong>optime</strong></span> <span class='ocrx_word' id='word_1_383' title='bbox 575 1320 695 1346; x_wconf 79' lang='lat' dir='ltr'><strong>sanctus</strong></span> <span class='ocrx_word' id='word_1_384' title='bbox 711 1316 912 1356; x_wconf 79' lang='lat' dir='ltr'><strong>comprobavit</strong></span> <span class='ocrx_word' id='word_1_385' title='bbox 929 1315 997 1346; x_wconf 86' lang='lat' dir='ltr'><strong>sub-</strong></span> 
     </span>
    </p>
   </div>
   <div class='ocr_carea' id='block_1_55' title="bbox 1056 1311 1859 1356">
    <p class='ocr_par' dir='ltr' id='par_1_55' title="bbox 1057 1311 1859 1352">
     <span class='ocr_line' id='line_1_55' title="bbox 1057 1311 1859 1352; baseline 0.001 -13"><span class='ocrx_word' id='word_1_386' title='bbox 1057 1323 1132 1346; x_wconf 84' lang='grc' dir='ltr'>τησιν</span> <span class='ocrx_word' id='word_1_387' title='bbox 1147 1313 1289 1352; x_wconf 77' lang='grc' dir='ltr'>ἐπαγαγὼν</span> <span class='ocrx_word' id='word_1_388' title='bbox 1309 1314 1351 1350; x_wconf 69' lang='grc' dir='ltr'>τὸ,</span> <span class='ocrx_word' id='word_1_389' title='bbox 1371 1323 1382 1338; x_wconf 75' lang='grc' dir='ltr'>ι</span> <span class='ocrx_word' id='word_1_390' title='bbox 1399 1314 1475 1341; x_wconf 73' lang='grc' dir='ltr'>εἰκὼν</span> <span class='ocrx_word' id='word_1_391' title='bbox 1503 1316 1549 1341; x_wconf 88' lang='grc' dir='ltr'><strong>τοῦ</strong></span> <span class='ocrx_word' id='word_1_392' title='bbox 1581 1312 1641 1340; x_wconf 70' lang='grc' dir='ltr'><strong>Ποῦ</strong></span> <span class='ocrx_word' id='word_1_393' title='bbox 1680 1311 1783 1340; x_wconf 78' lang='grc' dir='ltr'>τιλειου</span> <span class='ocrx_word' id='word_1_394' title='bbox 1813 1323 1859 1340; x_wconf 82' lang='grc' dir='ltr'>τε-</span> 
     </span>
    </p>
   </div>
   <div class='ocr_carea' id='block_1_56' title="bbox 177 1356 997 1400">
    <p class='ocr_par' dir='ltr' id='par_1_56' title="bbox 177 1358 996 1400">
     <span class='ocr_line' id='line_1_56' title="bbox 177 1358 996 1400; baseline 0.001 -11"><span class='ocrx_word' id='word_1_395' title='bbox 177 1358 252 1390; x_wconf 89' lang='lat' dir='ltr'><strong>dens</strong></span> <span class='ocrx_word' id='word_1_396' title='bbox 264 1360 334 1390; x_wconf 87' lang='lat' dir='ltr'><strong>illud</strong></span> <span class='ocrx_word' id='word_1_397' title='bbox 352 1370 359 1392; x_wconf 86' lang='lat'><strong>:</strong></span> <span class='ocrx_word' id='word_1_398' title='bbox 378 1360 490 1400; x_wconf 74' lang='lat' dir='ltr'><strong>«imago</strong></span> <span class='ocrx_word' id='word_1_399' title='bbox 503 1359 568 1391; x_wconf 80' lang='lat' dir='ltr'><strong>Filii</strong></span> <span class='ocrx_word' id='word_1_400' title='bbox 580 1360 700 1400; x_wconf 81' lang='lat' dir='ltr'><strong>perfecti</strong></span> <span class='ocrx_word' id='word_1_401' title='bbox 713 1361 853 1400; x_wconf 83' lang='lat' dir='ltr'><strong>perfecta.</strong></span> <span class='ocrx_word' id='word_1_402' title='bbox 874 1373 884 1389; x_wconf 74' lang='grc' dir='ltr'><strong>ι</strong></span> <span class='ocrx_word' id='word_1_403' title='bbox 903 1361 996 1392; x_wconf 84' lang='lat' dir='ltr'><strong>Nam-</strong></span> 
     </span>
    </p>
   </div>
   <div class='ocr_carea' id='block_1_57' title="bbox 1056 1356 1858 1400">
    <p class='ocr_par' dir='ltr' id='par_1_57' title="bbox 1057 1356 1858 1397">
     <span class='ocr_line' id='line_1_57' title="bbox 1057 1356 1858 1397; baseline 0 -13"><span class='ocrx_word' id='word_1_404' title='bbox 1057 1358 1107 1388; x_wconf 76' lang='grc' dir='ltr'>εῗα.</span> <span class='ocrx_word' id='word_1_405' title='bbox 1126 1370 1136 1385; x_wconf 82' lang='grc' dir='ltr'>ι</span> <span class='ocrx_word' id='word_1_406' title='bbox 1156 1358 1185 1386; x_wconf 82' lang='grc' dir='ltr'><strong>Εἰ</strong></span> <span class='ocrx_word' id='word_1_407' title='bbox 1206 1358 1256 1397; x_wconf 81' lang='grc' dir='ltr'><strong>γὰρ</strong></span> <span class='ocrx_word' id='word_1_408' title='bbox 1272 1359 1307 1389; x_wconf 86' lang='grc' dir='ltr'>ὡς</span> <span class='ocrx_word' id='word_1_409' title='bbox 1323 1359 1345 1386; x_wconf 80' lang='grc' dir='ltr'>οἱ</span> <span class='ocrx_word' id='word_1_410' title='bbox 1374 1356 1554 1397; x_wconf 75' lang='grc' dir='ltr'>ἀντιλέγοντες</span> <span class='ocrx_word' id='word_1_411' title='bbox 1589 1356 1741 1396; x_wconf 67' lang='grc' dir='ltr'>βοίλοντιι,</span> <span class='ocrx_word' id='word_1_412' title='bbox 1757 1357 1796 1394; x_wconf 76' lang='grc' dir='ltr'>μὴ</span> <span class='ocrx_word' id='word_1_413' title='bbox 1818 1356 1858 1385; x_wconf 74' lang='grc' dir='ltr'><strong>διὰ</strong></span> 
     </span>
    </p>
   </div>
   <div class='ocr_carea' id='block_1_58' title="bbox 178 1403 997 1445">
    <p class='ocr_par' dir='ltr' id='par_1_58' title="bbox 178 1404 997 1445">
     <span class='ocr_line' id='line_1_58' title="bbox 178 1404 997 1445; baseline 0.001 -11"><span class='ocrx_word' id='word_1_414' title='bbox 178 1413 235 1444; x_wconf 91' lang='lat' dir='ltr'><strong>que</strong></span> <span class='ocrx_word' id='word_1_415' title='bbox 251 1404 288 1440; x_wconf 89' lang='lat' dir='ltr'><strong>si,</strong></span> <span class='ocrx_word' id='word_1_416' title='bbox 305 1404 400 1444; x_wconf 89' lang='lat' dir='ltr'><strong>utqui</strong></span> <span class='ocrx_word' id='word_1_417' title='bbox 427 1413 494 1435; x_wconf 86' lang='lat' dir='ltr'><strong>sese</strong></span> <span class='ocrx_word' id='word_1_418' title='bbox 524 1408 686 1445; x_wconf 81' lang='lat' dir='ltr'><strong>opponunt,</strong></span> <span class='ocrx_word' id='word_1_419' title='bbox 717 1405 913 1445; x_wconf 87' lang='lat' dir='ltr'><strong>contendunt,</strong></span> <span class='ocrx_word' id='word_1_420' title='bbox 938 1414 997 1435; x_wconf 91' lang='lat' dir='ltr'><strong>non</strong></span> 
     </span>
    </p>
   </div>
   <div class='ocr_carea' id='block_1_59' title="bbox 1056 1403 1859 1445">
    <p class='ocr_par' dir='ltr' id='par_1_59' title="bbox 1058 1403 1859 1443">
     <span class='ocr_line' id='line_1_59' title="bbox 1058 1403 1859 1443; baseline -0.002 -11"><span class='ocrx_word' id='word_1_421' title='bbox 1058 1404 1085 1432; x_wconf 72' lang='grc' dir='ltr'>οὗ</span> <span class='ocrx_word' id='word_1_422' title='bbox 1105 1404 1164 1432; x_wconf 80' lang='grc' dir='ltr'>Υἱοῦ</span> <span class='ocrx_word' id='word_1_423' title='bbox 1179 1403 1308 1443; x_wconf 72' lang='grc' dir='ltr'>ὑπάρχειν</span> <span class='ocrx_word' id='word_1_424' title='bbox 1336 1404 1366 1432; x_wconf 80' lang='grc' dir='ltr'><strong>τὸ</strong></span> <span class='ocrx_word' id='word_1_425' title='bbox 1395 1404 1499 1441; x_wconf 75' lang='grc' dir='ltr'>Πνεῦμά</span> <span class='ocrx_word' id='word_1_426' title='bbox 1527 1403 1627 1443; x_wconf 76' lang='grc' dir='ltr'>ἐφρόνει</span> <span class='ocrx_word' id='word_1_427' title='bbox 1654 1404 1668 1430; x_wconf 80' lang='grc' dir='ltr'>ὁ</span> <span class='ocrx_word' id='word_1_428' title='bbox 1695 1403 1786 1442; x_wconf 78' lang='grc' dir='ltr'>ἅγιος,</span> <span class='ocrx_word' id='word_1_429' title='bbox 1813 1405 1859 1432; x_wconf 76' lang='grc' dir='ltr'>οὒκ</span> 
     </span>
    </p>
   </div>
   <div class='ocr_carea' id='block_1_60' title="bbox 180 1446 997 1491">
    <p class='ocr_par' dir='ltr' id='par_1_60' title="bbox 180 1448 997 1491">
     <span class='ocr_line' id='line_1_60' title="bbox 180 1448 997 1491; baseline 0.001 -12"><span class='ocrx_word' id='word_1_430' title='bbox 180 1458 234 1488; x_wconf 90' lang='lat' dir='ltr'><strong>per</strong></span> <span class='ocrx_word' id='word_1_431' title='bbox 243 1448 351 1480; x_wconf 90' lang='lat' dir='ltr'><strong>Filium</strong></span> <span class='ocrx_word' id='word_1_432' title='bbox 361 1449 502 1489; x_wconf 84' lang='lat' dir='ltr'><strong>Spiritum</strong></span> <span class='ocrx_word' id='word_1_433' title='bbox 516 1449 657 1479; x_wconf 82' lang='lat' dir='ltr'><strong>exsistere</strong></span> <span class='ocrx_word' id='word_1_434' title='bbox 681 1454 800 1480; x_wconf 88' lang='lat' dir='ltr'><strong>sanctus</strong></span> <span class='ocrx_word' id='word_1_435' title='bbox 814 1449 997 1491; x_wconf 78' lang='lat' dir='ltr'><strong>opinaretur,</strong></span> 
     </span>
    </p>
   </div>
   <div class='ocr_carea' id='block_1_61' title="bbox 1056 1446 1859 1491">
    <p class='ocr_par' dir='ltr' id='par_1_61' title="bbox 1056 1446 1859 1486">
     <span class='ocr_line' id='line_1_61' title="bbox 1056 1446 1859 1486; baseline 0.002 -12"><span class='ocrx_word' id='word_1_436' title='bbox 1056 1447 1072 1474; x_wconf 74' lang='grc' dir='ltr'>’ν</span> <span class='ocrx_word' id='word_1_437' title='bbox 1085 1447 1147 1477; x_wconf 75' lang='grc' dir='ltr'><strong>αὒτό</strong></span> <span class='ocrx_word' id='word_1_438' title='bbox 1161 1447 1250 1476; x_wconf 80' lang='grc' dir='ltr'>εἰκότα</span> <span class='ocrx_word' id='word_1_439' title='bbox 1264 1447 1372 1476; x_wconf 66' lang='grc' dir='ltr'>ἐκάλεσε</span> <span class='ocrx_word' id='word_1_440' title='bbox 1386 1452 1432 1476; x_wconf 87' lang='grc' dir='ltr'><strong>τοῦ</strong></span> <span class='ocrx_word' id='word_1_441' title='bbox 1452 1450 1521 1479; x_wconf 81' lang='grc' dir='ltr'>Υἱοῦ,</span> <span class='ocrx_word' id='word_1_442' title='bbox 1538 1446 1675 1475; x_wconf 77' lang='grc' dir='ltr'>Ἀδύνατον</span> <span class='ocrx_word' id='word_1_443' title='bbox 1705 1449 1755 1486; x_wconf 73' lang='grc' dir='ltr'>γὰρ</span> <span class='ocrx_word' id='word_1_444' title='bbox 1773 1448 1859 1476; x_wconf 64' lang='grc' dir='ltr'>εἰκόνα</span> 
     </span>
    </p>
   </div>
   <div class='ocr_carea' id='block_1_62' title="bbox 178 1489 997 1534">
    <p class='ocr_par' dir='ltr' id='par_1_62' title="bbox 178 1489 997 1534">
     <span class='ocr_line' id='line_1_62' title="bbox 178 1489 997 1534; baseline 0.002 -11"><span class='ocrx_word' id='word_1_445' title='bbox 178 1502 327 1534; x_wconf 91' lang='lat' dir='ltr'><strong>nunquam</strong></span> <span class='ocrx_word' id='word_1_446' title='bbox 344 1493 426 1524; x_wconf 90' lang='lat' dir='ltr'><strong>illnm</strong></span> <span class='ocrx_word' id='word_1_447' title='bbox 441 1493 600 1532; x_wconf 81' lang='lat' dir='ltr'><strong>imaginem</strong></span> <span class='ocrx_word' id='word_1_448' title='bbox 616 1493 683 1524; x_wconf 87' lang='lat' dir='ltr'><strong>Filii</strong></span> <span class='ocrx_word' id='word_1_449' title='bbox 699 1498 908 1534; x_wconf 89' lang='lat' dir='ltr'><strong>nuncupasset.</strong></span> <span class='ocrx_word' id='word_1_450' title='bbox 919 1489 997 1525; x_wconf 88' lang='lat' dir='ltr'><strong>Fieri</strong></span> 
     </span>
    </p>
   </div>
   <div class='ocr_carea' id='block_1_63' title="bbox 1056 1489 1861 1534">
    <p class='ocr_par' dir='ltr' id='par_1_63' title="bbox 1057 1491 1861 1532">
     <span class='ocr_line' id='line_1_63' title="bbox 1057 1491 1861 1532; baseline 0.001 -13"><span class='ocrx_word' id='word_1_451' title='bbox 1057 1495 1086 1520; x_wconf 80' lang='grc' dir='ltr'>οὐ</span> <span class='ocrx_word' id='word_1_452' title='bbox 1105 1492 1164 1520; x_wconf 72' lang='grc' dir='ltr'>Υἱοῦ</span> <span class='ocrx_word' id='word_1_453' title='bbox 1178 1491 1307 1526; x_wconf 72' lang='grc' dir='ltr'>κληθῆναι</span> <span class='ocrx_word' id='word_1_454' title='bbox 1329 1493 1358 1521; x_wconf 81' lang='grc' dir='ltr'><strong>τὸ</strong></span> <span class='ocrx_word' id='word_1_455' title='bbox 1373 1493 1412 1531; x_wconf 83' lang='grc' dir='ltr'><strong>μὴ</strong></span> <span class='ocrx_word' id='word_1_456' title='bbox 1437 1493 1557 1532; x_wconf 72' lang='grc' dir='ltr'>ὑπάρχον</span> <span class='ocrx_word' id='word_1_457' title='bbox 1577 1491 1610 1520; x_wconf 80' lang='grc' dir='ltr'><strong>δι’</strong></span> <span class='ocrx_word' id='word_1_458' title='bbox 1626 1491 1704 1520; x_wconf 64' lang='grc' dir='ltr'>αὺτοῦ</span> <span class='ocrx_word' id='word_1_459' title='bbox 1731 1502 1760 1520; x_wconf 85' lang='grc' dir='ltr'><strong>τε</strong></span> <span class='ocrx_word' id='word_1_460' title='bbox 1777 1492 1821 1523; x_wconf 68' lang='grc' dir='ltr'><strong>καὶ</strong></span> <span class='ocrx_word' id='word_1_461' title='bbox 1835 1491 1861 1524; x_wconf 78' lang='grc' dir='ltr'>ιε</span> 
     </span>
    </p>
   </div>
   <div class='ocr_carea' id='block_1_64' title="bbox 179 1537 999 1578">
    <p class='ocr_par' dir='ltr' id='par_1_64' title="bbox 179 1537 999 1578">
     <span class='ocr_line' id='line_1_64' title="bbox 179 1537 999 1578; baseline 0.001 -10"><span class='ocrx_word' id='word_1_462' title='bbox 179 1538 258 1569; x_wconf 91' lang='lat' dir='ltr'><strong>enim</strong></span> <span class='ocrx_word' id='word_1_463' title='bbox 275 1539 387 1578; x_wconf 86' lang='lat' dir='ltr'><strong>nequit,</strong></span> <span class='ocrx_word' id='word_1_464' title='bbox 405 1542 438 1569; x_wconf 89' lang='lat' dir='ltr'><strong>ut</strong></span> <span class='ocrx_word' id='word_1_465' title='bbox 465 1537 563 1577; x_wconf 79' lang='lat' dir='ltr'><strong>imago</strong></span> <span class='ocrx_word' id='word_1_466' title='bbox 589 1537 657 1568; x_wconf 87' lang='lat' dir='ltr'><strong>Filii</strong></span> <span class='ocrx_word' id='word_1_467' title='bbox 688 1543 821 1575; x_wconf 78' lang='lat' dir='ltr'><strong>vocetur,</strong></span> <span class='ocrx_word' id='word_1_468' title='bbox 852 1538 930 1578; x_wconf 92' lang='lat' dir='ltr'><strong>quod</strong></span> <span class='ocrx_word' id='word_1_469' title='bbox 946 1547 999 1578; x_wconf 91' lang='lat' dir='ltr'><strong>per</strong></span> 
     </span>
    </p>
   </div>
   <div class='ocr_carea' id='block_1_65' title="bbox 177 1582 671 1623">
    <p class='ocr_par' dir='ltr' id='par_1_65' title="bbox 177 1582 671 1623">
     <span class='ocr_line' id='line_1_65' title="bbox 177 1582 671 1623; baseline -0.002 -10"><span class='ocrx_word' id='word_1_470' title='bbox 177 1582 286 1622; x_wconf 80' lang='lat' dir='ltr'><strong>ipsum,</strong></span> <span class='ocrx_word' id='word_1_471' title='bbox 299 1586 328 1613; x_wconf 89' lang='lat' dir='ltr'><strong>et</strong></span> <span class='ocrx_word' id='word_1_472' title='bbox 341 1592 375 1613; x_wconf 82' lang='lat' dir='ltr'><strong>ex</strong></span> <span class='ocrx_word' id='word_1_473' title='bbox 391 1582 455 1623; x_wconf 88' lang='lat' dir='ltr'><strong>ipso</strong></span> <span class='ocrx_word' id='word_1_474' title='bbox 471 1591 531 1612; x_wconf 91' lang='lat' dir='ltr'><strong>non</strong></span> <span class='ocrx_word' id='word_1_475' title='bbox 546 1582 671 1613; x_wconf 71' lang='lat' dir='ltr'><strong>exsislit.</strong></span> 
     </span>
    </p>
   </div>
   <div class='ocr_carea' id='block_1_66' title="bbox 247 1629 930 1669">
    <p class='ocr_par' dir='ltr' id='par_1_66' title="bbox 247 1629 930 1669">
     <span class='ocr_line' id='line_1_66' title="bbox 247 1629 930 1669; baseline 0 -11"><span class='ocrx_word' id='word_1_476' title='bbox 247 1629 392 1668; x_wconf 77' lang='lat' dir='ltr'><strong>Ejusdem</strong></span> <span class='ocrx_word' id='word_1_477' title='bbox 404 1637 441 1659; x_wconf 78' lang='lat' dir='ltr'><strong>ea:</strong></span> <span class='ocrx_word' id='word_1_478' title='bbox 457 1629 640 1668; x_wconf 59' lang='lat' dir='ltr'><strong>expositione</strong></span> <span class='ocrx_word' id='word_1_479' title='bbox 653 1629 724 1669; x_wconf 74' lang='lat' dir='ltr'><strong>ﬁdei</strong></span> <span class='ocrx_word' id='word_1_480' title='bbox 737 1629 930 1669; x_wconf 78' lang='lat' dir='ltr'><strong>particulari.</strong></span> 
     </span>
    </p>
   </div>
   <div class='ocr_carea' id='block_1_67' title="bbox 218 1674 997 1716">
    <p class='ocr_par' dir='ltr' id='par_1_67' title="bbox 218 1674 997 1716">
     <span class='ocr_line' id='line_1_67' title="bbox 218 1674 997 1716; baseline 0 -11"><span class='ocrx_word' id='word_1_481' title='bbox 218 1674 344 1705; x_wconf 83' lang='lat' dir='ltr'>CXXXI.</span> <span class='ocrx_word' id='word_1_482' title='bbox 363 1674 559 1705; x_wconf 74' lang='lat' dir='ltr'><strong>IConlitemur</strong></span> <span class='ocrx_word' id='word_1_483' title='bbox 569 1675 658 1714; x_wconf 78' lang='lat' dir='ltr'><strong>igitur</strong></span> <span class='ocrx_word' id='word_1_484' title='bbox 667 1684 757 1706; x_wconf 92' lang='lat' dir='ltr'><strong>unum</strong></span> <span class='ocrx_word' id='word_1_485' title='bbox 775 1676 867 1707; x_wconf 91' lang='lat' dir='ltr'><strong>Deum</strong></span> <span class='ocrx_word' id='word_1_486' title='bbox 880 1683 997 1716; x_wconf 78' lang='lat' dir='ltr'><strong>verum,</strong></span> 
     </span>
    </p>
   </div>
   <div class='ocr_carea' id='block_1_68' title="bbox 180 1718 996 1759">
    <p class='ocr_par' dir='ltr' id='par_1_68' title="bbox 180 1718 996 1759">
     <span class='ocr_line' id='line_1_68' title="bbox 180 1718 996 1759; baseline 0.002 -11"><span class='ocrx_word' id='word_1_487' title='bbox 180 1731 192 1748; x_wconf 73' lang='grc' dir='ltr'>ι</span> <span class='ocrx_word' id='word_1_488' title='bbox 207 1728 300 1750; x_wconf 90' lang='lat' dir='ltr'><strong>unum</strong></span> <span class='ocrx_word' id='word_1_489' title='bbox 309 1718 501 1759; x_wconf 84' lang='lat' dir='ltr'><strong>principium,</strong></span> <span class='ocrx_word' id='word_1_490' title='bbox 517 1723 546 1749; x_wconf 91' lang='lat' dir='ltr'><strong>et</strong></span> <span class='ocrx_word' id='word_1_491' title='bbox 559 1729 649 1750; x_wconf 85' lang='lat' dir='ltr'><strong>unum</strong></span> <span class='ocrx_word' id='word_1_492' title='bbox 664 1719 771 1751; x_wconf 87' lang='lat' dir='ltr'><strong>Filium</strong></span> <span class='ocrx_word' id='word_1_493' title='bbox 785 1718 996 1756; x_wconf 87' lang='lat' dir='ltr'><strong>verum,Deum</strong></span> 
     </span>
    </p>
   </div>
   <div class='ocr_carea' id='block_1_69' title="bbox 181 1762 997 1804">
    <p class='ocr_par' dir='ltr' id='par_1_69' title="bbox 181 1762 997 1804">
     <span class='ocr_line' id='line_1_69' title="bbox 181 1762 997 1804; baseline 0.005 -13"><span class='ocrx_word' id='word_1_494' title='bbox 181 1775 195 1791; x_wconf 79' lang='grc' dir='ltr'>ι</span> <span class='ocrx_word' id='word_1_495' title='bbox 214 1773 249 1794; x_wconf 83' lang='lat' dir='ltr'><strong>ex</strong></span> <span class='ocrx_word' id='word_1_496' title='bbox 261 1771 330 1793; x_wconf 89' lang='lat' dir='ltr'><strong>vero</strong></span> <span class='ocrx_word' id='word_1_497' title='bbox 341 1762 412 1802; x_wconf 90' lang='lat' dir='ltr'><strong>Deo,</strong></span> <span class='ocrx_word' id='word_1_498' title='bbox 436 1763 610 1794; x_wconf 86' lang='lat' dir='ltr'><strong>naturaliter</strong></span> <span class='ocrx_word' id='word_1_499' title='bbox 639 1767 792 1804; x_wconf 86' lang='lat' dir='ltr'><strong>paternam</strong></span> <span class='ocrx_word' id='word_1_500' title='bbox 814 1763 997 1795; x_wconf 88' lang='lat' dir='ltr'><strong>divinitatem</strong></span> 
     </span>
    </p>
   </div>
   <div class='ocr_carea' id='block_1_70' title="bbox 183 1807 998 1847">
    <p class='ocr_par' dir='ltr' id='par_1_70' title="bbox 183 1807 998 1847">
     <span class='ocr_line' id='line_1_70' title="bbox 183 1807 998 1847; baseline 0.002 -11"><span class='ocrx_word' id='word_1_501' title='bbox 183 1821 195 1836; x_wconf 75' lang='grc' dir='ltr'><strong>ι</strong></span> <span class='ocrx_word' id='word_1_502' title='bbox 214 1807 386 1847; x_wconf 83' lang='lat' dir='ltr'><strong>habentem,</strong></span> <span class='ocrx_word' id='word_1_503' title='bbox 404 1807 460 1838; x_wconf 90' lang='lat' dir='ltr'><strong>hoc</strong></span> <span class='ocrx_word' id='word_1_504' title='bbox 474 1812 519 1838; x_wconf 86' lang='lat' dir='ltr'><strong>est</strong></span> <span class='ocrx_word' id='word_1_505' title='bbox 531 1808 809 1839; x_wconf 82' lang='lat' dir='ltr'><strong>consubstantialem</strong></span> <span class='ocrx_word' id='word_1_506' title='bbox 839 1808 940 1846; x_wconf 84' lang='lat' dir='ltr'><strong>Patri;</strong></span> <span class='ocrx_word' id='word_1_507' title='bbox 969 1812 998 1839; x_wconf 91' lang='lat' dir='ltr'><strong>et</strong></span> 
     </span>
    </p>
   </div>
   <div class='ocr_carea' id='block_1_71' title="bbox 183 1850 996 1893">
    <p class='ocr_par' dir='ltr' id='par_1_71' title="bbox 183 1850 996 1893">
     <span class='ocr_line' id='line_1_71' title="bbox 183 1850 996 1893; baseline 0.002 -12"><span class='ocrx_word' id='word_1_508' title='bbox 183 1867 193 1881; x_wconf 83' lang='grc' dir='ltr'>ι</span> <span class='ocrx_word' id='word_1_509' title='bbox 210 1860 301 1881; x_wconf 92' lang='lat' dir='ltr'><strong>unum</strong></span> <span class='ocrx_word' id='word_1_510' title='bbox 318 1850 460 1891; x_wconf 88' lang='lat' dir='ltr'><strong>Spiritum</strong></span> <span class='ocrx_word' id='word_1_511' title='bbox 477 1858 625 1892; x_wconf 81' lang='lat' dir='ltr'><strong>sanctum,</strong></span> <span class='ocrx_word' id='word_1_512' title='bbox 643 1852 691 1893; x_wconf 90' lang='lat' dir='ltr'><strong>qui</strong></span> <span class='ocrx_word' id='word_1_513' title='bbox 715 1857 817 1883; x_wconf 89' lang='lat' dir='ltr'><strong>natura</strong></span> <span class='ocrx_word' id='word_1_514' title='bbox 831 1856 859 1883; x_wconf 86' lang='lat' dir='ltr'><strong>et</strong></span> <span class='ocrx_word' id='word_1_515' title='bbox 875 1853 996 1883; x_wconf 81' lang='lat' dir='ltr'><strong>veritate</strong></span> 
     </span>
    </p>
   </div>
   <div class='ocr_carea' id='block_1_72' title="bbox 181 1895 994 1934">
    <p class='ocr_par' dir='ltr' id='par_1_72' title="bbox 181 1895 994 1934">
     <span class='ocr_line' id='line_1_72' title="bbox 181 1895 994 1934; baseline 0.001 -8"><span class='ocrx_word' id='word_1_516' title='bbox 181 1909 193 1925; x_wconf 61' lang='grc' dir='ltr'><em>α</em></span> <span class='ocrx_word' id='word_1_517' title='bbox 209 1895 266 1926; x_wconf 89' lang='lat' dir='ltr'><strong>vim</strong></span> <span class='ocrx_word' id='word_1_518' title='bbox 283 1895 371 1926; x_wconf 85' lang='lat' dir='ltr'><strong>habet</strong></span> <span class='ocrx_word' id='word_1_519' title='bbox 395 1896 494 1927; x_wconf 86' lang='lat' dir='ltr'><strong>omnia</strong></span> <span class='ocrx_word' id='word_1_520' title='bbox 519 1897 734 1933; x_wconf 68' lang='lat' dir='ltr'><strong>sanctiﬁcanxli,</strong></span> <span class='ocrx_word' id='word_1_521' title='bbox 752 1901 778 1928; x_wconf 89' lang='lat' dir='ltr'><strong>et</strong></span> <span class='ocrx_word' id='word_1_522' title='bbox 795 1897 994 1934; x_wconf 83' lang='lat' dir='ltr'><strong>deiﬁcantem,</strong></span> 
     </span>
    </p>
   </div>
   <div class='ocr_carea' id='block_1_73' title="bbox 181 1939 661 1980">
    <p class='ocr_par' dir='ltr' id='par_1_73' title="bbox 181 1939 661 1980">
     <span class='ocr_line' id='line_1_73' title="bbox 181 1939 661 1980; baseline 0.006 -11"><span class='ocrx_word' id='word_1_523' title='bbox 181 1952 193 1969; x_wconf 77' lang='grc' dir='ltr'><strong>ι</strong></span> <span class='ocrx_word' id='word_1_524' title='bbox 210 1939 261 1980; x_wconf 90' lang='lat' dir='ltr'><strong>qui</strong></span> <span class='ocrx_word' id='word_1_525' title='bbox 275 1948 309 1970; x_wconf 84' lang='lat' dir='ltr'><strong>ex</strong></span> <span class='ocrx_word' id='word_1_526' title='bbox 325 1939 490 1971; x_wconf 89' lang='lat' dir='ltr'><strong>substantia</strong></span> <span class='ocrx_word' id='word_1_527' title='bbox 505 1941 558 1971; x_wconf 88' lang='lat' dir='ltr'><strong>Dei</strong></span> <span class='ocrx_word' id='word_1_528' title='bbox 574 1945 629 1973; x_wconf 82' lang='lat' dir='ltr'><strong>est.</strong></span> <span class='ocrx_word' id='word_1_529' title='bbox 650 1955 661 1968; x_wconf 81' lang='grc' dir='ltr'><strong><em>η</em></strong></span> 
     </span>
    </p>
   </div>
   <div class='ocr_carea' id='block_1_74' title="bbox 466 1988 708 2020">
    <p class='ocr_par' dir='ltr' id='par_1_74' title="bbox 466 1988 708 2020">
     <span class='ocr_line' id='line_1_74' title="bbox 466 1988 708 2020; baseline 0.004 -2"><span class='ocrx_word' id='word_1_530' title='bbox 466 1988 708 2020; x_wconf 78' lang='lat' dir='ltr'><strong>Animadversio.</strong></span> 
     </span>
    </p>
   </div>
   <div class='ocr_carea' id='block_1_75' title="bbox 221 2032 998 2074">
    <p class='ocr_par' dir='ltr' id='par_1_75' title="bbox 221 2032 998 2074">
     <span class='ocr_line' id='line_1_75' title="bbox 221 2032 998 2074; baseline 0.001 -11"><span class='ocrx_word' id='word_1_531' title='bbox 221 2044 235 2060; x_wconf 76' lang='grc' dir='ltr'>ι</span> <span class='ocrx_word' id='word_1_532' title='bbox 247 2032 414 2065; x_wconf 86' lang='lat' dir='ltr'><strong>Prudenter</strong></span> <span class='ocrx_word' id='word_1_533' title='bbox 428 2033 497 2064; x_wconf 90' lang='lat' dir='ltr'><strong>audi</strong></span> <span class='ocrx_word' id='word_1_534' title='bbox 510 2035 647 2066; x_wconf 88' lang='lat' dir='ltr'><strong>eumdem</strong></span> <span class='ocrx_word' id='word_1_535' title='bbox 663 2039 797 2067; x_wconf 87' lang='lat' dir='ltr'><strong>sanctum</strong></span> <span class='ocrx_word' id='word_1_536' title='bbox 812 2043 904 2066; x_wconf 88' lang='lat' dir='ltr'><strong>unum</strong></span> <span class='ocrx_word' id='word_1_537' title='bbox 917 2033 998 2074; x_wconf 90' lang='lat' dir='ltr'><strong>prin-</strong></span> 
     </span>
    </p>
   </div>
   <div class='ocr_carea' id='block_1_76' title="bbox 181 2076 998 2118">
    <p class='ocr_par' dir='ltr' id='par_1_76' title="bbox 181 2076 998 2118">
     <span class='ocr_line' id='line_1_76' title="bbox 181 2076 998 2118; baseline 0.002 -11"><span class='ocrx_word' id='word_1_538' title='bbox 181 2091 192 2107; x_wconf 81' lang='grc' dir='ltr'><strong>ι</strong></span> <span class='ocrx_word' id='word_1_539' title='bbox 209 2076 320 2117; x_wconf 89' lang='lat' dir='ltr'><strong>cipium</strong></span> <span class='ocrx_word' id='word_1_540' title='bbox 337 2078 454 2109; x_wconf 84' lang='lat' dir='ltr'><strong>Patrem</strong></span> <span class='ocrx_word' id='word_1_541' title='bbox 466 2078 632 2111; x_wconf 86' lang='lat' dir='ltr'><strong>edicentem</strong></span> <span class='ocrx_word' id='word_1_542' title='bbox 650 2089 702 2118; x_wconf 83' lang='lat' dir='ltr'><strong>;ex</strong></span> <span class='ocrx_word' id='word_1_543' title='bbox 718 2080 847 2111; x_wconf 88' lang='lat' dir='ltr'><strong>essentia</strong></span> <span class='ocrx_word' id='word_1_544' title='bbox 859 2088 929 2109; x_wconf 90' lang='lat' dir='ltr'><strong>vero</strong></span> <span class='ocrx_word' id='word_1_545' title='bbox 944 2078 998 2109; x_wconf 89' lang='lat' dir='ltr'><strong>Dei</strong></span> 
     </span>
    </p>
   </div>
   <div class='ocr_carea' id='block_1_77' title="bbox 181 2122 996 2164">
    <p class='ocr_par' dir='ltr' id='par_1_77' title="bbox 181 2122 996 2164">
     <span class='ocr_line' id='line_1_77' title="bbox 181 2122 996 2164; baseline 0.002 -13"><span class='ocrx_word' id='word_1_546' title='bbox 181 2136 193 2151; x_wconf 79' lang='grc' dir='ltr'>ι</span> <span class='ocrx_word' id='word_1_547' title='bbox 211 2130 288 2160; x_wconf 87' lang='lat' dir='ltr'><strong>esse,</strong></span> <span class='ocrx_word' id='word_1_548' title='bbox 304 2122 347 2152; x_wconf 89' lang='lat' dir='ltr'><strong>uti</strong></span> <span class='ocrx_word' id='word_1_549' title='bbox 361 2122 469 2163; x_wconf 86' lang='lat' dir='ltr'><strong>reliqui</strong></span> <span class='ocrx_word' id='word_1_550' title='bbox 484 2133 588 2155; x_wconf 88' lang='lat' dir='ltr'><strong>omnes</strong></span> <span class='ocrx_word' id='word_1_551' title='bbox 613 2125 706 2155; x_wconf 83' lang='lat' dir='ltr'><strong>sancti</strong></span> <span class='ocrx_word' id='word_1_552' title='bbox 731 2127 833 2156; x_wconf 89' lang='lat' dir='ltr'><strong>Patres</strong></span> <span class='ocrx_word' id='word_1_553' title='bbox 847 2124 996 2164; x_wconf 76' lang='lat' dir='ltr'><strong>dixerunt,</strong></span> 
     </span>
    </p>
   </div>
   <div class='ocr_carea' id='block_1_78' title="bbox 1040 1538 1127 1565">
    <p class='ocr_par' dir='ltr' id='par_1_78' title="bbox 1040 1538 1127 1565">
     <span class='ocr_line' id='line_1_78' title="bbox 1040 1538 1127 1565; baseline 0.011 -1"><span class='ocrx_word' id='word_1_554' title='bbox 1040 1538 1127 1565; x_wconf 73' lang='grc' dir='ltr'>αὒτοῦ.</span> 
     </span>
    </p>
   </div>
   <div class='ocr_carea' id='block_1_79' title="bbox 1152 1627 1736 1668">
    <p class='ocr_par' dir='ltr' id='par_1_79' title="bbox 1152 1627 1736 1668">
     <span class='ocr_line' id='line_1_79' title="bbox 1152 1627 1736 1668; baseline 0.002 -12"><span class='ocrx_word' id='word_1_555' title='bbox 1152 1631 1203 1656; x_wconf 85' lang='grc' dir='ltr'>Τοῦ</span> <span class='ocrx_word' id='word_1_556' title='bbox 1225 1627 1304 1658; x_wconf 73' lang='grc' dir='ltr'>αὗτοῦ</span> <span class='ocrx_word' id='word_1_557' title='bbox 1316 1629 1347 1656; x_wconf 66' lang='grc' dir='ltr'><strong>ἓν.</strong></span> <span class='ocrx_word' id='word_1_558' title='bbox 1360 1629 1408 1662; x_wconf 81' lang='grc' dir='ltr'>τῆς</span> <span class='ocrx_word' id='word_1_559' title='bbox 1423 1629 1491 1656; x_wconf 71' lang='grc' dir='ltr'>κατὰ</span> <span class='ocrx_word' id='word_1_560' title='bbox 1512 1628 1590 1668; x_wconf 82' lang='grc' dir='ltr'>μέρος</span> <span class='ocrx_word' id='word_1_561' title='bbox 1612 1629 1736 1661; x_wconf 82' lang='grc' dir='ltr'>πίστεως,</span> 
     </span>
    </p>
   </div>
   <div class='ocr_carea' id='block_1_80' title="bbox 1080 1669 1856 1716">
    <p class='ocr_par' dir='ltr' id='par_1_80' title="bbox 1080 1669 1856 1716">
     <span class='ocr_line' id='line_1_80' title="bbox 1080 1669 1856 1716; baseline 0 -13"><span class='ocrx_word' id='word_1_562' title='bbox 1080 1669 1164 1704; x_wconf 76' lang='grc' dir='ltr'><strong>ΡΔΔ’.</strong></span> <span class='ocrx_word' id='word_1_563' title='bbox 1188 1685 1200 1703; x_wconf 76' lang='grc' dir='ltr'>ι</span> <span class='ocrx_word' id='word_1_564' title='bbox 1218 1670 1413 1714; x_wconf 72' lang='grc' dir='ltr'>Ὀμολογοῦμεν</span> <span class='ocrx_word' id='word_1_565' title='bbox 1441 1676 1484 1703; x_wconf 79' lang='grc' dir='ltr'>οὖν</span> <span class='ocrx_word' id='word_1_566' title='bbox 1512 1675 1557 1703; x_wconf 76' lang='grc' dir='ltr'>ἕνα</span> <span class='ocrx_word' id='word_1_567' title='bbox 1588 1677 1664 1716; x_wconf 66' lang='grc' dir='ltr'>Θεὸν,</span> <span class='ocrx_word' id='word_1_568' title='bbox 1680 1676 1742 1713; x_wconf 77' lang='grc' dir='ltr'>μίαν</span> <span class='ocrx_word' id='word_1_569' title='bbox 1756 1675 1856 1716; x_wconf 74' lang='grc' dir='ltr'><strong>ἀρχὴν¹</strong></span> 
     </span>
    </p>
   </div>
   <div class='ocr_carea' id='block_1_81' title="bbox 1040 1717 1853 1760">
    <p class='ocr_par' dir='ltr' id='par_1_81' title="bbox 1040 1717 1853 1760">
     <span class='ocr_line' id='line_1_81' title="bbox 1040 1717 1853 1760; baseline 0.001 -12"><span class='ocrx_word' id='word_1_570' title='bbox 1040 1732 1050 1748; x_wconf 76' lang='grc' dir='ltr'>ι</span> <span class='ocrx_word' id='word_1_571' title='bbox 1069 1719 1112 1747; x_wconf 78' lang='grc' dir='ltr'><strong>καὶ</strong></span> <span class='ocrx_word' id='word_1_572' title='bbox 1133 1717 1178 1747; x_wconf 74' lang='grc' dir='ltr'>ἕνα</span> <span class='ocrx_word' id='word_1_573' title='bbox 1191 1720 1251 1747; x_wconf 80' lang='grc' dir='ltr'>Υἱὸν</span> <span class='ocrx_word' id='word_1_574' title='bbox 1264 1719 1400 1760; x_wconf 63' lang='grc' dir='ltr'>ἀληθινὸν,</span> <span class='ocrx_word' id='word_1_575' title='bbox 1430 1720 1493 1748; x_wconf 80' lang='grc' dir='ltr'>Θεὸν</span> <span class='ocrx_word' id='word_1_576' title='bbox 1515 1719 1542 1752; x_wconf 63' lang='grc' dir='ltr'><strong>ΕΞ</strong></span> <span class='ocrx_word' id='word_1_577' title='bbox 1570 1719 1694 1753; x_wconf 75' lang='grc' dir='ltr'>ἀληθινοῦ</span> <span class='ocrx_word' id='word_1_578' title='bbox 1711 1724 1756 1749; x_wconf 88' lang='grc' dir='ltr'><strong>τοῦ</strong></span> <span class='ocrx_word' id='word_1_579' title='bbox 1779 1723 1853 1760; x_wconf 73' lang='grc' dir='ltr'><strong>Θεοῦ³</strong></span> 
     </span>
    </p>
   </div>
   <div class='ocr_carea' id='block_1_82' title="bbox 1042 1763 1855 1804">
    <p class='ocr_par' dir='ltr' id='par_1_82' title="bbox 1042 1763 1855 1804">
     <span class='ocr_line' id='line_1_82' title="bbox 1042 1763 1855 1804; baseline 0.001 -13"><span class='ocrx_word' id='word_1_580' title='bbox 1042 1775 1053 1790; x_wconf 78' lang='grc' dir='ltr'>ι</span> <span class='ocrx_word' id='word_1_581' title='bbox 1069 1764 1184 1804; x_wconf 75' lang='grc' dir='ltr'>φυσικῶς</span> <span class='ocrx_word' id='word_1_582' title='bbox 1212 1763 1260 1797; x_wconf 67' lang='grc' dir='ltr'>τὴν</span> <span class='ocrx_word' id='word_1_583' title='bbox 1290 1764 1421 1804; x_wconf 74' lang='grc' dir='ltr'>[ἰατρικὴν</span> <span class='ocrx_word' id='word_1_584' title='bbox 1449 1763 1561 1797; x_wconf 77' lang='grc' dir='ltr'>θεότητι</span> <span class='ocrx_word' id='word_1_585' title='bbox 1587 1763 1696 1804; x_wconf 65' lang='grc' dir='ltr'><strong>ἔχοντα⁷</strong></span> <span class='ocrx_word' id='word_1_586' title='bbox 1723 1764 1855 1793; x_wconf 70' lang='grc' dir='ltr'><strong>τουτέστιν</strong></span> 
     </span>
    </p>
   </div>
   <div class='ocr_carea' id='block_1_83' title="bbox 1040 1808 1856 1848">
    <p class='ocr_par' dir='ltr' id='par_1_83' title="bbox 1040 1808 1856 1848">
     <span class='ocr_line' id='line_1_83' title="bbox 1040 1808 1856 1848; baseline -0.001 -11"><span class='ocrx_word' id='word_1_587' title='bbox 1040 1819 1053 1837; x_wconf 72' lang='grc' dir='ltr'>ι</span> <span class='ocrx_word' id='word_1_588' title='bbox 1076 1808 1218 1845; x_wconf 81' lang='grc' dir='ltr'>ὁμοούσιον</span> <span class='ocrx_word' id='word_1_589' title='bbox 1232 1811 1271 1845; x_wconf 83' lang='grc' dir='ltr'><strong>τῷ</strong></span> <span class='ocrx_word' id='word_1_590' title='bbox 1302 1810 1395 1848; x_wconf 72' lang='grc' dir='ltr'>Πατρὶ,</span> <span class='ocrx_word' id='word_1_591' title='bbox 1424 1808 1470 1836; x_wconf 73' lang='grc' dir='ltr'><strong>καί</strong></span> <span class='ocrx_word' id='word_1_592' title='bbox 1494 1808 1520 1836; x_wconf 81' lang='grc' dir='ltr'>ἕν</span> <span class='ocrx_word' id='word_1_593' title='bbox 1549 1811 1654 1846; x_wconf 83' lang='grc' dir='ltr'>Πνεῦμα</span> <span class='ocrx_word' id='word_1_594' title='bbox 1681 1809 1769 1848; x_wconf 76' lang='grc' dir='ltr'>ἅγιον,</span> <span class='ocrx_word' id='word_1_595' title='bbox 1785 1809 1856 1848; x_wconf 78' lang='grc' dir='ltr'>φύσει</span> 
     </span>
    </p>
   </div>
   <div class='ocr_carea' id='block_1_84' title="bbox 1043 1851 1855 1892">
    <p class='ocr_par' dir='ltr' id='par_1_84' title="bbox 1043 1851 1855 1892">
     <span class='ocr_line' id='line_1_84' title="bbox 1043 1851 1855 1892; baseline 0.001 -13"><span class='ocrx_word' id='word_1_596' title='bbox 1043 1861 1053 1876; x_wconf 88' lang='lat' dir='ltr'><strong>I</strong></span> <span class='ocrx_word' id='word_1_597' title='bbox 1069 1852 1112 1880; x_wconf 71' lang='grc' dir='ltr'>καὶ</span> <span class='ocrx_word' id='word_1_598' title='bbox 1133 1851 1241 1888; x_wconf 73' lang='grc' dir='ltr'>ἀληθείᾳ</span> <span class='ocrx_word' id='word_1_599' title='bbox 1264 1856 1316 1881; x_wconf 83' lang='grc' dir='ltr'>τῶν</span> <span class='ocrx_word' id='word_1_600' title='bbox 1343 1853 1465 1880; x_wconf 70' lang='grc' dir='ltr'>ἁπάντων</span> <span class='ocrx_word' id='word_1_601' title='bbox 1480 1853 1633 1892; x_wconf 80' lang='grc' dir='ltr'>ἀγιαστικὸν</span> <span class='ocrx_word' id='word_1_602' title='bbox 1653 1854 1698 1881; x_wconf 76' lang='grc' dir='ltr'><strong>καὶ</strong></span> <span class='ocrx_word' id='word_1_603' title='bbox 1724 1855 1855 1890; x_wconf 71' lang='grc' dir='ltr'>θεοποιὸν,</span> 
     </span>
    </p>
   </div>
   <div class='ocr_carea' id='block_1_85' title="bbox 1043 1897 1592 1936">
    <p class='ocr_par' dir='ltr' id='par_1_85' title="bbox 1043 1897 1592 1936">
     <span class='ocr_line' id='line_1_85' title="bbox 1043 1897 1592 1936; baseline -0.002 -11"><span class='ocrx_word' id='word_1_604' title='bbox 1043 1910 1053 1925; x_wconf 82' lang='grc' dir='ltr'>ι</span> <span class='ocrx_word' id='word_1_605' title='bbox 1068 1897 1099 1924; x_wconf 70' lang='grc' dir='ltr'><strong>ὲκ</strong></span> <span class='ocrx_word' id='word_1_606' title='bbox 1112 1898 1161 1929; x_wconf 83' lang='grc' dir='ltr'><strong>τῆς</strong></span> <span class='ocrx_word' id='word_1_607' title='bbox 1177 1897 1264 1929; x_wconf 77' lang='grc' dir='ltr'>οὒσίις</span> <span class='ocrx_word' id='word_1_608' title='bbox 1285 1901 1331 1926; x_wconf 86' lang='grc' dir='ltr'><strong>τοῦ</strong></span> <span class='ocrx_word' id='word_1_609' title='bbox 1346 1900 1411 1925; x_wconf 87' lang='grc' dir='ltr'>Θεοῦ</span> <span class='ocrx_word' id='word_1_610' title='bbox 1431 1897 1561 1936; x_wconf 72' lang='grc' dir='ltr'>ὑπάρχον,</span> <span class='ocrx_word' id='word_1_611' title='bbox 1580 1909 1592 1924; x_wconf 77' lang='grc' dir='ltr'><strong>ι</strong></span> 
     </span>
    </p>
   </div>
   <div class='ocr_carea' id='block_1_86' title="bbox 1363 1987 1531 2019">
    <p class='ocr_par' dir='ltr' id='par_1_86' title="bbox 1363 1987 1531 2019">
     <span class='ocr_line' id='line_1_86' title="bbox 1363 1987 1531 2019; baseline -0.006 -2"><span class='ocrx_word' id='word_1_612' title='bbox 1363 1987 1531 2019; x_wconf 74' lang='grc' dir='ltr'>Ἐπιστασία.</span> 
     </span>
    </p>
   </div>
   <div class='ocr_carea' id='block_1_87' title="bbox 1081 2033 1858 2074">
    <p class='ocr_par' dir='ltr' id='par_1_87' title="bbox 1081 2033 1858 2074">
     <span class='ocr_line' id='line_1_87' title="bbox 1081 2033 1858 2074; baseline 0 -13"><span class='ocrx_word' id='word_1_613' title='bbox 1081 2045 1094 2062; x_wconf 82' lang='grc'><strong><em>‹</em></strong></span> <span class='ocrx_word' id='word_1_614' title='bbox 1111 2036 1229 2066; x_wconf 79' lang='grc' dir='ltr'>Συνετῶς</span> <span class='ocrx_word' id='word_1_615' title='bbox 1254 2033 1364 2063; x_wconf 74' lang='grc' dir='ltr'>ἄκουσον</span> <span class='ocrx_word' id='word_1_616' title='bbox 1392 2038 1438 2063; x_wconf 85' lang='grc' dir='ltr'><strong>τοῦ</strong></span> <span class='ocrx_word' id='word_1_617' title='bbox 1467 2035 1544 2063; x_wconf 76' lang='grc' dir='ltr'>αὐτοῦ</span> <span class='ocrx_word' id='word_1_618' title='bbox 1571 2035 1657 2074; x_wconf 74' lang='grc' dir='ltr'><strong>ἁγίου,</strong></span> <span class='ocrx_word' id='word_1_619' title='bbox 1689 2035 1749 2073; x_wconf 86' lang='grc' dir='ltr'>μίαν</span> <span class='ocrx_word' id='word_1_620' title='bbox 1771 2034 1858 2074; x_wconf 80' lang='grc' dir='ltr'>ἀρχὴν</span> 
     </span>
    </p>
   </div>
   <div class='ocr_carea' id='block_1_88' title="bbox 1042 2078 1858 2118">
    <p class='ocr_par' dir='ltr' id='par_1_88' title="bbox 1042 2078 1858 2118">
     <span class='ocr_line' id='line_1_88' title="bbox 1042 2078 1858 2118; baseline 0.001 -12"><span class='ocrx_word' id='word_1_621' title='bbox 1042 2089 1056 2105; x_wconf 82' lang='grc'><strong>«</strong></span> <span class='ocrx_word' id='word_1_622' title='bbox 1079 2079 1124 2107; x_wconf 82' lang='grc' dir='ltr'><strong>τὸν</strong></span> <span class='ocrx_word' id='word_1_623' title='bbox 1146 2078 1248 2118; x_wconf 81' lang='grc' dir='ltr'>Πατέρα</span> <span class='ocrx_word' id='word_1_624' title='bbox 1276 2079 1462 2118; x_wconf 76' lang='grc' dir='ltr'>κηρύττοντος.</span> <span class='ocrx_word' id='word_1_625' title='bbox 1499 2080 1534 2108; x_wconf 85' lang='grc' dir='ltr'>Τὸ</span> <span class='ocrx_word' id='word_1_626' title='bbox 1569 2080 1600 2106; x_wconf 67' lang='grc' dir='ltr'>ὲκ</span> <span class='ocrx_word' id='word_1_627' title='bbox 1619 2079 1668 2113; x_wconf 77' lang='grc' dir='ltr'><strong>τῆς</strong></span> <span class='ocrx_word' id='word_1_628' title='bbox 1701 2079 1789 2112; x_wconf 71' lang='grc' dir='ltr'>οὗσίας</span> <span class='ocrx_word' id='word_1_629' title='bbox 1814 2083 1858 2107; x_wconf 83' lang='grc' dir='ltr'><strong>τοῦ</strong></span> 
     </span>
    </p>
   </div>
   <div class='ocr_carea' id='block_1_89' title="bbox 1043 2123 1856 2163">
    <p class='ocr_par' dir='ltr' id='par_1_89' title="bbox 1043 2123 1856 2163">
     <span class='ocr_line' id='line_1_89' title="bbox 1043 2123 1856 2163; baseline 0.002 -13"><span class='ocrx_word' id='word_1_630' title='bbox 1043 2134 1057 2150; x_wconf 81' lang='grc' dir='ltr'>ι</span> <span class='ocrx_word' id='word_1_631' title='bbox 1073 2127 1137 2152; x_wconf 86' lang='grc' dir='ltr'>Θεοῦ</span> <span class='ocrx_word' id='word_1_632' title='bbox 1151 2123 1284 2163; x_wconf 77' lang='grc' dir='ltr'>υπάρχον,</span> <span class='ocrx_word' id='word_1_633' title='bbox 1300 2123 1353 2152; x_wconf 79' lang='grc' dir='ltr'>νόει</span> <span class='ocrx_word' id='word_1_634' title='bbox 1369 2125 1454 2155; x_wconf 77' lang='grc' dir='ltr'>καθὼς</span> <span class='ocrx_word' id='word_1_635' title='bbox 1475 2124 1518 2152; x_wconf 77' lang='grc' dir='ltr'>καὶ</span> <span class='ocrx_word' id='word_1_636' title='bbox 1540 2125 1563 2151; x_wconf 80' lang='grc' dir='ltr'>οἱ</span> <span class='ocrx_word' id='word_1_637' title='bbox 1591 2123 1680 2152; x_wconf 85' lang='grc' dir='ltr'>λοιποὶ</span> <span class='ocrx_word' id='word_1_638' title='bbox 1709 2124 1778 2152; x_wconf 83' lang='grc' dir='ltr'>θεῖοι</span> <span class='ocrx_word' id='word_1_639' title='bbox 1800 2127 1856 2151; x_wconf 76' lang='grc' dir='ltr'>Πα-</span> 
     </span>
    </p>
   </div>
   <div class='ocr_carea' id='block_1_90' title="bbox 179 2166 997 2210">
    <p class='ocr_par' dir='ltr' id='par_1_90' title="bbox 179 2166 997 2210">
     <span class='ocr_line' id='line_1_90' title="bbox 179 2166 997 2210; baseline 0.001 -13"><span class='ocrx_word' id='word_1_640' title='bbox 179 2179 192 2197; x_wconf 75' lang='grc' dir='ltr'>ι</span> <span class='ocrx_word' id='word_1_641' title='bbox 209 2166 356 2206; x_wconf 78' lang='lat' dir='ltr'><strong>intelligo.</strong></span> <span class='ocrx_word' id='word_1_642' title='bbox 374 2167 433 2198; x_wconf 90' lang='lat' dir='ltr'><strong>Sed</strong></span> <span class='ocrx_word' id='word_1_643' title='bbox 451 2171 479 2198; x_wconf 90' lang='lat' dir='ltr'><strong>et</strong></span> <span class='ocrx_word' id='word_1_644' title='bbox 493 2168 558 2208; x_wconf 89' lang='lat' dir='ltr'><strong>ipse</strong></span> <span class='ocrx_word' id='word_1_645' title='bbox 572 2168 601 2199; x_wconf 92' lang='lat' dir='ltr'><strong>in</strong></span> <span class='ocrx_word' id='word_1_646' title='bbox 613 2178 673 2200; x_wconf 87' lang='lat' dir='ltr'><strong>una</strong></span> <span class='ocrx_word' id='word_1_647' title='bbox 682 2169 847 2210; x_wconf 89' lang='lat' dir='ltr'><strong>eademque</strong></span> <span class='ocrx_word' id='word_1_648' title='bbox 860 2167 997 2210; x_wconf 87' lang='lat' dir='ltr'><strong>pericope</strong></span> 
     </span>
    </p>
   </div>
   <div class='ocr_carea' id='block_1_91' title="bbox 1056 2166 1857 2210">
    <p class='ocr_par' dir='ltr' id='par_1_91' title="bbox 1056 2168 1857 2210">
     <span class='ocr_line' id='line_1_91' title="bbox 1056 2168 1857 2210; baseline 0.001 -13"><span class='ocrx_word' id='word_1_649' title='bbox 1056 2179 1057 2182; x_wconf 82' lang='lat'>‘</span> <span class='ocrx_word' id='word_1_650' title='bbox 1079 2169 1164 2208; x_wconf 78' lang='grc' dir='ltr'>τέρες.</span> <span class='ocrx_word' id='word_1_651' title='bbox 1182 2168 1265 2198; x_wconf 76' lang='grc' dir='ltr'>Ἀλλὰ</span> <span class='ocrx_word' id='word_1_652' title='bbox 1286 2171 1330 2198; x_wconf 78' lang='grc' dir='ltr'><strong>καὶ</strong></span> <span class='ocrx_word' id='word_1_653' title='bbox 1351 2171 1426 2202; x_wconf 75' lang='grc' dir='ltr'>οὗτος</span> <span class='ocrx_word' id='word_1_654' title='bbox 1453 2172 1482 2198; x_wconf 66' lang='grc' dir='ltr'>ἓν</span> <span class='ocrx_word' id='word_1_655' title='bbox 1498 2173 1531 2209; x_wconf 81' lang='grc' dir='ltr'><strong>τῇ</strong></span> <span class='ocrx_word' id='word_1_656' title='bbox 1558 2172 1624 2209; x_wconf 76' lang='grc' dir='ltr'><strong>αῦτῇ</strong></span> <span class='ocrx_word' id='word_1_657' title='bbox 1640 2172 1684 2200; x_wconf 70' lang='grc' dir='ltr'><strong>καὶ</strong></span> <span class='ocrx_word' id='word_1_658' title='bbox 1705 2174 1754 2209; x_wconf 80' lang='grc' dir='ltr'><strong>μιᾷ</strong></span> <span class='ocrx_word' id='word_1_659' title='bbox 1782 2181 1857 2210; x_wconf 86' lang='grc' dir='ltr'>περι-</span> 
     </span>
    </p>
   </div>
   <div class='ocr_carea' id='block_1_92' title="bbox 181 2210 999 2253">
    <p class='ocr_par' dir='ltr' id='par_1_92' title="bbox 181 2210 999 2253">
     <span class='ocr_line' id='line_1_92' title="bbox 181 2210 999 2253; baseline 0.002 -12"><span class='ocrx_word' id='word_1_660' title='bbox 181 2224 193 2240; x_wconf 77' lang='grc' dir='ltr'><strong>ι</strong></span> <span class='ocrx_word' id='word_1_661' title='bbox 209 2210 380 2252; x_wconf 76' lang='lat' dir='ltr'><strong>declaravit,</strong></span> <span class='ocrx_word' id='word_1_662' title='bbox 399 2221 467 2243; x_wconf 91' lang='lat' dir='ltr'><strong>cum</strong></span> <span class='ocrx_word' id='word_1_663' title='bbox 483 2212 566 2253; x_wconf 81' lang='lat' dir='ltr'><strong>dixit,</strong></span> <span class='ocrx_word' id='word_1_664' title='bbox 593 2213 698 2245; x_wconf 89' lang='lat' dir='ltr'><strong>Filium</strong></span> <span class='ocrx_word' id='word_1_665' title='bbox 732 2223 765 2246; x_wconf 80' lang='lat' dir='ltr'><strong>ex</strong></span> <span class='ocrx_word' id='word_1_666' title='bbox 783 2223 853 2244; x_wconf 85' lang='lat' dir='ltr'><strong>vero</strong></span> <span class='ocrx_word' id='word_1_667' title='bbox 872 2212 945 2250; x_wconf 89' lang='lat' dir='ltr'><strong>Deo,</strong></span> <span class='ocrx_word' id='word_1_668' title='bbox 963 2220 999 2244; x_wconf 87' lang='lat' dir='ltr'><strong>ex</strong></span> 
     </span>
    </p>
   </div>
   <div class='ocr_carea' id='block_1_93' title="bbox 181 2256 463 2288">
    <p class='ocr_par' dir='ltr' id='par_1_93' title="bbox 181 2256 463 2288">
     <span class='ocr_line' id='line_1_93' title="bbox 181 2256 463 2288; baseline 0.004 -2"><span class='ocrx_word' id='word_1_669' title='bbox 181 2270 192 2286; x_wconf 77' lang='grc' dir='ltr'><strong>ι</strong></span> <span class='ocrx_word' id='word_1_670' title='bbox 207 2256 294 2287; x_wconf 88' lang='lat' dir='ltr'><strong>Patre</strong></span> <span class='ocrx_word' id='word_1_671' title='bbox 307 2256 432 2288; x_wconf 87' lang='lat' dir='ltr'><strong>scilicet.</strong></span> <span class='ocrx_word' id='word_1_672' title='bbox 452 2272 463 2287; x_wconf 73' lang='grc' dir='ltr'><strong><em>ι</em></strong></span> 
     </span>
    </p>
   </div>
   <div class='ocr_carea' id='block_1_94' title="bbox 504 2303 671 2344">
    <p class='ocr_par' dir='ltr' id='par_1_94' title="bbox 504 2303 671 2344">
     <span class='ocr_line' id='line_1_94' title="bbox 504 2303 671 2344; baseline 0.006 -9"><span class='ocrx_word' id='word_1_673' title='bbox 504 2303 671 2344; x_wconf 72' lang='lat' dir='ltr'><strong>Ite/“utalia.</strong></span> 
     </span>
    </p>
   </div>
   <div class='ocr_carea' id='block_1_95' title="bbox 217 2350 997 2392">
    <p class='ocr_par' dir='ltr' id='par_1_95' title="bbox 217 2350 997 2392">
     <span class='ocr_line' id='line_1_95' title="bbox 217 2350 997 2392; baseline 0.006 -11"><span class='ocrx_word' id='word_1_674' title='bbox 217 2350 313 2381; x_wconf 92' lang='lat' dir='ltr'><strong>Unum</strong></span> <span class='ocrx_word' id='word_1_675' title='bbox 330 2351 450 2392; x_wconf 89' lang='lat' dir='ltr'><strong>quidem</strong></span> <span class='ocrx_word' id='word_1_676' title='bbox 467 2351 646 2392; x_wconf 90' lang='lat' dir='ltr'><strong>principium</strong></span> <span class='ocrx_word' id='word_1_677' title='bbox 661 2357 779 2385; x_wconf 83' lang='lat' dir='ltr'><strong>sanctus</strong></span> <span class='ocrx_word' id='word_1_678' title='bbox 808 2354 919 2391; x_wconf 85' lang='lat' dir='ltr'><strong>statuit,</strong></span> <span class='ocrx_word' id='word_1_679' title='bbox 946 2355 997 2386; x_wconf 86' lang='lat' dir='ltr'><strong>sed</strong></span> 
     </span>
    </p>
   </div>
   <div class='ocr_carea' id='block_1_96' title="bbox 177 2396 996 2440">
    <p class='ocr_par' dir='ltr' id='par_1_96' title="bbox 177 2396 996 2440">
     <span class='ocr_line' id='line_1_96' title="bbox 177 2396 996 2440; baseline 0.007 -16"><span class='ocrx_word' id='word_1_680' title='bbox 177 2403 236 2440; x_wconf 82' lang='lat' dir='ltr'><strong>non</strong></span> <span class='ocrx_word' id='word_1_681' title='bbox 252 2400 407 2434; x_wconf 87' lang='lat' dir='ltr'><strong>propterea</strong></span> <span class='ocrx_word' id='word_1_682' title='bbox 423 2396 511 2436; x_wconf 90' lang='lat' dir='ltr'><strong>tollit,</strong></span> <span class='ocrx_word' id='word_1_683' title='bbox 526 2397 640 2428; x_wconf 88' lang='lat' dir='ltr'><strong>diverso</strong></span> <span class='ocrx_word' id='word_1_684' title='bbox 664 2407 761 2429; x_wconf 68' lang='lat' dir='ltr'><strong>causa:</strong></span> <span class='ocrx_word' id='word_1_685' title='bbox 777 2399 864 2430; x_wconf 91' lang='lat' dir='ltr'><strong>modo</strong></span> <span class='ocrx_word' id='word_1_686' title='bbox 884 2399 996 2440; x_wconf 55' lang='lat' dir='ltr'><strong>princi-</strong></span> 
     </span>
    </p>
   </div>
   <div class='ocr_carea' id='block_1_97' title="bbox 176 2437 996 2483">
    <p class='ocr_par' dir='ltr' id='par_1_97' title="bbox 176 2437 996 2483">
     <span class='ocr_line' id='line_1_97' title="bbox 176 2437 996 2483; baseline 0.009 -15"><span class='ocrx_word' id='word_1_687' title='bbox 176 2437 257 2478; x_wconf 88' lang='lat' dir='ltr'><strong>pium</strong></span> <span class='ocrx_word' id='word_1_688' title='bbox 269 2447 334 2471; x_wconf 86' lang='lat' dir='ltr'><strong>esse</strong></span> <span class='ocrx_word' id='word_1_689' title='bbox 346 2448 460 2478; x_wconf 89' lang='lat' dir='ltr'><strong>eorum,</strong></span> <span class='ocrx_word' id='word_1_690' title='bbox 474 2450 540 2481; x_wconf 77' lang='lat' dir='ltr'><strong>quae</strong></span> <span class='ocrx_word' id='word_1_691' title='bbox 549 2450 583 2472; x_wconf 86' lang='lat' dir='ltr'><strong>ex</strong></span> <span class='ocrx_word' id='word_1_692' title='bbox 594 2442 644 2473; x_wconf 89' lang='lat' dir='ltr'><strong>illo</strong></span> <span class='ocrx_word' id='word_1_693' title='bbox 657 2447 724 2473; x_wconf 92' lang='lat' dir='ltr'><strong>sunt</strong></span> <span class='ocrx_word' id='word_1_694' title='bbox 737 2452 743 2474; x_wconf 94' lang='lat'><strong>:</strong></span> <span class='ocrx_word' id='word_1_695' title='bbox 757 2443 837 2474; x_wconf 86' lang='lat' dir='ltr'><strong>unde</strong></span> <span class='ocrx_word' id='word_1_696' title='bbox 849 2437 996 2483; x_wconf 77' lang='lat' dir='ltr'><strong>inclaruit,</strong></span> 
     </span>
    </p>
   </div>
   <div class='ocr_carea' id='block_1_98' title="bbox 177 2483 996 2526">
    <p class='ocr_par' dir='ltr' id='par_1_98' title="bbox 177 2483 996 2526">
     <span class='ocr_line' id='line_1_98' title="bbox 177 2483 996 2526; baseline 0.01 -14"><span class='ocrx_word' id='word_1_697' title='bbox 177 2491 212 2513; x_wconf 85' lang='lat' dir='ltr'><strong>ex</strong></span> <span class='ocrx_word' id='word_1_698' title='bbox 224 2483 328 2514; x_wconf 89' lang='lat' dir='ltr'><strong>eodem</strong></span> <span class='ocrx_word' id='word_1_699' title='bbox 341 2494 398 2515; x_wconf 92' lang='lat' dir='ltr'><strong>uno</strong></span> <span class='ocrx_word' id='word_1_700' title='bbox 424 2485 568 2526; x_wconf 86' lang='lat' dir='ltr'><strong>principio</strong></span> <span class='ocrx_word' id='word_1_701' title='bbox 584 2486 642 2517; x_wconf 88' lang='lat' dir='ltr'><strong>duo</strong></span> <span class='ocrx_word' id='word_1_702' title='bbox 669 2496 734 2518; x_wconf 85' lang='lat' dir='ltr'><strong>esse</strong></span> <span class='ocrx_word' id='word_1_703' title='bbox 762 2491 889 2526; x_wconf 86' lang='lat' dir='ltr'><strong>causata,</strong></span> <span class='ocrx_word' id='word_1_704' title='bbox 905 2498 996 2520; x_wconf 90' lang='lat' dir='ltr'><strong>unum</strong></span> 
     </span>
    </p>
   </div>
   <div class='ocr_carea' id='block_1_99' title="bbox 178 2527 997 2574">
    <p class='ocr_par' dir='ltr' id='par_1_99' title="bbox 178 2527 997 2574">
     <span class='ocr_line' id='line_1_99' title="bbox 178 2527 997 2574; baseline 0.01 -17"><span class='ocrx_word' id='word_1_705' title='bbox 178 2536 231 2574; x_wconf 89' lang='lat' dir='ltr'><strong>per</strong></span> <span class='ocrx_word' id='word_1_706' title='bbox 242 2527 426 2574; x_wconf 73' lang='lat' dir='ltr'><strong>aliud._Illud</strong></span> <span class='ocrx_word' id='word_1_707' title='bbox 442 2539 529 2570; x_wconf 88' lang='lat' dir='ltr'><strong>porro</strong></span> <span class='ocrx_word' id='word_1_708' title='bbox 546 2539 581 2561; x_wconf 84' lang='lat' dir='ltr'><strong>ex</strong></span> <span class='ocrx_word' id='word_1_709' title='bbox 596 2531 759 2563; x_wconf 87' lang='lat' dir='ltr'><strong>substantia</strong></span> <span class='ocrx_word' id='word_1_710' title='bbox 769 2532 822 2563; x_wconf 91' lang='lat' dir='ltr'><strong>Dei</strong></span> <span class='ocrx_word' id='word_1_711' title='bbox 839 2533 997 2574; x_wconf 76' lang='lat' dir='ltr'><strong>exsistens,</strong></span> 
     </span>
    </p>
   </div>
   <div class='ocr_carea' id='block_1_100' title="bbox 176 2571 998 2614">
    <p class='ocr_par' dir='ltr' id='par_1_100' title="bbox 176 2571 998 2614">
     <span class='ocr_line' id='line_1_100' title="bbox 176 2571 998 2614; baseline 0.01 -13"><span class='ocrx_word' id='word_1_712' title='bbox 176 2571 401 2611; x_wconf 78' lang='lat' dir='ltr'><strong>intelligendum</strong></span> <span class='ocrx_word' id='word_1_713' title='bbox 418 2578 462 2604; x_wconf 89' lang='lat' dir='ltr'><strong>est</strong></span> <span class='ocrx_word' id='word_1_714' title='bbox 478 2583 512 2605; x_wconf 80' lang='lat' dir='ltr'><strong>ex</strong></span> <span class='ocrx_word' id='word_1_715' title='bbox 528 2575 625 2614; x_wconf 83' lang='lat' dir='ltr'><strong>Patre,</strong></span> <span class='ocrx_word' id='word_1_716' title='bbox 655 2576 697 2607; x_wconf 91' lang='lat' dir='ltr'><strong>uti</strong></span> <span class='ocrx_word' id='word_1_717' title='bbox 719 2581 768 2608; x_wconf 89' lang='lat' dir='ltr'><strong>tua</strong></span> <span class='ocrx_word' id='word_1_718' title='bbox 783 2571 998 2610; x_wconf 82' lang='lat' dir='ltr'><strong>animadversio</strong></span> 
     </span>
    </p>
   </div>
   <div class='ocr_carea' id='block_1_101' title="bbox 177 2615 998 2661">
    <p class='ocr_par' dir='ltr' id='par_1_101' title="bbox 177 2615 998 2661">
     <span class='ocr_line' id='line_1_101' title="bbox 177 2615 998 2661; baseline 0.011 -15"><span class='ocrx_word' id='word_1_719' title='bbox 177 2615 260 2661; x_wconf 89' lang='lat' dir='ltr'><strong>dicit,</strong></span> <span class='ocrx_word' id='word_1_720' title='bbox 277 2620 407 2648; x_wconf 85' lang='lat' dir='ltr'><strong>attamen</strong></span> <span class='ocrx_word' id='word_1_721' title='bbox 423 2617 496 2649; x_wconf 89' lang='lat' dir='ltr'><strong>illud</strong></span> <span class='ocrx_word' id='word_1_722' title='bbox 511 2619 706 2659; x_wconf 82' lang='lat' dir='ltr'><strong>ignorandum</strong></span> <span class='ocrx_word' id='word_1_723' title='bbox 729 2631 788 2653; x_wconf 91' lang='lat' dir='ltr'><strong>non</strong></span> <span class='ocrx_word' id='word_1_724' title='bbox 804 2627 860 2661; x_wconf 90' lang='lat' dir='ltr'><strong>est,</strong></span> <span class='ocrx_word' id='word_1_725' title='bbox 890 2632 926 2654; x_wconf 81' lang='lat' dir='ltr'><strong>ex</strong></span> <span class='ocrx_word' id='word_1_726' title='bbox 953 2633 998 2655; x_wconf 90' lang='lat' dir='ltr'><strong>es-</strong></span> 
     </span>
    </p>
   </div>
   <div class='ocr_carea' id='block_1_102' title="bbox 176 2660 586 2701">
    <p class='ocr_par' dir='ltr' id='par_1_102' title="bbox 176 2660 586 2701">
     <span class='ocr_line' id='line_1_102' title="bbox 176 2660 586 2701; baseline 0.01 -9"><span class='ocrx_word' id='word_1_727' title='bbox 176 2660 272 2692; x_wconf 85' lang='lat' dir='ltr'><strong>sentia</strong></span> <span class='ocrx_word' id='word_1_728' title='bbox 285 2660 339 2692; x_wconf 90' lang='lat' dir='ltr'><strong>Fili</strong></span> <span class='ocrx_word' id='word_1_729' title='bbox 351 2661 493 2701; x_wconf 89' lang='lat' dir='ltr'><strong>Spiritum</strong></span> <span class='ocrx_word' id='word_1_730' title='bbox 509 2673 586 2696; x_wconf 88' lang='lat' dir='ltr'><strong>esse.</strong></span> 
     </span>
    </p>
   </div>
   <div class='ocr_carea' id='block_1_103' title="bbox 422 2709 748 2750">
    <p class='ocr_par' dir='ltr' id='par_1_103' title="bbox 422 2709 748 2750">
     <span class='ocr_line' id='line_1_103' title="bbox 422 2709 748 2750; baseline 0.018 -10"><span class='ocrx_word' id='word_1_731' title='bbox 422 2709 565 2750; x_wconf 79' lang='lat' dir='ltr'><strong>Ejusdem</strong></span> <span class='ocrx_word' id='word_1_732' title='bbox 580 2721 620 2743; x_wconf 71' lang='lat' dir='ltr'><strong>ea:</strong></span> <span class='ocrx_word' id='word_1_733' title='bbox 634 2713 748 2746; x_wconf 81' lang='lat' dir='ltr'><strong>eadem.</strong></span> 
     </span>
    </p>
   </div>
   <div class='ocr_carea' id='block_1_104' title="bbox 216 2755 998 2793">
    <p class='ocr_par' dir='ltr' id='par_1_104' title="bbox 216 2755 998 2793">
     <span class='ocr_line' id='line_1_104' title="bbox 216 2755 998 2793; baseline 0.005 -5"><span class='ocrx_word' id='word_1_734' title='bbox 216 2755 355 2791; x_wconf 83' lang='lat' dir='ltr'>CXXXII.</span> <span class='ocrx_word' id='word_1_735' title='bbox 372 2755 504 2788; x_wconf 66' lang='lat' dir='ltr'><strong>«Genito</strong></span> <span class='ocrx_word' id='word_1_736' title='bbox 532 2761 632 2790; x_wconf 87' lang='lat' dir='ltr'><strong>autem</strong></span> <span class='ocrx_word' id='word_1_737' title='bbox 661 2760 735 2792; x_wconf 82' lang='lat' dir='ltr'><strong>Filio</strong></span> <span class='ocrx_word' id='word_1_738' title='bbox 764 2769 799 2792; x_wconf 82' lang='lat' dir='ltr'><strong>ex</strong></span> <span class='ocrx_word' id='word_1_739' title='bbox 826 2762 915 2793; x_wconf 88' lang='lat' dir='ltr'><strong>Patre</strong></span> <span class='ocrx_word' id='word_1_740' title='bbox 930 2769 998 2792; x_wconf 85' lang='lat' dir='ltr'><strong>vera</strong></span> 
     </span>
    </p>
   </div>
   <div class='ocr_carea' id='block_1_105' title="bbox 1044 2214 1858 2255">
    <p class='ocr_par' dir='ltr' id='par_1_105' title="bbox 1044 2214 1858 2255">
     <span class='ocr_line' id='line_1_105' title="bbox 1044 2214 1858 2255; baseline -0.002 -11"><span class='ocrx_word' id='word_1_741' title='bbox 1044 2227 1056 2244; x_wconf 72' lang='grc' dir='ltr'>α</span> <span class='ocrx_word' id='word_1_742' title='bbox 1073 2217 1144 2252; x_wconf 75' lang='grc' dir='ltr'>κοπῇ</span> <span class='ocrx_word' id='word_1_743' title='bbox 1169 2215 1312 2255; x_wconf 72' lang='grc' dir='ltr'>ἒσαφήνισε</span> <span class='ocrx_word' id='word_1_744' title='bbox 1341 2214 1384 2243; x_wconf 79' lang='grc' dir='ltr'><strong>διὰ</strong></span> <span class='ocrx_word' id='word_1_745' title='bbox 1417 2218 1463 2243; x_wconf 81' lang='grc' dir='ltr'><strong>τοῦ</strong></span> <span class='ocrx_word' id='word_1_746' title='bbox 1489 2216 1533 2244; x_wconf 78' lang='grc' dir='ltr'><strong>καὶ</strong></span> <span class='ocrx_word' id='word_1_747' title='bbox 1554 2216 1599 2243; x_wconf 83' lang='grc' dir='ltr'><strong>τὸν</strong></span> <span class='ocrx_word' id='word_1_748' title='bbox 1629 2217 1687 2244; x_wconf 80' lang='grc' dir='ltr'>Υἱὸν</span> <span class='ocrx_word' id='word_1_749' title='bbox 1723 2216 1807 2244; x_wconf 77' lang='grc' dir='ltr'>εἰπεῖν</span> <span class='ocrx_word' id='word_1_750' title='bbox 1833 2214 1858 2247; x_wconf 71' lang='grc' dir='ltr'><strong>ἒξ</strong></span> 
     </span>
    </p>
   </div>
   <div class='ocr_carea' id='block_1_106' title="bbox 1044 2260 1650 2302">
    <p class='ocr_par' dir='ltr' id='par_1_106' title="bbox 1044 2260 1650 2302">
     <span class='ocr_line' id='line_1_106' title="bbox 1044 2260 1650 2302; baseline 0.003 -12"><span class='ocrx_word' id='word_1_751' title='bbox 1044 2274 1055 2290; x_wconf 84' lang='grc' dir='ltr'>ι</span> <span class='ocrx_word' id='word_1_752' title='bbox 1077 2260 1201 2294; x_wconf 69' lang='grc' dir='ltr'>ἀληθινοῦ</span> <span class='ocrx_word' id='word_1_753' title='bbox 1217 2265 1291 2300; x_wconf 75' lang='grc' dir='ltr'>Θεοῦ,</span> <span class='ocrx_word' id='word_1_754' title='bbox 1308 2261 1427 2291; x_wconf 77' lang='grc' dir='ltr'><strong>τουτέστι</strong></span> <span class='ocrx_word' id='word_1_755' title='bbox 1449 2265 1494 2291; x_wconf 87' lang='grc' dir='ltr'><strong>τοῦ</strong></span> <span class='ocrx_word' id='word_1_756' title='bbox 1509 2263 1621 2302; x_wconf 77' lang='grc' dir='ltr'>Πατρός.</span> <span class='ocrx_word' id='word_1_757' title='bbox 1640 2276 1650 2292; x_wconf 78' lang='grc' dir='ltr'>ι</span> 
     </span>
    </p>
   </div>
   <div class='ocr_carea' id='block_1_107' title="bbox 1360 2307 1541 2348">
    <p class='ocr_par' dir='ltr' id='par_1_107' title="bbox 1360 2307 1541 2348">
     <span class='ocr_line' id='line_1_107' title="bbox 1360 2307 1541 2348; baseline 0.006 -11"><span class='ocrx_word' id='word_1_758' title='bbox 1360 2307 1541 2348; x_wconf 77' lang='grc' dir='ltr'>’Λητίῤῥησις.</span> 
     </span>
    </p>
   </div>
   <div class='ocr_carea' id='block_1_108' title="bbox 1079 2355 1857 2396">
    <p class='ocr_par' dir='ltr' id='par_1_108' title="bbox 1079 2355 1857 2396">
     <span class='ocr_line' id='line_1_108' title="bbox 1079 2355 1857 2396; baseline 0.003 -13"><span class='ocrx_word' id='word_1_759' title='bbox 1079 2355 1146 2384; x_wconf 78' lang='grc' dir='ltr'>Μίαν</span> <span class='ocrx_word' id='word_1_760' title='bbox 1174 2355 1223 2393; x_wconf 78' lang='grc' dir='ltr'>μὲν</span> <span class='ocrx_word' id='word_1_761' title='bbox 1251 2355 1339 2396; x_wconf 77' lang='grc' dir='ltr'>ἀρχὴν</span> <span class='ocrx_word' id='word_1_762' title='bbox 1367 2356 1413 2384; x_wconf 83' lang='grc' dir='ltr'><strong>τὸν</strong></span> <span class='ocrx_word' id='word_1_763' title='bbox 1440 2356 1544 2396; x_wconf 78' lang='grc' dir='ltr'>Πατέρα</span> <span class='ocrx_word' id='word_1_764' title='bbox 1586 2357 1708 2391; x_wconf 79' lang='grc' dir='ltr'>κηρύττει</span> <span class='ocrx_word' id='word_1_765' title='bbox 1730 2358 1744 2385; x_wconf 82' lang='grc' dir='ltr'>ὁ</span> <span class='ocrx_word' id='word_1_766' title='bbox 1771 2357 1857 2396; x_wconf 75' lang='grc' dir='ltr'><strong>ἅγιος¹</strong></span> 
     </span>
    </p>
   </div>
   <div class='ocr_carea' id='block_1_109' title="bbox 1040 2398 1857 2441">
    <p class='ocr_par' dir='ltr' id='par_1_109' title="bbox 1040 2398 1857 2441">
     <span class='ocr_line' id='line_1_109' title="bbox 1040 2398 1857 2441; baseline 0.005 -15"><span class='ocrx_word' id='word_1_767' title='bbox 1040 2398 1108 2427; x_wconf 75' lang='grc' dir='ltr'>ἀλλὰ</span> <span class='ocrx_word' id='word_1_768' title='bbox 1133 2399 1181 2428; x_wconf 72' lang='grc' dir='ltr'><strong>οὒκ</strong></span> <span class='ocrx_word' id='word_1_769' title='bbox 1212 2401 1316 2434; x_wconf 75' lang='grc' dir='ltr'>ἀναιρεῖ</span> <span class='ocrx_word' id='word_1_770' title='bbox 1338 2401 1382 2429; x_wconf 80' lang='grc' dir='ltr'>καὶ</span> <span class='ocrx_word' id='word_1_771' title='bbox 1422 2401 1452 2428; x_wconf 82' lang='grc' dir='ltr'><strong>τὸ</strong></span> <span class='ocrx_word' id='word_1_772' title='bbox 1482 2401 1509 2429; x_wconf 68' lang='grc' dir='ltr'>ὲν</span> <span class='ocrx_word' id='word_1_773' title='bbox 1544 2399 1660 2441; x_wconf 76' lang='grc' dir='ltr'>διαφόρῳ</span> <span class='ocrx_word' id='word_1_774' title='bbox 1687 2401 1777 2441; x_wconf 83' lang='grc' dir='ltr'>τρόπῳ</span> <span class='ocrx_word' id='word_1_775' title='bbox 1810 2403 1857 2434; x_wconf 78' lang='grc' dir='ltr'><strong>τῆς</strong></span> 
     </span>
    </p>
   </div>
   <div class='ocr_carea' id='block_1_110' title="bbox 1040 2444 1858 2484">
    <p class='ocr_par' dir='ltr' id='par_1_110' title="bbox 1040 2444 1858 2484">
     <span class='ocr_line' id='line_1_110' title="bbox 1040 2444 1858 2484; baseline 0.002 -12"><span class='ocrx_word' id='word_1_776' title='bbox 1040 2444 1122 2477; x_wconf 71' lang='grc' dir='ltr'>αἰτίας</span> <span class='ocrx_word' id='word_1_777' title='bbox 1137 2444 1226 2484; x_wconf 75' lang='grc' dir='ltr'>ἀρχὴν</span> <span class='ocrx_word' id='word_1_778' title='bbox 1253 2446 1330 2475; x_wconf 75' lang='grc' dir='ltr'>αὺτὸν</span> <span class='ocrx_word' id='word_1_779' title='bbox 1352 2445 1423 2474; x_wconf 76' lang='grc' dir='ltr'>εἶναι</span> <span class='ocrx_word' id='word_1_780' title='bbox 1458 2446 1502 2474; x_wconf 71' lang='grc' dir='ltr'><strong>καὶ</strong></span> <span class='ocrx_word' id='word_1_781' title='bbox 1529 2448 1582 2474; x_wconf 85' lang='grc' dir='ltr'>τῶν</span> <span class='ocrx_word' id='word_1_782' title='bbox 1609 2445 1636 2478; x_wconf 72' lang='grc' dir='ltr'>ἒξ</span> <span class='ocrx_word' id='word_1_783' title='bbox 1664 2446 1743 2474; x_wconf 76' lang='grc' dir='ltr'>αὐτοῦ</span> <span class='ocrx_word' id='word_1_784' title='bbox 1768 2446 1858 2474; x_wconf 79' lang='grc' dir='ltr'>ὁπόθεν</span> 
     </span>
    </p>
   </div>
   <div class='ocr_carea' id='block_1_111' title="bbox 1039 2488 1859 2531">
    <p class='ocr_par' dir='ltr' id='par_1_111' title="bbox 1039 2488 1859 2531">
     <span class='ocr_line' id='line_1_111' title="bbox 1039 2488 1859 2531; baseline 0.002 -15"><span class='ocrx_word' id='word_1_785' title='bbox 1039 2488 1155 2528; x_wconf 75' lang='grc' dir='ltr'>ἀνεφάνη</span> <span class='ocrx_word' id='word_1_786' title='bbox 1177 2490 1207 2517; x_wconf 71' lang='grc' dir='ltr'><strong>τί)</strong></span> <span class='ocrx_word' id='word_1_787' title='bbox 1228 2490 1299 2518; x_wconf 78' lang='grc' dir='ltr'>εἶναι</span> <span class='ocrx_word' id='word_1_788' title='bbox 1323 2492 1375 2518; x_wconf 83' lang='grc' dir='ltr'>τῶν</span> <span class='ocrx_word' id='word_1_789' title='bbox 1391 2489 1421 2518; x_wconf 73' lang='grc' dir='ltr'>ἐκ</span> <span class='ocrx_word' id='word_1_790' title='bbox 1435 2489 1484 2524; x_wconf 75' lang='grc' dir='ltr'><strong>τῆς</strong></span> <span class='ocrx_word' id='word_1_791' title='bbox 1499 2493 1562 2528; x_wconf 82' lang='grc' dir='ltr'>μιᾶς</span> <span class='ocrx_word' id='word_1_792' title='bbox 1590 2490 1687 2524; x_wconf 81' lang='grc' dir='ltr'>ταύτης</span> <span class='ocrx_word' id='word_1_793' title='bbox 1716 2491 1803 2531; x_wconf 69' lang='grc' dir='ltr'>ἀρχῆς</span> <span class='ocrx_word' id='word_1_794' title='bbox 1818 2489 1859 2518; x_wconf 76' lang='grc' dir='ltr'><strong>δύο</strong></span> 
     </span>
    </p>
   </div>
   <div class='ocr_carea' id='block_1_112' title="bbox 1038 2533 1859 2575">
    <p class='ocr_par' dir='ltr' id='par_1_112' title="bbox 1038 2533 1859 2575">
     <span class='ocr_line' id='line_1_112' title="bbox 1038 2533 1859 2575; baseline 0.001 -14"><span class='ocrx_word' id='word_1_795' title='bbox 1038 2534 1108 2561; x_wconf 66' lang='lat' dir='ltr'><strong>enim</strong></span> <span class='ocrx_word' id='word_1_796' title='bbox 1129 2536 1182 2562; x_wconf 82' lang='grc' dir='ltr'>τῶν</span> <span class='ocrx_word' id='word_1_797' title='bbox 1203 2533 1244 2561; x_wconf 81' lang='grc' dir='ltr'>διὰ</span> <span class='ocrx_word' id='word_1_798' title='bbox 1257 2534 1365 2574; x_wconf 73' lang='grc' dir='ltr'>θατέρου</span> <span class='ocrx_word' id='word_1_799' title='bbox 1389 2535 1419 2562; x_wconf 87' lang='grc' dir='ltr'><strong>τὸ</strong></span> <span class='ocrx_word' id='word_1_800' title='bbox 1443 2533 1543 2575; x_wconf 72' lang='grc' dir='ltr'>ἕτερον,</span> <span class='ocrx_word' id='word_1_801' title='bbox 1565 2535 1596 2563; x_wconf 85' lang='grc' dir='ltr'><strong>τὸ</strong></span> <span class='ocrx_word' id='word_1_802' title='bbox 1617 2533 1645 2563; x_wconf 75' lang='grc' dir='ltr'><strong>δὲ</strong></span> <span class='ocrx_word' id='word_1_803' title='bbox 1659 2536 1689 2563; x_wconf 75' lang='grc' dir='ltr'>ὲκ</span> <span class='ocrx_word' id='word_1_804' title='bbox 1708 2538 1757 2568; x_wconf 76' lang='grc' dir='ltr'>τῆς</span> <span class='ocrx_word' id='word_1_805' title='bbox 1773 2534 1859 2565; x_wconf 59' lang='lat' dir='ltr'><strong>obuia:</strong></span> 
     </span>
    </p>
   </div>
   <div class='ocr_carea' id='block_1_113' title="bbox 1038 2578 1858 2619">
    <p class='ocr_par' dir='ltr' id='par_1_113' title="bbox 1038 2578 1858 2619">
     <span class='ocr_line' id='line_1_113' title="bbox 1038 2578 1858 2619; baseline 0.002 -13"><span class='ocrx_word' id='word_1_806' title='bbox 1038 2582 1083 2606; x_wconf 81' lang='grc' dir='ltr'><strong>τοῦ</strong></span> <span class='ocrx_word' id='word_1_807' title='bbox 1106 2581 1171 2607; x_wconf 76' lang='grc' dir='ltr'>Θεοῦ</span> <span class='ocrx_word' id='word_1_808' title='bbox 1191 2578 1322 2619; x_wconf 73' lang='grc' dir='ltr'>ὑπάρχον,</span> <span class='ocrx_word' id='word_1_809' title='bbox 1352 2578 1383 2608; x_wconf 74' lang='grc' dir='ltr'><strong>ἐκ</strong></span> <span class='ocrx_word' id='word_1_810' title='bbox 1410 2583 1455 2608; x_wconf 88' lang='grc' dir='ltr'><strong>τοῦ</strong></span> <span class='ocrx_word' id='word_1_811' title='bbox 1475 2580 1576 2619; x_wconf 80' lang='grc' dir='ltr'>Πατρὺς</span> <span class='ocrx_word' id='word_1_812' title='bbox 1603 2585 1675 2608; x_wconf 82' lang='grc' dir='ltr'>νοεῖν</span> <span class='ocrx_word' id='word_1_813' title='bbox 1703 2578 1757 2619; x_wconf 67' lang='grc' dir='ltr'>δεῖ,</span> <span class='ocrx_word' id='word_1_814' title='bbox 1787 2581 1823 2611; x_wconf 81' lang='grc' dir='ltr'><strong>ὡς</strong></span> <span class='ocrx_word' id='word_1_815' title='bbox 1841 2578 1858 2612; x_wconf 77' lang='grc' dir='ltr'>ἢ</span> 
     </span>
    </p>
   </div>
   <div class='ocr_carea' id='block_1_114' title="bbox 1037 2623 1858 2664">
    <p class='ocr_par' dir='ltr' id='par_1_114' title="bbox 1037 2623 1858 2664">
     <span class='ocr_line' id='line_1_114' title="bbox 1037 2623 1858 2664; baseline 0.005 -14"><span class='ocrx_word' id='word_1_816' title='bbox 1037 2623 1177 2651; x_wconf 61' lang='lat' dir='ltr'><strong>smundat</strong></span> <span class='ocrx_word' id='word_1_817' title='bbox 1212 2634 1258 2652; x_wconf 80' lang='grc' dir='ltr'>σου</span> <span class='ocrx_word' id='word_1_818' title='bbox 1279 2623 1412 2662; x_wconf 78' lang='grc' dir='ltr'>βούλεται.</span> <span class='ocrx_word' id='word_1_819' title='bbox 1438 2629 1486 2653; x_wconf 75' lang='grc' dir='ltr'><strong>Δεῖ</strong></span> <span class='ocrx_word' id='word_1_820' title='bbox 1510 2623 1537 2651; x_wconf 78' lang='grc' dir='ltr'><strong>δὲ</strong></span> <span class='ocrx_word' id='word_1_821' title='bbox 1552 2625 1595 2653; x_wconf 72' lang='grc' dir='ltr'>καὶ</span> <span class='ocrx_word' id='word_1_822' title='bbox 1618 2625 1656 2662; x_wconf 77' lang='grc' dir='ltr'>μὴ</span> <span class='ocrx_word' id='word_1_823' title='bbox 1691 2623 1797 2664; x_wconf 73' lang='grc' dir='ltr'>ἀγνοεῖν</span> <span class='ocrx_word' id='word_1_824' title='bbox 1823 2624 1858 2654; x_wconf 83' lang='grc' dir='ltr'>ὣς</span> 
     </span>
    </p>
   </div>
   <div class='ocr_carea' id='block_1_115' title="bbox 1003 2667 1696 2707">
    <p class='ocr_par' dir='ltr' id='par_1_115' title="bbox 1003 2667 1696 2707">
     <span class='ocr_line' id='line_1_115' title="bbox 1003 2667 1696 2707; baseline 0.001 -11"><span class='ocrx_word' id='word_1_825' title='bbox 1003 2675 1009 2683; x_wconf 96' lang='lat'>&#39;</span> <span class='ocrx_word' id='word_1_826' title='bbox 1039 2668 1083 2696; x_wconf 79' lang='grc' dir='ltr'>καὶ</span> <span class='ocrx_word' id='word_1_827' title='bbox 1103 2668 1133 2696; x_wconf 67' lang='grc' dir='ltr'><strong>ὲκ</strong></span> <span class='ocrx_word' id='word_1_828' title='bbox 1148 2669 1197 2701; x_wconf 84' lang='grc' dir='ltr'>τῆς</span> <span class='ocrx_word' id='word_1_829' title='bbox 1212 2667 1299 2700; x_wconf 78' lang='grc' dir='ltr'>οὖσίας</span> <span class='ocrx_word' id='word_1_830' title='bbox 1312 2669 1358 2697; x_wconf 71' lang='grc' dir='ltr'><strong>τοῦ</strong></span> <span class='ocrx_word' id='word_1_831' title='bbox 1373 2670 1433 2697; x_wconf 65' lang='lat' dir='ltr'><strong>rio-3</strong></span> <span class='ocrx_word' id='word_1_832' title='bbox 1447 2670 1478 2697; x_wconf 84' lang='grc' dir='ltr'><strong>τὸ</strong></span> <span class='ocrx_word' id='word_1_833' title='bbox 1492 2669 1598 2707; x_wconf 82' lang='grc' dir='ltr'>Πνεῦμά</span> <span class='ocrx_word' id='word_1_834' title='bbox 1612 2670 1696 2700; x_wconf 64' lang='grc' dir='ltr'>ἑστιν.</span> 
     </span>
    </p>
   </div>
   <div class='ocr_carea' id='block_1_116' title="bbox 1274 2714 1625 2747">
    <p class='ocr_par' dir='ltr' id='par_1_116' title="bbox 1274 2714 1625 2747">
     <span class='ocr_line' id='line_1_116' title="bbox 1274 2714 1625 2747; baseline 0 -3"><span class='ocrx_word' id='word_1_835' title='bbox 1274 2718 1326 2744; x_wconf 88' lang='grc' dir='ltr'>Τοῦ</span> <span class='ocrx_word' id='word_1_836' title='bbox 1341 2717 1420 2745; x_wconf 75' lang='grc' dir='ltr'>αὑτοῦ</span> <span class='ocrx_word' id='word_1_837' title='bbox 1432 2714 1462 2744; x_wconf 81' lang='grc' dir='ltr'><strong>ἐκ</strong></span> <span class='ocrx_word' id='word_1_838' title='bbox 1476 2719 1523 2744; x_wconf 90' lang='grc' dir='ltr'><strong>τοῦ</strong></span> <span class='ocrx_word' id='word_1_839' title='bbox 1537 2717 1625 2747; x_wconf 67' lang='grc' dir='ltr'>αὐτοῦ.</span> 
     </span>
    </p>
   </div>
   <div class='ocr_carea' id='block_1_117' title="bbox 1080 2757 1859 2803">
    <p class='ocr_par' dir='ltr' id='par_1_117' title="bbox 1080 2757 1859 2803">
     <span class='ocr_line' id='line_1_117' title="bbox 1080 2757 1859 2803; baseline 0.003 -13"><span class='ocrx_word' id='word_1_840' title='bbox 1080 2757 1162 2793; x_wconf 79' lang='grc' dir='ltr'><strong>ΡΛΒ’.</strong></span> <span class='ocrx_word' id='word_1_841' title='bbox 1183 2769 1194 2786; x_wconf 82' lang='lat' dir='ltr'><strong>I</strong></span> <span class='ocrx_word' id='word_1_842' title='bbox 1209 2762 1379 2797; x_wconf 73' lang='grc' dir='ltr'>Γιννηθέντος</span> <span class='ocrx_word' id='word_1_843' title='bbox 1405 2766 1450 2791; x_wconf 81' lang='grc' dir='ltr'><strong>τοῦ</strong></span> <span class='ocrx_word' id='word_1_844' title='bbox 1479 2763 1538 2791; x_wconf 79' lang='grc' dir='ltr'>Υἱοῦ</span> <span class='ocrx_word' id='word_1_845' title='bbox 1562 2764 1593 2791; x_wconf 59' lang='grc' dir='ltr'><strong>ὲκ</strong></span> <span class='ocrx_word' id='word_1_846' title='bbox 1620 2763 1722 2803; x_wconf 79' lang='grc' dir='ltr'>Πατρὸς</span> <span class='ocrx_word' id='word_1_847' title='bbox 1750 2763 1859 2802; x_wconf 77' lang='grc' dir='ltr'>ἀληθινῇ</span> 
     </span>
    </p>
   </div>
  </div>
