1966 3073
209 77 267 111 583

752 79 859 111 JOAN.
882 79 993 112 VECCI
1014 79 1068 111 ΟΡ.
1092 77 1360 111 PATRIARCHE.

1844 76 1890 109 584

214 157 226 174 ι
244 146 352 186 pietate
370 147 521 178 abhorret.
538 146 616 182 Quin
640 146 749 186 potius,
770 150 814 186 ut,
825 154 891 176 cum
904 145 955 176 Dei
969 155 1030 176 ver-

1084 156 1095 171 ι
1111 146 1260 184 ἀκούοντες,
1292 149 1338 176 οὐκ
1373 147 1561 186 ἀνυπόστατον,
1600 145 1657 174 οὑδὲ
1704 146 1734 174 ἐκ
1764 146 1891 183 μαθήσεως

212 201 226 217 ι
244 190 313 221 bum
330 191 478 228 audimus,
499 200 557 221 non
573 189 745 230 hujusmodi
760 189 883 220 verbum
901 199 967 220 esse
983 200 1034 221 ar-

212 245 224 263 α
243 235 397 275 bitramnr,
414 235 493 276 quod
508 235 551 265 vel
567 235 732 265 substantia
747 235 908 270 careat,vel
926 234 1035 266 doctri-

213 288 228 309 ‹
244 288 281 310 na
294 285 492 319 comparetur,
511 280 553 309 vel
571 288 623 319 per
641 289 745 310 vocem
774 279 926 316 efferatur,
943 279 987 310 vel
1005 280 1034 310 in

213 335 225 350 α
244 333 342 355 aerem
350 324 507 360 dilabatur,
514 328 540 354 et
547 329 714 364 evanescat;
723 323 773 354 sed
784 324 861 364 quod
870 324 1036 354 essentiali-

212 379 224 393 υ
242 373 287 398 ter
301 368 432 405 exsistat,
456 377 490 399 ac
515 368 662 399 voluntate
684 368 841 408 przeditum
858 368 907 406 sit,
925 372 953 399 et
969 368 1037 399 efﬁ-

214 423 226 438 α
245 421 312 448 σοι,
329 416 418 453 atque
444 413 655 452 omnipotens:
674 413 778 444 eodem
796 413 884 443 modo
901 422 967 443 cum
986 412 1038 444 Dei

215 466 226 484 ι
246 457 402 497 Spiritum,
414 457 537 488 verbum
547 458 751 493 comitantem,
768 456 920 497 ipsiusque
933 467 1039 498 opera-

213 513 226 528 ε
245 501 355 532 tionem
368 502 571 533 declarantem
581 501 731 538 audimus,
750 511 808 532 non
821 502 921 532 ﬂatum
931 511 1037 541 quem-

216 558 228 573 α
245 545 312 576 tlam
330 546 494 577 substantia
509 549 662 577 carentem
672 545 769 576 animo
783 546 869 576 nobis
879 546 1015 586 ﬁngimus
1028 556 1035 576 :

213 602 224 618 ι
243 590 283 621 ita
295 591 375 621 enim
391 591 497 622 divinae
513 595 626 621 naturm
638 589 816 630 amplitudo,
834 595 922 631 atque
937 591 1036 630 maje-

213 647 227 662 ε
243 641 304 665 stas
319 635 348 665 in
371 635 567 666 humilitatem
592 635 823 675 deprimeretur.
838 635 862 665 si
878 635 1034 676 Spiritum,

213 690 226 708 ι
241 680 292 719 qui
307 679 337 710 in
354 689 388 710 ea
403 684 458 719 est,
487 689 589 720 parem
602 679 722 720 spiritui
739 684 842 710 nostro
858 689 925 710 esse
940 680 1035 720 conji-

1079 199 1090 214 I
1109 192 1326 231 προσγινόμενον,
1365 190 1422 219 οὔδε
1465 189 1506 218 διὰ
1554 195 1643 226 φωνῆς
1679 190 1893 230 προσφερόμενον,

1079 247 1090 263 ε
1108 235 1164 263 οῦδὲ
1180 237 1216 268 εἰς
1246 235 1309 274 ἀέρα
1338 237 1470 275 χεόμενον
1496 235 1538 263 καὶ
1568 234 1737 272 διαλυόμενον
1764 235 1892 271 ᾠήθημεν,

1080 293 1092 308 ε
1121 278 1181 307 ἀλλ’
1225 278 1357 312 οὖσιωδῶς
1404 280 1541 319 ὑφεστῶτα
1581 279 1762 318 προαιρετικὸν
1801 289 1828 307 τε
1855 277 1895 306 καὶ

1079 334 1092 350 ι
1109 324 1227 363 ἐνεργὸν,
1270 324 1314 352 καὶ
1361 322 1568 361 παντοδύνλιμον,
1614 323 1682 352 οὕτω
1723 324 1766 352 καὶ
1795 326 1892 359 Πνεῦμα

1083 379 1093 394 ι
1109 368 1293 405 μεμαθηκότες
1319 372 1395 405 Θεοῦ,
1426 369 1456 396 τὸ
1486 372 1722 407 συμπαρομαρτῶν
1752 371 1790 404 τῷ
1813 367 1889 404 λόγῳ,

1082 424 1095 439 α
1112 414 1156 441 καὶ
1170 414 1296 452 φανεροῦν
1326 415 1404 442 αὐτο)
1429 414 1479 446 τῆν
1506 413 1647 452 ἐνέργειαν,
1672 414 1701 441 οὗ
1730 413 1812 446 πνοὴν
1840 412 1892 439 ἀνυ-

1084 470 1095 485 r
1111 456 1243 485 πόστατον
1267 457 1415 495 ἐννοοῦμεν.
1439 457 1514 486 Οὕτω
1535 458 1584 497 γὰρ
1611 456 1641 485 ἂν
1669 457 1820 485 καθίσταται
1834 455 1893 492 πρὸς

1084 501 1288 535 ιταπεινότητα
1317 503 1347 530 τὸ
1383 501 1528 540 μεγχλεὍν
1567 503 1617 534 τῆς
1645 502 1715 533 Θείας
1743 501 1854 540 φύσεως,
1876 499 1894 526 εἶ

1084 559 1094 574 ι
1111 545 1168 574 καθ’
1194 547 1339 584 ὁμοιότητα
1362 548 1407 574 τοῦ
1434 546 1563 585 ῆμετέρου
1602 547 1753 584 πνεύματος
1791 545 1834 572 καὶ
1870 545 1895 571 :‘o

1082 601 1094 618 ι
1112 590 1138 618 ἐν
1155 590 1224 628 αὐτῷ
1240 594 1344 629 Πνεῦμα
1379 592 1530 630 ὒπονοοῖτο,
1558 590 1625 618 ἀλλὰ
1647 590 1754 628 δύναμιν
1775 587 1894 628 οὔσιώόη,

1080 637 1189 671 «abripi
1211 637 1252 677 ἐφ’
1274 638 1369 670 ἑαυτῆς
1399 637 1425 664 ἐν
1452 636 1583 676 ἰδιαζούσῃ
1612 637 1756 665 ὑποστᾶσει
1785 638 1893 674 Θεωρον-

1081 694 1092 709 ι
1109 681 1202 718 μένην,
1239 681 1269 709 ἐκ
1302 685 1348 710 τοῦ
1370 682 1471 720 [ἰατρὸς
1500 681 1713 720 προερχομένην,
1741 683 1785 708 καὶ
1812 679 1839 707 ἒν
1861 682 1904 716 τῷη

213 735 227 751 ι
241 731 388 761 ceremus,
401 724 453 754 sed
472 724 529 754 vim
546 724 751 762 essentialem,
771 733 895 764 quaeque
911 733 1030 765 separa-

1081 736 1093 752 ι
1116 724 1187 764 λόγῳ
1221 725 1435 763 ἀναπαυομένην,
1463 725 1507 753 καὶ
1535 726 1617 758 αὐτὴν
1659 725 1739 753 οὖσαν
1774 724 1893 763 ἒκφαντι-

214 778 226 795 α
243 768 307 803 tim,
336 772 424 808 atque
451 768 480 799 in
505 768 625 816 propria
653 768 1030 816 hypostasiconsideretur1

1082 770 1171 806 (κὴν,
1203 769 1261 798 οὔτε
1296 771 1459 809 χωρισθῆναι
1488 773 1534 797 τοῦ
1562 773 1638 806 Θεοῦ,
1662 769 1688 798 ἐν
1717 769 1741 806 ᾧ
1768 768 1836 805 ἐστι,
1857 768 1894 796 καὶ

211 823 225 839 ι
244 816 331 852 atque
346 821 362 844 a
379 814 469 844 Patre
485 813 701 853 progrediatur,
731 817 759 844 et
788 813 819 844 in
849 813 938 844 verbo
962 823 1030 846 con-

1083 827 1094 843 c
1109 814 1154 842 τοῦ
1183 814 1274 854 λόγου,
1379 820 1599 854 συμπαρομαρτετ
1641 813 1801 851 δυναμένην,
1843 812 1894 840 οὕτε

213 867 224 884 ι
245 857 388 896 quiescat,
406 857 563 897 ipsumque
583 857 725 894 declaret,
743 861 772 888 et
783 858 928 898 exprimat
946 869 951 888 :
973 868 1030 898 qua

1083 871 1094 886 ε
1110 860 1175 897 πρὸς
1196 860 1226 887 τὸ
1241 859 1404 898 ἀνύπαρκτον
1419 858 1617 898 ἀναχεομένην,
1634 857 1703 887 ἀλλὰ
1731 859 1790 886 καθ’
1807 857 1894 894 ὁμοιό-

213 914 227 929 ι
247 905 393 939 ριωιενθδ
408 911 464 932 nec
487 911 503 932 ιι
519 902 592 939 Deo,
608 901 638 932 in
664 911 723 942 quo
745 908 802 942 est,
819 903 933 938 divelli,
952 912 1030 934 neci

1081 916 1094 932 (
1116 914 1184 937 τητα
1216 908 1262 933 τοῦ
1288 903 1368 942 λόγου
1398 902 1456 932 καθ’
1493 903 1650 931 ὑπόστασιον
1679 903 1771 939 οὖσαν,
1804 904 1894 939 ζῶσιν,

213 958 226 973 α
245 945 352 983 Verbo,
366 947 450 986 cuius
459 955 559 977 comes
575 950 631 986 est,
649 946 781 986 disjungi
797 951 896 987 queat,
916 957 972 978 nec
988 947 1030 979 de

1082 957 1097 976 ι
1130 948 1327 986 προαιρετικὴν,
1366 947 1546 984 αὐτοκίνητον,
1585 947 1700 986 ἐνεργον,
1731 947 1844 974 πάντοτε
1870 945 1894 972 τὸ

214 1002 225 1018 ε
247 990 337 1031 nique
365 991 406 1021 ita
431 990 591 1027 dilabatur,
617 994 649 1021 ut
675 991 796 1021 omnino
821 1000 887 1023 esse
902 991 1030 1030 desinat,

1080 1005 1088 1020 l
1107 993 1202 1031 αγαθὸν
1224 991 1361 1029 θέλουσαν,
1391 992 1435 1019 καὶ
1457 993 1522 1031 πρὸς
1552 994 1638 1019 πᾶσαν
1667 991 1776 1024 θέλησιν
1798 989 1912 1029 σύνδροπ

215 1044 229 1064 ι
244 1043 346 1066 verum
366 1043 450 1075 aeque
472 1044 506 1065 ac
521 1034 653 1066 Verbum
673 1035 805 1075 exsistat,
835 1036 924 1076 vivat,
949 1037 1030 1074 velit,

1080 1050 1088 1065 ι
1111 1048 1160 1074 μον
1183 1036 1297 1076 ἔχουσαν
1318 1039 1351 1074 τῇ
1374 1035 1498 1074 βουλήσει
1526 1036 1576 1069 τὴν
1604 1034 1729 1073 δύναμιν⁹
1762 1035 1832 1072 μήτε
1853 1035 1893 1073 ἀρ·
1912 1056 1913 1067 χ

214 1091 226 1108 α
246 1085 349 1120 suapte
378 1078 405 1110 vi
420 1084 584 1116 moveatur,
609 1083 763 1120 operetur,
788 1080 897 1111 bonum
914 1090 1030 1121 semper

1080 1094 1090 1110 ι
1113 1084 1168 1122 χήν
1190 1082 1315 1123 ἔχουσαν,
1354 1083 1422 1120 μήτε
1449 1082 1536 1118 τέλος,
1569 1082 1599 1110 οὗ
1627 1082 1677 1121 γὰρ
1700 1081 1806 1109 ἐνέλιπὲ
1834 1091 1891 1110 ποτε

213 1136 226 1152 α
242 1124 325 1165 velit,
341 1128 428 1165 atque
443 1124 478 1155 ad
501 1124 532 1156 id
550 1125 724 1164 omnequod
742 1126 895 1165 proposuit
909 1126 1030 1165 conjun-

1080 1139 1092 1156 α
1116 1131 1153 1165 τῷ
1167 1129 1247 1168 Πκτρὶ
1261 1127 1352 1167 λόγος,
1376 1127 1433 1157 οὔτε
1453 1131 1492 1164 τῷ
1512 1127 1583 1166 λόγῳ
1605 1129 1722 1165 πνεῦμα.
1753 1126 1829 1156 οὕτω
1856 1126 1891 1154 διὰ

216 1181 226 1196 u
244 1173 318 1200 ctam
331 1179 398 1200 cum
409 1169 559 1200 voluntate
573 1169 735 1209 potentiam
754 1169 970 1210 habeat,eaque
985 1179 1030 1201 na~

1080 1183 1093 1199 ι
1116 1172 1163 1210 μὲν
1190 1175 1238 1206 τῆς
1270 1173 1338 1200 κατὰ
1367 1172 1442 1212 φύσιν
1471 1171 1595 1205 ἑνότητος
1623 1172 1640 1205 ἡ
1684 1171 1813 1203 πολύθεος
1846 1173 1892 1198 τῶν

216 1225 225 1241 ι
249 1218 314 1244 tura
328 1214 376 1250 sit,
396 1218 427 1244 ut
445 1223 499 1244 nec
519 1213 698 1254 principium
716 1213 861 1247 habuerit.
879 1223 934 1245 nec
946 1215 1030 1246 finem

1080 1228 1090 1243 ιι
1110 1215 1244 1251 Ἐλλήνων
1259 1216 1435 1256 ὲξαφανίζεται
1464 1215 1565 1255 πλάνη,
1591 1215 1633 1243 διὰ
1648 1214 1675 1243 δὲ
1701 1218 1750 1249 τῆς
1776 1219 1824 1244 τοῦ
1849 1214 1892 1242 λό-

214 1269 225 1286 c
245 1257 381 1289 habitura
396 1258 444 1289 sit.
459 1258 560 1298 Neque
571 1258 650 1288 enim
665 1258 742 1290 Patri
758 1257 890 1290 Verbum
905 1269 1030 1300 unquam

1080 1274 1089 1292 ι
1113 1272 1160 1300 γου
1175 1260 1332 1301 παραδοχῆς
1360 1262 1403 1289 καὶ
1424 1263 1470 1288 τοῦ
1499 1260 1650 1298 Evadunt-:0:
1679 1263 1734 1288 τῶν
1769 1258 1892 1288 ἰωὲαίων

215 1314 228 1329 α
247 1301 351 1339 defuit,
369 1312 424 1333 nec
439 1301 537 1333 Verbo
553 1302 695 1343 Spiritus.
714 1301 756 1333 Ita
772 1311 824 1342 per
838 1307 951 1334 naturae
965 1305 1030 1335 uni-

1080 1317 1092 1333 α
1115 1308 1278 1344 καθαιρεῒται
1311 1307 1342 1334 τὸ
1370 1304 1455 1344 δόγμα
1483 1304 1608 1344 ἒκατέρας
1634 1315 1662 1332 τε
1693 1303 1818 1344 αἱρέσεως
1843 1314 1892 1331 πα-

215 1359 225 1375 ι
247 1350 336 1377 tatem
348 1346 509 1378 Gentilium
525 1347 633 1378 multos
652 1347 724 1378 deos
739 1348 935 1378 asserentium
952 1357 1030 1380 error

1080 1361 1093 1377 α
1110 1350 1216 1390 ραμένει
1231 1351 1262 1378 τὸ
1277 1351 1423 1390 ¹ιοήεγιμον,

215 1407 224 1420 ι
243 1391 432 1431 extinguitur,
447 1400 482 1422 ac
496 1401 598 1422 rursus
613 1400 665 1432 per
680 1391 769 1422 Verbi
784 1395 814 1423 et
825 1391 952 1432 Spiritus
976 1393 1183 1426 remissionem
1199 1394 1367 1425 Iudaeorum
1383 1393 1489 1433 dogma
1517 1393 1669 1431 evertitur,
1700 1396 1889 1433 remanctque

215 1448 223 1461 ι
247 1435 276 1466 id
292 1435 369 1476 quod
385 1435 416 1466 in
432 1440 556 1476 utraque
571 1440 651 1466 secta
661 1435 810 1466 commodi
825 1435 912 1468 inest.
938 1447 948 1461 ι

491 1480 740 1511 Animadversa).

253 1541 263 1556 ι
277 1526 351 1558 Nota
367 1527 446 1558 hunc
461 1535 580 1568 quoque
602 1531 749 1567 sanctum,
775 1527 1031 1559 accuratissimum

213 1586 225 1602 c
243 1571 412 1612 dogmatum
442 1576 633 1611 assertorem,
663 1571 853 1602 concorditer
872 1581 938 1603 cum
967 1573 1034 1604 aliis

212 1626 224 1642 α
241 1617 352 1647 sanctis
382 1616 530 1653 Patribus,
554 1615 648 1646 Deum
677 1625 730 1655 pro
755 1615 841 1646 Patre
869 1615 1031 1656 accepisse,

211 1673 223 1688 ε
242 1669 308 1691 cum
323 1660 407 1696 dicit,
425 1660 553 1701 Spiritus
577 1659 708 1698 Domini,
725 1660 885 1700 statimque
912 1661 1032 1701 subdat,

212 1714 225 1730 α
242 1704 374 1736 Verbum
390 1705 591 1736 comitantem.
617 1704 679 1735 Hoc
694 1705 765 1736 item
778 1705 966 1745 apertissime
978 1706 1034 1737 de-

214 1764 224 1778 ι
242 1753 386 1780 monstrat
400 1749 498 1780 verbis
521 1748 573 1780 ﬁni
603 1749 730 1788 hujusce
757 1749 912 1789 pericopes
936 1759 1032 1781 anne-

210 1805 222 1822 ι
240 1793 285 1824 xis
300 1792 371 1824 dum
386 1797 470 1824 vocat
493 1793 637 1833 Spiritum
654 1793 844 1824 essentialem
857 1794 1030 1833 potentiam.

213 1847 224 1862 ι
242 1847 276 1868 ex
293 1838 378 1868 Patre
394 1838 618 1878 procedentem,
637 1841 666 1868 et
678 1837 708 1868 in
723 1837 798 1868 Filio
813 1838 1028 1878 quiescentem,

214 1896 224 1911 I
241 1881 350 1922 quibus
376 1887 405 1914 et
430 1887 530 1913 nostra
558 1886 644 1913 antea
673 1882 805 1923 exposita
819 1882 1029 1925 consideratio,

211 1941 224 1957 ι
243 1935 350 1967 nempe
364 1935 398 1958 ex
424 1927 499 1967 ipsa,
516 1931 545 1957 et
570 1927 600 1958 in
624 1926 701 1967 ipsa,
719 1926 760 1958 uti
777 1936 857 1965 reor,
874 1927 1029 1958 constabi-

214 1980 225 1996 α
243 1971 323 2002 litur.
341 1980 353 1997 ι

530 2019 697 2059 ΙίιιῙιιιαιίο.

251 2065 355 2098 Nostra
364 2076 483 2108 quoque
495 2066 691 2098 consideratio
704 2066 1032 2109 constabilitur,nempe

210 2111 351 2152 Spiritum
368 2121 421 2153 per
437 2112 542 2143 Filium
558 2120 593 2143 ex
618 2112 706 2143 Patre
729 2121 806 2149 esse,
829 2121 895 2143 cum
911 2118 1032 2145 sanctus

1401 1483 1494 1512 Ἐπιστ
1498 1483 1556 1511 ασία
1561 1507 1567 1514 ,

1118 1542 1130 1558 ι
1145 1529 1298 1568 Σημείωται
1325 1533 1381 1562 πῶς
1409 1531 1452 1558 καὶ
1474 1531 1551 1561 οὗτος
1581 1531 1594 1558 ὁ
1623 1529 1681 1558 λίαν
1711 1529 1889 1565 ἀκριϐέστατος

1077 1586 1090 1601 α
1107 1574 1284 1613 δογματιστῂς
1314 1574 1399 1613 ἅγιος,
1423 1577 1570 1614 συμφῶνως
1595 1580 1653 1606 τοῖς
1683 1573 1794 1606 λοιποῖς
1819 1573 1889 1603 θείοις

1078 1630 1089 1645 ι
1106 1618 1221 1657 Πατράσι
1250 1620 1280 1646 τὸ
1307 1622 1372 1646 Θεοῦ
1402 1619 1445 1647 ἐπὶ
1478 1623 1524 1648 τοῦ
1559 1619 1660 1657 Πατρὸς
1689 1617 1888 1656 ἐκλαμϐάνεται,

1080 1672 1094 1692 (
1110 1662 1189 1691 εἰπὼν
1232 1664 1337 1700 Πνεῦμὰ
1378 1667 1454 1699 Θεοῦ,
1498 1663 1542 1691 καὶ
1576 1663 1648 1694 εὐθὺς
1683 1663 1837 1702 ἐπαγαγὼν,
1864 1661 1890 1688 τὸ

1078 1718 1092 1735 α
1109 1711 1345 1747 συμπαρομαρτοῦν
1379 1711 1417 1745 τῷ
1450 1708 1535 1747 λόγῳ.
1571 1711 1653 1736 Τοῦτο
1689 1707 1717 1736 δὲ
1747 1707 1890 1747 σαφέστατα

1077 1765 1088 1780 ι
1104 1751 1230 1792 δείκνυσι,
1247 1753 1290 1780 καὶ
1305 1751 1330 1785 ἐξ
1344 1753 1382 1779 ὧν
1396 1752 1423 1780 ὲν
1449 1756 1487 1790 τῷ
1502 1751 1571 1780 τέλει
1595 1755 1644 1785 τῆς
1666 1755 1814 1792 περικοπῆς
1828 1750 1888 1779 ταύ-

1076 1808 1090 1824 ι
1111 1808 1161 1830 της
1197 1796 1326 1834 διέξεισιν,
1352 1796 1463 1830 οὕσιώδη
1492 1796 1579 1836 λόγων
1603 1798 1634 1826 τὸ
1659 1801 1767 1835 Πτεῦμα
1787 1796 1889 1832 δύναμιν

1076 1852 1087 1869 tl
1111 1841 1141 1870 ἐκ
1155 1845 1200 1870 τοῦ
1226 1842 1326 1881 Πατρὸς
1349 1841 1558 1879 ἒχπορευομένην
1587 1843 1632 1870 καὶ
1663 1841 1690 1870 ἐν
1719 1843 1772 1878 Υἱῷ
1787 1841 1887 1869 ἀναπα-

1074 1897 1088 1914 «
1105 1887 1229 1924 νομένην,
1253 1885 1297 1926 ἀφ’
1324 1888 1360 1914 ῶν
1384 1888 1428 1915 καὶ
1450 1887 1463 1915 ὁ
1485 1887 1542 1926 περὶ
1564 1891 1610 1916 τοῦ
1637 1885 1663 1919 ἐξ
1690 1886 1772 1920 αὐτῆς
1804 1886 1846 1914 καὶ
1865 1883 1889 1910 ἐν

1074 1932 1168 1971 .ᾳῦτῇ
1201 1931 1360 1971 προγραφεὶς
1397 1931 1525 1970 ἡμέτερος
1553 1930 1692 1970 λογισμὸς,
1738 1931 1774 1963 ὡς
1803 1931 1887 1967 οἶμαι,

1072 1986 1084 2001 ι
1109 1975 1312 2015 ἐπιστηρίζεται.
1330 1987 1344 2002 ι)

1139 2059 1141 2061 ι
1388 2021 1562 2061 Ἀντίῤῥησις.

1112 2066 1322 2108 Ἐπιστηρίζεται
1347 2067 1373 2096 δὲ
1389 2069 1432 2097 καὶ
1461 2070 1475 2097 ὁ
1501 2068 1628 2108 ἡμέτερος
1651 2067 1792 2107 λογισμὸς,
1834 2066 1889 2104 περὶ

1071 2116 1118 2141 τοῦ
1139 2112 1210 2140 εἶναι
1245 2113 1276 2141 τὸ
1303 2115 1409 2150 Πνεῦμα
1429 2111 1463 2141 δι’
1492 2115 1553 2141 Υἱοῦ
1588 2113 1617 2141 ἐκ
1639 2113 1741 2152 Πατρὸς
1770 2111 1822 2139 ἀπὸ
1846 2113 1888 2138 τοῦ

210 2156 344 2188 enuntiet
362 2167 369 2187 :
389 2168 400 2184 ι
417 2158 494 2189 Suus
502 2165 619 2198 quoque
627 2155 757 2197 Spiritus
774 2156 873 2187 Verbo
888 2157 926 2188 sit
940 2167 1030 2198 opor-

1080 2156 1159 2195 λέγειν
1179 2157 1224 2184 τὸν
1252 2156 1338 2196 ἅγιον,
1365 2167 1377 2185 ι
1399 2161 1445 2185 Ast
1479 2156 1506 2185 δὲ
1533 2158 1579 2186 τὸν
1614 2157 1693 2196 λόγον
1714 2157 1758 2185 καὶ
1786 2158 1886 2198 Πνεῦμα

210 2205 252 2233 tet
268 2212 301 2233 ει
321 2210 460 2238 necnon;
490 2212 500 2227 ι
518 2201 620 2242 Neque
645 2201 724 2232 enim
744 2201 824 2233 Patri
839 2201 961 2233 verbum
976 2212 1032 2233 un-

211 2256 298 2287 quam
314 2246 478 2287 defuit,nec
492 2246 591 2277 Verbo
607 2245 765 2286 Spiritus.»
782 2245 850 2277 Haec
865 2247 934 2277 dum
949 2256 1032 2278 asse-

210 2291 260 2329 rit,
283 2291 399 2323 videtur
422 2292 501 2323 Patri
528 2300 582 2332 per
606 2289 735 2321 Verbum
751 2290 894 2330 Spiritum
910 2292 1034 2332 conjun-

210 2345 292 2375 gere.
309 2335 366 2372 Qui
395 2345 465 2367 vero
494 2335 573 2367 Patri
587 2334 729 2375 Spiritum
746 2344 799 2375 per
813 2334 942 2367 Verbum
960 2345 1035 2367 con-

207 2379 318 2420 jungit,
340 2390 386 2412 nte
411 2381 462 2412 ille
489 2380 635 2412 Stentoris
656 2380 750 2410 instar
762 2379 880 2420 clamat,
897 2389 931 2411 ex
947 2380 1034 2413 Patre

211 2432 266 2463 per
276 2425 379 2456 Filium
392 2424 534 2465 Spiritum
545 2433 621 2456 esse.
635 2424 711 2454 Illud
722 2424 810 2455 etiam
819 2425 1032 2457 attendendum

211 2472 256 2499 est
270 2468 354 2507 illud,
365 2470 596 2510 progrediatur,
610 2469 675 2500 loco
688 2468 779 2508 illius,
794 2469 949 2510 procedat,
961 2479 1032 2511 sup-

211 2523 358 2554 posuisse.

209 2561 352 2601 Ejusdem
374 2571 412 2594 ea:
438 2562 589 2603 capitibus
603 2561 774 2603 theologicis
789 2563 825 2596 dc
842 2566 946 2596 sancta
963 2563 1032 2596 Tri-

563 2606 673 2635 nitate.

250 2647 387 2681 CXXXV.
406 2660 417 2675 «
434 2649 527 2681 Filius
550 2653 649 2680 autem
677 2653 706 2681 et
731 2651 888 2682 character
901 2654 1032 2692 paternae

213 2705 225 2723 ι
243 2693 426 2732 substantiae,
441 2694 510 2735 quia
525 2694 675 2735 perfectus
699 2699 744 2726 est
766 2704 893 2737 vereque
907 2696 1030 2733 exsistit,

214 2751 227 2768 α
244 2741 331 2780 atque
356 2743 480 2780 excepta
503 2738 628 2780 ingeniti
653 2739 835 2781 proprietate
859 2749 913 2781 per
935 2740 1034 2772 omnia

1073 2200 1161 2241 ἕχετν,
1180 2212 1194 2228 ι)
1217 2201 1262 2229 καὶ
1282 2200 1320 2230 ἔτι
1343 2201 1395 2230 ἀπὸ
1416 2205 1463 2230 τοῦ
1490 2202 1589 2242 λέγειν.
1615 2213 1629 2230 ιι
1647 2203 1683 2231 06
1710 2201 1760 2241 γὰρ
1789 2197 1888 2228 ἐνέλιπέ

1073 2256 1137 2274 ποτε
1164 2249 1202 2283 τῷ
1224 2247 1305 2286 Πατρὶ
1336 2245 1424 2287 λόγος,
1460 2246 1518 2275 εὖτε
1559 2251 1597 2284 τῷ
1621 2247 1700 2286 Λόγῳ
1735 2249 1849 2283 Πνεῦμα,
1873 2253 1885 2271 ι

1074 2294 1159 2320 Ταῦτα
1173 2291 1223 2330 γὰρ
1244 2289 1342 2330 λέγων,
1364 2292 1482 2332 φαίνεται
1510 2295 1548 2329 τῷ
1577 2291 1658 2331 Πατρὶ
1684 2290 1727 2319 διὰ
1748 2294 1793 2319 τοῦ
1808 2289 1889 2332 Λόγου

1075 2335 1213 2366 συνάπτων
1227 2336 1258 2364 τὸ
1277 2330 1393 2373 Πνεῦμα.
1419 2330 1447 2365 Ὀ
1473 2335 1499 2364 δὲ
1528 2335 1569 2365 διὰ
1586 2330 1735 2374 ιοῦνΛόγου
1763 2338 1800 2372 τῷ
1813 2331 1889 2370 Hirpi

1075 2380 1211 2408 συνάπτων
1254 2380 1283 2408 τὸ
1312 2383 1430 2420 Πνεῦμα,
1473 2380 1593 2419 ἄντικρυς
1631 2380 1798 2420 Στεντόρειον
1827 2375 1884 2416 βοᾷ,

1073 2423 1103 2452 ἐκ
1116 2427 1162 2452 τοῦ
1183 2425 1284 2465 Πατρὶς
1299 2424 1341 2453 διὰ
1374 2426 1420 2453 τοῦ
1436 2425 1521 2464 Λόγου
1550 2425 1621 2453 εἶναι
1636 2424 1710 2455 αὐτό,
1741 2421 1887 2455 Σκοπητέον

1073 2468 1100 2497 δὲ
1121 2469 1165 2497 καὶ
1179 2468 1252 2501 ὅπως
1265 2470 1307 2508 τὸ,
1323 2469 1523 2510 προερχομένην
1539 2469 1595 2498 ἀντὶ
1609 2472 1666 2508 τοῦ,
1683 2466 1884 2508 ἒκπορευομένην

1073 2515 1087 2542 ὁ
1102 2514 1178 2553 ἅγιος
1194 2515 1282 2545 εἴπεν.

1073 2563 1124 2589 τοῦ
1138 2560 1216 2589 αότοῦ
1230 2560 1260 2589 ἐκ
1273 2565 1318 2590 τοῦ
1342 2555 1372 2595 η’
1394 2561 1447 2590 τῶν
1474 2560 1635 2601 θεολογικῶυ
1655 2559 1802 2601 κεφαλαίων
1830 2554 1883 2594 περὶ

1346 2608 1395 2640 τῆς
1409 2605 1484 2646 ἁγίας
1498 2605 1617 2646 Τριάδος.

1114 2661 1128 2678 α
1151 2647 1234 2683 ΡΛΕ’.
1251 2653 1310 2686 Υἱὸς
1325 2652 1352 2682 δὲ
1381 2654 1425 2682 καὶ
1446 2654 1584 2694 χαρακτὴρ
1605 2653 1655 2687 τῆς
1683 2653 1810 2692 πατρικῆς
1823 2649 1884 2694 ὗπος

1075 2705 1087 2724 ι
1103 2699 1231 2736 στάσεως,
1247 2697 1289 2726 διὰ
1303 2698 1332 2726 τὸ
1353 2697 1465 2735 τέλειον,
1482 2699 1526 2726 καὶ
1553 2698 1728 2727 ἒνυπόστατον
1753 2695 1796 2724 καὶ
1822 2691 1885 2722 κατᾶ

1077 2753 1089 2772 tt
1108 2743 1191 2773 πάντα
1213 2741 1305 2782 ὅμοιον
1319 2743 1389 2772 εἶναι
1405 2747 1443 2781 τῷ
1457 2743 1538 2783 Πατρὶ
1564 2742 1632 2778 πλὴν
1661 2745 1709 2776 τῆς
1725 2738 1884 2781 ὰγεννησὶας.
