1962 3072
109 61 163 94 621

818 63 1062 96 EPIGRAPH/E.

1735 64 1793 98 622

104 131 147 160 καὶ
167 131 228 171 οὗχὶ
249 130 281 164 δὴ
304 130 404 169 μᾶλλον
433 132 469 163 ὡς
499 131 574 162 αὖτός
600 142 627 159 τε
653 133 695 160 καὶ
710 132 772 172 παρ’
791 135 868 163 αὖτοῦ
897 147 917 164 τ‹

1006 135 1312 168 liuscollocabitur?Et
1322 146 1379 176 qua
1390 137 1504 168 ratione
1520 137 1592 168 Filio
1603 138 1792 178 praestantior

104 177 208 214 Πνεῦμα
226 176 313 212 αὖτοῦ,
344 175 410 210 ὅλην
439 176 502 216 ἕχον
531 178 609 206 αὐτοῦ
637 177 686 210 τὴν
715 177 860 218 ἐνέργειαν,
884 182 928 210 καὶ

105 223 152 255 τὴν
169 223 246 250 αὐτοῦ
267 221 371 260 μέθεξιν
386 220 511 259 ἐμποιοῦν
529 231 537 261 ς
564 230 576 246 ι

145 307 173 340 Ὀ
217 311 407 351 Μεταῳρκστὴς
448 311 475 339 ἐν
523 315 561 349 τῷ
610 314 742 353 μαρτυρίῳ
772 319 818 344 τοῦ
852 315 928 354 ἁγίου

107 357 238 386 Διονυσίου
272 356 317 384 τοῦ
353 355 540 396 Ἀρεοπαγίτου
590 356 616 390 ἐξ
645 360 725 391 αὒτῆς
761 362 809 393 τῆς
837 359 924 400 ﬁtP/ﬁ;

103 404 148 431 τοῦ
169 403 249 442 λόγου
276 401 354 440 φησίν
372 409 379 416 “
406 411 417 429 ι
436 400 520 429 Πάλαι
550 402 597 439 μὲν
627 403 655 429 ἒν
677 403 768 436 τύποις
783 404 815 438 ἦν
829 404 861 432 τὰ
876 408 925 438 τῆς

104 448 215 479 πίστεως
237 447 281 475 καὶ
309 446 454 485 αἰνίγμασι,
484 446 578 473 καὶτὸ
607 449 657 480 τῆς
672 447 796 481 ἀληθείας
827 448 923 489 φέγγος

103 497 140 530 τῷ
156 494 203 527 τῆς
220 495 294 523 σκιᾶς
313 490 383 529 νέφει
411 490 629 520 συνεκαλύπτετο.
655 490 729 520 Ἐπεὶ
742 491 771 520 δὲ
798 495 828 521 τὸ
857 493 926 533 μέγα

103 539 150 572 τῆς
191 539 268 576 ἡμῶν
301 535 433 575 σωτηρίας
462 534 664 574 ἐπραγματεύθη
694 539 847 578 μυστήριον,
884 536 928 568 καὶ

104 584 117 610 ὁ
151 581 253 613 πλάσας
289 581 357 609 κατὰ
381 579 463 616 μόνας
492 580 539 611 τὰς
575 580 680 620 καρδίας
709 583 786 619 ἡμῶν
816 587 853 620 τῷ
877 585 926 618 τῆς

103 629 198 659 οἰκείας
232 626 290 666 περὶ
316 626 387 663 ἡμᾶς
416 624 500 661 οἴκτῳ
522 625 707 664 χρηστότητος
731 627 923 667 ἀναμαρτήτως

103 673 209 711 γέγονεν
224 672 259 704 ὡς
287 672 382 708 ἡμεῖς,
405 668 489 697 τᾶλλα
504 680 531 697 τε
567 669 682 703 ὑπῆλθεν
710 671 759 700 ὅσα
795 674 844 706 τῆς
878 673 926 700 ἅν-

103 717 233 757 θρωπίνης
262 716 330 744 ἐστὶν
352 715 497 754 ἀσθενείας,
525 714 562 742 ἵν’
587 715 639 754 ἐγὼ
665 716 711 750 τὴν
726 717 833 756 πρώτην
856 717 926 746 ἀπο..

102 764 174 792 λαύω
202 762 345 802 εὐγένειαν,
368 761 412 789 καὶ
438 759 514 788 τέλος
541 760 586 787 τὸν
619 759 660 788 διὰ
687 762 797 801 σταυροῦ
817 762 926 792 θάνατοι

102 809 284 848 κατακρίνεται
302 816 309 824 ⁸
350 807 394 833 καὶ

970 178 1058 210 fuerit
1070 183 1100 211 et
1115 190 1172 211 non
1189 180 1285 220 potius
1301 181 1414 221 utipse,
1431 182 1506 212 etab
1519 183 1582 222 ipso
1599 181 1791 222 Spiritus,qui

969 224 1063 268 ipsius
1077 225 1223 256 actionem
1249 226 1415 256 universam
1445 226 1475 256 in
1491 236 1522 258 se
1538 230 1680 267 continet,
1699 232 1726 257 et
1742 228 1792 268 qui

969 267 1048 300 illius
1064 269 1319 310 participationem
1336 270 1550 303 cciumunicat?
1563 287 1573 301 ι

1008 314 1221 354 Metaphrastes
1236 315 1265 344 in
1282 315 1422 354 martyrio
1438 315 1577 355 Dionysii
1603 316 1791 356 Areopagitae

967 357 997 388 in
1010 359 1070 398 ipso
1082 358 1224 389 orationis
1234 358 1521 395 exordio,ait:«0tim
1539 360 1659 399 quidem
1671 361 1745 392 ﬁdes
1755 362 1792 392 si-

967 406 996 432 ta
1010 407 1072 434 erat
1087 403 1116 434 in
1132 403 1221 443 signis
1252 408 1280 434 et
1308 403 1524 442 aanigmatihus,
1540 409 1569 435 et
1583 404 1670 436 nubae
1687 405 1792 436 umbra

968 450 1046 478 tecta
1062 453 1123 478 erat
1140 448 1188 478 lux
1210 447 1352 480 veritatis.
1374 449 1530 488 Postquam
1559 453 1656 479 autem
1684 455 1792 480 nostra:

972 491 1075 523 salutis
1089 502 1225 532 magnum
1250 497 1401 532 peractum
1417 493 1471 523 fuit
1488 496 1669 533 mysterium,
1686 498 1713 524 et
1741 495 1791 534 qui

970 536 1053 567 ﬁnxit
1067 537 1215 576 sigillatim
1232 537 1320 567 corda
1347 542 1446 568 nostra
1467 548 1527 568 sum
1542 538 1735 576 benignitatis
1759 539 1788 569 in

968 590 1021 612 nos
1041 581 1256 617 misericordia,
1283 581 1355 612 citra
1384 586 1537 622 peccatum
1554 587 1640 613 natus
1656 587 1699 613 est
1714 583 1790 613 sicut

969 634 1036 664 nos,
1054 630 1081 657 et
1101 625 1157 656 alia
1171 626 1272 662 subiit,
1286 636 1350 666 quae
1365 630 1434 656 sunt
1450 626 1588 657 humanae
1599 626 1788 658 imbecillita—

970 669 1018 708 tis,
1036 676 1068 700 ut
1084 679 1137 710 ego
1156 670 1280 711 primam
1295 671 1462 711 reciperem
1476 670 1789 711 nobilitatem,etpos-

970 717 1065 745 tremo
1081 715 1296 746 condemnatus
1312 715 1365 746 fuit.
1378 722 1473 746 morte
1488 715 1629 755 crucis,et
1645 726 1683 746 ne
1694 716 1790 746 diram

968 759 1083 798 singula
1095 770 1101 792 :
1115 764 1185 791 sunt
1200 760 1278 791 enim
1310 760 1402 791 multa
1425 760 1602 791 intermedia
1617 761 1791 791 oeconomiae

441 803 486 832 ἵνα
515 805 553 838 μὴ
588 804 621 832 τὰ
659 805 806 834 καθέκαστα
842 806 917 846 λέγωη

1006 804 1066 835 rnis
1083 809 1227 845 susceptae
1242 804 1486 846 mysteriaﬁnem
1503 805 1618 845 accepit
1629 815 1790 846 corporeus

104 853 188 883 πολλὰ
217 853 266 892 γὰρ
299 852 333 880 τὰ
354 850 380 878 ἐν
395 849 468 888 μέσῳ
481 851 529 882 τῆς
547 849 695 887 οἰκονομίας
717 851 795 879 αὒτοῦ
821 852 917 888 μυστή-

1008 854 1111 880 veutus
1129 862 1135 881 :
1153 850 1259 889 incipit
1276 850 1354 880 clara
1379 850 1575 881 manifestatio
1593 850 1743 891 veritatis;
1761 856 1791 881 et

102 910 156 938 ρια,
178 898 260 937 πέρας
289 896 321 924 τὰ
343 897 393 928 τῆς
422 896 575 932 σωματικῆς
603 894 726 932 ἐνδημίας
757 894 875 934 δέχεται,
893 896 925 924 τα

101 948 148 972 τοῦ
174 942 326 978 Πνεύματος
356 939 478 979 ἄρχεται,
522 939 565 966 καὶ
593 939 628 970 εἷς
659 939 783 978 οὗρανοὺτ
812 941 825 968 ὁ
860 940 925 978 ἐμὸς

102 987 212 1027 Χριστός
247 984 415 1024 ἀναφέρεται,
450 984 493 1011 καὶ
521 983 586 1022 πρός
614 982 659 1011 τόν
686 985 811 1023 πατρικὸν
840 985 923 1013 ἐπάν-

101 1042 151 1060 εισι
185 1031 288 1070 θρόνον,
323 1029 367 1057 καὶ
407 1029 437 1056 τὸ
466 1027 671 1067 ἐκπορευόμενον
700 1030 777 1058 αὖτοῦ
820 1033 924 1068 Πνεῦμα

101 1076 143 1104 ἐπὶ
156 1079 191 1114 τῇ
201 1078 253 1112 τῷν
269 1074 386 1103 ἀπίστων
401 1072 492 1109 ἐθνῶν,
507 1072 682 1110 Καταπέμπει
698 1079 756 1105 τοῖς
778 1076 913 1111 μαθηταῖς

101 1121 169 1161 ἔχει.

140 1163 273 1203 Θεόδωρος
302 1165 316 1192 ὁ
356 1164 404 1196 τῆς
445 1157 549 1190 Ῥαϊθοῦ
576 1161 749 1202 πρεσϐύτερος
779 1164 837 1203 περὶ
871 1167 924 1192 τῶν

99 1209 158 1240 καθ’
192 1211 263 1247 ἡμᾶς
293 1209 374 1247 ὀρθῶν
395 1209 444 1241 τῆς
472 1206 596 1240 ἀληθείας
625 1205 765 1246 δογμάτων
779 1208 921 1248 θεολογῷν,

99 1256 178 1292 φησίν
198 1262 206 1270 ⁶
239 1257 290 1283 Τοῦ
312 1252 338 1281 δὲ
366 1252 490 1290 σώματος
519 1252 548 1279 τί)
576 1250 669 1289 ἰδίωμα
695 1250 819 1285 λαϐόντες
834 1264 923 1292 παρα-

99 1300 193 1339 δειγμα
234 1299 285 1332 τὴν
319 1296 500 1336 ἀλληλουχίαν
541 1299 594 1324 τῶν
637 1296 713 1324 θείων
754 1298 923 1327 ὑποστάσεων

99 1344 302 1385 παρεστήσαμεν
323 1341 366 1370 διὰ
394 1344 443 1375 τῆς
473 1343 525 1369 τῶν
541 1340 628 1378 μελῶν
658 1341 797 1380 ἂναλογίας
823 1353 852 1370 τε
880 1343 923 1370 καὶ

99 1390 214 1420 είκασὶας
230 1397 237 1404 '
268 1387 351 1424 ταύτῃ
378 1386 428 1426 γὰρ
460 1386 504 1414 καὶ
542 1390 643 1423 πνεῦμα
679 1386 809 1424 στόματος
833 1389 921 1427 αὒτοῦ,

99 1433 220 1468 δηλονότι
244 1436 289 1460 τού
318 1435 392 1466 Θεοῦ,
423 1431 454 1458 τὸ
492 1433 598 1468 Πνεῦμα
635 1431 666 1458 τὸ
694 1430 770 1470 ἅγιον
804 1431 921 1471 λέγεται,

99 1479 229 1516 στόματος
267 1476 340 1508 ὅντως
362 1476 408 1504 τοῦ
436 1478 609 1514 Move-{avom};
638 1475 687 1504 Καὶ
711 1479 815 1514 Πνεῦμα
843 1476 922 1505 πάλιν

99 1523 124 1556 ἐξ
166 1523 243 1551 αὑτοῦ
281 1519 488 1560 ἐκπορευόμενον
530 1521 574 1548 καὶ
616 1520 844 1559 ἆποστελλόμενον
893 1523 923 1550 οὐ

99 1567 179 1606 μόνον
194 1566 265 1605 παρὰ
291 1569 337 1594 τοῦ
363 1566 477 1604 Πατρὸς,
501 1564 569 1593 ἀλλὰ
592 1566 636 1593 καὶ
661 1566 731 1605 παρὰ
745 1569 790 1593 τοῦ
819 1566 890 1596 fio-3.
907 1577 918 1595 η

100 1613 148 1642 Καὶ
170 1611 237 1649 μετὰ
252 1621 310 1638 τινα
327 1618 334 1625 ”
354 1619 367 1636 σ
390 1610 439 1639 Καὶ
455 1610 509 1648 μὴν
531 1611 544 1638 ὃ
560 1610 652 1648 Κύριος
668 1609 694 1643 ἐξ
718 1610 796 1638 αὐτοῦ
823 1609 922 1643 δεικνὺς

98 1657 161 1686 alno
181 1656 322 1695 ὑπάρχειν,
341 1655 464 1695 ἐμφυσῶν
489 1661 547 1686 τοῖς
569 1656 703 1693 μαθηταῖς
718 1654 792 1695 ἔλεγε
810 1663 817 1670 ¹
838 1664 853 1686 (
868 1655 922 1683 Λαί-

98 1701 157 1730 ϐετε
179 1704 281 1738 πνεῦμα
303 1700 389 1739 ἅγιον,
408 1710 419 1726 ι

140 1742 168 1775 ’0
196 1745 270 1784 ἅγιος
299 1744 454 1777 Ἀθκνάσιος
491 1744 517 1772 ἐν
545 1747 579 1782 τῇ
606 1744 745 1783 ὁμολογίᾳ,
775 1748 824 1779 τῆς
847 1747 924 1774 αὖτίδῦ

96 1791 220 1830 πίστεως,
250 1789 329 1829 φησίν
348 1799 353 1806 ·
375 1801 386 1816 ιι
404 1790 440 1818 Τὸ
455 1788 530 1828 ἅγιον
557 1792 661 1827 Πνεῦμα
689 1789 719 1817 ἐκ
746 1793 792 1818 τοῦ
820 1791 922 1830 Πατρός

95 1837 140 1865 καὶ
167 1837 198 1863 ὲκ
225 1839 271 1864 τοῦ
299 1835 358 1863 Υἱοῦ
387 1833 468 1870 ἐστιν,
492 1835 521 1863 οὗ
549 1834 672 1872 ποιητὸν,
702 1835 732 1862 οὗ
753 1835 870 1873 κτιστὸν,
894 1836 923 1863 οὗ

97 1881 235 1920 γεννητὸν,
259 1877 317 1907 ἀλλ’
342 1878 561 1918 ἐκπορευόμενον,
581 1890 595 1906 ι

139 1921 167 1954 ’0
196 1924 269 1964 ἅγιος
297 1922 450 1962 Ἐπιφάνιος
480 1923 506 1950 ἐν
541 1927 579 1960 τῷ
600 1922 674 1962 λόγῳ
701 1927 740 1960 τῷ
767 1923 922 1962 καλουμένῳ

97 1969 257 2010 Ἀγκυρωτῷ
282 1969 361 2009 φησίν
377 1976 384 1983 ·
422 1979 432 1994 ι
449 1968 485 1996 Τὸ
511 1971 616 2005 Πνεῦμα
648 1968 846 2009 ἀκατάληπτον,
877 1970 923 1998 οὐκ

96 2014 235 2050 ἀλλότριον
278 2018 324 2043 τοῦ
369 2013 471 2052 Πατρὸς
500 2013 543 2041 καὶ
578 2014 649 2050 ficu,
686 2012 744 2042 οὑδὲ
778 2013 922 2054 συναλοιφή

97 2060 153 2088 ἐστι
181 2058 282 2098 Πατρός
307 2059 351 2086 καὶ
394 2059 465 2095 Υἱοῦ,
485 2069 497 2085 n
542 2058 606 2086 Μετ’
649 2057 725 2098 ὀλίγα
742 2066 748 2073 ·
782 2068 793 2084 ι
816 2061 923 2096 Πνεῦμα

96 2104 171 2143 ἅγιον
201 2105 230 2132 οὒ
259 2101 428 2143 συνάδελφον,
451 2104 480 2131 οὒ
508 2101 703 2142 πατρᾶὂελπον,
732 2101 792 2131 ἀλλ’
825 2103 854 2131 ἐκ
874 2106 924 2136 τῆς

96 2149 178 2183 αὔτῆς
200 2148 289 2180 οὖσίας
318 2148 418 2187 Πατρὸς
453 2147 498 2175 καὶ
531 2148 603 2176 Pio-3.
640 2148 690 2176 Καὶ
719 2147 797 2179 αὐτὸς
832 2148 881 2187 γὰρ
910 2149 924 2176 ὁ

95 2193 249 2232 Μονογενὴς
265 2192 348 2231 λέγει,
371 2193 401 2220 τὸ
424 2192 530 2230 Πνεῦμα
558 2195 603 2220 τοῦ
639 2192 741 2231 Πατρὸς
764 2192 808 2220 καί
836 2192 866 2220 ἐκ
879 2195 924 2220 τοῦ

96 2238 199 2278 Πατρός
227 2237 447 2275 ἐκπορευόμενον,
488 2238 532 2265 καὶ
560 2237 591 2265 ἐκ
631 2240 677 2264 τοῦ
705 2236 769 2274 ἐμοῦ
795 2236 922 2276 λήψεται,

95 2282 142 2311 ἴνα
171 2283 210 2320 μὴ
240 2281 378 2322 ἀλλότριον
415 2282 550 2319 νομισθείη
575 2283 689 2321 Πατρὸς,
725 2281 793 2319 μηδὲ
817 2283 889 2313 Υἱοῦ.
909 2293 920 2310 ι)

98 2328 148 2356 Καὶ
173 2326 231 2365 μετ’
259 2326 336 2366 ὀλίγα
352 2335 358 2341 '
391 2336 406 2356 (
443 2326 490 2355 Ἐκ
513 2328 560 2355 τοῦ
594 2328 695 2367 Πατρος
718 2328 762 2355 καὶ
789 2327 836 2355 τοῦ
865 2327 924 2355 Υἱοῦ

95 2372 184 2411 τρίτον
205 2374 240 2410 τῇ
265 2371 403 2409 ὀνομασίᾳ,
422 2383 433 2398 ι
457 2372 506 2400 Καὶ
528 2371 596 2409 μετὰ
610 2371 697 2400 πολλὰ
718 2371 785 2400 πλνυ
802 2379 808 2386 ·
832 2386 842 2401 ε
858 2371 926 2409 Ἀμ-

96 2417 196 2457 φότερα
224 2424 347 2444 κατοικεῖ
375 2418 402 2444 ἓν
431 2418 469 2454 τῷ
491 2416 619 2456 ἀνθρωπῳ
631 2417 668 2453 τῷ
683 2415 783 2453 δικαίῳ,
815 2417 829 2444 ὁ
857 2420 924 2455 Χρι-

96 2462 159 2493 στός
181 2461 226 2489 καὶ
262 2462 292 2489 τὸ
323 2462 429 2498 Πνεῦμα
458 2461 546 2492 αὐτοῦ.
584 2461 613 2489 Ei
639 2460 666 2488 δὲ
688 2462 800 2500 Χριστός
824 2461 854 2489 ἐκ
881 2468 927 2493 τοῦ

95 2506 200 2546 Πατρός
228 2506 376 2534 πιστεύεται
406 2506 470 2538 Θεός
500 2505 530 2534 ἐκ
552 2505 628 2546 Θεοῦ,
652 2506 695 2534 καὶ
721 2506 752 2533 τὸ
777 2509 882 2543 Πνεῦμα
896 2506 927 2534 ἒκ

93 2555 143 2579 τοῦ
178 2553 302 2590 Χριστοὶ,
333 2550 351 2584 ἢ
376 2548 439 2590 παρ’
460 2550 626 2590 ἀμφοτέρων,
658 2552 694 2582 ὡς
709 2561 789 2590 φησιν
815 2551 829 2579 ὁ
858 2554 925 2589 Χρι-

95 2595 172 2635 στός,
201 2605 214 2623 I
235 2590 263 2624 ’0
292 2596 363 2635 παρὰ
391 2599 438 2623 τοῦ
465 2595 566 2635 Πατρός
595 2594 775 2635 ἐκπορεύεται,
793 2595 837 2624 καὶ
851 2594 925 2626 οὗτος

95 2639 127 2668 ἐκ
155 2643 201 2669 τοῦ
230 2640 294 2678 ἐμοῦ
313 2639 441 2678 λήψεται.
460 2649 471 2666 ι
491 2640 540 2669 Καὶ
557 2639 615 2678 μετ’
631 2639 706 2679 ὀλίγα
723 2649 730 2656 “
753 2650 764 2665 I
781 2638 855 2668 Ἀλλ’
871 2639 927 2679 ἐρεῖ

153 2721 166 2741 ⁵
180 2721 267 2752 Joan.
281 2703 330 2760 xx,
355 2719 404 2753 22.
425 2718 439 2742 θ
465 2718 539 2751 ibid.
558 2728 609 2759 xv,
625 2719 827 2760 26;xv1,t4,
845 2719 892 2751 15.

966 894 996 924 in
1013 895 1122 925 coelum
1138 895 1271 925 ascendit
1286 904 1370 925 meus
1383 895 1560 932 Cliristus,et
1575 895 1610 925 ad
1622 894 1722 926 sedem
1737 905 1788 935 pa-

967 944 1081 970 ternam
1097 939 1262 977 revertitur,
1285 944 1312 969 et
1328 939 1378 979 qui
1394 949 1429 970 ex
1445 940 1508 980 ipso
1527 939 1672 979 procedit,
1691 940 1788 980 Spiri-

967 988 1028 1015 tum
1045 983 1347 1024 demittitdiscipulis,
1366 988 1395 1014 ut
1413 989 1513 1015 essent
1542 984 1634 1015 duces
1657 984 1788 1024 gentium

965 1029 1130 1061 inﬁdelium
1162 1044 1174 1059 »

940 1073 1045 1114 ὀδηγίᾳ,
1065 1069 1122 1103 ’Ἐν
1145 1085 1198 1102 τισι
1227 1075 1240 1112 β

1227 1073 1338 1112 βιϐλίοις
1366 1075 1382 1106 ἡ
1412 1074 1543 1114 ἐπιγραφὴ
1558 1075 1600 1102 τὸν
1619 1073 1788 1107 Ἀναστάσιον

1007 1163 1183 1195 Theodorus
1196 1163 1366 1202 Raythenus
1383 1162 1536 1203 presbyter
1548 1163 1586 1193 de
1604 1164 1693 1195 rectis
1715 1173 1786 1194 nos-

966 1212 1019 1239 tra:
1034 1207 1103 1238 ﬁdei
1120 1212 1148 1239 et
1158 1207 1288 1238 veritatis
1301 1207 1488 1246 dogmatibus
1503 1208 1786 1249 deceriiitzoCorpo-

963 1253 1005 1282 ris
1019 1262 1086 1283 vere
1103 1252 1314 1292 proprietatem
1341 1252 1369 1282 in
1397 1252 1565 1292 exemplum
1593 1253 1785 1292 accipientes,

964 1303 1094 1329 mutuam
1104 1298 1268 1329 divinorum
1281 1298 1493 1329 cohaerentiam
1511 1307 1563 1338 per
1578 1299 1781 1330 membrorum

965 1343 1187 1383 proportionem
1205 1342 1485 1374 etassimilationem
1496 1343 1784 1382 repraesentavimus:

965 1387 1035 1418 hinc
1052 1391 1080 1418 et
1090 1387 1211 1427 spiritus
1227 1388 1286 1417 oris
1300 1388 1392 1427 illius,
1405 1387 1458 1418 Dei
1478 1387 1721 1427 nempe,dicitur,
1740 1389 1787 1418 cui

963 1431 1140 1471 Unigenitus
1153 1441 1185 1463 os
1201 1432 1387 1472 est,Spiritus
1405 1436 1525 1462 sanctus
1537 1431 1656 1462 dicitur.
1671 1431 1706 1463 Et
1717 1432 1786 1472 Spi-

963 1476 1038 1507 ritus
1052 1486 1156 1507 rursus
1171 1486 1204 1508 ex
1221 1476 1284 1516 ipso
1299 1477 1509 1517 procedens,et
1526 1476 1636 1507 missus
1654 1481 1786 1507 nontan-

965 1525 1027 1552 tum
1043 1531 1060 1551 a
1073 1522 1159 1552 Patre
1181 1521 1235 1552 sed
1256 1521 1344 1552 etiam
1360 1531 1377 1551 a
1391 1521 1476 1552 Filio.
1494 1534 1506 1549 υ
1521 1520 1556 1551 Et
1581 1524 1648 1560 post
1672 1530 1764 1560 pauca
1779 1531 1785 1552 :

967 1579 978 1594 ι
997 1566 1033 1597 Et
1047 1565 1242 1597 nihilominus
1256 1566 1398 1596 Dominus
1428 1575 1461 1596 ex
1490 1575 1522 1596 se
1552 1565 1617 1605 ipso
1643 1565 1788 1596 eXsistere

964 1610 1119 1651 discipulis
1148 1610 1302 1642 insuﬂlans
1330 1610 1423 1641 dixit:
1453 1622 1465 1637 ι(
1484 1610 1618 1649 Accipite
1643 1608 1784 1649 Spiritum

965 1659 1098 1686 sanctum
1113 1655 1141 1686 5.
1155 1669 1165 1684 ι

1005 1747 1130 1776 Sanctus
1149 1745 1328 1775 Atnanasins
1351 1743 1381 1774 in
1412 1743 1596 1784 professione
1611 1753 1687 1775 vera:
1703 1744 1785 1785 ﬁdei,

965 1789 1036 1820 dicit
1053 1799 1060 1821 :
1082 1805 1092 1820 ι
1109 1788 1235 1829 Spiritus
1250 1793 1369 1819 sanctus
1384 1797 1420 1818 ex
1437 1790 1535 1826 Patre,
1553 1793 1581 1819 et
1592 1797 1626 1819 ex
1638 1788 1713 1820 Filio
1729 1794 1786 1830 est,

965 1843 1024 1865 non
1040 1834 1145 1871 factus,
1162 1843 1223 1864 non
1238 1837 1364 1874 creatus,
1382 1843 1441 1864 non
1457 1832 1585 1873 genitus,
1602 1833 1654 1864 sed
1680 1843 1787 1874 proce~

965 1878 1052 1910 dens.

1004 1923 1186 1964 Epiphanius
1201 1923 1347 1961 oratione,
1365 1923 1413 1955 cui
1425 1932 1534 1955 nomen
1550 1923 1674 1963 prmﬁxit
1688 1923 1787 1964 Ancy—

963 1972 1039 2009 roto,
1056 1969 1148 2000 dicit:
1166 1984 1176 1997 ι
1192 1968 1319 2008 Spiritus
1347 1968 1560 2008 comprehendi
1594 1977 1652 1998 non
1681 1972 1785 2008 potest,

965 2022 1023 2043 non
1033 2012 1147 2043 alienus
1159 2017 1203 2043 est
1219 2014 1312 2044 Patris
1324 2017 1351 2043 et
1359 2013 1439 2050 Filii,
1456 2021 1553 2053 neque
1566 2013 1728 2043 contractio
1745 2017 1789 2044 est

964 2057 1058 2088 Patris
1071 2061 1099 2088 et
1114 2057 1191 2089 Filii.
1211 2069 1224 2085 ι)
1242 2057 1276 2088 Et
1292 2061 1356 2098 post
1371 2067 1485 2097 pauca:
1503 2072 1513 2088 ι(
1528 2057 1655 2097 Spiritus
1669 2061 1788 2088 sanctus

936 2106 956 2131 D
967 2111 1026 2132 non
1040 2102 1131 2133 frater
1148 2101 1257 2139 fratris,
1273 2111 1332 2133 non
1345 2102 1438 2132 Patris
1457 2101 1616 2142 frater,sed
1633 2111 1669 2133 ex
1683 2103 1787 2133 eadem

967 2146 1094 2177 essentia
1109 2147 1204 2178 Patris
1223 2150 1252 2177 et
1266 2147 1344 2178 Filii.
1369 2146 1501 2186 Namque
1526 2146 1588 2186 ipse
1611 2146 1789 2185 Unigenitus

965 2191 1053 2229 dicit;
1069 2191 1212 2231 Spiritum
1227 2191 1319 2223 Patris
1335 2191 1385 2231 qui
1400 2201 1435 2222 ex
1450 2190 1536 2221 Patre
1552 2190 1698 2230 procedit,
1710 2195 1739 2222 et
1754 2200 1789 2222 ex

966 2245 1031 2266 meo
1047 2236 1174 2276 accipiet
1187 2237 1228 2277 6,»
1244 2246 1281 2267 ne
1294 2236 1407 2267 alienus
1420 2245 1435 2267 a
1449 2237 1535 2266 Patre
1550 2239 1579 2265 et
1594 2234 1669 2266 Filio
1686 2235 1789 2266 existi-

966 2284 1107 2312 maretur.
1126 2294 1135 2309 ι
1154 2281 1190 2312 Et
1205 2281 1306 2321 paucis
1321 2281 1485 2320 interjectis
1502 2289 1508 2311 :
1523 2280 1584 2311 «Ex
1599 2281 1684 2311 Patre
1699 2280 1790 2311 etFi-

966 2324 1005 2356 lio
1021 2326 1126 2356 tertius
1140 2327 1348 2367 appellatione.
1367 2337 1376 2351 ι
1397 2326 1431 2356 Et
1448 2329 1511 2365 post
1521 2324 1650 2364 plurima
1664 2335 1788 2357 annexa:

969 2371 1119 2410 «Utraque
1136 2371 1301 2402 inhabitant
1317 2371 1346 2401 in
1363 2370 1484 2401 homine
1496 2369 1588 2409 justo,
1611 2369 1745 2401 Christus
1761 2377 1790 2402 et

967 2414 1093 2455 Spiritus
1108 2415 1201 2456 ipsius
1219 2425 1225 2448 :
1243 2416 1268 2446 si
1281 2425 1349 2446 vero
1365 2415 1498 2447 Christus
1514 2424 1548 2445 ex
1559 2416 1644 2446 Patre
1659 2415 1791 2447 creditur

968 2459 1046 2490 Deus
1062 2470 1096 2490 ex
1111 2460 1183 2498 Deo,
1201 2464 1230 2492 et
1244 2461 1373 2501 Spiritus
1389 2470 1424 2491 ex
1439 2459 1567 2496 Christo,
1584 2463 1636 2490 aut
1651 2469 1685 2490 ex
1697 2461 1789 2491 utris-

967 2514 1037 2545 que,
1053 2509 1083 2535 ut
1098 2505 1232 2536 Christus
1257 2506 1396 2542 insinuat,
1415 2504 1465 2545 qui
1481 2514 1515 2535 ex
1531 2503 1617 2535 Patre
1645 2505 1788 2544 procedit,

968 2553 996 2580 et
1007 2549 1055 2580 hic
1071 2549 1108 2580 de
1122 2560 1187 2582 meo
1199 2550 1334 2591 accipiet.
1354 2562 1364 2577 ι
1382 2550 1418 2580 Ει
1433 2553 1498 2590 post
1513 2558 1609 2589 pauca
1626 2560 1632 2581 :
1652 2561 1666 2579 α
1677 2551 1736 2582 Sed
1747 2551 1789 2582 di-

968 2598 1016 2625 cet
1033 2595 1133 2626 nescio
1145 2596 1210 2635 quis
1224 2606 1230 2627 :
1247 2596 1352 2635 «Igitur
1362 2594 1490 2626 dicimus
1505 2594 1580 2624 duos
1596 2603 1661 2626 esse
1671 2595 1792 2636 ﬁlios,et

950 2668 953 2670 _
969 2641 1117 2680 quomodo
1131 2639 1328 2680 Unigenitus?
1342 2639 1433 2681 Atqui
1460 2643 1489 2669 tu
1505 2639 1572 2679 quis
1587 2648 1630 2679 es,
1658 2641 1708 2681 qui
1723 2651 1789 2672 cum
