1962 3072
191 87 250 120 623

191 197 331 239 Spiritum
341 203 475 229 sanctum
489 207 523 228 ex
536 197 670 237 utrisque
679 205 744 236 quas
757 195 943 226 solummodo
956 195 1014 226 ﬁde

189 252 208 273 a
223 243 332 274 sanctis
348 243 564 284 percipiuntur,
581 241 702 272 luminis
718 240 782 280 ipsa
798 240 897 281 plena,
914 240 1014 271 lumen

190 287 256 319 aliis
270 287 492 327 impertientia;
517 285 703 327 splendidam
729 284 840 316 habent
863 285 1014 324 operatio-

190 341 290 365 nem.»
307 332 342 363 Et
358 332 460 372 paucis
474 331 598 363 annexis
616 341 622 359 :
643 340 657 360 α
668 329 794 370 Spiritus
810 328 1015 369 sanctus,Spi-

189 377 264 408 ritus
280 377 411 408 veritatis
423 382 481 415 est,
499 376 600 406 lumen
610 374 731 406 tertium
744 384 760 405 a
772 375 858 406 Patre
868 378 896 404 et
907 373 1012 404 Filio.»

188 420 260 452 Item
277 424 344 462 post
359 421 450 452 multa
468 430 474 452 :
493 434 506 449 α
519 420 584 457 Quo
600 419 679 450 enim
695 419 783 450 modo
802 431 815 446 α
834 428 920 449 nemo
937 418 1016 449 novit

188 467 306 497 Patrem
329 465 386 497 nisi
415 465 519 506 Filius,
545 473 642 505 neque
657 463 764 495 Filium
781 463 838 494 nisi
856 464 944 495 Pater
954 464 980 501 7,
998 475 1011 490 ιι

189 510 308 551 eodem,
325 511 420 541 audeo
445 510 560 547 dicere,
577 518 676 548 neque
693 509 835 548 Spiritum
854 508 912 538 nisi
928 509 1016 539 Pater

187 559 216 586 et
231 554 334 593 Filius,
351 565 387 586 ex
402 565 460 595 quo
476 554 655 596 procedit,et
672 563 706 584 ex
722 563 780 593 quo
795 552 1015 593 accipit,noque

187 600 294 632 Filium
308 604 337 631 et
350 599 468 631 Patrem
499 599 557 630 nisi
587 598 716 639 Spiritus
731 603 863 638 sanctus,
880 597 930 638 qui
945 606 1015 628 vere

190 644 400 685 gloriﬁcat,qui
411 645 511 676 omnia
528 643 697 684 edocet,qui
718 652 752 673 ex
768 644 854 674 Patre
867 647 896 672 et
907 642 1011 674 Filio.»

188 689 223 720 Et
237 693 304 730 post
317 689 478 720 nonnulla:
502 688 608 728 «Igitur
623 689 712 719 Pater
723 691 784 718 erat
795 686 1015 727 semper,etFi-

189 734 246 765 lius
274 737 336 765 erat
360 743 489 775 semper,
517 738 546 764 et
574 732 702 773 Spiritus
729 741 763 762 ex
793 731 877 762 Patre
894 730 1013 762 etFilio

191 780 294 821 spirat.
314 793 325 808 ιι

229 914 286 946 Per
300 914 408 946 Filium
426 923 493 945 esse
507 912 662 953 Spiritum.

227 960 350 999 Magnus
368 959 547 990 Athanasius
562 957 706 993 oratione,
733 965 798 996 quae
825 955 1009 992 inscribitur,

187 1003 334 1035 Refutatio
350 1007 453 1034 contra
468 1001 651 1043 hypocrisim
668 1000 775 1031 Meletii
790 1003 819 1030 et
832 999 964 1035 Eusebii,
983 1003 1011 1030 et

185 1048 310 1088 incipit:
332 1063 342 1078 ι
358 1047 452 1079 Homo
464 1047 501 1078 ad
516 1045 742 1077 similitudinem
759 1044 812 1075 Dei
827 1044 919 1074 factus
935 1047 1007 1075 est.-

186 1093 308 1124 scribit:
325 1091 513 1133 lmpossibile
541 1091 572 1122 in
587 1089 739 1121 Trinitatis
759 1089 852 1128 gloria
866 1088 1008 1129 Spiritum

186 1137 416 1176 congloriﬁcari,
429 1137 486 1167 nisi
498 1145 532 1167 ex
547 1135 606 1166 Dco
623 1144 675 1175 per
690 1133 798 1164 Filium
814 1133 1009 1174 progredien-

187 1182 215 1212 di
234 1183 334 1220 modo,
351 1191 409 1213 non
425 1186 524 1212 autem
540 1179 632 1211 ﬁendi
648 1179 775 1217 ratione,
803 1182 937 1209 naturam
955 1178 1009 1209 ha-

187 1227 266 1268 beat,
282 1231 314 1258 ut
328 1226 385 1267 ipsi
398 1227 491 1257 aiunt.
511 1238 525 1254 »

227 1271 259 1302 ln
276 1271 474 1312 disputatione
489 1269 655 1301 Orthodoxi
670 1273 699 1300 et
726 1267 932 1300 Macedoniani
947 1268 1010 1299 haec

189 1316 289 1348 habet.
308 1330 318 1345 ι
338 1317 439 1356 Itaque
457 1315 482 1345 si
497 1319 646 1346 ostensum
675 1313 764 1344 fuerit
785 1312 919 1352 ejusdem
944 1321 1010 1343 esse

191 1361 352 1392 divinitatis
365 1360 511 1401 Spiritum
539 1368 606 1389 cum
631 1358 717 1395 Filio,
744 1362 772 1388 et
796 1357 891 1394 Patre,
909 1357 958 1397 qui
975 1366 1009 1388 ex

189 1406 254 1447 ipso
271 1407 359 1438 Patre
386 1414 439 1445 per
465 1404 573 1435 Filium
602 1403 713 1434 etfusus
728 1406 783 1443 est,
799 1402 968 1447 adorandus
981 1405 1011 1432 et

189 1450 334 1482 colendus
348 1459 415 1481 esse
431 1447 695 1480 demonstrabitur.
716 1459 727 1477 υ

227 1496 387 1535 Gregorius
402 1494 623 1533 Thaumatugus
638 1492 773 1524 oratione
799 1501 865 1532 qua
880 1490 984 1531 incipit
999 1501 1006 1521 :

191 1552 202 1567 α
218 1539 433 1578 Inimicissimi,
449 1543 477 1570 et
498 1538 588 1569 alieni
604 1547 621 1568 a
636 1537 824 1568 confessione
851 1535 1011 1576 apostolica

187 1588 267 1625 sunt,
284 1584 334 1624 qui
349 1584 453 1615 dicunt
467 1592 532 1613 esse
547 1581 655 1613 Filium
684 1591 719 1612 ex
748 1581 785 1612 iis
802 1590 865 1621 quae
882 1589 941 1612 non
957 1590 1008 1610 ex-

186 1633 295 1666 stant,»
310 1628 413 1660 scribit
429 1638 436 1658 :
456 1640 469 1655 ι(
484 1628 620 1658 Manente
648 1626 734 1656 Patre
750 1626 894 1666 ingenito,
911 1626 1009 1665 genito

184 1677 284 1704 autem
304 1682 340 1703 ex
355 1674 442 1704 Patre
457 1672 544 1708 Filio,
572 1674 601 1702 et
626 1670 739 1710 Spiritu
768 1673 869 1701 sancto
885 1679 920 1700 ex
937 1669 1010 1700 sub-

186 1717 293 1748 stantia
308 1717 403 1747 Patris
419 1725 473 1756 per
489 1715 596 1747 Filium
609 1719 719 1745 mterne
735 1715 857 1746 emisso.
876 1728 887 1744 ι

227 1763 353 1801 Magnus
369 1761 496 1792 Basilius
518 1760 548 1790 in
573 1769 632 1790 uno
649 1769 683 1790 ex
699 1758 844 1799 capitibus
861 1759 946 1798 cujus
961 1759 1012 1790 illa

189 1810 233 1837 est
248 1805 409 1846 epigraphe
425 1815 433 1836 :
453 1817 464 1833 ι
484 1804 582 1841 Quare
596 1813 654 1835 non
671 1808 700 1835 et
712 1803 841 1844 Spiritus
854 1803 933 1834 ﬁlius
946 1803 1014 1834 Filii

186 1850 305 1887 dicitur,
325 1860 336 1876 ι
355 1849 450 1890 inquit
468 1861 474 1879 :
496 1860 507 1875 ι
523 1847 587 1879 Non
604 1848 673 1888 quia
690 1858 749 1878 non
766 1852 810 1878 est
825 1857 860 1878 ex
884 1849 947 1878 Deo
961 1857 1015 1888 per

187 1895 308 1931 Filium,
327 1894 379 1925 sed
396 1903 434 1925 ne
448 1893 578 1924 Trinitas
603 1893 681 1924 ﬁlios
701 1902 736 1924 ex
766 1891 834 1922 ﬁliis
859 1892 968 1923 habere
983 1893 1014 1922 in

188 1938 391 1980 suspicionem
406 1938 537 1971 veniens.
552 1941 583 1969 ut
599 1941 643 1969 est
657 1938 687 1968 in
700 1936 883 1975 hominibus,
901 1936 1015 1968 inﬁnita

188 1988 310 2025 putetur
325 1983 515 2014 multitudo.
531 1982 679 2024 Etpaucis
691 1981 866 2022 interjeclis:
883 1981 1012 2018 rQuam—

191 2029 297 2060 obrem
314 2038 349 2060 ex
366 2029 427 2060 Deo
444 2028 563 2068 quidem
581 2036 645 2058 esse
657 2026 799 2066 Spiritum
815 2031 917 2067 aperte
938 2036 1014 2067 pra)-

190 2073 298 2105 dicavit
311 2073 481 2114 Apostolus,
493 2073 598 2104 dicens
615 2083 621 2103 :
643 2083 654 2099 ι
673 2071 826 2112 Spiritum,
839 2071 889 2112 qui
905 2081 939 2103 ex
954 2071 1014 2103 Deo

190 2123 246 2156 est,
265 2118 434 2159 accepimus
444 2118 494 2155 8;»
513 2121 542 2148 et
557 2126 611 2158 per
627 2117 731 2148 Filium
746 2116 891 2147 effulsisse
904 2117 1014 2148 clarum

189 2163 269 2202 fecit,
285 2172 351 2194 cum
363 2162 430 2194 Filii
446 2161 691 2203 Spiritum,sicut
705 2161 759 2192 Dei
774 2160 870 2201 ipsum
883 2162 1015 2192 nomina-

189 2209 246 2244 vit,
267 2212 295 2239 et
311 2211 441 2239 mentem
469 2206 578 2239 Christi
607 2205 777 2247 appellavit,
808 2206 884 2236 sicut
905 2211 935 2237 et
962 2205 1015 2236 Dei

192 2253 348 2295 Spiritum,
380 2256 412 2283 ut
439 2251 581 2283 hominis.
595 2262 606 2277 ι
626 2251 661 2282 Et
685 2254 751 2292 post
770 2259 864 2290 pauca
881 2262 887 2280 :
908 2265 919 2280 ι
933 2249 1016 2282 Unus

190 2307 262 2329 vere
275 2302 308 2329 et
322 2297 461 2338 Spiritus,
479 2297 529 2337 qui
543 2305 611 2327 vere
627 2299 745 2327 sanctus
760 2299 815 2333 est,
833 2295 884 2336 qui
899 2299 928 2326 et
952 2295 1014 2336 spi-

192 2343 268 2374 ritus
284 2342 344 2373 oris
359 2342 541 2373 nominatur.
561 2351 573 2368 ι

234 2387 270 2418 Et
295 2387 404 2427 capite,
429 2387 478 2418 cui
503 2386 686 2426 prieﬁgitur:
708 2395 719 2411 ι
734 2386 799 2418 Nisi
825 2384 967 2425 Spiritum
982 2394 1018 2416 ex

192 2431 254 2463 Deo
266 2431 333 2472 quis
348 2431 436 2472 dicat,
453 2439 510 2462 nec
524 2430 670 2469 Verbum,
688 2443 699 2460 ν
717 2430 789 2461 dicit
805 2440 812 2460 :
832 2442 846 2458 α
863 2429 1017 2465 Quomodo

194 2476 284 2515 igitur
298 2475 515 2515 separabuntur
529 2475 741 2515 inseparabilia
756 2474 888 2506 Verbum
904 2473 1018 2506 scilicet

196 2520 261 2560 Dei,
275 2524 305 2551 et
319 2520 448 2560 Spiritus
461 2529 497 2551 ex
509 2519 570 2551 Deo
586 2529 639 2560 per
650 2520 769 2552 Filium.
784 2531 797 2548 ι

236 2564 396 2605 Gregorius
409 2565 560 2605 Nyssenus
578 2565 673 2603 prima
683 2565 824 2597 adversus
837 2564 1018 2596 Eunomium

197 2609 409 2647 Antirrhetica,
426 2619 492 2650 qua:
505 2609 630 2650 incipit:
651 2620 662 2636 ι
681 2611 806 2642 Fieri.ut
819 2609 946 2647 videtur,
959 2619 1019 2640 non

197 2657 306 2696 potest,
323 2658 354 2684 ut
366 2654 417 2694 qui
432 2654 469 2686 de
485 2654 624 2686 omnibus
639 2655 717 2687 bene
732 2654 854 2695 mereri,
869 2664 878 2678 ι
897 2654 993 2696 inquit
1009 2664 1016 2687 :

239 2738 251 2759 ⁷
280 2738 381 2771 Matth.
399 2738 506 2778 311,27.
523 2738 536 2760 8
566 2740 579 2770 Ι
597 2740 664 2772 Cor.
680 2749 711 2778 ιι,
731 2740 769 2772 12
786 2764 792 2771 .

745 84 851 117 JOAN.
868 84 978 117 VEGCI
993 83 1050 115 ΟΡ.
1065 81 1324 116 PATRIARCH/E

190 154 252 185 Deo
267 153 443 185 contendis?
457 153 571 185 Etenim
587 152 612 182 si
626 151 734 184 Filium
744 154 829 182 vocat
844 160 877 181 ex
894 150 1009 191 seipse,
1023 161 1042 179 Α
1052 162 1095 184 τις
1119 161 1128 170 ν

1821 87 1871 119 624

1154 164 1168 181 α
1201 152 1299 182 Οὔκοῦν
1336 163 1422 192 φαμεν
1463 152 1506 182 δύο
1541 155 1610 182 εἶναι
1635 155 1714 186 υίοῦς.
1745 156 1788 183 καὶ
1822 157 1873 186 πῶς

1056 198 1234 237 Μιινογενήςς
1260 201 1359 225 Μενοῦν
1381 208 1411 237 γε
1440 198 1470 225 σὺ
1492 198 1530 230 τίς
1556 205 1582 226 ετ
1611 200 1625 226 ὁ
1653 198 1873 238 ἀντιλογιζόμενος

1056 244 1094 278 τῷ
1122 245 1180 279 Θεῷ
1197 252 1205 279 ;
1221 243 1250 271 Ei
1279 242 1328 280 γὰρ
1350 242 1396 270 τὸν
1411 243 1472 270 Υίὸν
1493 242 1570 271 καλει
1586 243 1631 271 τὸν
1653 243 1679 276 ἐξ
1706 243 1793 281 αὒτοῦ,
1810 244 1837 271 τὸ
1851 242 1876 270 δὲ

1056 286 1132 325 ἅγιον
1158 290 1263 323 Πνεῦμα
1292 287 1322 314 τὸ
1344 285 1408 326 παρ’
1436 287 1603 327 ἀμφοτέρων.
1628 282 1668 316 UA
1697 288 1777 325 μόνον
1796 288 1877 316 πίστει

1058 330 1185 368 νοούμενα
1213 331 1263 358 ὑπὸ
1291 333 1343 359 τῶν
1392 330 1474 370 ἁγίων
1519 332 1645 372 φωτεινὰ,
1674 331 1801 372 φοτοὲότα
1822 343 1877 371 φω-

1055 377 1144 410 τεινὴν
1172 376 1221 409 τὴν
1236 376 1366 415 ἐνέργειαν
1380 376 1451 416 ἔχει,
1470 386 1481 403 ι
1502 379 1552 406 Καὶ
1571 377 1630 416 μετ’
1646 377 1723 417 ὀλίγα
1739 387 1746 394 ·
1767 388 1779 405 a
1799 379 1878 406 Πνεῦ-

1056 432 1093 458 μα
1114 421 1189 460 ἅγιον
1218 423 1323 458 Πνεῦμα
1353 420 1475 454 ἀληθείας
1510 421 1574 461 ἱστί’
1615 422 1785 462 φῶςπρίτον
1812 422 1880 461 παρὰ

1056 457 1157 505 Πατρίές
1179 466 1222 493 καὶ
1249 457 1319 496 Υίοῦ,
1334 478 1345 493 ι
1366 466 1413 494 Καὶ
1440 465 1500 503 μετ’
1515 457 1591 505 ὀλίγα
1609 457 1627 483 δ’
1640 481 1651 496 ι
1670 457 1689 472 μ
1701 457 1736 495 όν
1751 467 1800 505 γὰρ
1820 457 1879 506 τριέ-

1055 521 1105 538 πον
1133 509 1214 542 οὒδεὶς
1242 509 1310 548 ἔγνω
1339 510 1384 538 τὸν
1416 510 1520 550 Πατέρα
1536 511 1557 538 εί
1573 511 1612 548 μὴ
1634 512 1648 538 ὁ
1672 511 1744 547 Υἱός,
1766 510 1823 538 οὐδὲ
1837 511 1881 538 τόν

1056 555 1116 582 Υίον
1146 555 1167 582 εἰ
1184 555 1222 591 μὴ
1236 555 1250 582 ὁ
1265 554 1368 593 Πατὴρ,
1400 554 1468 582 οὕτω
1491 554 1581 592 τολμῶ
1596 554 1695 595 λέγειν,
1712 554 1752 582 ὅτι
1769 554 1824 583 οἱδὶ
1852 556 1882 582 τὸ

1056 601 1161 635 Πνεῦμα
1177 599 1198 626 εἰ
1219 599 1258 635 μὴ
1281 598 1294 625 ὁ
1315 599 1406 637 Πατὴρ
1436 598 1480 626 καὶ
1509 599 1523 626 ὁ
1559 598 1630 637 Υἱός,
1660 597 1723 634 παρ’
1744 599 1772 625 οῦ
1799 597 1881 626 ἐκπο-

1056 643 1167 682 ρεύεται,
1193 643 1237 670 καὶ
1279 641 1340 682 παρ’
1371 642 1400 670 οῦ
1429 641 1569 680 λαμϐάνει;
1595 644 1638 670 καὶ
1670 642 1727 671 οὐδὲ
1748 643 1793 671 τόν
1824 643 1881 670 Υἱός,

1055 688 1099 715 καὶ
1126 688 1172 715 τὸν
1200 687 1302 726 Πατέρα
1324 687 1345 714 εί
1362 687 1401 724 μὴ
1424 687 1455 715 τὸ
1484 690 1590 724 Πνεῦμα
1615 688 1645 715 τὸ
1662 687 1748 727 ἅγιον,
1766 689 1796 715 τὸ
1811 687 1883 719 δοξά-

1055 735 1099 767 ζον
1129 731 1246 767 ἇιληθὼς⁹
1283 732 1313 759 τὸ
1349 730 1470 759 διδάσκον
1497 732 1530 759 τὰ
1562 732 1659 772 πάντα,
1685 733 1698 760 ὃ
1732 733 1802 772 παρά
1837 733 1884 760 τοῦ

1055 776 1156 816 Πατρός
1184 777 1228 804 καὶ
1248 775 1278 804 ἐκ
1299 779 1345 804 τοῦ
1374 776 1445 807 Υἱοῦ.
1463 789 1474 804 ι
1496 777 1545 805 Καὶ
1566 777 1632 814 μετά
1653 787 1712 804 τινα
1729 785 1736 793 ’
1755 788 1767 804 ι
1792 777 1882 805 Toiwv

1055 821 1146 860 Πατὴρ
1172 822 1218 858 ἦν,
1243 822 1287 849 καὶ
1309 820 1369 852 Υἱός
1397 822 1429 859 ᾖν
1445 821 1495 858 ἀεὶ,
1515 822 1570 849 καὶν
1586 821 1616 849 τό
1646 824 1752 859 Πνεῦμα
1781 821 1811 849 ἐκ
1837 821 1884 850 τοῦ

1052 866 1155 905 Πατρός
1170 866 1213 893 καὶ
1232 867 1288 894 ι’ίοῦ
1303 866 1387 895 πνέει.
1408 874 1419 890 1

1093 905 1158 939 ιὈτι
1180 909 1222 938 διὰ
1238 911 1285 938 τοῦ
1300 912 1362 938 Υἱοῦ
1382 910 1412 938 τὸ
1429 913 1547 948 Πνεῦμα.

1095 949 1123 983 ιΟ
1146 954 1228 993 μεγας
1261 954 1415 986 Ἀθανάσιος
1444 954 1471 982 ὲν
1505 956 1544 992 τῷ
1579 954 1651 994 λόγῳ
1686 956 1714 988 ὃς
1736 955 1881 995 ἐπιγέγρα-

1052 1010 1126 1035 πται,
1156 1010 1166 1025 ι
1194 994 1333 1039 ἸΕλεγχος
1357 999 1519 1038 ὑποκρίσεως
1543 1002 1596 1027 τῶν
1618 1001 1676 1037 περὶ
1691 999 1817 1027 Μελέτιον
1838 1001 1882 1028 καὶ

1053 1042 1185 1080 Εὖσέὸιον,
1211 1056 1223 1073 )
1239 1045 1269 1072 οὗ
1303 1044 1321 1077 ἡ
1351 1043 1437 1083 ἀρχὴ,
1459 1054 1470 1071 ι
1491 1038 1651 1083 ’Ἄνθρωπος
1681 1043 1738 1072 καθ’
1754 1044 1881 1082 ὁμοίωσιν

1052 1091 1118 1117 Θεοῦ
1137 1088 1239 1127 γέγονε,
1265 1100 1278 1116 ι
1301 1089 1380 1128 φησίν
1399 1097 1406 1104 θ
1432 1099 1445 1115 ι
1470 1085 1520 1116 Ἠν
1547 1087 1573 1115 δὲ
1595 1088 1720 1117 ἀδύνατον
1736 1089 1762 1116 ἐν
1783 1091 1817 1126 τῇ
1832 1091 1880 1123 τῆς

1052 1132 1159 1171 Τριάδος
1183 1131 1244 1171 δόξῃ
1273 1133 1304 1160 τὸ
1339 1135 1445 1169 Πνεῦμα
1474 1131 1634 1174 δοξάζεσθαι,
1663 1134 1702 1171 μὴ
1730 1132 1880 1172 προοόεκὼς

1051 1176 1079 1206 ὅν
1102 1177 1132 1205 ἐκ
1148 1181 1213 1205 Θεοῦ
1238 1175 1271 1204 δι’
1303 1177 1375 1216 fio-3,
1405 1176 1472 1204 ἀλλὰ
1486 1178 1634 1210 ποιητικῶς
1650 1178 1680 1206 ἐκ
1702 1181 1767 1206 Θεοῦ
1795 1188 1880 1217 γεγο-

1051 1223 1106 1260 νὸς,
1125 1223 1162 1254 ὡς
1184 1221 1315 1261 λέγουσιν.
1335 1233 1348 1249 ι

1092 1263 1122 1295 ’0
1145 1267 1221 1298 αὒτὸς
1248 1266 1275 1293 ἒν
1303 1267 1321 1304 ᾗ
1350 1266 1478 1294 ἐκτίθεται
1512 1266 1623 1300 διαλέξει
1655 1262 1804 1307 Ὀρθοδόξου
1837 1268 1881 1294 καὶ

1051 1310 1256 1348 Μακεδονιανοῦ,
1273 1311 1352 1351 φησὶν
1369 1319 1376 1326 ·
1397 1324 1408 1339 ι
1433 1309 1494 1339 Ἐὰν
1515 1310 1610 1351 δειχθῇ
1632 1314 1682 1345 τῆς
1703 1312 1784 1345 αὐτῆς
1809 1312 1881 1340 εἶναι

1051 1356 1152 1397 φύσεως
1195 1358 1239 1385 καὶ
1272 1357 1398 1390 θεότητος
1433 1359 1472 1394 τῷ
1494 1358 1547 1394 Υἱῴ
1590 1357 1633 1385 καὶ
1654 1360 1692 1394 τῷ
1721 1357 1814 1396 Πασρὶ,
1851 1358 1882 1385 τὸ

1052 1402 1169 1442 Πνεῦμα²
1200 1401 1229 1429 τὸ
1259 1401 1284 1434 ἐξ
1300 1401 1378 1430 αὑτοῦ
1395 1406 1441 1430 τοῦ
1465 1403 1565 1441 Πατρὺς
1581 1401 1623 1431 διὰ
1638 1405 1684 1430 τοῦ
1703 1402 1764 1431 1·ἱοῦ
1794 1401 1880 1441 ἐκχυ-

1020 1458 1040 1483 c
1052 1447 1105 1482 θὲν,
1123 1447 1166 1474 καὶ
1186 1447 1366 1486 προσκυνητὸν
1389 1446 1432 1474 καὶ
1455 1445 1594 1486 λατρευτὸν
1611 1445 1847 1486 ἀποδειχθήσεται.
1867 1458 1879 1474 ι

1093 1487 1122 1520 Ὀ
1165 1492 1351 1531 Θαυματοργὸς
1396 1491 1549 1530 Γρήγοριος,
1580 1491 1607 1518 ἐν
1642 1494 1680 1528 τῷ
1707 1491 1779 1530 λόγῳ
1806 1491 1838 1518 οὗ
1864 1492 1882 1524 ἡ

1051 1536 1135 1576 ἀρχὴ,
1172 1547 1183 1563 ι
1211 1530 1356 1575 ’Ἐχθιστοι
1384 1537 1428 1564 καὶ
1464 1535 1598 1575 ἀλλότριοι
1623 1536 1671 1569 τῆς
1700 1535 1881 1569 ἆποστολικῆς

1052 1580 1196 1619 ὁμολογίας
1209 1581 1232 1608 οἷ
1254 1581 1299 1608 τὸν
1319 1581 1379 1608 Υἱὸν
1392 1579 1420 1613 ἒξ
1435 1581 1482 1609 οὐκ
1495 1580 1577 1609 ὅντων
1593 1579 1728 1620 λέγοντες,
1746 1589 1759 1606 ι
1775 1581 1856 1621 φησὶν
1874 1591 1880 1596 ·

1055 1637 1069 1652 (ι
1085 1625 1247 1664 Ἀγεννήτου
1276 1625 1324 1663 μὲν
1353 1624 1427 1657 ὄντος
1452 1628 1497 1653 τοῦ
1516 1626 1630 1665 Πατρὺς,
1658 1625 1830 1664 γεννηθέντος
1855 1624 1882 1653 δὲ

1051 1671 1097 1698 τοῦ
1124 1670 1184 1698 fio;
1211 1669 1241 1697 ἐκ
1269 1673 1314 1697 τοῦ
1334 1670 1446 1710 Πατρὸς,
1475 1673 1520 1697 τοῦ
1542 1680 1570 1698 τε
1595 1670 1756 1709 Πνεῦματος,
1779 1669 1810 1697 ἐκ
1830 1672 1882 1703 τῆς

1053 1715 1139 1745 οὖσίας
1155 1717 1200 1742 τοῦ
1216 1715 1318 1753 Πατρὸς
1340 1713 1373 1742 δι’
1390 1716 1449 1742 Υἱοῦ
1471 1714 1561 1746 ἂϊὸίως
1578 1714 1782 1754 ἐκπεμφθέντας.

1096 1754 1125 1787 (0
1155 1758 1236 1798 μέγας
1259 1758 1394 1790 Βασίλειος
1416 1759 1442 1787 ἐν
1477 1760 1513 1787 Evt
1548 1762 1600 1787 τῶν
1625 1760 1784 1799 κεφαλαίων⁷
1812 1760 1844 1787 οὗ
1865 1760 1883 1793 ἧ

1055 1803 1199 1843 ἐπιγραφὴ,
1219 1816 1230 1831 ι
1249 1804 1322 1831 Διατὶ
1344 1804 1382 1841 μὴ
1409 1804 1453 1831 καὶ
1480 1814 1510 1832 τι)
1525 1807 1629 1842 Πνεῦμα
1652 1804 1711 1835 Υἱὸς
1732 1805 1779 1832 τοῦ
1807 1806 1881 1843 Υἱοῦ,

1055 1849 1157 1887 φησίν⁹
1184 1847 1224 1876 ὅτι.
1246 1848 1276 1876 οὒ
1304 1847 1345 1879 διὰ
1374 1849 1404 1876 τὸ
1433 1849 1472 1886 μὴ
1501 1848 1572 1877 εἶναι
1608 1849 1638 1876 ἐκ
1667 1850 1733 1876 Θεεῦ
1754 1847 1787 1876 δι’
1809 1849 1884 1886 Υἱοῦ,

1055 1892 1114 1921 ἀλλ’
1142 1892 1187 1920 ἴνα
1217 1893 1295 1932 Τριὰς
1324 1893 1361 1931 μὴ
1391 1895 1503 1932 νομισθῇ
1540 1892 1640 1926 πλῆθος
1661 1892 1780 1932 ἄπειρον,
1810 1895 1886 1925 Υἱοὺς

1055 1937 1081 1970 ἐξ
1103 1939 1181 1977 ι’ἱῶν,
1197 1938 1233 1969 ὡς
1262 1938 1306 1966 καὶ
1326 1939 1354 1965 ἓν
1383 1937 1529 1977 ἀνθρώποις
1552 1937 1625 1977 ἔχειν
1641 1938 1849 1969 ὑποπτευϐεῖσα.
1870 1949 1884 1966 ι

1056 1983 1105 2011 Καὶ
1120 1981 1178 2020 μετ’
1195 1981 1271 2021 ὀλίγα
1283 1991 1289 1998 ·
1312 1997 1322 2011 ι
1348 1983 1397 2010 Διὰ
1411 1985 1488 2011 τοῦτο
1498 1983 1528 2010 τὸ
1544 1983 1592 2020 μὲν
1607 1982 1637 2010 ἐκ
1652 1986 1717 2011 Θεοῦ
1731 1983 1761 2010 τὸ
1776 1985 1887 2021 Πνεῦμα

1056 2027 1126 2055 εἶναι
1162 2030 1261 2066 τρανῶς
1291 2025 1411 2066 ἐκήρυξεν
1439 2028 1453 2055 ὁ
1485 2026 1647 2059 Ἀπόστολος
1675 2027 1771 2066 λέγων,
1812 2036 1823 2051 I
1848 2029 1888 2057 Τὸ

1056 2074 1162 2109 Πνεῦμα
1182 2072 1213 2099 τὸ
1235 2072 1265 2099 ὲκ
1294 2075 1342 2100 τοῦ
1371 2075 1436 2100 Θεοῦ
1471 2070 1609 2109 ἐλάϐομεν,
1636 2072 1681 2100 καὶ
1707 2073 1738 2100 τὸ
1759 2070 1794 2099 δι’
1823 2074 1889 2101 Υἱοῦ

1057 2115 1202 2156 πεφηνέναι
1224 2116 1305 2156 σαφὲς
1341 2116 1496 2153 πεποίηκεν,
1536 2118 1597 2145 Υἱοῦ
1618 2122 1722 2155 πνεῦμα
1749 2117 1889 2155 ὀνομάσας

1058 2161 1132 2200 abab,
1168 2161 1284 2200 καθάπερ
1313 2161 1389 2198 Θεοῦ,
1426 2162 1470 2190 καὶ
1496 2162 1553 2190 νοῦν
1589 2165 1704 2196 Χριστοῦ
1731 2163 1890 2201 προσειπὼν

1057 2206 1173 2245 καθάπερ
1194 2207 1238 2234 καὶ
1260 2210 1325 2235 Θεοῦ
1347 2209 1452 2244 Πνεῦμα
1488 2207 1526 2238 ὡς
1554 2208 1600 2235 τοῦ
1621 2206 1768 2246 ἀνθρώπου,
1786 2218 1801 2234 ri
1835 2209 1890 2236 Καὶ

1058 2249 1116 2288 μετ’
1139 2249 1214 2290 ὀλίγα
1227 2260 1233 2266 ·
1253 2263 1266 2281 ι
1286 2246 1338 2279 ’Ἑν
1354 2251 1381 2279 δὲ
1399 2251 1447 2279 καὶ
1462 2252 1492 2280 τὸ
1507 2254 1612 2289 Πνεῦμα
1627 2252 1657 2279 τὸ
1673 2251 1778 2284 ἀληθῶς
1792 2251 1888 2292 ἅγιον,

1057 2294 1072 2322 ὅ
1093 2294 1126 2329 δὴ
1148 2296 1191 2323 καὶ
1212 2296 1314 2334 πνεῦμα
1336 2296 1467 2334 στόματος
1489 2296 1656 2334 ὀνομάζεται,
1676 2303 1689 2322 ι

1100 2380 1128 2414 ’0
1151 2385 1228 2418 αὑτὸς
1253 2385 1281 2413 ἐν
1304 2389 1342 2423 τῷ
1361 2385 1497 2426 κεφαλαίῳ
1517 2386 1547 2414 οὗ
1567 2386 1585 2419 ἡ
1600 2385 1744 2426 ἐπιγραφὴ,
1764 2398 1776 2414 ε
1794 2387 1824 2414 li!
1848 2387 1892 2424 μὴ

1058 2430 1088 2457 τὸ
1104 2431 1210 2467 Πνεῦμα
1239 2430 1269 2458 ἐκ
1295 2436 1342 2460 τοῦ
1356 2434 1422 2459 Θεοῦ
1442 2430 1513 2470 λέγει
1527 2431 1580 2466 τίς,
1596 2429 1653 2458 οὒδὲ
1675 2432 1720 2459 τὸν
1748 2431 1850 2470 Λόγον,
1875 2444 1888 2459 n

1059 2475 1136 2515 φησίν
1153 2484 1160 2491 '
1180 2485 1193 2502 ι
1217 2478 1277 2508 Πῶς
1302 2476 1346 2504 οὗν
1368 2476 1508 2516 χωρίζοιτο
1522 2476 1554 2504 τὰ
1576 2475 1725 2516 ἀχώριστοι,
1753 2476 1840 2514 Λόγος
1860 2477 1892 2504 ἐκ

1059 2522 1137 2560 Θεοῦ,
1152 2520 1195 2548 καὶ
1211 2523 1316 2559 Πνεῦμα
1331 2520 1361 2548 ἐκ
1377 2520 1441 2549 Θεοῦ
1455 2519 1487 2548 δι’
1505 2521 1566 2548 Υἱοῦ
1580 2530 1588 2560 ς
1607 2533 1618 2548 ι

1101 2559 1129 2593 Ὀ
1160 2565 1264 2599 Νύσσης
1306 2565 1450 2605 Γρηγόριος
1479 2566 1506 2593 ἓν
1550 2559 1588 2602 τῷ
1616 2565 1714 2605 πρώτῳ
1735 2568 1788 2593 τῶν
1820 2566 1892 2606 πρός

1059 2609 1187 2647 Εόνόμιον
1212 2609 1428 2649 Ἀντιῤῥητικῶν,
1458 2609 1487 2638 οὗ
1514 2610 1532 2643 ἡ
1562 2610 1646 2649 ἀρχὴ,
1667 2621 1678 2638 ι
1704 2612 1758 2640 Οὔκ
1789 2610 1822 2644 ἦν
1851 2612 1893 2641 ὡς

1059 2652 1140 2691 ἔοικε,
1170 2654 1201 2682 τὸ
1228 2653 1329 2686 πάντας
1358 2653 1455 2683 ἐθέλειν
1470 2654 1628 2693 εὐεργετεῖν,
1653 2665 1663 2681 I
1682 2655 1761 2695 φησίν
1779 2663 1786 2670 ⁸
1822 2669 1834 2684 ε
1854 2655 1894 2684 Τὸ
