1962 3072
279 65 338 99 643
821 66 955 98 JO.\NN.
970 63 1081 99 VECCI
1101 65 1159 96 ΟΡ.
1177 65 1440 99 PATRIARCH/E
1897 68 1941 102 6M

277 140 367 176 atque
383 144 470 166 causa
485 134 604 166 essendi
615 134 701 165 Pater
715 134 771 175 ipsi
783 138 841 175 est,
856 138 884 165 et
898 133 1038 175 quoniam
1055 141 1098 172 pel

1151 136 1188 170 τῷ
1209 133 1280 161 εἶναι
1307 134 1384 162 αὐτο-3
1405 133 1519 174 Πατέρα,
1542 135 1586 163 καὶ
1607 134 1646 163 ὅτι
1676 134 1708 163 δι’
1736 136 1811 165 αὗτοῦ
1835 137 1851 170 ἡ
1876 137 1943 175 πρόσ-

278 179 374 220 ipsum
400 188 536 210 aCCessus
562 183 590 209 et
616 179 756 210 adduclio
781 178 816 208 ad
848 180 962 209 Patrem
982 181 1098 208 :natur:

1150 177 1209 210 οδος
1245 179 1289 206 καὶ
1330 179 1492 218 προσαγωγὴ
1529 179 1593 218 πρὸς
1622 180 1667 208 τὸν
1694 181 1754 208 Θεὸν
1776 182 1816 209 καὶ
1837 182 1941 220 Πατέρα¹

278 234 347 255 vero
358 223 439 255 nullo
453 223 538 254 modo
549 222 856 263 secundus,qnoniam
869 223 899 253 in
911 227 1036 262 utroque
1048 231 1098 252 unt

1147 222 1220 262 φύσει
1251 222 1278 250 δὲ
1306 223 1392 252 οὖκὲτι
1417 223 1547 263 δεύτερος,
1573 223 1640 253 διότι
1670 226 1762 258 θεότης
1796 225 1822 252 ἐν
1848 225 1942 264 ἐκατέρῳ

277 274 321 301 est
336 269 430 300 deitas
445 277 451 300 :
469 268 508 298 ita
529 267 668 298 videlicet
697 272 726 298 et
742 267 873 308 Spiritus
889 271 1019 307 sanctus,
1038 270 1067 297 et
1078 267 1098 297 si

1146 267 1193 305 μία
1210 277 1216 283 ·
1237 268 1304 296 οὕτω
1318 267 1440 302 δηλονότι
1455 270 1499 297 καὶ
1526 270 1556 297 τὸ
1586 273 1690 308 Πνεῦμα
1717 271 1747 298 τὸ
1768 270 1849 309 ἅγιον,
1870 271 1888 298 εἱ
1908 271 1942 298 καὶ

276 314 417 354 dignitate
433 317 462 343 et
476 313 579 343 ordine
589 313 738 343 secundus
749 322 765 343 a
777 312 850 344 l’ilio
866 316 983 350 est,non
1000 315 1098 342 tamen

1143 311 1291 346 ὑποϐέϐηκε
1322 313 1367 341 τὸν
1407 314 1466 341 Υὶὸν
1494 317 1528 352 τῇ,
1563 313 1632 346 τάξει
1668 315 1711 342 καί
1746 318 1783 350 τῷ
1821 314 1939 352 ἀξιώματι,

275 357 474 390 verisimiliter
499 357 603 388 aliena:
628 357 724 398 ipsum
755 366 821 388 esse
852 361 962 388 natura,
990 365 1097 387 conse-

276 407 393 444 quetur.
413 414 423 429 ι

313 448 394 478 Idem
407 447 547 477 adversus
559 446 695 477 eumdem
710 446 885 476 Eunomiqu
899 445 1098 477 Antirrhetico

274 493 381 532 primo,
398 492 480 529 cujus
510 491 686 531 principium
702 500 708 523 :
729 503 741 518 α
756 491 786 522 Si
803 500 906 522 omnes
922 499 1011 531 super
1025 499 1100 531 quos

274 538 368 568 lteiac
380 536 537 567 Salvatoris
550 536 642 566 nostri
659 545 768 566 nomen
786 535 950 566 invocatum
964 540 1007 566 est
1024 535 1098 573 ;Sed

271 581 345 612 ordo
358 581 433 612 alter
446 580 587 611 naturalis
598 584 654 617 est,
667 580 743 610 alter
754 579 941 615 artiﬁciosus,
956 579 1099 610 naturalis

271 626 322 667 qui
338 630 542 656 creaturarum
554 625 638 664 juxta
654 623 780 655 creandi
797 624 928 655 rationes
939 624 1100 663 dispositus

273 675 328 706 est.
347 674 375 701 et
387 669 493 710 positio
506 669 633 709 numeri,
651 674 678 700 et
693 678 845 700 causarum
859 669 896 699 ad
912 669 1034 699 effectus
1048 677 1098 698 re-

272 715 354 752 latio,
371 718 438 745 ante
453 713 553 744 omnia
564 723 629 744 cum
648 713 720 744 illud
739 713 768 743 in
784 713 928 744 confessis
939 713 987 749 sit,
1005 713 1098 753 ipsius

1139 356 1225 385 οὒκέτι
1242 357 1273 384 ἂν
1288 358 1394 389 εἱκοτως
1409 359 1446 390 ὡς
1459 357 1596 398 ἀλλοτρίας
1611 358 1731 399 ὑπάρχον
1742 359 1848 399 φύσεως,
1866 371 1876 387 ι

1182 440 1210 474 '0
1233 445 1310 477 αὐτὸς
1325 445 1352 473 ἐν
1367 450 1405 483 τῷ
1435 442 1462 474 σι’
1490 450 1542 475 τῶν
1571 447 1636 486 πρὸς
1669 448 1795 485 Εὒνόμιον
1822 445 1939 485 1Αντιρῥη-

1139 492 1219 517 τικῶν
1234 489 1316 529 λόγῳ,
1335 490 1364 518 οὗ
1378 492 1393 524 ἡ
1407 491 1479 530 ἀρχὴ
1498 492 1506 507 ‘
1533 505 1544 519 ι
1563 492 1590 519 Εἰ
1619 492 1667 528 μὲν
1693 490 1827 520 ἐϐούλοντο
1851 491 1939 524 πάντες,

1140 532 1181 572 ἐφ’
1197 535 1241 566 οὖς
1256 535 1286 562 τὸ
1308 534 1392 572 ὄνομα
1405 539 1451 563 τοῦ
1476 539 1541 564 Θεοῦ
1567 536 1611 564 καὶ
1632 538 1757 576 Σωτῆρος
1785 537 1858 573 ἡμῶν
1872 535 1939 568 Ἰησιῦ

1142 581 1252 617 Χριστοῦ
1279 578 1466 616 ἐπικέκληται,
1499 589 1509 604 ι
1549 580 1627 620 φησίν
1644 589 1650 596 ·
1695 589 1706 604 I
1730 579 1813 608 Ἀλλὰ
1839 579 1901 612 τάξις
1928 580 1939 611 ἡ

1142 623 1191 659 μὲν
1206 623 1302 663 φυσικὴ
1318 624 1356 655 τίς
1381 625 1464 663 ἔστιν,
1488 624 1505 657 ἡ
1522 623 1549 652 δὲ
1571 623 1630 652 κατ’
1657 623 1824 659 ἐπιτήδευσιν
1842 633 1847 640 '
1863 623 1940 662 φυσικὴ

1142 667 1202 704 μὲν,
1224 669 1261 699 ὡς
1284 667 1299 700 ἦ
1328 670 1380 695 τῶν
1409 668 1561 705 κτισμάτων
1587 669 1654 696 κατὰ
1682 669 1742 700 τοὺς
1764 667 1939 707 δημιουργικῶς

1141 710 1235 750 λόγους
1256 712 1400 752 ταχθεῖσα,
1415 713 1458 740 καὶ
1473 713 1491 746 ἡ
1510 717 1556 742 τοῦ
1577 713 1686 751 ἀριθμοῦ
1711 712 1793 753 θέσις,
1808 713 1849 740 καὶ
1874 713 1939 745 ἡτῶν

271 763 383 790 natura:
398 758 491 789 Deum
507 762 535 787 ct
548 762 712 788 creatorem
730 762 759 787 et
775 758 911 797 opiﬁcem
930 767 996 789 esse
1010 758 1097 789 :arli-

1139 758 1227 785 αἰτίων
1256 759 1320 798 πρὸς
1347 759 1379 787 τὰ
1408 759 1511 787 αἰτιατά
1545 759 1650 799 σχέσις,
1681 758 1779 787 ἐκείνου
1813 757 1940 798 προδιωμο-

271 805 390 836 ticiosus
418 811 488 834 vero
517 807 547 832 et
573 802 716 833 industria
731 801 885 833 hominum
903 803 1095 841 excogitatus,

1138 801 1298 841 λογημένου,
1314 807 1359 831 τοὺ
1381 804 1424 831 καὶ
1439 806 1487 836 τῆς
1510 804 1611 843 φύσεως
1633 804 1713 838 αὺτῆς
1741 803 1852 837 ποιητὴν
1885 802 1940 830 εἶναι

270 849 322 889 qui
337 849 367 878 in
382 847 541 879 structuris
556 851 584 876 et
600 846 778 885 disciplinis,
804 850 834 877 et
847 846 1052 885 dignitatibus,
1069 846 1098 877 el

1138 848 1182 875 καὶ
1223 846 1381 888 δημιουργὸν
1425 849 1455 876 τὸ
1484 849 1548 876 Θεόν
1565 857 1573 867 ’
1605 848 1826 886 ἐπιτετηδευμένη
1852 846 1876 875 δὲ
1907 848 1939 873 καὶ

270 901 405 929 numero,
437 896 464 922 et
488 891 648 922 similibus.
666 890 778 921 llorum
799 890 929 931 primum
944 890 1096 922 occultans

1138 892 1260 931 τεχνικὴ,
1284 892 1321 924 ὡς
1342 893 1360 926 ἡ
1387 891 1415 919 ἐν
1442 899 1501 924 τοῖς
1529 892 1772 932 κατασκευάσμασι,
1802 893 1844 920 καὶ
1869 891 1939 929 μαθή-

269 938 431 968 Eunomius
438 936 577 966 secundm
585 935 695 975 speciei
703 935 819 966 ordinis
828 935 1010 966 mentionem
1018 935 1097 973 fecit,

1141 947 1217 973 μασι,
1234 937 1277 964 καὶ
1293 936 1432 975 ἀξιώμασι,
1463 938 1506 965 καὶ
1530 937 1645 977 ἀριθμῷ,
1666 939 1706 965 ναὶ
1733 944 1794 969 τοῖς
1821 936 1939 966 τοιούτοις.

268 983 369 1023 aitque
382 991 440 1012 non
451 990 517 1011 esse
528 989 602 1020 opus
612 989 747 1010 asserere
762 980 899 1010 ordinem
912 981 939 1011 in
955 981 1098 1017 Deo,cum

1140 981 1244 1008 Τούτων
1265 981 1349 1009 τοίνυν
1378 981 1408 1009 τὸ
1429 981 1555 1021 πρότερον
1591 981 1813 1021 ἀποκρυψάμηος
1833 982 1847 1009 ὁ
1873 980 1940 1009 End-

268 1027 342 1058 ordo
357 1026 514 1058 ordinante
532 1024 680 1064 posterior
708 1024 755 1055 sit.
772 1024 846 1056 Illud
863 1028 961 1055 autem
977 1025 1022 1055 vel
1039 1035 1097 1056 non

1140 1035 1212 1063 μιος,
1248 1029 1294 1054 τοῦ
1322 1024 1441 1065 δευτέρου
1470 1025 1556 1057 εἴδους
1578 1027 1627 1059 τῆς
1661 1026 1760 1058 τάξεως
1796 1026 1941 1064 ἐπεμνήσθη,

269 1070 489 1106 animadvertit,
517 1069 561 1100 vel
589 1069 690 1099 volens
720 1069 911 1110 prudensque
928 1070 1096 1108 occultavit,

1139 1070 1182 1097 καί
1216 1081 1281 1109 φησι
1312 1070 1350 1108 μὴ
1373 1070 1470 1110 χρῆναι
1499 1070 1586 1109 λέγειν
1613 1071 1656 1098 ἐπὶ
1680 1075 1745 1098 Θεοῦ
1773 1071 1853 1110 τάξιν,
1883 1069 1941 1097 ἐπεί-

270 1125 337 1147 esse
352 1124 447 1155 genus
463 1113 581 1155 aliquod
608 1113 733 1150 ordinis,
753 1122 812 1144 non
837 1117 938 1144 nostra
954 1114 1098 1146 industria

1139 1124 1187 1152 περ
1221 1115 1239 1148 ἡ
1274 1114 1345 1147 τάξις
1375 1114 1480 1154 δευτέρα
1509 1119 1555 1144 τοῦ
1581 1115 1732 1146 τάττοντος.
1771 1114 1872 1144 Ἐκεῖνο
1891 1113 1941 1145 ὂὲῆ

269 1161 472 1194 constitutum.
503 1159 555 1190 sed
582 1158 744 1189 secundum
771 1162 883 1189 natura:
898 1159 1005 1189 seriem
1022 1169 1096 1190 con~~

1139 1159 1168 1187 οὔ
1183 1158 1310 1197 σύνοιδεν,
1339 1159 1356 1193 ἣ
1378 1159 1445 1191 ἑκὼν
1467 1159 1647 1199 ἀπεκρύψατο,
1664 1159 1705 1187 ὅτι
1735 1159 1791 1188 ἔστι
1811 1170 1836 1188 τι
1862 1157 1940 1191 τάξεως

271 1205 399 1245 tingens,
416 1204 504 1235 veluti
521 1203 597 1243 ignis
614 1203 649 1233 ad
666 1203 778 1242 lumen,
797 1203 873 1242 quod
891 1212 925 1233 ex
941 1213 976 1234 eo
993 1208 1047 1235 est.
1064 1204 1096 1234 In

1140 1203 1210 1235 εἶδος
1236 1204 1283 1232 οὒκ
1310 1204 1340 1232 ἐκ
1373 1206 1423 1238 της
1451 1203 1513 1244 παρ’
1534 1205 1611 1242 ἡμῶν
1638 1204 1732 1236 θέσεως
1764 1204 1939 1241 σννιστάμενον,

270 1250 317 1280 his
335 1249 445 1280 etenim
462 1248 544 1289 prius
566 1257 684 1278 causam
701 1247 839 1285 dicimus,
857 1248 1002 1285 posterius
1017 1249 1095 1288 quod

1139 1247 1199 1276 ἀλλ’
1242 1250 1308 1286 αὐτῇ
1416 1249 1484 1277 κατὰ
1512 1249 1586 1287 φύσιν
1625 1248 1765 1285 ἀκολουθίᾳ
1802 1247 1940 1287 συμϐαῖνον,

269 1294 305 1325 ab
317 1303 351 1325 eo
359 1299 401 1324 est
408 1303 480 1330 ,non
492 1292 647 1323 interv.illo
655 1297 683 1322 et
691 1301 725 1322 ea
731 1292 766 1322 ab
773 1292 897 1322 invicem
907 1292 1096 1331 dirimentes;

1139 1293 1175 1324 ὼς
1204 1295 1242 1329 τῷ
1269 1293 1329 1332 πυρὶ
1358 1294 1422 1331 πρὸς
1450 1294 1480 1321 τὸ
1509 1295 1563 1332 φῶς
1592 1293 1646 1321 ἐστι
1673 1294 1704 1321 τὸ
1739 1293 1765 1326 ἐξ
1796 1295 1881 1324 αὖτοῦ.
1908 1292 1941 1319 Ἐι

270 1339 324 1369 sed
340 1343 409 1369 ante
426 1338 562 1370 effectum
578 1346 696 1368 causam
714 1337 924 1376 intelligentes.
942 1337 1095 1373 Quomodo

1138 1338 1238 1369 τούτοις
1259 1338 1308 1377 γὰρ
1335 1338 1461 1377 πρότερον
1488 1339 1518 1365 τὸ
1546 1337 1633 1366 αἴτιον
1659 1337 1785 1378 λέγομεν,
1829 1337 1939 1376 δεύτερον,

270 1383 370 1424 itaque
385 1383 492 1414 rationi
508 1386 740 1413 consentaneum
757 1382 843 1412 fuerit
858 1382 992 1412 ordinem
1007 1383 1098 1414 dene-

1138 1381 1165 1410 δὲ
1206 1382 1237 1410 τὸ
1296 1381 1342 1410 ἀπ’
1399 1384 1486 1420 αὐτοῦ,
1543 1383 1572 1410 οὒ
1623 1381 1786 1419 διαστήματι
1827 1382 1940 1422 χωρζον-

270 1437 350 1467 gare,
369 1428 398 1458 in
413 1427 520 1468 quibus
545 1431 590 1458 est
602 1427 684 1467 prius
707 1430 736 1457 et
751 1426 910 1466 posterius,
927 1436 986 1457 non
997 1431 1096 1459 nostra

1138 1438 1180 1459 τες
1207 1427 1254 1455 ἀπ’
1288 1426 1429 1462 ἀλλλῆ)ων
1473 1427 1565 1464 ταῦτα,
1601 1425 1670 1454 ἀλλά
1704 1430 1743 1464 τῷ
1764 1427 1884 1467 λογισμῷ
1908 1437 1941 1453 τον

271 1473 430 1508 industria,
444 1471 496 1502 sed
509 1481 543 1502 ex
566 1471 691 1502 naturali
707 1471 737 1501 in
753 1471 827 1511 ipsis
844 1471 1006 1503 easistente
1022 1482 1096 1503 con-

1138 1473 1255 1500 αίτιατοῦ
1287 1477 1503 1512 προεπινοοῦντες
1531 1472 1561 1500 τὸ
1585 1471 1683 1503 αἴτιον,
1720 1475 1783 1503 Πῶς
1819 1471 1862 1500 οὖν
1885 1471 1939 1499 ἐστιν

269 1518 421 1548 secutione
433 1517 448 1547 (Ι
462 1516 524 1552 Qua
540 1525 608 1556 ergo
624 1517 661 1547 de
691 1525 777 1547 causa
792 1515 927 1546 ordinem
944 1525 1096 1548 assumere

1138 1516 1245 1556 εὔλογον
1272 1517 1405 1556 ἀρνεῖσθαι
1442 1517 1489 1550 τὴν
1517 1516 1600 1556 τάξιν,
1629 1515 1670 1556 ἐφ’
1698 1517 1735 1543 ὧν
1773 1517 1828 1545 ἐστι
1856 1519 1942 1555 πρῶτον

269 1563 299 1593 in
315 1562 374 1593 Deo
385 1564 523 1602 respuit?
534 1560 689 1601 Opinatur,
698 1561 723 1591 si
734 1561 899 1592 ostenderit
911 1570 1095 1602 nequaquam

1138 1563 1181 1590 καὶ
1211 1561 1328 1600 δευτέρον
1350 1561 1379 1590 οὒ
1406 1562 1473 1589 κατὰ
1501 1562 1550 1594 τὴν
1578 1561 1709 1600 ἡμετέραν
1735 1561 1807 1590 θέσιν
1842 1561 1897 1589 ἁλλ’
1920 1560 1942 1588 ἐκ

272 1607 359 1637 aliter
370 1606 451 1647 prius
463 1606 493 1636 in
500 1605 560 1636 Deo
571 1605 858 1645 intelligi,reliquum
867 1615 899 1636 se
910 1606 1091 1646 habiturum,

1138 1607 1186 1640 τῆς
1215 1607 1282 1634 κατὰ
1309 1606 1384 1647 φύσιν
1420 1608 1510 1638 αὐτοῖς
1540 1605 1741 1645 ἐνυπαρχούσης
1779 1606 1941 1643 ἀκολουθίας

269 1651 300 1681 in
310 1651 374 1691 ipsa
384 1649 670 1681 scilicetsubstantia
679 1649 871 1680 eminentiam
882 1650 1091 1682 demonstrari.

1138 1657 1208 1684 Τίνος
1231 1650 1275 1679 οὖν
1310 1650 1398 1679 ἕνεκεν
1425 1650 1514 1679 ἀθετεῖ
1541 1651 1589 1684 τὴν
1614 1650 1685 1683 τάξιν
1712 1650 1889 1688 Λαμϐάνεσθαι
1912 1650 1943 1680 ἐπὶ

270 1695 330 1726 Nos
343 1705 413 1726 vero
430 1694 593 1725 secundum
609 1703 765 1724 causarum
779 1694 812 1724 ad
828 1704 873 1731 ea,
891 1704 955 1735 quae
971 1706 1005 1726 ex
1022 1696 1093 1736 ipsis

1138 1701 1224 1736 8506;
1263 1691 1397 1735 Ἠγεῖται,
1427 1696 1448 1724 εἰ
1483 1695 1615 1728 ἐπιδείξειε
1645 1694 1776 1733 μηδαμῶς
1814 1695 1898 1727 άλλως
1920 1694 1943 1721 1':

268 1744 348 1779 sunt,
362 1739 536 1770 relationem
565 1739 697 1778 praeponi
724 1739 829 1769 Filium
859 1740 938 1771 Patri
954 1740 1090 1779 fatemur,

1138 1742 1258 1781 πρότερον
1287 1741 1328 1769 ἐπὶ
1375 1745 1421 1770 τοῦ
1448 1742 1574 1780 νοεῖσθαι,
1611 1739 1769 1778 λειπόμενον
1805 1740 1868 1774 ἕΞε-ν
1896 1737 1942 1768 κατ’

269 1788 382 1815 natura:
392 1793 462 1814 vero
479 1783 650 1814 diversitate
662 1783 742 1814 nullo
759 1784 857 1820 modo,
875 1793 971 1825 neque
980 1794 1090 1816 secun-

1138 1786 1216 1820 ιῦτὴν
1263 1786 1313 1820 τὴν
1349 1785 1437 1814 οὐσίαν
1470 1785 1518 1819 τὴν
1567 1785 1704 1825 ὑπεροχὴν
1754 1784 1943 1814 ἐπιδείκνυσθαι.

268 1829 337 1858 dum
349 1827 652 1868 exsuperantiam.Sic
665 1828 744 1858 enim
755 1834 783 1859 et
794 1829 911 1860 Patrem
925 1839 991 1860 esse
999 1830 1092 1861 Deum

1138 1825 1231 1869 Ἠμεῖς
1244 1831 1272 1859 τέ
1287 1831 1355 1859 κατὰ
1383 1830 1431 1868 μὲν
1445 1830 1493 1864 τὴν
1514 1830 1566 1858 τῶν
1588 1829 1676 1857 αἰτίων
1705 1830 1770 1868 πρὸς
1793 1831 1826 1859 τὰ
1854 1828 1878 1862 ἐξ
1905 1830 1944 1858 αὖ·

269 1873 476 1913 rejiceremus,
493 1882 559 1903 cum
577 1872 744 1904 essentialis
758 1873 916 1905 diversitas
928 1875 1092 1906 naturalem

1138 1880 1185 1905 τῶν
1217 1875 1310 1916 σχέσιν
1333 1875 1512 1915 προτετάχθαι
1538 1878 1583 1903 τοῦ
1614 1875 1674 1902 Υἱοῦ
1701 1875 1746 1903 τὸν
1774 1875 1875 1914 Πατέρα
1901 1885 1944 1913 φα-

268 1918 510 1958 conjunctionem
528 1921 658 1958 respuat.
679 1927 689 1942 ι
753 1957 770 1961 __

1138 1921 1196 1961 μὲν,
1219 1920 1287 1948 κατᾶ
1301 1918 1328 1947 δὲ
1349 1920 1398 1953 τήν
1413 1922 1463 1953 τῆς
1484 1919 1585 1959 φύσεως
1612 1917 1737 1959 διαῳορὰν
1765 1919 1867 1958 οὐκετι,
1896 1916 1944 1946 οὖδὲ

267 1964 334 1990 κατᾶ
349 1963 397 1996 τὴν
413 1966 459 1991 τοῦ
473 1962 571 2002 χρόνου
585 1963 733 2002 ὑπεροχήν,
753 1957 793 1991 ’Ἡ
809 1963 877 1991 οὕτω
893 1975 922 2003 γε
939 1966 981 1993 καὶ
1010 1966 1071 1994 αἰτὸ
1098 1967 1129 1995 τὸ
1159 1965 1261 2004 Πατέρα
1283 1964 1353 1992 εἶναι
1375 1964 1420 1991 τὸν
1443 1964 1507 1992 Θεὸν
1529 1963 1703 2001 ἀθετήσομει,
1733 1967 1782 1997 τῆς
1812 1964 1878 1992 κατὰ
1903 1962 1944 1995 τὴν

267 2008 354 2036 ὠσίαν
377 2007 582 2045 ἀλλοτριότητος
605 2008 652 2041 τὴν
668 2008 780 2047 φυσικὴν
795 2008 934 2048 στνάφειαν
951 2009 1105 2044 ἀθετούσης.
1131 2020 1142 2035 I

308 2052 389 2082 Idem
404 2052 490 2092 epist.
506 2051 542 2082 ad
560 2051 728 2090 canonicas,
747 2061 812 2092 quae
827 2052 932 2092 incipit
947 2062 954 2084 ξ
974 2054 1092 2090 «Quan-

1176 2050 1204 2083 ’0
1221 2054 1298 2086 αὐτὸς
1313 2055 1340 2081 ἓν
1365 2057 1399 2092 τῇ
1421 2054 1486 2094 πρὸς
1513 2064 1561 2085 τας
1586 2053 1726 2085 κανονικέις
1757 2052 1894 2092 ἐπιστολῇ,
1918 2052 1944 2085 ἧς

268 2100 327 2127 tum
345 2105 398 2127 nos
414 2096 505 2127 tristis
519 2105 622 2127 rumor
637 2105 725 2127 aures
740 2100 855 2126 nostras
867 2097 1092 2130 circumsonaus

267 2141 394 2181 primum
413 2140 572 2172 aﬂlixerat.
603 2142 675 2172 Cum
697 2149 768 2171 vero
784 2150 800 2171 e
816 2141 981 2173 substantia
998 2144 1092 2175 Patris

267 2186 373 2217 Filium
390 2185 553 2217 subsistere
565 2186 643 2216 docti
654 2185 756 2222 simus,
771 2186 933 2226 etquidem
947 2187 1090 2227 genitum,

267 2240 325 2261 non
339 2234 439 2261 autem
456 2231 575 2268 factum,
586 2240 622 2261 ne
635 2230 853 2261 descendamus
868 2231 904 2261 ad
920 2233 1091 2272 corporales

267 2275 437 2316 passionum
466 2274 688 2314 intelligentias.
723 2275 786 2306 Non
809 2279 862 2319 _est
878 2277 956 2306 enirn
974 2286 990 2307 a
1005 2278 1091 2308 Patre

267 2320 361 2351 divisa
375 2321 405 2350 in
421 2319 529 2351 Filium
543 2320 683 2357 essentia,
699 2329 796 2360 neque
813 2329 863 2360 per
885 2321 1023 2352 efﬂuxum
1039 2331 1091 2362 ge-

266 2365 329 2395 nuit
345 2374 352 2401 ;
366 2365 418 2396 sed
432 2365 537 2395 modus
546 2364 653 2395 divina:
665 2365 864 2404 generationis
876 2365 1093 2406 inexplicabilis

266 2410 399 2440 omnino.
411 2409 537 2449 Spiritus
554 2413 653 2440 autem
669 2413 788 2440 sanctus
802 2419 868 2440 cum
885 2409 964 2440 Patri
979 2415 1008 2441 et
1018 2411 1092 2442 Filio

265 2458 490 2493 annumeretur,
506 2463 595 2494 supra
612 2463 730 2484 omnem
748 2454 883 2485 consistit
902 2459 1065 2486 creaturam
1083 2465 1091 2487 :

266 2497 364 2528 locum
379 2507 447 2528 vero
464 2497 578 2528 obtinet
599 2498 739 2539 illumpse
754 2508 841 2539 quem
859 2498 931 2537 dixi,
948 2500 1093 2540 quemad-

266 2541 386 2572 modum
405 2551 458 2572 nos
474 2542 561 2573 docet
576 2543 606 2573 in
622 2543 779 2583 Evangelio
807 2543 951 2574 Dominus
964 2544 1067 2576 dicens
1084 2555 1091 2577 :

270 2599 279 2613 ι
306 2585 416 2616 Euntes
448 2586 591 2627 baptizate
622 2588 651 2618 in
680 2588 802 2619 nomine
832 2588 928 2619 Patris
943 2593 971 2619 et
985 2589 1053 2620 Filii
1068 2594 1096 2621 et

268 2630 397 2672 Spiritus
412 2631 505 2662 sancti
520 2631 562 2662 23.
579 2642 589 2658 ι
605 2631 660 2668 Qui
677 2633 824 2674 praeponit
839 2633 925 2671 Filio,
947 2634 992 2665 vel
1008 2635 1096 2666 Patre

309 2721 336 2743 93
353 2721 458 2754 Matth.
474 2730 576 2762 xxvni,
593 2722 643 2754 19.

1133 2100 1249 2140 ἡάρχὴ.
1277 2113 1289 2128 ι
1305 2099 1387 2128 ’Ὅσον
1408 2099 1512 2133 ἠνίασεν
1541 2100 1612 2136 ἡμᾶν
1640 2101 1772 2139 πρότηρον
1794 2099 1871 2138 φήμη
1903 2097 1945 2126 λυ-

1133 2145 1217 2184 πηρὰ,
1247 2144 1294 2176 τὰς
1324 2143 1403 2176 ἀκοὰς
1447 2144 1520 2181 ἡμῶν
1562 2144 1765 2183 περιηχήσασα,
1800 2154 1811 2170 ι
1849 2142 1944 2182 φησίν·

1133 2188 1257 2218 "emas
1285 2189 1316 2217 ἐκ
1342 2191 1391 2222 τῆς
1420 2188 1506 2218 οὐσίας
1522 2191 1568 2217 τοὺ
1595 2189 1696 2227 Πατρὸς
1725 2189 1770 2216 τὸν
1800 2188 1859 2216 Υἱὸν
1885 2187 1946 2214 εἶναι

1133 2233 1325 2271 διδασκὼμεθα,
1349 2234 1387 2271 μὴ
1423 2233 1631 2270 καταπίπτωμεν
1659 2232 1705 2261 ἐπί
1727 2234 1774 2265 τὰς
1803 2231 1946 2270 σωματικὰς

1133 2279 1186 2307 τῶν
1214 2279 1304 2307 παθῶν
1333 2277 1441 2311 ἐννοίας.
1474 2277 1509 2307 Οὔ
1537 2278 1586 2318 γὰρ
1608 2277 1729 2317 ἐμερίσθη
1758 2279 1776 2311 ἡ
1801 2277 1874 2306 οὖσία
1902 2276 1945 2303 ἀπὶ

1133 2327 1180 2352 τοῦ
1208 2323 1308 2363 Πατρὸς
1334 2323 1370 2354 εἷς
1397 2323 1470 2362 Υὶὸν,
1500 2321 1561 2350 οὒδᾶι
1582 2322 1673 2361 (hsta:
1696 2322 1835 2361 ἐγέννησεν
1853 2329 1860 2336 ·
1896 2318 1945 2348 ἁλλ¹

1134 2366 1245 2407 ἅῤῥητος
1273 2371 1322 2401 τῆς
1358 2368 1428 2399 θείας
1463 2367 1610 2406 γεννήσεως
1645 2368 1660 2395 ὁ
1696 2367 1803 2405 τρόπος,
1846 2367 1881 2395 Τὸ
1926 2363 1945 2391 δέ

1134 2413 1239 2450 Πνεῦμα
1254 2412 1287 2440 τὰ
1313 2412 1387 2452 ἂγιον
1413 2413 1494 2451 Πατρὶ
1519 2413 1567 2450 μὲν
1592 2412 1636 2440 καὶ
1669 2412 1720 2448 Υἱῷ
1745 2413 1945 2450 συναριθμεῖται,

1137 2457 1202 2485 διότι
1217 2458 1260 2485 καὶ
1277 2457 1340 2497 ὑπὲρ
1356 2457 1405 2491 τὴν
1436 2457 1519 2486 κτίσιν
1547 2456 1626 2484 ἐστί’
1654 2456 1778 2484 τέτακται
1804 2455 1831 2483 δὲ
1857 2455 1945 2495 τρίτον¹

1134 2503 1170 2534 ὡς
1197 2503 1225 2530 ἓν
1257 2501 1409 2541 Εὑαγγελίῳ
1430 2500 1597 2540 δεδιδάγμεθα
1625 2501 1697 2540 παρὰ
1730 2505 1777 2529 τοῦ
1805 2500 1896 2540 Κυρίου
1915 2499 1945 2526 εἴη

1135 2547 1231 2579 πόντος
1247 2555 1255 2562 ⁸
1281 2558 1294 2576 ι
1311 2547 1481 2586 Πορευθέντες
1509 2547 1545 2578 εἷς
1574 2550 1619 2574 τὸν
1655 2546 1755 2584 κόσμον
1782 2545 1885 2574 ἅπαντα
1902 2545 1945 2583 βα-

1137 2593 1239 2628 πτίζετε
1269 2592 1305 2624 εἷς
1339 2593 1370 2620 τὸ
1398 2591 1482 2630 ὄνομα
1506 2595 1553 2619 τοῦ
1579 2592 1692 2630 Πατρὸς,
1721 2591 1764 2618 καὶ
1799 2590 1846 2618 τοῦ
1883 2590 1945 2618 Υἱοῦη

1238 2640 1249 2645 .-
1283 2636 1289 2646 ε
1316 2637 1321 2647 1
1383 2639 1404 2647 π
1441 2637 1446 2646 ι
1528 2646 1531 2647 ,
1616 2631 1643 2647 ιη
1685 2634 1707 2647 ω
1743 2635 1871 2647 νηκΑΑε
1911 2635 1944 2647 __:

1135 2637 1179 2665 καὶ
1206 2640 1251 2666 τοῦ
1278 2636 1351 2676 ἁγίου
1382 2637 1544 2676 Πνεύματος,
1571 2646 1582 2662 ι
1616 2634 1644 2665 Ὀ
1683 2634 1711 2663 δὲ
1739 2635 1871 2676 προτιθεὶς
1911 2635 1944 2661 τοι
