1962 3072
62 121 123 152 653

789 119 1024 153 EPIGRAPH/E.

1690 122 1748 153 654

62 187 119 227 ὥρα
133 188 182 227 γὰρ
194 190 261 226 ὖμᾶς
275 189 319 216 καὶ
348 189 384 220 εἷς
412 189 490 217 αὑτὸν
518 188 569 222 ἠδη
600 187 734 217 δυσσεϐεϊν
761 188 806 216 τὸν
827 191 836 215 1

976 198 978 215 ι
1003 186 1033 217 in
1067 188 1160 228 ipsum
1176 189 1294 220 Patrem
1311 188 1400 228 impie
1436 188 1642 229 obloquimini.
1666 187 1750 219 Unde

59 234 134 273 τερα,
164 234 246 263 Πόθεν
275 234 325 275 γὰρ
350 236 438 273 αὐτος,
467 237 503 268 ὡς
533 236 597 276 φῂς,
625 235 650 268 ἐξ
688 235 806 274 ἀνάγκη(
834 233 884 267 ἔξει

59 279 110 312 τὴν
124 279 301 317 τελειότητα;
324 282 384 311 Πῶς
407 279 434 308 δὲ
463 280 525 320 οὐχὶ
553 281 618 320 πρὸς
644 280 692 314 τὴς
727 283 772 308 τοῦ
786 279 884 318 γεννή-

60 334 143 360 ματος
165 322 256 363 ὕφεσιν
272 324 320 357 τὴν
356 325 393 356 ὡς
415 324 474 352 καθ’
505 325 571 362 ὕμᾶς
601 323 684 358 ἀτελῆ
710 323 883 358 κατοικισθῆ-

62 378 134 395 aeui.
150 367 365 407 παραδεξαμένην
395 368 463 401 ἅπαξ
493 369 519 397 ἐν
552 369 604 406 Υἱῷ
625 371 673 403 τῆς
699 369 768 400 θείας
796 367 882 398 οὖσίας

61 412 92 440 τὸ
115 412 153 449 μὴ
182 411 302 440 δύνασθαι
333 414 372 451 μὴ
402 413 475 453 ἔχειν
503 415 533 442 τὸ
562 413 662 442 τέλειον
683 414 751 442 κατά
781 423 810 451 γε
839 412 883 439 τὸν

61 456 124 495 παρ’
138 457 201 493 ὑμῖν
219 456 308 495 ἃμαθῇ
324 458 367 485 καὶ
388 457 542 486 ἀπαιδευτον
565 458 665 497 λόγον;
695 460 731 487 Οὔ
762 458 811 497 γὰρ
833 455 883 490 δή-

63 511 115 528 που
156 501 204 534 τὴν
238 500 358 540 μεγάλην
387 502 490 535 εκείνην
523 503 566 530 καὶ
595 502 727 542 ἀκήρατον
748 501 822 542 φύσιν
848 500 883 531 εἷς

65 543 202 584 διαφόρους
231 546 441 585 καταμεριοῦμεν
471 546 577 586 λόγους,
618 548 655 578 ὡς
684 547 754 575 εἶναι
782 545 831 583 μὲν
858 544 885 571 ἐν

63 587 131 625 τῷδε
158 590 240 629 τυχὸν
259 589 340 624 ἁτελῆ
364 591 466 619 τελείαν
496 590 518 619 δ’
548 591 580 620 αὖ
615 591 698 620 πάλιν
726 591 752 619 ἐν
781 589 882 626 ὲκείνῳ.

63 633 139 662 Ἐπεὶ
160 635 204 661 καὶ
226 635 239 662 ὁ
265 635 314 668 τῆς
340 635 541 675 ἁνθρωπότητος
571 635 639 676 ὅρος
659 636 701 668 εἷς
730 635 799 664 κατὰ
814 633 884 662 πάν-

63 688 119 705 των
136 676 248 706 ἓστὶκιὶ
278 678 337 711 ἴσος
365 679 392 707 ἐν
418 683 498 708 πᾶσιν
524 675 603 718 ἡμῖν,
634 675 768 709 ’Ἐλαττον
796 678 823 706 δέ
844 688 884 709 τις

63 722 198 762 ἅνθρωπος
229 724 293 751 καθὸ
319 723 433 764 πέφυκεν
463 724 618 764 ἕνθρωποςς
643 723 701 752 ἀλλ’
728 723 784 752 οὐδὲ
806 722 886 751 πλέον

62 766 153 805 ἑτέρου
190 767 436 808 καταληιρθήσεται.
469 768 600 808 Ἀγγέλου
629 768 668 809 δὲ,
699 769 792 806 οἶμαι,
819 766 886 795 διοί-

63 821 104 838 σει
119 809 178 838 κατ’
193 810 266 841 οὐδὲν
281 811 368 851 ἕτερος
391 812 517 852 ἄγγελος,
539 813 608 841 κατά
628 824 659 852 γε
679 814 709 841 τὸ
731 813 802 841 εἶναι
816 812 886 840 τοῦθ’

63 855 130 893 ὅπερ
143 856 218 896 εἰσὶν,
242 855 350 895 ἄγγελοι
377 856 492 895 δηλαδὴ,
523 856 564 885 διὰ
593 860 642 891 τῆς
665 858 730 897 πρὸς
759 855 890 890 ἆλλήλους

63 898 210 937 ὁμοειόίας,
247 901 283 933 εἰς
311 901 371 938 μίαν
401 901 516 934 ἅπαντες
552 901 773 940 ἆναόεσμούμενοι
802 901 887 941 φύσιν.

64 946 126 975 Πῶς
169 943 199 972 ἂν
228 946 272 972 οὖν
302 945 318 978 ἡ
347 946 404 973 θεία
431 947 475 974 καὶ
516 946 640 977 ἁπάντων
680 945 890 986 ὑπερανίσχουσα

63 988 139 1028 φύσις
163 988 189 1015 ὲν
213 988 337 1017 ἐλάττοσι
353 993 405 1018 τῶν
432 993 566 1029 γεννητῶν
595 991 622 1019 ἐν
643 997 701 1022 τοῖς
715 985 775 1018 κάθί
796 989 889 1022 ἑαυτὴν

63 1032 175 1070 ἆγλθοϊς
198 1033 352 1072 ὀφθήσεται,
384 1034 513 1072 ὑπομενεῖ
527 1034 554 1062 δὲ
576 1035 668 1066 πίθος.
693 1035 706 1063 ὃ
734 1035 828 1062 παθεῖν
843 1034 890 1061 οὒκ

62 1076 137 1104 εἶδεν
158 1077 175 1111 ἡ
197 1077 307 1118 κτίσιςς
341 1081 401 1111 Πῶς
423 1077 450 1106 δὲ
472 1078 541 1111 ὅλως
569 1078 643 1108 δσται
672 1080 714 1107 καὶ
747 1078 821 1112 ὰπλη
846 1078 889 1107 καὶ

62 1121 211 1158 ἀσύνθετος,
237 1120 313 1161 εἴπερ
336 1123 364 1150 ἓν
379 1122 445 1161 αὖτῇ
469 1131 591 1164 φανεῖται
620 1124 650 1152 τὸ
671 1123 772 1151 τέλειον
793 1123 836 1151 καὶ
857 1122 888 1150 τὸ

63 1164 180 1203 ἂτελές;
216 1167 385 1205 Συγκείσεται
421 1168 470 1206 γὰρ
497 1167 531 1196 δι’
580 1168 692 1209 ἀμφοῖν,
723 1168 800 1207 εἴπερ
835 1167 886 1207 οὒχ

65 1209 159 1247 ὅμοιον
189 1213 226 1247 τῷ
261 1210 353 1248 τελείῳ
382 1212 411 1239 τὸ
440 1211 544 1244 ἀτελὲς,
586 1214 615 1241 Εἰ
644 1213 692 1251 μὲν
720 1213 770 1252 γὰρ
798 1211 890 1249 ὅμοιόν

66 1254 136 1290 ἐστι,
158 1255 202 1283 καὶ
232 1256 262 1283 τὸ
289 1254 427 1284 διαλάττον
457 1256 529 1286 οὐδὲν
557 1256 585 1284 ἐν
613 1259 716 1293 αὐτοῖς,
745 1259 797 1284 πᾶν
824 1255 888 1295 ὅπερ

64 1299 98 1326 ἂν
122 1298 167 1332 εἴη
182 1299 293 1340 τέλειον⁷
321 1299 467 1340 ἆδιαφόρως
495 1301 568 1329 ἔσται
589 1302 632 1330 καὶ
659 1301 761 1332 ἀτελὲς,
790 1301 833 1328 καὶ
861 1299 888 1328 εἴ

64 1355 90 1371 τι
114 1343 192 1372 πάλιν
219 1344 323 1383 ἀτελὲς,
354 1350 431 1374 τοῦτο
452 1347 494 1374 καὶ
530 1346 642 1383 τέλειον⁷
685 1347 728 1374 καὶ
753 1345 824 1375 οὐδέν
860 1345 888 1373 ἐν

71 1388 125 1424 Υἱῷ
159 1393 347 1429 κατηγόρημα,
375 1389 422 1418 κᾶν
444 1397 505 1423 ταῖς
536 1391 676 1430 ἡμετέραις
703 1390 827 1421 διανοίαις
856 1390 886 1417 τὸ

62 1431 164 1461 τέλειον
179 1432 250 1473 ἔχων
280 1434 309 1462 οὖ
323 1435 458 1474 φαίνηται,
488 1434 561 1464 Ἀλλ’
576 1435 647 1464 οὐδὲν
671 1435 749 1468 αυτὸς
765 1435 779 1463 ὁ
794 1435 885 1474 Πατὴρ

61 1475 249 1515 ὑπερϐαλιϊται
281 1479 325 1507 τὸν
359 1478 418 1507 Υῐόν
452 1480 495 1508 imi
522 1479 669 1513 τελειότητι
705 1479 884 1519 μαρτυρούμε-

926 240 1054 272 namque
1081 231 1170 263 Pater
1188 232 1401 273 perfectionem
1419 232 1539 264 habebit
1555 233 1724 264 necessario
1736 232 1752 263 ‘.’

925 275 983 306 Aut
998 277 1148 316 quomodo
1164 277 1198 307 ad
1215 277 1455 308 imminutionem
1472 276 1550 315 Filii,
1576 277 1626 318 qui
1640 286 1750 308 secun-

925 319 994 350 dum
1012 329 1062 351 vos
1077 320 1267 361 imperfectus
1291 325 1346 359 est,
1376 323 1464 353 Pater
1490 321 1577 352 etiarn
1604 321 1667 362 ipse
1692 330 1750 351 uon

925 364 1102 405 depelletur,
1113 365 1137 395 si
1150 365 1235 396 simel
1253 366 1352 396 divina
1367 367 1531 396 substantia
1546 366 1750 406 imperfectio-

925 417 993 438 nem
1008 409 1038 439 in
1054 409 1127 440 Filio
1143 412 1334 451 susceperit?
1349 410 1413 440 Non
1438 410 1530 448 enim,
1559 414 1591 440 ut
1612 410 1750 446 arbitror,

925 452 1073 483 audebitis
1088 454 1251 485 secundum
1267 454 1457 494 insipientem
1469 464 1504 486 ac
1528 454 1604 485 male
1619 455 1748 493 morige-

926 501 1021 527 ratum
1034 502 1163 528 vestrum
1180 508 1350 530 sermonem
1360 499 1390 529 in
1399 499 1532 530 diversas
1543 499 1672 529 rationes
1683 498 1753 529 sub-

926 542 1042 572 stantiae
1057 541 1184 572 divinam
1203 542 1461 584 immortalemque
1478 548 1611 574 naturam
1627 543 1668 574 ita
1678 543 1751 574 inci-

926 585 1008 622 dere,
1026 590 1057 616 ut
1076 586 1106 616 in
1122 588 1216 617 altero
1232 587 1374 627 perfecta,
1398 588 1428 617 in
1456 587 1550 618 altero
1574 588 1750 627 imperfecta

926 638 992 660 esse
1008 629 1316 670 videatur.przesertim
1332 641 1399 662 cum
1414 631 1539 662 videatis
1554 632 1691 662 humanas
1702 641 1753 663 na-

926 677 999 704 turae
1014 674 1158 706 rationem
1174 685 1263 706 unam
1279 685 1313 706 ac
1326 677 1459 707 eamdem
1472 677 1501 707 in
1519 675 1654 707 omnibus
1670 685 1749 714 esse,

927 727 982 749 nec
994 719 1090 749 minus
1110 719 1219 760 aliquid
1231 724 1280 751 aut
1292 721 1388 760 majus
1403 720 1555 751 hominem
1571 721 1703 756 homine.
1721 722 1751 751 in

928 767 1068 802 quantum
1099 764 1187 794 homo
1213 768 1268 802 est,
1296 765 1461 805 possidere.
1491 763 1552 795 Nec
1578 764 1700 803 angelus
1714 764 1750 795 ab

932 807 1047 846 angelo,
1065 817 1100 838 ea
1112 809 1238 847 ratione,
1255 818 1311 849 qua
1328 813 1450 849 uterque
1474 809 1596 848 angelus
1621 813 1676 850 est,
1694 818 1752 849 qua

932 851 1068 882 videlicet
1081 852 1116 883 ad
1133 862 1220 883 unam
1236 853 1366 893 speciem
1391 858 1477 893 atque
1503 857 1635 884 naturam
1648 862 1752 884 omnes

932 896 1149 928 concluduntur
1163 897 1284 928 differre
1308 907 1437 938 unquam
1462 897 1579 938 poterit.
1597 897 1750 934 Quomodo

931 939 1020 979 igitur
1034 945 1138 972 natura
1151 941 1279 982 deitatis,
1297 951 1362 982 quas
1376 951 1467 983 super
1495 943 1557 973 haec
1586 943 1685 973 omnia
1702 942 1750 973 iu-

931 985 1171 1024 comparabiliter
1185 991 1240 1023 est,
1257 986 1372 1017 minora
1387 986 1652 1028 possidebit,quam
1664 995 1750 1018 crea-

932 1029 1166 1066 tura?Quomodo
1176 1031 1404 1071 inaequalitatem
1417 1041 1480 1063 eam
1493 1032 1634 1072 suscipiet
1649 1036 1753 1063 natura

929 1073 1175 1116 incorruptibilis,
1191 1077 1277 1115 cujus
1292 1076 1496 1116 corruptibilia
1511 1077 1677 1117 susceptiva
1691 1086 1750 1107 non

929 1118 1168 1155 sunt?Quomodo
1184 1120 1308 1161 simplex
1330 1125 1417 1161 atque
1431 1120 1626 1161 incomposita
1643 1121 1709 1161 erit,
1727 1122 1752 1153 si

928 1162 1095 1200 perfectum
1112 1168 1199 1204 atque
1215 1164 1421 1205 imperfectum
1435 1165 1464 1196 in
1471 1174 1506 1196 ea
1519 1164 1749 1197 inest?Dissimi-

931 1206 969 1236 lia
982 1208 1060 1238 enim
1077 1208 1139 1239 hanc
1155 1212 1233 1247 sunt,
1249 1218 1283 1240 ex
1299 1209 1407 1250 quibus
1433 1219 1498 1240 eam
1528 1214 1664 1241 constare
1678 1210 1750 1240 falso

928 1250 1124 1282 arbitramini.
1142 1254 1174 1284 St
1189 1254 1268 1284 enim
1284 1253 1397 1284 similia
1425 1257 1537 1292 essent,
1554 1263 1609 1285 nec
1625 1254 1703 1285 inter
1719 1263 1751 1285 se

928 1295 1083 1326 diﬂ‘errent
1107 1297 1271 1336 perfectum
1294 1301 1381 1337 atque
1410 1297 1629 1338 imperfectum,
1661 1307 1750 1329 omne

928 1340 1092 1379 perfectum
1118 1345 1206 1379 esset,
1225 1345 1254 1372 et
1268 1346 1382 1373 contra.
1400 1343 1497 1379 Quare
1512 1351 1567 1372 nec
1583 1342 1675 1374 Filius
1689 1343 1750 1372 im-

927 1384 1087 1424 perfectior
1102 1385 1260 1422 Patre,nec
1278 1388 1365 1417 Pater
1379 1386 1539 1426 perfectior
1552 1386 1751 1427 Filio,quam-

927 1428 970 1458 vis
984 1429 1024 1459 ila
1034 1429 1130 1460 verbis
1143 1439 1160 1460 a
1175 1429 1256 1460 vobis
1280 1430 1404 1461 dicatur.
1423 1431 1453 1462 Si
1468 1440 1537 1461 vero
1565 1431 1747 1470 permultum

926 1471 1049 1504 interest
1062 1474 1140 1504 inter
1156 1474 1318 1514 perfectum
1335 1479 1364 1506 et
1372 1474 1625 1515 imperfectum,et
1635 1475 1748 1505 utrius-

60 1532 106 1552 νος
120 1529 128 1537 ⁸
142 1523 185 1550 καὶ
213 1521 318 1551 λέλυται
347 1522 426 1552 πάλιν
447 1524 515 1562 ἡμῖν
543 1525 573 1552 τὸ
600 1517 770 1561 ζητούμενον.
792 1517 824 1552 Εἰ

973 1517 1112 1548 :deitatis
1135 1523 1238 1549 natura
1265 1519 1429 1559 susceptiva
1453 1522 1508 1557 est,
1535 1529 1594 1550 non
1610 1519 1747 1559 simplex.

58 1565 142 1598 πολὺς
178 1567 344 1608 ἀποτειχίζει
370 1567 449 1608 λόγος
475 1569 521 1597 τοῦ
540 1568 642 1597 τελείου
655 1569 686 1597 τὸ
710 1567 813 1605 ἀτελὲς,
843 1566 882 1595 δέ-

58 1621 140 1650 χεται
156 1609 242 1640 δὲκαὶ
268 1613 285 1646 ἡ
309 1613 366 1640 θεία
404 1613 478 1653 φύσις
511 1614 579 1642 κατὰ
613 1614 708 1641 ταυτὸν
735 1612 881 1652 ἀμφότερα,

59 1655 181 1688 σύνθετος
209 1653 258 1695 ἄρα
285 1657 328 1684 καὶ
358 1657 409 1697 οὐχ
437 1657 523 1692 ἁπλῆ,
547 1656 621 1687 Ἀλλ’
649 1657 706 1697 ἐρεῖ
733 1668 772 1689 τις
800 1657 882 1696 τυχὸν

59 1701 96 1731 ὡς
126 1700 249 1739 ἀσυμφυῆ
285 1701 314 1729 τέ
343 1701 397 1730 ἐστι
419 1702 463 1730 καὶ
490 1702 673 1741 ἀσυνύπαρκτα
694 1702 762 1730 κατὰ
789 1702 883 1730 ταυτὸν

59 1744 87 1772 ἐν
124 1743 160 1772 ἐνὶ
186 1755 225 1782 τῳ
248 1745 413 1784 ὑποκειμένῳ
447 1747 480 1774 τὰ
509 1748 625 1784 ἔναντία,
655 1748 691 1778 ὡς
719 1745 746 1774 ἐν
779 1746 883 1783 σώματι

58 1789 144 1828 ταχὺν
165 1789 231 1826 ὁμοῦ
258 1792 357 1829 χρῶμα
385 1789 478 1819 λευκὸν
499 1792 541 1820 καὶ
569 1791 663 1830 μέλαν.
696 1790 790 1822 Καλῶς
804 1801 845 1830 γε⁷
862 1791 884 1817 ὦ

59 1832 148 1873 φίλος,
174 1834 217 1861 καὶ
246 1833 317 1871 μάλα
346 1836 449 1875 γοργῶς
486 1842 544 1867 τοῖς
565 1835 708 1876 ἡμετέροτς
734 1834 884 1874 ἐπηγονίσω

57 1877 161 1917 λόγοις,
179 1879 208 1906 Εἰ
224 1878 273 1918 γὰρ
291 1879 338 1916 μία
359 1879 398 1912 τίς
422 1879 491 1909 ἐστιν
515 1881 533 1915 ἡ
557 1881 612 1908 θεία
636 1881 725 1920 φύσις,
754 1880 797 1908 καὶ
818 1877 880 1919 παρ’

57 1922 142 1955 αὐτὴν
163 1922 216 1962 οὔχ
237 1922 326 1962 ἑτέρα,
355 1926 412 1956 πῶς
440 1926 482 1965 ἂν,
515 1925 571 1953 εἱπέ
597 1935 654 1964 μοι,
678 1925 730 1953 τῶν
758 1924 882 1953 ἐναντίων

56 1966 162 2005 γένοιτο
184 1965 290 2002 δεκτική
303 1975 312 2004 ;
326 1971 383 2001 πῶς
411 1967 438 1996 δὲ
453 1968 510 1997 καθ’
540 1968 570 1997 ἄν
599 1971 669 1997 τιτὸ
697 1969 880 2007 ὑποκείμενον,

56 2011 91 2039 τὰ
121 2010 249 2045 ἀλλήλοις
281 2011 394 2050 ἀνόμοια
430 2012 617 2053 συμϐήσεταις
654 2017 721 2042 Θεοῦ
753 2012 780 2041 δέ
809 2012 882 2046 ὄντος

54 2055 125 2082 κατὰ
154 2055 228 2095 φύσιν
249 2059 295 2084 τοῦ
325 2058 438 2096 Πατρὺς,
469 2058 534 2089 Θεός
562 2057 617 2086 ἐστι
644 2058 712 2086 κατὰ
740 2058 815 2097 φύσιν
842 2062 887 2090 καὶ

55 2101 70 2127 ὁ
100 2100 169 2136 Υἱὸς,
187 2101 230 2128 καὶ
252 2099 324 2129 οὐδὲν
352 2100 402 2141 ἄρα
425 2101 516 2130 διοίσει
531 2102 599 2130 κατά
625 2113 655 2141 γε
681 2102 711 2130 τὸ
734 2103 805 2130 εἶναι
840 2102 887 2131 τὲ-

923 1563 977 1592 sed
994 1563 1160 1602 composita
1185 1563 1252 1594 erit.
1269 1564 1328 1595 Sed
1343 1564 1422 1595 dicet
1436 1564 1570 1594 fortassis
1584 1563 1745 1604 quispiam,

925 1616 983 1637 non
1011 1607 1101 1638 simul
1122 1607 1153 1638 in
1182 1608 1286 1639 eodem
1311 1617 1377 1639 esse
1409 1617 1495 1648 posse
1516 1607 1663 1648 subjecto,
1682 1617 1748 1648 quae

924 1651 1071 1682 contraria
1085 1656 1174 1692 sunt;
1191 1652 1245 1684 sed
1260 1653 1387 1683 seorsim
1402 1661 1436 1683 ac
1448 1661 1501 1693 per
1510 1653 1744 1690 successionem,

926 1699 956 1726 ut
970 1695 1000 1725 in
1013 1705 1137 1736 corpore
1152 1697 1244 1737 color,
1262 1697 1349 1727 modo
1365 1697 1462 1734 albus,
1476 1697 1564 1727 modo
1576 1697 1746 1737 niger.Pro-

924 1739 962 1771 be
974 1744 1005 1770 tu
1019 1741 1152 1780 quidem,
1169 1750 1185 1771 ο
1202 1741 1308 1779 amice,
1325 1750 1359 1772 ac
1374 1741 1432 1772 cito
1449 1750 1608 1772 conversus
1624 1750 1677 1782 pro
1690 1750 1744 1772 no-

925 1783 971 1816 bis
986 1785 1132 1825 pugnasti.
1151 1785 1225 1816 Nam
1241 1786 1266 1816 si
1282 1795 1340 1816 una
1365 1785 1486 1816 deitatis
1500 1789 1604 1816 natura
1619 1791 1674 1824 est,
1692 1795 1748 1817 nec

925 1829 1016 1860 altera
1031 1834 1138 1870 praeter
1152 1839 1216 1860 eam
1230 1830 1391 1870 excogitari
1406 1830 1667 1870 potest,quomodo
1679 1839 1748 1861 con-

925 1873 1082 1904 trariorum
1099 1878 1142 1904 est
1156 1874 1322 1915 suceptiva‘.’
1338 1874 1382 1905 vel
1397 1875 1545 1914 quomodo
1561 1875 1612 1905 uni
1628 1874 1745 1905 eidem-

922 1927 980 1959 que
994 1918 1138 1958 subjecto,
1155 1928 1222 1959 quae
1235 1919 1313 1950 inter
1326 1929 1357 1950 se
1373 1919 1523 1950 contraria
1548 1923 1628 1957 sunt,
1656 1919 1744 1950 simul

922 1962 1085 1994 accident?
1100 1965 1185 1994 Pater
1207 1964 1287 1995 enim
1316 1968 1420 1995 natura
1442 1963 1520 1995 Deus
1535 1967 1590 2000 est.
1609 1969 1639 1996 et
1654 1963 1748 1994 Filius

927 2007 1015 2038 simul
1029 2011 1133 2038 natura
1149 2009 1238 2039 Deus.
1255 2007 1340 2039 Nulla
1355 2017 1425 2048 ergo
1440 2008 1608 2039 differentia
1624 2008 1747 2048 perfecti

928 2055 957 2084 et
970 2051 1136 2092 imperfecti
1152 2053 1229 2083 inter
1251 2053 1369 2084 Patrem
1397 2057 1426 2083 et
1454 2052 1561 2083 Filium
1574 2056 1629 2091 est,
1645 2052 1696 2093 qui
1712 2062 1747 2083 ex

928 2097 1144 2137 perfectissima
1171 2097 1334 2129 substantia
1347 2097 1443 2128 Patris
1459 2100 1616 2130 emanavit.
1639 2099 1747 2128 Annon

55 2143 129 2175 λειος
155 2145 192 2176 ὡς
221 2146 286 2184 πρὸς
323 2146 370 2174 τὸν
402 2147 517 2188 Πατέρα,
556 2149 605 2180 τῆς
645 2147 715 2178 Θείας
743 2148 821 2176 αὒτοῦ

971 2149 975 2171 L
989 2150 1112 2172 necesse
1128 2142 1290 2182 perfectum
1303 2151 1369 2174 esse
1378 2142 1520 2188 genimen
1533 2141 1745 2182 perfectissimi

54 2188 230 2222 τελειοτάτης
255 2190 343 2223 οὐσίας
375 2190 542 2232 ἒκπεφυκώς.
567 2192 597 2220 Εἰ
633 2191 684 2232 γὰρ
708 2191 754 2220 οὒκ
778 2192 882 2231 ἀνάγκη

54 2232 160 2261 τέλειον
187 2234 258 2262 εἶναι
287 2235 392 2268 πάντως
412 2237 458 2264 τὸν
487 2236 517 2264 ἐκ
543 2235 644 2265 τελείου
672 2237 840 2277 γεννήτορας,
857 2236 882 2264 εἴ

55 2288 107 2317 περ
130 2277 201 2307 ἐστὶν
230 2279 311 2308 αὐτοῦ
339 2281 383 2308 καὶ
413 2280 616 2320 ἀπαράλλακτος
643 2282 731 2321 εἰκὼν,
755 2282 798 2310 καὶ
826 2292 883 2321 χα-

55 2322 159 2362 ρακτήρ
185 2325 234 2356 τῆς
268 2324 452 2362 ὑποστάσεως,
484 2325 601 2364 καθάπερ
635 2325 791 2366 γέγραπται,
822 2325 882 2354 ἀλλ’

54 2367 139 2404 οἶμαι
154 2370 206 2399 πᾶς
227 2379 267 2400 τις
301 2369 371 2407 ἡμῖν
400 2372 503 2410 συνερεῖ
529 2371 572 2398 καὶ
601 2371 770 2406 συνθήσεται,
797 2373 819 2398 Η
835 2369 883 2398 λε-

52 2411 126 2450 γέτω
152 2411 231 2441 πάλιν
253 2414 289 2446 εἰς
315 2414 395 2451 μέσον
425 2414 517 2452 ἐλθὼν³
544 2415 611 2443 κατὰ
638 2415 695 2444 τίνα
712 2415 809 2454 τρόπον
837 2419 884 2444 τοῦ

52 2455 158 2484 τελείου
194 2458 296 2497 Πατρὸς
331 2458 532 2498 ἀπαράλλακτος
566 2458 638 2487 ἔσται
679 2461 819 2499 χαρακτὴρ
867 2460 880 2488 ὁ

59 2501 134 2540 Υἱὸς,
158 2501 210 2541 οὐχ
223 2501 296 2541 ἔγων
311 2502 339 2531 ἄν
354 2502 404 2540 ὶδιᾳ
428 2504 500 2544 φύσει
527 2504 559 2532 τὸ
587 2504 658 2532 εἶναι
684 2504 796 2544 τέλειος,
812 2504 880 2532 κατὰ

54 2546 106 2579 τὴν
128 2548 208 2573 τινῶν
236 2545 408 2586 δυσϐουλίανς
445 2547 553 2582 Ἐπειδὴ
580 2547 608 2576 δέ
635 2548 692 2577 ἐστι
723 2549 768 2576 καὶ
796 2559 882 2589 χαρα-

56 2590 126 2629 κτὴρ
139 2591 183 2619 καὶ
212 2591 300 2632 εἰκὼν,
327 2592 428 2624 τέΛειος
456 2591 506 2632 ἄρα
533 2593 577 2621 καὶ
605 2593 694 2632 αὒτὺς,
712 2594 749 2625 ὡς
779 2593 880 2626 ἐκεῖνος

55 2634 86 2662 οὗ
101 2634 150 2663 καὶ
179 2634 248 2664 ἔστιν
276 2637 363 2668 εἰκών,
395 2635 469 2666 Ἀλλ’
491 2636 559 2676 εἶδε,
581 2638 672 2678 φησὶν,
705 2639 720 2666 ὁ
756 2636 881 2672 Ἰωάννης

54 2679 83 2712 ἒξ
119 2680 230 2720 οὖρανοῦ
263 2682 294 2709 τὸ
329 2685 435 2720 Πνεῦμα
463 2681 624 2711 καταϐαῖνον
651 2683 697 2711 τὸν
730 2683 789 2711 Υἱὸν
824 2684 880 2721 καὶ,

55 2723 173 2753 ἐπακτὸν
215 2724 273 2766 ἔχει
290 2726 348 2767 ἒτὸν
377 2726 520 2766 ἁγιασμόν,
551 2726 665 2767 Δέχεται
693 2727 743 2766 γὰρ
770 2727 806 2759 ὡς
833 2726 882 2755 οὒκ

53 2767 129 2807 ἒχων
143 2764 257 2804 δηλαδή,
289 2764 366 2810 "sz
394 2764 426 2804 δὴ
455 2764 498 2799 οὖν
521 2764 678 2811 ἀναφανδὸν,
701 2764 812 2810 Ἲποίημα
831 2771 880 2810 μὲν

923 2185 1083 2225 genitoris?
1098 2186 1175 2226 quod
1190 2191 1219 2217 et
1233 2185 1484 2217 incommutabilis
1507 2186 1615 2225 imago,
1631 2190 1659 2216 et
1672 2186 1745 2216 cha-

923 2234 1021 2261 racter
1045 2239 1106 2260 suae
1133 2231 1323 2271 hypostaseos
1350 2231 1420 2262 est?
1451 2230 1491 2261 ita
1518 2239 1624 2271 prorus
1643 2239 1747 2261 omnes

924 2284 1098 2306 assensurus
1112 2275 1252 2317 arbitror,
1264 2280 1314 2307 aut
1329 2276 1359 2306 in
1376 2276 1507 2307 medium
1520 2275 1643 2306 veniens
1655 2274 1744 2312 dicat,

925 2319 1079 2355 Quomodo
1095 2320 1217 2360 perfecti
1233 2320 1325 2351 l’atris
1353 2319 1518 2360 character,
1543 2323 1630 2358 atque
1651 2318 1747 2358 imago

927 2368 972 2395 est
986 2365 1250 2404 hypostaseos,non
1264 2364 1378 2396 habens
1393 2373 1447 2395 sua
1461 2363 1659 2404 natura,quod
1672 2372 1744 2403 per—

922 2412 1019 2442 fectus
1047 2409 1094 2447 sit,
1125 2413 1157 2440 ut
1181 2409 1301 2450 quidam
1331 2413 1444 2440 temere
1460 2408 1585 2439 dicunt?
1599 2408 1744 2444 Quoniam

922 2463 991 2485 vero
1004 2454 1167 2490 character.
1183 2458 1272 2494 atque
1288 2455 1382 2493 imago
1398 2458 1454 2494 est,
1479 2462 1538 2484 non
1564 2453 1652 2484 aliter
1666 2457 1748 2484 certe

922 2503 1010 2539 atque
1024 2498 1074 2529 ille
1091 2499 1237 2539 perfectus
1248 2499 1393 2538 est,cujus
1403 2498 1500 2537 imago
1515 2502 1572 2529 est.
1589 2497 1648 2530 Sed
1660 2497 1746 2530 Joan-

922 2552 987 2580 ues,
1002 2542 1053 2580 ait,
1069 2543 1142 2574 vidit
1155 2544 1192 2574 de
1208 2543 1282 2574 coelo
1295 2543 1331 2573 ad
1348 2543 1454 2574 Filium
1471 2542 1613 2582 Spiritum
1626 2543 1750 2573 descen-

923 2587 1100 2628 dere,quare
1112 2592 1141 2618 et
1151 2588 1262 2619 deforis
1278 2587 1366 2618 habet
1373 2587 1747 2628 sanctificationemFilius,

921 2636 953 2667 in
967 2641 1056 2672 quem
1070 2632 1153 2672 quasi
1181 2641 1241 2663 non
1270 2632 1429 2663 habentem
1454 2631 1636 2664 santificator
1650 2631 1748 2673 Spiri-

922 2680 968 2707 tus
983 2676 1293 2708 descendit.Advertis
1310 2686 1398 2717 quam
1415 2676 1572 2707 manifeste
1587 2675 1752 2707 FiliumDei

922 2724 1087 2755 creaturam
1116 2729 1183 2752 esse
1203 2721 1360 2762 praedicas,
1382 2721 1429 2752 vix
1459 2720 1557 2761 magni
1587 2720 1699 2761 aliquid
1724 2723 1754 2751 et

921 2764 1102 2810 attribuens,
1122 2775 1190 2797 cum
1208 2765 1347 2797 similiter
1375 2770 1465 2806 atque
1482 2769 1595 2797 caetera:
1611 2769 1753 2796 creaturae
