1962 3072
227 122 286 154 655

228 188 342 230 perfici,
359 192 446 228 atque
469 186 628 219 santiﬁcari
655 186 800 218 bonorum
826 187 982 227 largitione
996 187 1075 217 fo-A

227 233 344 264 rinseca
367 233 465 273 ipsum
494 230 698 263 arbitraris?Et
721 231 868 272 quomodo
885 241 944 262 non
958 231 1048 262 falsus

229 277 286 308 erit
309 276 488 316 evangelista
511 275 628 314 dicens,
646 285 663 306 a
680 275 863 316 plenitudine
888 276 981 316 ipsius
995 285 1049 307 nos

229 330 333 352 omnes
353 319 521 361 accepisse?
536 319 689 356 Quomodo
716 320 795 350 enim
826 325 928 360 suapte
944 324 1049 351 natura

229 366 334 407 plenus
350 366 419 403 erit,
436 365 461 396 si
475 365 512 396 ab
528 365 585 396 alio
600 365 731 405 accipit?
745 368 803 397 Aut
817 365 963 405 quomodo
980 373 1050 395 vere

228 410 307 442 Deus
322 410 408 442 Pater
423 410 490 448 erit,
504 410 529 441 si
542 409 700 449 Unigenita
726 414 861 440 creatura
877 413 933 449 est,
949 413 978 440 et
993 418 1051 440 non

228 454 345 487 Filius?
360 454 458 486 Verbo
487 462 615 494 namque
642 453 840 493 solummodo,
868 462 926 485 non
943 453 1052 493 reipsa

228 501 328 538 Pater,
343 504 372 530 et
383 499 521 531 similiter
536 499 704 538 unigenitus
712 498 854 529 vocabulo
870 501 1050 529 tantummo-

228 545 266 576 do
282 545 386 582 Filius,
399 554 459 575 non
473 552 542 575 vere
556 543 648 574 Filius
661 543 727 574 erit.
745 555 755 571 ι

1061 586 1070 603 1

775 121 879 154 JOAN.
903 121 1012 153 VECCI
1033 121 1089 152 ΟΡ.
1112 119 1368 154 ΡΑΤΒΙΑΒΟΗΕ

1851 120 1904 152 656

1085 186 1172 226 λέγειν
1208 187 1296 218 αὐτὸν,
1334 187 1412 227 ὀλίγῃ
1436 188 1556 228 ὑπεροχή
1579 188 1741 227 τιμώμενον,
1790 189 1819 215 ἓν
1861 187 1904 224 ἴσῃ

1090 231 1117 259 δὲ
1132 230 1202 264 τάξει
1224 238 1282 264 τοῖς
1310 231 1400 264 ἄλλοις
1413 232 1597 271 τελοιοόμενόν
1611 244 1639 261 τε
1667 234 1710 261 καὶ
1738 232 1905 271 ἁγιαζόμενοι

1090 276 1134 304 καὶ
1148 275 1288 310 ἐπίκτητον
1304 276 1402 316 ἔχοντα
1416 277 1464 311 τὴν
1483 280 1536 305 τῶν
1550 278 1653 317 ἀγαθῶν
1668 277 1798 317 χορηγίαν
1817 288 1825 314 ς
1845 276 1906 304 Εἶτα

1090 321 1146 353 πῶς
1175 321 1204 348 οὗ
1236 320 1402 358 διαψεύσεται
1432 321 1518 361 λέγων
1553 324 1567 350 ὁ
1596 322 1792 362 Εὒαγγελιστὴς
1813 320 1853 349 ὅτι
1882 320 1907 348 ἒκ

1090 370 1136 394 τοῦ
1151 364 1331 404 πληρώματος
1347 367 1425 395 αὐτοῦ
1439 367 1521 404 ἡμεῖς
1549 367 1646 399 πάντες
1671 365 1800 404 ἐλάϐομεν
1819 375 1828 406 ;
1854 367 1906 396 Πῶς

1092 409 1142 448 γὰρ
1176 408 1248 437 ἔσται
1277 408 1382 447 πλήρης
1410 410 1437 438 ἐν
1466 409 1516 446 ἰδίᾳ
1541 411 1614 450 φύσει
1651 409 1793 448 λαμϐάνων
1836 409 1907 439 αὐτὸς

1094 452 1154 493 παρ’
1169 453 1279 494 ἑτέρου;
1295 454 1379 488 ἣπτῦς
1403 454 1433 483 ἂν
1449 454 1517 487 ὅλως
1547 463 1635 484 νοοῖτο
1671 455 1760 494 Πατὴρ
1789 456 1802 482 ὁ
1834 455 1907 489 Θεὸς,

1093 497 1169 537 εἴπερ
1193 498 1246 527 ἐστὶ
1275 499 1389 537 ποίημα¹
1421 500 1464 528 καὶ
1487 501 1548 540 οὐχὶ
1569 500 1670 538 μᾶλλον
1697 500 1756 532 Υἱὸς
1786 501 1800 527 ὃ
1828 510 1908 537 μονο-

1093 542 1172 581 γενὴς
1191 542 1385 581 ;Φευδώνυμος
1410 544 1460 583 γὰρ
1482 544 1513 572 ἄν
1541 544 1623 577 οὕτως
1659 545 1730 585 ἔχει,
1759 545 1804 572 καὶ
1835 544 1908 573 αὓτὸς

228 590 412 629 ἕοταιΠατὴρ,
430 588 541 625 ὰλωθείᾳ
555 588 582 616 δὲ
604 587 723 626 οὖόαμῶς
738 589 752 616 ὁ
769 587 836 626 Υἱός,
861 588 934 616 νόθον
962 587 1033 627 ἔχων
1060 586 1100 626 ἐφ’
1123 587 1207 624 ἑαυτῷ
1221 587 1251 616 τό
1280 587 1392 626 ἀξίωμα,
1422 589 1465 616 καὶ
1494 589 1574 629 μέχρι
1589 593 1694 628 γυμνῶν
1723 589 1849 628 ῥημάτων
1866 588 1909 620 τὴν

229 635 416 675 προσηγορίαν,

270 678 394 710 Sanctus
408 677 533 718 Cyrillus
543 676 573 707 in
591 677 773 716 expositione
780 676 930 716 Evangelii
940 685 1049 707 secun-

229 723 300 755 dum
328 724 484 760 Joannem,
510 721 541 752 in
555 721 679 762 dictum,
701 737 711 752 ι
728 722 801 752 Cum
818 726 915 752 autem
938 721 1052 752 venerit

229 767 396 799 Paracletus
405 767 446 805 24,
465 779 479 795 »
497 766 592 806 inquit
607 775 614 796 :
630 765 708 797 Ecce
720 765 810 803 enim,
824 775 894 796 ecce
908 765 1050 805 Spiritum

1134 671 1162 705 ,Ο
1204 675 1280 716 ἅγιος
1317 676 1442 715 Κύριλλος
1476 677 1502 705 ἓν
1537 681 1570 716 τῇ
1613 678 1737 718 ἑρμηνείᾳ
1766 682 1812 707 τοῦ
1846 678 1909 705 κατὰ

1093 719 1218 753 Ἰωάννην
1253 720 1440 760 Ἐὖαγγελικοῦ
1474 723 1565 761 ῥητοῦ,
1589 724 1625 755 εἰς
1646 724 1676 751 τὸ

1715 733 1726 747 Ι
1772 733 1779 747 ι
1785 733 1841 747 1τ1ν
1871 733 1910 747 ουν

1095 727 1218 753 Ἰωάννην
1254 727 1440 760 Ἐὑαγγελικοῦ
1474 727 1565 761 ρητοῦ,
1589 727 1625 755 εἰς
1646 727 1687 763 τὸ,
1715 733 1726 747 ι
1755 727 1841 751 Ὀταν
1871 727 1898 750 ον

1092 764 1154 802 ἔλθῃ
1189 766 1209 794 ὁ
1248 765 1433 804 Παράκλητος,
1464 776 1475 791 ι
1507 767 1585 806 φησίν
1603 776 1609 782 “
1638 778 1648 793 ε
1679 767 1744 796 Ἰδοὺ
1773 768 1835 806 γὰρ,
1860 765 1897 794 illo

1638 778 1648 793 ε
1679 767 1744 796 Ἰδοὺ
1773 768 1835 806 γὰρ,
1860 765 1910 794 ἰδοὺ

229 813 372 851 veritatis,
389 812 434 843 sui
449 811 542 852 ipsius
566 819 674 851 nempe
702 819 889 850 nuncupans,
907 819 941 840 ex
965 809 1049 840 Patre

1106 812 1199 848 Ινεῦμα
1227 812 1274 842 τῆς
1309 809 1442 848 ἀληθείας,
1467 811 1599 840 τωτέστιν
1639 813 1740 848 ἑαυτοῦ,
1774 812 1819 839 τὸν
1863 814 1912 838 Πα-

229 857 314 888 illum
329 856 493 897 procedere
509 855 559 887 ait.
585 854 658 885 Nam
683 854 759 886 sicut
779 854 847 886 Filii
863 854 990 894 Spiritus
1006 858 1049 885 est

1108 853 1224 887 άκλητον
1244 855 1334 891 εἰπὼν,
1364 855 1435 894 παρὰ
1463 859 1508 884 τοῦ
1537 858 1638 896 Πατρὸς
1674 857 1751 886 αὺτὸν
1778 856 1911 895 ἐκπορεύε-

231 894 407 933 naturaliter
421 901 452 932 in
467 901 530 941 ipso
546 909 682 937 manens,
701 903 730 930 et
743 908 796 939 per
810 899 906 939 ipsum
926 907 1049 939 progre-

1106 899 1149 927 ‘Bat
1178 899 1267 938 φησίν.
1301 894 1408 939 ιὨστιερ
1442 900 1491 940 γὰρ
1519 894 1599 929 ἐστιν.
1630 900 1696 930 ἴδιον
1736 894 1851 938 Πνεῦμα
1872 904 1913 928 τοῦ

230 947 326 985 diens,
343 947 369 977 si
384 950 464 977 certe
479 944 574 977 Patris
585 953 703 985 quoque
725 943 850 983 Spiritus
867 947 922 975 est.
939 942 1051 979 Quibus

229 995 326 1022 autem
342 990 470 1031 Spiritus
484 988 650 1021 communis
665 991 720 1026 est,
738 988 758 1018 ii
771 988 905 1028 profecto
917 987 1052 1018 substan-

231 1036 341 1068 tialiter
355 1034 536 1076 disseparari
551 1043 610 1065 non
635 1038 770 1074 possunt.
788 1033 881 1063 Nemo
898 1033 977 1064 enim
992 1032 1051 1062 im-

231 1082 347 1121 piorum
364 1090 418 1111 nos
434 1079 469 1111 ad
485 1088 532 1117 ea,
550 1087 615 1119 quae
629 1077 797 1118 intelligere
813 1077 895 1108 nefas
909 1083 965 1113 est,
982 1086 1052 1107 ver-

231 1125 276 1157 bis
291 1125 516 1165 suisimpellere
531 1122 1053 1164 conetur.Nemo,inquam,spiritum

232 1171 328 1202 Patris
336 1179 389 1211 per
399 1170 505 1202 Filium
514 1173 546 1200 ut
555 1177 608 1209 per
618 1168 785 1199 ministrum
799 1167 874 1199 mitti
886 1168 921 1199 ad
933 1171 1052 1198 creatu-

232 1225 280 1246 ras
290 1213 477 1246 credat.Nam
491 1213 578 1244 etiam
590 1213 620 1244 id
632 1212 769 1243 nonnulli
784 1212 883 1244 dicere
894 1211 978 1243 veriti
994 1221 1051 1243 non

233 1263 311 1291 sunt.
337 1260 397 1291 Sed
423 1259 519 1300 potius
539 1257 610 1290 inde
626 1256 807 1288 credendum
833 1261 887 1295 est,
913 1256 1050 1297 quoniam

235 1303 360 1345 Spiritus
378 1304 421 1334 sic
437 1302 576 1344 proprius
590 1301 656 1333 Filii
685 1305 740 1341 est,
767 1301 843 1332 sicut
871 1310 942 1332 sane
960 1300 1053 1341 ipsius

233 1357 350 1390 quoque
365 1348 419 1379 Dei
433 1347 538 1385 Patris,
565 1346 676 1377 idcirco
689 1345 724 1376 ad
741 1345 969 1376 sanctiﬁcandos
983 1355 1052 1376 suos

234 1389 351 1424 sanctos
366 1392 527 1433 discipulo:
544 1391 580 1422 ab
597 1400 631 1422 eo
647 1390 734 1421 mitti.
754 1389 784 1421 Si
809 1399 878 1420 vero
905 1399 964 1420 non
986 1399 1054 1420 eru-

235 1439 359 1470 bescunt
370 1437 468 1478 aliquo
478 1436 567 1467 modo
579 1439 607 1466 et
617 1435 760 1466 audacter
772 1435 880 1465 audent
891 1434 1056 1474 intelligere

234 1487 263 1514 et
274 1481 442 1521 enuntiare,
459 1480 625 1511 ministrum
642 1478 727 1510 nobis
743 1483 772 1510 et
786 1488 903 1510 servum
919 1478 1054 1509 mittendi
1065 1496 1084 1520 ρ

234 1527 377 1568 Spiritum
390 1526 497 1558 Filium
513 1535 529 1556 a
545 1524 643 1563 Patre,
660 1533 720 1555 non
736 1523 792 1554 erit
806 1523 1001 1562 incongruum
1019 1523 1055 1554 ad

233 1567 285 1604 eos
306 1572 426 1602 dicere:
445 1569 528 1601 Fatui
543 1572 572 1600 et
586 1569 656 1600 caeci
672 1578 731 1599 non
742 1567 858 1599 sentitis
873 1568 908 1598 ad
921 1577 1055 1607 quaenam

235 1616 397 1657 praecipitia
411 1615 507 1652 ruitis,
525 1612 675 1653 Unigeniti
696 1612 819 1652 gloriam
834 1612 1010 1652 minuentes,
1029 1616 1055 1643 et

235 1661 353 1692 frivolas
369 1659 498 1691 rationes
521 1667 575 1698 per
597 1657 776 1698 imperitiam
789 1657 1010 1696 excogitautes?
1025 1657 1056 1688 Si

235 1705 316 1736 enim
329 1705 358 1735 in
375 1703 502 1734 ministri
518 1703 585 1733 loco
601 1702 761 1733 collocatus
781 1701 922 1741 Spiritum
938 1711 956 1731 a
969 1702 1058 1732 Patre

237 1749 328 1781 Filius
344 1746 630 1788 largitur,quomodo
645 1756 704 1777 non
719 1746 775 1777 erit
790 1755 913 1777 necesse
926 1746 1055 1776 alienum

237 1803 357 1835 prorsus
371 1803 388 1824 ει
403 1791 566 1824 substantia
594 1791 662 1823 Filii
691 1790 834 1831 Spiritum
864 1790 1010 1828 conﬁteri,
1028 1794 1058 1821 et

235 1839 310 1869 forte
325 1837 414 1868 etiam
430 1837 495 1877 ipso
511 1841 540 1868 et
554 1835 654 1866 multis
670 1835 842 1876 parasangis
870 1835 1056 1875 praestantio-

235 1882 340 1918 rem.si
355 1885 462 1914 vestrae
472 1880 628 1921 imperitiae
638 1880 735 1911 locum
754 1880 874 1911 demus?
890 1878 964 1909 Nam
981 1878 1004 1909 si
1022 1888 1057 1909 ex

237 1929 336 1967 Pasre,
348 1927 377 1957 id
392 1931 436 1958 est
448 1935 482 1957 ex
494 1925 661 1956 substantia
671 1924 766 1956 Patris
784 1923 875 1954 Filius
891 1923 1054 1954 secundum

236 1981 287 2003 vos
301 1981 361 2002 non
382 1970 525 2012 procedit,
543 1970 691 2010 quomodo
707 1968 832 2009 Spiritus
847 1977 935 2008 supra
949 1967 1056 1997 Filium

237 2018 267 2048 in
278 2016 342 2047 loco
355 2015 510 2047 excelsiori
521 2024 579 2046 non
595 2013 807 2046 collocabitur?
822 2012 897 2048 Quid
915 2015 1058 2052 praeterea

237 2060 498 2102 respondebimus,
514 2069 580 2091 cum
597 2059 690 2091 Filius
705 2058 784 2090 clare
801 2057 888 2095 dicat,
909 2070 919 2085 ι
936 2056 987 2087 Ille
1010 2065 1058 2087 me

237 2101 424 2146 gloriﬁcabit,
442 2104 508 2145 quia
525 2105 562 2136 de
580 2114 645 2135 meo
660 2103 797 2144 accipiet,
815 2106 845 2133 et
871 2101 1059 2132 annnntiabit

238 2150 320 2182 vobis
334 2150 381 2181 25‘?
398 2162 411 2177 ι
428 2150 475 2180 Ad
491 2148 641 2188 haec,illud
666 2157 785 2188 quoque
802 2146 934 2178 nessario
950 2155 1058 2176 conse-

239 2202 355 2237 quetur,
372 2195 398 2226 si
412 2194 491 2225 enim
506 2193 703 2225 ministerium
715 2192 822 2224 servile
832 2189 1060 2230 explereFilium

239 2234 412 2272 existimatis
427 2240 555 2270 alienum
573 2237 719 2277 vobis,qui
736 2245 843 2276 nempe
853 2235 907 2266 Dei
923 2238 952 2265 et
967 2234 1062 2266 Patris

239 2289 344 2315 natura
367 2293 420 2314 sua
444 2283 576 2314 divinum
605 2282 748 2322 Spiritum
774 2279 984 2320 suppeditavit,
1001 2287 1062 2309 non

239 2329 295 2360 erit
307 2329 409 2369 utique
422 2328 622 2360 naturaFilius
633 2331 763 2366 sanctus,
775 2325 826 2356 sed
837 2323 1062 2369 participatione

239 2367 491 2414 quemadmodum
502 2371 699 2412 vos.Namque
715 2368 950 2414 asseruntﬁimpii
964 2367 1062 2407 ignavi

239 2413 274 2449 ac
288 2418 554 2456 desides,alienum
569 2425 634 2447 esse
653 2425 670 2446 a
685 2413 993 2450 substantiaPatris,e.\'
1004 2421 1062 2452 qua

241 2462 430 2502 progreditur
453 2462 592 2502 Spiritus,
619 2460 670 2501 qui
696 2459 732 2490 ab
756 2459 821 2499 ipso
844 2457 1059 2498 suppeditatur.

239 2501 386 2540 Possibile
401 2501 490 2546 igitur
513 2506 591 2543 erit,
622 2506 644 2536 si
676 2505 815 2545 proprius
843 2502 910 2534 Filii
935 2501 1063 2542 Spiritus

241 2561 299 2583 non
316 2556 371 2589 est,
392 2552 445 2583 sed
469 2551 636 2582 forinsecus
651 2550 737 2580 etiam
753 2549 818 2590 ipse
834 2548 909 2579 sicut
928 2550 1063 2578 creatura

241 2596 452 2636 sanctiﬁcatur,
470 2596 546 2627 bene
557 2604 623 2626 eum
641 2594 799 2634 aliquando
815 2602 880 2633 quae
901 2592 931 2623 in
961 2601 995 2623 eo
1020 2595 1065 2622 est

243 2641 509 2673 sanctiﬁcationem
524 2640 666 2672 amillere.
681 2639 764 2676 Quod
781 2640 861 2669 enim
877 2637 1007 2669 exterius
1023 2636 1066 2666 uti

243 2686 376 2718 additum
397 2686 570 2728 acquiritur,
593 2684 744 2726 quomodo
769 2683 851 2716 abire
876 2692 935 2714 non
958 2680 1069 2723 poterit

283 2771 316 2798 94
329 2773 414 2804 Joan.
431 2779 480 2811 xv,
495 2771 545 2805 26.
560 2771 592 2798 25
606 2771 690 2803 Joan.
705 2777 764 2809 xvi,
783 2769 832 2802 t4.

1096 945 1156 972 Υἱοῦ
1185 946 1299 983 φυσικῶς
1329 944 1356 972 ἐν
1378 945 1448 982 αὖτῷ
1483 956 1510 973 τε
1538 946 1670 986 ὑπάρχον,
1704 947 1747 974 καὶ
1773 945 1806 974 δι’
1838 947 1915 974 tat-310')

1092 989 1198 1028 πρσιὸν,
1229 989 1297 1016 οὕτω
1324 989 1368 1017 καὶ
1394 993 1439 1018 τοῦ
1475 992 1590 1030 Πατρός,
1614 991 1663 1022 Οἷς
1686 992 1726 1029 δα
1752 991 1782 1018 τὸ
1809 993 1915 1028 Πνεῦμα

1093 1033 1193 1070 κοινὸν,
1219 1033 1321 1064 τούτοις
1349 1034 1395 1067 εἴη
1425 1033 1509 1070 δήπου
1537 1035 1642 1067 πάντως
1678 1037 1707 1064 ἄν
1734 1036 1777 1063 καὶ
1805 1036 1837 1063 τά
1868 1039 1915 1068 τῆς

1094 1078 1181 1109 οὒσίας
1211 1077 1241 1104 οὔ
1269 1076 1438 1116 διωρισμένα,
1463 1079 1506 1112 Μὴ
1535 1079 1584 1119 γὰρ
1605 1078 1637 1114 δή
1666 1090 1734 1111 τινες
1762 1081 1835 1117 ἡμᾶς
1866 1084 1915 1108 τῶν

1094 1120 1230 1150 δυσσεϐεῖν
1261 1122 1389 1150 εἰωθότων
1423 1129 1481 1156 τοῖς
1517 1123 1542 1156 ἐξ
1581 1124 1706 1162 ἁμαθείας
1742 1124 1916 1162 ἀποκομιζό-ι-

1094 1177 1147 1194 των
1172 1165 1261 1205 λόγοις
1284 1167 1319 1198 εἰς
1342 1166 1358 1193 ἃ
1385 1167 1423 1205 μὴ
1452 1167 1526 1205 θέμις
1559 1168 1670 1209 ἐννοεῖν,
1693 1170 1729 1201 ὡς
1755 1169 1914 1208 ὑπουργικὴν

1093 1221 1152 1238 τινα
1169 1211 1260 1250 χρείαν
1282 1211 1445 1250 ἀποπληρῶν
1459 1213 1473 1240 ὁ
1495 1213 1563 1249 Υἱὸς,
1591 1214 1621 1241 τὸ
1649 1214 1719 1253 παρὰ
1747 1217 1792 1242 τοῦ
1814 1217 1915 1254 Πατρος

1094 1258 1200 1293 Πνεῦμα
1214 1259 1248 1294 τῇ
1272 1255 1354 1283 κτίσει
1372 1255 1500 1286 διακονεῖ.
1531 1257 1580 1286 Καὶ
1610 1261 1685 1286 τοῦτο
1707 1258 1756 1298 γὰρ
1784 1259 1917 1290 ἀσυνέτως

1094 1300 1164 1332 τινὲς
1194 1299 1223 1327 οὗ
1251 1299 1404 1328 κατέδεισαν
1433 1301 1530 1333 εἰπεῖν,
1573 1303 1708 1330 Πιστεύειν
1743 1302 1770 1330 δὲ
1813 1304 1917 1341 μᾶλλον

1096 1343 1237 1373 ἀκόλουθον
1266 1345 1314 1382 ὡς,
1348 1345 1453 1384 ἐπείπερ
1488 1339 1551 1374 ἰδιόν
1590 1346 1660 1375 ἐστιν
1687 1347 1774 1382 αὑτοῦ,
1801 1339 1917 1388 καθάπερ

1098 1388 1189 1426 ἀμέλει
1220 1390 1262 1417 καὶ
1284 1392 1330 1417 τοῦ
1359 1393 1423 1418 Θεοῦ
1453 1391 1496 1418 καὶ
1525 1392 1638 1432 Ποιτρὸς²
1669 1391 1825 1420 ἀποστέλλει
1860 1400 1918 1425 τοῖς

1097 1433 1181 1472 ἁγίοις
1209 1433 1288 1461 αὐτοῦ
1314 1435 1448 1471 μαθηταῖς
1482 1435 1545 1474 πρὸς
1585 1436 1728 1475 ἁγιασμόν.
1770 1438 1799 1465 Εἰ
1829 1437 1856 1465 δὲ
1888 1437 1917 1471 δὴ

1098 1477 1229 1515 νομίζουσι
1262 1477 1359 1517 τρόπον
1372 1480 1442 1517 τινὰ,
1478 1481 1523 1508 καὶ
1556 1479 1632 1520 δριμὺ
1654 1488 1724 1510 νοεῖν
1748 1492 1776 1510 τε
1804 1483 1848 1511 καὶ
1879 1482 1919 1510 λέ-

1097 1533 1164 1561 γειν,
1201 1521 1320 1551 διάκονον
1348 1523 1416 1561 ἡμῖν
1459 1525 1503 1553 καὶ
1538 1524 1667 1565 ὑπουργὸν
1691 1526 1740 1554 κᾶν
1775 1527 1859 1563 νούτῳ
1889 1527 1918 1560 δὴ

1097 1565 1176 1594 πάλιν
1202 1566 1247 1594 τὸν
1283 1567 1342 1595 Υἱὸν
1372 1568 1574 1606 εἰσκομίζοντες,
1604 1573 1662 1601 πῶς
1697 1571 1743 1599 οὺκ
1775 1570 1919 1600 ἀκολουθον

1097 1611 1182 1639 εἶπετν
1199 1619 1206 1626 ⁸
1223 1611 1310 1651 Μωροὶ
1326 1612 1368 1640 καὶ
1390 1612 1493 1653 τυφλοι,
1519 1616 1557 1648 πῆ
1574 1613 1601 1642 δὲ
1627 1613 1705 1643 πάλιν
1733 1615 1815 1648 ἰόντες
1840 1617 1919 1653 bus‘;

1098 1656 1144 1684 οῦκ
1171 1655 1331 1692 αἰσθάνεσθε,
1358 1657 1401 1684 καὶ
1434 1660 1483 1690 τῆς
1511 1662 1558 1686 τοῦ
1598 1662 1761 1698 Μονογενοῦς
1788 1662 1919 1689 κατε-παί-

1099 1701 1172 1739 ρεσθε
1201 1698 1277 1733 δόξης
1303 1701 1334 1728 ἐκ
1359 1703 1408 1734 τῆς
1442 1701 1551 1736 ἐνούσης
1587 1703 1650 1741 ὑμῖν
1678 1703 1791 1740 ἀμαθίας
1815 1704 1919 1736 ἀθλίους

1099 1743 1257 1783 συνείροντες
1286 1743 1455 1786 λογισμούς;
1487 1747 1516 1775 Εἰ
1551 1747 1600 1786 γὰρ
1636 1747 1706 1780 ὀλως
1735 1755 1853 1787 χορηγεῖ
1890 1751 1919 1777 τὸ

1098 1792 1204 1826 Πνεῦμα
1229 1789 1300 1827 παρὰ
1327 1793 1373 1817 tot")
1402 1791 1530 1830 Πατρὸςὸ
1551 1793 1610 1823 Υἱὸς
1637 1792 1664 1820 ἐν
1690 1792 1820 1832 ὑπηρέτου
1848 1795 1920 1825 τινὸς

1098 1833 1169 1866 τάξει
1204 1834 1404 1874 λελογισμένος,
1441 1838 1499 1867 πῶς
1528 1836 1575 1864 οὒκ
1601 1836 1746 1876 ἀναγκαῖον
1775 1837 1921 1877 ὁμολογεῖν

1098 1879 1134 1910 ὡς
1151 1878 1288 1918 ἀλλότριον
1309 1878 1357 1917 μέν
1387 1879 1445 1907 ἐστε
1471 1880 1606 1914 παντελῶς
1634 1884 1682 1915 τῆς
1712 1882 1800 1913 οὐσίας
1829 1882 1919 1922 αὖτοῦ,

1097 1923 1170 1962 τάχα
1188 1921 1214 1951 δὲ
1230 1923 1337 1961 ἄμεινον
1358 1924 1447 1959 αὐτοῦ,
1470 1925 1514 1952 καὶ
1542 1926 1610 1953 κατὰ
1638 1925 1705 1954 πολὺ
1739 1933 1874 1965 κρεῖττον,
1890 1921 1920 1955 ἂν

1098 1977 1146 2006 περ
1182 1967 1263 2000 οὕτως
1297 1967 1351 2007 ἔχῃ
1371 1968 1438 1996 κατὰ
1467 1979 1496 2008 γε
1527 1970 1575 2003 τὴν
1618 1970 1680 2009 παρ’
1705 1971 1769 2008 ὑμῖν
1784 1970 1919 2011 ἆμαθίανς

1099 2012 1128 2040 Εἰ
1155 2012 1205 2051 γὰρ
1238 2013 1286 2040 οὒκ
1313 2014 1343 2040 ἐκ
1371 2018 1417 2042 τοῦ
1453 2015 1555 2053 Πατρὸς
1584 2014 1765 2054 ἐκπορεύεται,
1788 2015 1922 2044 τουτέστιν

1100 2056 1130 2084 ἐκ
1144 2059 1192 2090 τῆς
1214 2057 1301 2088 οὐσίας
1317 2057 1395 2085 αὐτοῦ
1409 2059 1423 2086 ὁ
1458 2059 1517 2090 Υἱὸς
1541 2058 1598 2087 καθ’
1620 2059 1706 2099 ἡμᾶς,
1735 2060 1792 2091 πῶς
1821 2061 1867 2088 οὒκ
1896 2062 1924 2088 ἑν

1100 2100 1218 2138 ἀμείνοσι
1235 2100 1320 2130 νοοττ’
1346 2101 1375 2130 ἂν
1391 2102 1422 2130 τὸ
1451 2106 1557 2141 Πνεῦμα
1583 2104 1654 2143 παρὰ
1680 2105 1726 2132 τὸν
1760 2104 1839 2142 Υἱόν,
1856 2109 1925 2134 Εἶτα

1101 2146 1126 2173 τί
1141 2156 1237 2185 φαμεν,
1269 2145 1330 2174 ὅταν
1354 2146 1509 2184 ἀκούσωμεν
1538 2147 1663 2187 λέγοντος
1691 2149 1750 2188 περὶ
1777 2149 1857 2176 αὐτοῦ
1883 2149 1923 2177 ὅτι

1106 2199 1118 2217 ι
1137 2189 1256 2222 Ἐκεῖνος
1267 2190 1314 2228 ἐμὲ
1330 2189 1442 2228 δοξάσει,
1456 2191 1496 2220 ὅτι
1525 2191 1556 2220 ἐκ
1573 2196 1618 2221 τοῦ
1647 2192 1712 2230 ἐμοῦ
1733 2191 1856 2232 λήψετει,
1881 2195 1926 2221 καὶ

1102 2233 1244 2273 ἀναγγελεῖ
1267 2235 1348 2273 3pm;
1383 2245 1394 2261 ι
1411 2237 1478 2275 Πρὸς
1501 2235 1528 2264 δὲ
1552 2243 1610 2268 τοῖς
1639 2236 1785 2276 εἰρημένοις
1815 2237 1926 2266 κάκεῖνο

1102 2277 1196 2307 λοιπὸν
1211 2280 1247 2310 ὡς
1273 2278 1298 2312 ἐξ
1325 2279 1442 2318 ἀνάγκης
1470 2279 1631 2316 εἷο-ϐήσεται.
1659 2282 1688 2310 Εἰ
1709 2292 1759 2321 γαρ
1785 2281 1928 2320 ὑπουργίαν

1102 2322 1253 2358 διακονικὴν
1268 2323 1437 2364 ἀποπληροῦν
1465 2325 1552 2354 οἴεσθε
1579 2327 1625 2354 τὸν
1650 2326 1709 2354 Υἷὸν
1737 2326 1766 2354 τὸ
1788 2325 1928 2366 ἀλλότριον

1101 2369 1180 2406 ἡμῖν,
1202 2368 1319 2397 τουτέστι
1334 2370 1365 2397 τὸ
1380 2371 1450 2410 παρὰ
1473 2374 1518 2398 τοῦ
1544 2373 1610 2398 Θεοῦ
1634 2371 1678 2399 καὶ
1706 2371 1821 2408 Πατρὸς,
1838 2382 1925 2411 κεχο-

1103 2413 1240 2452 ρηγηκότα
1273 2413 1348 2453 ἅγιον
1380 2414 1409 2442 ὅν
1445 2416 1512 2444 κατὰ
1553 2415 1627 2455 φύσιν
1664 2418 1770 2452 Πνεῦμα
1801 2415 1830 2443 οὒ
1858 2417 1928 2444 κατὰ

1103 2458 1297 2498 φύσινᾶίγιοςὸ
1316 2460 1386 2496 Υἱὸς,
1416 2460 1484 2488 κατὰ
1512 2459 1613 2498 μέθεξιν
1643 2459 1680 2497 δέ,
1711 2459 1801 2499 ὥσπερ
1830 2461 1927 2498 ἡμεῖς.

1105 2502 1214 2542 Λέγεται
1250 2503 1298 2542 γὰρ
1336 2505 1404 2532 κατὰ
1452 2505 1500 2538 τὴν
1547 2508 1600 2533 τῶν
1649 2503 1779 2533 δυσσεϐὡν
1815 2505 1930 2542 ἀμαθίαν

1104 2546 1242 2587 ἀλλότριος
1278 2548 1346 2576 si:ch
1375 2550 1424 2582 τῆς
1451 2550 1539 2581 οὐσίας
1567 2554 1613 2579 τοῦ
1642 2550 1742 2589 Πατρὸς
1771 2548 1797 2582 ἐξ
1824 2548 1856 2583 ἧς
1886 2550 1933 2577 καὶ

1105 2591 1207 2632 πρόεισι
1223 2593 1253 2621 τὸ
1268 2595 1372 2630 Πνεῦμα
1386 2594 1417 2621 τὸ
1431 2593 1468 2622 δι’
1491 2595 1571 2622 αὐτοῦ
1586 2595 1800 2634 χορηγούμενον.
1825 2589 1930 2623 ’Ἔσται

1106 2637 1190 2664 τοίνυν
1225 2640 1278 2665 τῶν
1299 2636 1492 2678 ἐνδεχομένων,
1522 2638 1599 2678 εἴπερ
1620 2639 1667 2667 οὒκ
1694 2637 1763 2667 ἴδιον
1790 2641 1838 2666 τοῦ
1873 2639 1934 2667 Υἱοῦ

1106 2681 1136 2710 τὸ
1159 2681 1264 2719 Πνεῦμα
1285 2682 1367 2721 ἐστιν,
1384 2682 1443 2710 ἀλλ’
1466 2683 1617 2717 εἰσποιητὸν
1641 2682 1699 2724 ἔχει
1721 2683 1764 2711 καὶ
1790 2682 1870 2716 αὐτὸς
1887 2685 1933 2711 τὸν
