1962 3072
175 74 236 108 663

722 72 828 104 JOAN.
852 68 961 103 VEGCI
982 68 1037 101 GP.
1061 69 1315 105 PATRIARCHzE

1798 65 1845 98 664

177 146 224 174 ter
238 141 382 174 creaturis
397 139 635 177 associatur,nisi
646 147 700 179 per
708 138 816 170 Filium
831 136 862 168 in
873 135 995 177 Spiritu.

1048 137 1147 175 Ομιλεῖ
1175 138 1224 178 γὰρ
1253 139 1305 178 οὺχ
1329 137 1423 177 ἑτέρως
1451 140 1486 176 τῇ
1512 137 1594 165 κτὶσει
1623 137 1700 175 Θεὸς,
1717 135 1740 163 εὶ
1761 135 1798 172 μὴ
1820 133 1848 162 δι’

178 186 391 218 Verumtamen
402 185 451 216 hic
461 184 586 225 Spiritus
596 183 746 223 Unigeniti
766 182 853 216 etiam
863 185 1000 226 proprius

179 228 502 262 est.Consubstantialis
512 228 591 259 enim
602 227 681 259 Patri
691 228 783 260 Filius
795 230 997 266 est.Quoniam

179 283 264 315 ergo,
280 274 386 314 inquit,
397 273 452 304 Dei
468 276 497 304 et
506 272 601 303 Patris
617 272 769 313 proprium
784 277 830 304 est
842 273 872 304 in
888 273 999 314 Spiritu

179 320 298 360 preprio
310 318 406 358 dignis
421 317 595 355 revelari,et
604 326 658 357 per
669 326 736 348 eum
747 327 931 358 quaecunque
944 327 998 348 vo-

179 361 482 403 luerit,operari,ideo
497 361 570 392 mihi
586 361 672 392 etiam
683 361 854 393 naturaliter
863 362 1000 402 proprius

180 410 226 438 est
243 415 250 438 :
277 406 314 437 ob
342 415 468 446 eamque
483 414 601 436 causam
617 405 689 442 dixi,
710 416 722 434 α
739 405 779 436 Ex
795 414 861 436 meo
875 406 1002 446 accipiet

180 454 210 482 et
223 449 411 482 annuntiabit
435 449 531 480 vobis.
550 461 563 479 ι
580 448 700 480 Nullum
728 458 797 480 vero
813 450 1000 486 obturbatur,

180 504 248 526 cum
259 494 441 535 acceptionis
451 502 561 525 nomen
572 493 776 533 intelligitsed
790 494 924 534 potiusin
935 494 1000 525 ani-

181 548 263 570 mum
278 543 398 570 revocet
414 537 531 575 illud,et
547 538 638 577 probe
653 537 1002 578 concipiet,quaecunque

181 583 220 615 de
237 583 298 614 Deo
309 582 611 620 dicuntur,enuntiari
622 581 742 622 quidem
753 591 770 612 a
781 582 933 623 nobis,sed
944 592 1004 613 non

183 627 289 658 eodem
311 627 399 658 modo
415 626 550 666 intelligi,
567 625 620 657 sed
635 625 813 658 sublimiori.
833 627 900 658 Pari
916 626 1003 657 modo

184 671 313 703 dicimus
341 670 482 711 Spiritum
499 679 533 701 ex
548 671 634 702 Patre
658 674 686 701 et
703 670 790 711 Filio,
807 680 872 711 quas
886 671 1003 702 illorum

184 721 253 747 sunt
263 715 411 756 accipere,
424 724 483 746 non
492 715 561 755 quia
569 724 628 746 non
639 715 776 746 habuerit
785 715 943 756 aliquando
954 725 1006 747 co-

1041 185 1100 212 Υἱοῦ
1120 185 1148 212 ἓν
1184 184 1327 221 Πνεύματι.
1357 182 1432 212 Ἀλλ’
1459 182 1527 211 ἴδιον
1554 183 1604 221 γὰρ
1640 185 1745 219 Πνεῦμα
1783 183 1849 209 τοῦτο

1040 227 1094 255 ἐστι
1128 229 1171 256 καὶ
1198 229 1244 256 τοῦ
1271 231 1433 266 Μονογενοῦς
1451 235 1458 242 ·
1489 227 1626 264 ὁμοούσιος
1662 225 1711 265 γάρ
1746 225 1799 253 ἔστι
1819 228 1850 260 τῷ

1039 273 1131 312 Πατρί.
1167 271 1274 306 Ἐπειδὴ
1309 273 1404 312 τοίνυν,
1447 272 1538 312 φησὶν,
1567 271 1714 310 ἐνυπάρχον
1741 269 1850 309 φαίνεται

1040 319 1073 343 τ-
1146 319 1159 325 ~
1226 317 1233 327 κ
1335 317 1342 327 κ
1396 317 1402 324 ι
1435 316 1442 326 ’
1546 316 1552 326 ι
1682 318 1694 323 ~
1725 313 1758 335 ’σν
1802 325 1815 330 -
1831 320 1851 334 γι

1056 328 1078 352 ῳ
1107 320 1164 353 Θεῳ
1192 327 1235 345 κάι
1264 319 1344 355 Πκτρι
1379 327 1409 344 το
1434 327 1460 344 εν
1488 319 1618 353 Πνευματι
1661 327 1699 351 τῳ
1727 324 1781 350 ιο.ῳ
1807 325 1851 344 .ο.,

1041 360 1120 393 ἀξίοις
1149 360 1376 390 ἀποκαλύπτεσθαι
1406 360 1523 400 ἐνεργεῖν
1551 371 1579 388 τε
1608 360 1651 387 καὶ
1677 358 1708 387 δι’
1736 360 1816 387 αὑτοῦ
1828 358 1854 386 τὰ

1041 404 1140 444 ὅσαπερ
1175 405 1205 432 ἃν
1232 404 1370 442 βούληται,
1401 406 1479 442 κὰμοὶ
1497 403 1523 432 δὲ
1541 408 1618 433 τοῦτο
1646 403 1768 443 πρόσεστι
1782 413 1855 443 φυσι-

1043 451 1096 481 κῶς
1114 458 1121 467 ·
1144 447 1186 476 διὰ
1212 449 1308 482 ταύτην
1329 447 1425 488 εἴρηκά
1460 449 1509 483 τὴν
1537 449 1619 476 αἰτίαν
1647 447 1687 475 ὅτι
1719 457 1733 476 ι
1766 451 1803 476 Ex
1818 451 1857 475 τοῦ

1043 494 1107 532 ἐμοῦ
1147 492 1276 531 λκμὸάνει
1317 495 1360 521 καὶ
1387 492 1529 532 ἀναγγελεῖ
1554 494 1629 530 ὑμῖν.
1649 503 1661 521 ι
1692 491 1857 530 Ταραττέσθω

1043 538 1070 566 δὲ
1099 537 1203 578 μηδεὶς,
1238 538 1300 566 ὅταν
1322 540 1350 566 ἓν
1384 539 1484 569 τούτοις
1514 538 1596 575 ἀκούῃ
1618 538 1648 565 τὸ
1677 537 1726 570 τῆς
1754 536 1857 573 λήψεως

1044 582 1138 620 ὄνομα,
1193 581 1375 620 διενθυμείσθω
1415 581 1442 609 δὲ
1484 581 1584 620 μᾶλλον
1626 581 1725 618 ἐκεῖνο,
1761 579 1857 619 δράσειε

1044 627 1093 666 γὰρ
1121 627 1151 655 ἃν
1185 627 1277 666 ὀρθῶς,
1320 626 1360 654 ὅτι
1388 626 1474 654 πάντα
1502 626 1534 655 τὰ
1578 626 1637 665 περὶ
1672 629 1738 654 Θεοῦ
1764 624 1858 652 λαλεῖ-

1045 682 1088 699 ται
1104 671 1151 708 μὲν
1175 670 1232 699 καθ’
1247 673 1330 709 ἡμᾶς,
1354 671 1454 698 νοεῖτάί
1474 681 1504 708 γε
1526 670 1578 708 μὴν
1607 669 1660 709 οὔχ
1681 669 1774 705 οὕτως,
1804 668 1858 696 5:333

1045 716 1110 754 ὑπερ
1139 716 1222 753 ἡμᾶς,
1251 713 1393 752 λαμϐάνειν
1421 725 1449 742 τε
1476 713 1545 743 οὕτω
1572 715 1602 742 τὸ
1631 713 1738 751 Πνεῦμιί
1765 724 1858 753 usque,

184 759 348 800 gnitionem
362 764 391 790 et
405 763 626 800 potestatem,et
643 763 703 790 tum
720 760 766 791 vix
783 760 902 791 tandem
914 759 995 791 habui

1048 759 1076 788 ’ἐκ
1090 771 1118 788 τε
1134 764 1179 788 τοῦ
1201 760 1314 798 Πιτρδς,
1327 760 1369 787 καὶ
1396 763 1442 787 τοῦ
1467 760 1525 786 Υἱοῦ
1553 759 1586 787 τὰ
1621 758 1717 794 αὒτῶν,
1747 758 1798 797 οὔχ
1828 759 1860 788 ὡς

185 805 254 844 erit,
270 814 338 836 cum
353 805 435 836 illam
463 805 588 846 accepit.
607 806 733 845 Semper
747 805 827 836 enim
843 805 961 846 sapiens
977 809 1006 836 et

185 849 375 890 omnipotens
390 848 518 890 Spiritus
533 853 577 880 est
593 858 600 880 :
623 849 682 879 imo
694 858 762 880 vero
772 859 806 880 re
816 850 879 890 ipsa
886 849 1005 890 sapien-

186 894 226 925 tia
243 896 273 924 et
286 893 389 931 virtus,
420 903 480 924 non
503 893 736 934 participatione,
753 893 805 924 sed
822 893 1004 930 naturaliter.

187 937 316 978 exempli
344 946 444 974 causa,
475 940 639 968 aromatum
659 937 733 968 odor
757 937 878 968 naribus
898 937 1007 968 nostris

187 982 321 1022 objectus
335 981 434 1022 prodit
459 981 596 1012 virtutem
624 980 745 1012 illorum
774 981 948 1013 naturaliter
974 991 1009 1012 ac

186 1035 307 1067 semper
319 1025 476 1066 habens,et
491 1025 666 1065 cogitatione
680 1025 799 1066 quidem
812 1026 895 1056 illum
906 1026 1008 1057 conci-

189 1071 287 1110 pimus
299 1079 359 1101 uon
371 1070 407 1101 ab
420 1069 486 1100 aliis
497 1079 750 1110 emergere,quam
760 1069 795 1101 ab
803 1070 916 1110 iisipsis
924 1079 940 1101 a
948 1070 1010 1110 qui-

189 1115 245 1146 bus
256 1114 396 1146 virtutem
404 1114 572 1147 desumit.et
579 1123 643 1154 quae
651 1118 934 1155 commonstrat,non
941 1115 1010 1145 alie-

189 1168 261 1191 num
273 1162 360 1199 atque
369 1158 573 1196 adventitium,
591 1158 643 1190 sed
656 1167 691 1189 ex
702 1158 739 1189 iis
756 1159 828 1199 ipsis
838 1159 946 1200 quibus
961 1159 1008 1190 in-

191 1207 236 1236 est
249 1213 256 1234 :
267 1203 327 1235 tale
345 1202 415 1243 quid
436 1202 496 1233 imo
516 1202 603 1233 etiam
616 1202 773 1234 sublimius
783 1203 820 1234 de
831 1206 893 1235 Deo
904 1204 1009 1244 etSpi-

190 1247 248 1278 ritu
263 1250 366 1278 sancto
381 1247 537 1279 meditare.
551 1247 641 1284 Quasi
660 1248 740 1278 enim
754 1247 828 1278 odor
842 1247 1012 1279 substantiae

190 1293 255 1332 ejus
269 1291 380 1329 vivens,
409 1295 439 1322 et
465 1295 578 1331 patens,
597 1300 614 1322 a
637 1291 698 1323 Deo
720 1291 861 1331 primaria
876 1293 1010 1324 omnium

190 1335 319 1368 essentia
333 1335 370 1366 ad
385 1340 536 1366 creaturas
560 1345 625 1376 quae
648 1335 726 1366 illius
741 1341 809 1367 sunt
820 1340 1008 1378 transportat,

189 1384 219 1412 et
233 1379 488 1421 participationem
506 1389 559 1420 per
569 1381 700 1421 seipsam
713 1381 1009 1418 communicat.Quod

190 1425 217 1457 si
231 1428 395 1456 aromatum
407 1425 482 1455 odor
496 1425 646 1465 propriam
658 1425 795 1456 virtutem
807 1435 908 1457 eorum
919 1426 1009 1457 vesti-

191 1471 302 1502 mentis
309 1470 495 1511 relinquit,et
506 1470 632 1511 qu'odam
643 1471 732 1502 modo
741 1471 771 1501 in
780 1472 907 1511 seipsam
915 1475 1010 1503 trans-

189 1518 284 1547 mutat
298 1515 379 1553 ea,in
390 1515 500 1556 quibus
508 1514 793 1555 adhaesit,quomodo
803 1516 931 1556 Spiritus
942 1526 1011 1547 san-

189 1559 319 1600 ctus,qui
336 1567 370 1592 ex
386 1561 449 1591 Deo
459 1559 633 1590 naturaliter
642 1563 758 1600 est,per
768 1561 899 1600 seipsum
907 1560 1013 1591 divinae

189 1608 302 1636 naturae
317 1603 477 1644 participes
498 1612 550 1635 eos
566 1603 697 1644 efﬁcere,
715 1604 746 1635 in
761 1614 836 1644 quos
846 1604 1014 1636 advenerit?

188 1648 314 1680 Fructus
338 1657 410 1687 ergo
440 1651 469 1678 et
495 1648 652 1678 character
680 1652 808 1688 paternae
822 1648 1012 1688 hypostazeos

190 1701 257 1722 cum
274 1691 314 1723 sit
332 1691 541 1730 Filius,omnia
555 1692 635 1722 illius
643 1692 806 1723 secundum
820 1696 952 1723 naturam
964 1697 1011 1724 at-

194 1735 518 1776 trahit.Proptercaque
526 1735 608 1776 dicit,
615 1735 820 1776 «Quaecunque
832 1736 1013 1768 habetPater

190 1789 258 1811 mea
268 1783 358 1816 sunt;
381 1783 539 1820 propterea
558 1779 618 1810 dixi
629 1780 723 1816 vobis,
740 1780 777 1811 de
796 1790 862 1811 meo
873 1781 1010 1822 accipiet,

192 1828 222 1855 et
236 1823 427 1855 annuntiabit
435 1823 517 1855 vobis
526 1824 582 1855 32.»:
594 1824 721 1865 Spiritus
733 1824 879 1862 videlicet,
897 1825 945 1866 qui
959 1835 1013 1866 per

191 1877 259 1900 eum
270 1872 300 1899 et
312 1867 343 1899 in
353 1877 388 1900 eo
400 1871 455 1906 est,
481 1877 536 1908 per
560 1878 649 1909 quem
659 1868 689 1899 in
700 1869 810 1900 sanctis
817 1873 849 1900 ut
862 1869 911 1900 ille
925 1869 1013 1901 inha-

190 1912 276 1944 bitat.
291 1911 356 1943 Non
386 1912 466 1944 enim
495 1913 577 1944 aliud
601 1917 708 1953 praeter
723 1922 791 1945 eum
807 1913 934 1954 Spiritus
949 1915 1013 1955 ejus

191 1961 248 1995 est,
261 1957 332 1988 licet
342 1957 372 1988 iu
384 1957 505 1997 propria
525 1957 674 1998 bypostasi
690 1958 854 1990 subsistere
869 1959 1014 1998 intelliga-

190 2001 458 2077 i‘upetseparatim.
468 2002 597 2043 Spiritus
617 2002 697 2034 enim
707 2002 835 2043 Spiritus
845 2006 900 2041 est,
917 2007 946 2034 et
956 2013 1014 2034 non

214 2056 224 2077 ι
239 2055 296 2077 ius.
314 2058 329 2075 ι

214 2055 296 2077 mus.
314 2058 329 2075 ι

1045 804 1110 832 ποτὲ
1132 804 1182 842 μὶν
1208 805 1255 832 οὒκ
1288 803 1351 843 ἕχον
1385 804 1433 837 τὴν
1461 803 1566 831 ὲνουσαν
1595 803 1685 834 αὐτοῖς
1713 803 1808 840 γνῶσίν
1837 813 1862 830 τε

1046 850 1088 877 καὶ
1110 848 1228 886 δύναμιν,
1245 848 1308 888 ἕχον
1331 847 1355 876 δὲ
1379 848 1442 876 ποτὲ
1471 847 1560 886 μόλις,
1586 846 1649 874 ὅταν
1677 849 1769 880 νοῆτιι
1791 846 1862 884 λειμ-

1047 892 1135 929 6άνον,
1164 891 1234 920 ,Ἀεὶ
1261 893 1311 932 γὰρ
1357 893 1437 931 σοφὸν
1473 892 1515 919 καὶ
1554 890 1662 919 δυνατὸν
1696 891 1726 919 τὸ
1761 891 1865 928 Πνεῦμά

1048 937 1114 976 ἐστι,
1131 936 1232 974 μᾶλλον
1260 935 1287 964 δὲ
1309 937 1466 976 αὐτόχρημα
1494 936 1570 975 σοφία
1602 936 1646 963 καὶ
1667 934 1788 972 δύναμις,
1822 935 1866 964 0-37.

1049 981 1078 1009 ὲκ
1094 983 1215 1021 μετοχῆς
1243 983 1292 1014 τῆς
1320 981 1399 1017 τινός,
1437 979 1506 1016 ἄλλα
1525 983 1653 1019 φυσικῶς,
1669 979 1758 1018 ὥσπερ
1787 978 1810 1007 δ’
1840 980 1868 1006 ἂν

1049 1031 1140 1068 φῶμεν
1159 1028 1209 1060 τὴν
1233 1026 1262 1055 ἐκ
1283 1030 1335 1055 τῶν
1350 1026 1496 1066 ἀρωμάτων
1519 1032 1580 1057 ταῖς
1601 1025 1742 1064 ἧμετέραις
1765 1026 1868 1065 ὀσφρή-

1049 1083 1104 1100 σεσι
1121 1070 1335 1112 προσϐάλλουσαν
1362 1069 1468 1098 εὒωδίαν
1490 1069 1580 1107 ἑτέραν
1594 1069 1642 1106 μὲν
1670 1069 1730 1097 ὅσον
1752 1071 1788 1101 ὡς
1804 1071 1869 1108 πρὸς

1050 1116 1124 1152 αὔτα,
1157 1117 1179 1144 εἱ
1199 1116 1261 1148 ταῖς
1289 1114 1414 1146 ἓπινοίαις
1439 1113 1496 1147 δοίη
1530 1124 1570 1144 τις
1604 1113 1645 1152 ἂν,
1677 1113 1870 1153 προεκκόπεειν

1050 1172 1081 1199 γε
1103 1161 1156 1198 μὴν
1178 1160 1229 1199 οὺχ
1258 1158 1351 1199 ἑτέρως
1380 1158 1465 1186 οἴοιτο
1493 1158 1586 1197 τυχὸν,
1617 1157 1634 1191 ἣ
1664 1160 1716 1185 τῶν
1738 1157 1763 1190 ἐξ
1784 1159 1872 1197 ὧνπερ

1051 1204 1106 1232 ἐστι
1134 1203 1282 1243 δεχομενην
1314 1203 1363 1236 τὴν
1411 1201 1518 1239 δύνάμιν
1552 1202 1587 1234 εἰς
1622 1201 1725 1234 ἔνδειξιν
1761 1202 1870 1239 ὲκυτῇς,

1052 1248 1099 1276 οὒκ
1127 1248 1203 1276 οὖσάν
1232 1257 1263 1286 γε
1285 1246 1338 1283 μὴν
1366 1246 1453 1284 ἑτέραν
1482 1244 1524 1273 διὰ
1550 1246 1580 1273 τὸ
1610 1245 1636 1278 ἐξ
1658 1247 1742 1274 αὐτῶν
1770 1257 1799 1274 τε
1830 1249 1873 1274 καὶ

1051 1293 1078 1320 ἐν
1100 1294 1190 1323 αὐτοῖς
1223 1290 1376 1330 πεφυκέναι.
1407 1291 1532 1319 Τοιοῦτόν
1560 1301 1596 1327 τι,
1634 1289 1736 1327 μᾶὶλον
1773 1290 1800 1318 δε
1829 1293 1873 1319 καὶ

1049 1336 1113 1375 ὑπὲρ
1140 1340 1217 1365 τοῦτο
1251 1335 1354 1370 νοήσες
1395 1334 1437 1363 ἐπί
1474 1345 1502 1362 τε
1532 1338 1597 1363 Θεοῦ
1634 1335 1677 1363 καὶ
1717 1335 1763 1363 τοῦ
1799 1336 1874 1374 ἁγίου

1051 1381 1214 1418 Πνεύματος.
1243 1380 1326 1409 Οἱονεὶ
1367 1379 1416 1418 γὰρ
1451 1379 1521 1416 ὀσμή
1550 1390 1590 1411 τις
1619 1378 1673 1406 ἐστι
1701 1381 1749 1412 τῆς
1785 1380 1874 1411 obsint;

1053 1429 1130 1456 αὖτοὺ
1151 1425 1221 1461 ζῶσά
1241 1436 1269 1454 τε
1289 1426 1335 1453 καὶ
1363 1425 1484 1464 ἐναργὴς,
1515 1423 1699 1462 διακομίζουσα
1731 1428 1765 1463 τῇ
1793 1426 1876 1453 κτίσει

1052 1472 1085 1499 τὰ
1119 1471 1189 1510 παρὰ
1222 1473 1267 1498 τοῦ
1289 1469 1354 1498 Θεοῦ
1382 1470 1426 1497 καὶ
1458 1471 1508 1502 τῆς
1545 1468 1672 1496 ἀνωτάτω
1709 1472 1800 1498 πισῶν
1829 1470 1874 1498 0":-

1054 1516 1109 1546 σίας
1137 1514 1268 1542 ἐντιθεῖσα
1298 1512 1332 1541 δι’
1367 1513 1461 1547 ἑαυτῆς
1489 1512 1538 1546 τὴν
1573 1511 1685 1549 μέθεξιν.
1721 1514 1749 1542 El
1782 1514 1832 1552 γὰρ
1856 1515 1875 1547 ἡ

1054 1561 1105 1587 τῶν
1134 1559 1281 1598 ἀρωμάτων
1316 1558 1424 1595 εὖοσμία
1452 1557 1501 1592 τὴν
1531 1556 1594 1584 ἰδίαν
1622 1557 1700 1596 ἰσχὺν
1722 1557 1875 1594 ἐναπομάτ-

1053 1615 1124 1632 τεται
1155 1609 1212 1634 τοῖς
1249 1602 1390 1639 ἐσθήμασι,
1412 1602 1456 1630 καὶ
1490 1601 1677 1639 μετασκευάζει
1705 1601 1800 1640 τρόπον
1816 1603 1874 1630 τινὰ

1054 1648 1118 1687 πρὸς
1134 1647 1229 1680 ἑαυτὴν
1257 1647 1290 1675 τὰ
1326 1646 1352 1674 ἐν
1382 1646 1426 1677 οἷς
1460 1645 1490 1673 ἂν
1523 1644 1638 1684 γένοιτο,
1667 1648 1724 1677 πῶς
1766 1646 1814 1673 οὐκ
1843 1646 1873 1674 ἂν

1052 1692 1160 1732 ἰτχύσάι
1175 1691 1205 1719 τὸ
1220 1694 1325 1728 Πνεῦμα
1352 1691 1382 1718 τὸ
1414 1689 1490 1728 ἅγιον
1517 1689 1623 1728 ἐπείπερ
1657 1690 1728 1718 ἔστὶν
1749 1689 1779 1717 ἐκ
1808 1691 1875 1719 Θεοῦ

1053 1739 1179 1776 φυσικῶς,
1214 1735 1355 1766 κοινωνοὺς
1382 1734 1429 1768 τῆς
1467 1735 1535 1765 θείας
1573 1733 1729 1762 ἀποτελέσαι
1771 1734 1873 1773 φύσεως

1052 1780 1085 1809 δι’
1101 1781 1192 1808 ἑαυτοῦ
1204 1781 1263 1812 τοὺς
1292 1779 1318 1806 ἐν
1340 1785 1381 1811 οῖς
1412 1778 1442 1807 ἂν
1471 1778 1596 1818 γένοιτο,
1630 1779 1734 1818 Καρπὸς
1756 1779 1801 1806 οὖν
1826 1779 1875 1818 ἄρα

1053 1826 1096 1854 καὶ
1135 1824 1273 1864 χαρακτὴρ
1310 1825 1358 1857 τῆς
1403 1823 1571 1854 ὑποστάσεως
1620 1826 1665 1851 τοῦ
1692 1822 1876 1862 ’γεννήσαντος

1054 1870 1179 1909 ὑπάρχων
1203 1870 1216 1896 ὁ
1242 1869 1310 1904 Υἱὸς,
1333 1868 1418 1896 πάντα
1445 1868 1477 1895 τὰ
1505 1869 1583 1896 αὐτοῦ
1610 1867 1677 1895 κατὰ
1706 1868 1780 1907 φύσιν
1806 1867 1876 1896 ἐπά-

1055 1925 1140 1954 γεται.
1159 1913 1206 1941 Διὰ
1242 1913 1318 1942 τοῦτό
1352 1923 1431 1952 φησιν
1449 1921 1455 1929 ·
1488 1921 1501 1938 α
1519 1911 1606 1939 Πάντα
1621 1910 1669 1939 ὅσα
1697 1911 1754 1951 ἔχει
1777 1913 1791 1940 ὁ
1821 1915 1876 1940 [Ιπ-

1055 1961 1104 1998 τ-ὶ,ρ
1126 1958 1177 1996 ἐμά
1198 1958 1253 1986 ἐστι
1270 1966 1277 1974 ·
1302 1957 1343 1987 διὰ
1357 1957 1433 1986 τοῦτό
1449 1957 1527 1985 εἶπον
1539 1957 1603 1994 ὑμῖν
1614 1956 1654 1984 ὅτι
1669 1967 1681 1984 (ι
1699 1957 1729 1985 ἐκ
1746 1961 1792 1985 τοῦ
1812 1958 1877 1995 ἐμοί)

1055 2002 1195 2042 λαμϐάνει⁷
1212 2003 1255 2031 καὶ
1270 2001 1413 2040 ἀναγγελεῖ
1432 2001 1509 2039 ὑμῖν,
1529 2011 1542 2028 ι
1571 2001 1601 2028 τὸ
1638 2004 1743 2038 Πνεῦμα
1777 2000 1876 2035 δηλον-

1022 2048 1104 2087 ῡότι,
1141 2048 1171 2075 τὸ
1206 2045 1240 2075 δι’
1273 2047 1352 2074 αὐτοῦ
1379 2057 1409 2074 τε
1436 2046 1479 2074 καὶ
1514 2044 1541 2072 ἐν
1576 2047 1658 2084 αὐτῷ,
1699 2043 1732 2072 δι’
1761 2047 1791 2073 οὗ
1818 2053 1878 2076 τοῖς

192 2091 277 2130 ἁγίοις
299 2092 336 2123 ὡς
349 2090 426 2123 αὐτός
442 2090 553 2121 ἐνοικεῖ.
571 2091 607 2120 Οὐ
622 2091 671 2131 γὰρ
685 2102 773 2132 ρτερον
789 2103 841 2132 παρ
862 2093 940 2122 αὐτοῦ
954 2093 983 2121 τό
999 2097 1105 2131 Πνεῦμα
1126 2094 1216 2128 αὑτοῦ,
1244 2090 1292 2118 κᾶν
1305 2090 1434 2130 ὑπάρχειν
1450 2090 1542 2123 νοῆται
1563 2088 1621 2117 καθ’
1646 2089 1722 2117 ἑαυτό
1736 2091 1779 2118 καὶ
1794 2089 1878 2122 ἱδίως.

191 2139 298 2174 Πνεῦμα
312 2136 362 2176 γὰρ
375 2135 406 2164 τό
421 2139 539 2174 Πνεῦμα,
557 2137 601 2164 καὶ
623 2137 675 2176 οὐχ
692 2137 761 2170 Υἱός.

230 2179 404 2211 Theodorus
419 2180 591 2220 Raythenus
605 2180 741 2211 oratione
755 2180 932 2221 dogmatica,
951 2191 1016 2222 quae

190 2225 296 2266 incipit
312 2234 319 2256 :
340 2237 354 2253 α
371 2224 542 2256 Absurdum
558 2224 706 2265 existimo,
724 2229 866 2266 recteque
879 2226 953 2257 illud
965 2235 1015 2257 re-

191 2273 274 2311 puto.
291 2279 306 2300 )
324 2270 427 2309 Longe
453 2278 470 2300 a
485 2269 644 2311 principio,
662 2269 756 2301 dicit:
771 2282 784 2298 ι
800 2271 844 2301 Ne
860 2270 1016 2311 miremur,

191 2314 262 2345 dum
277 2313 423 2345 Dominus
433 2317 515 2345 vocat
527 2314 635 2345 exitum
643 2323 659 2344 a
670 2315 768 2351 Patre,
777 2314 935 2354 utriusque
945 2324 1017 2354 pro-

191 2356 385 2397 gressionem,
400 2369 412 2386 ι
429 2357 489 2397 Ego
518 2357 610 2395 enim,
627 2358 734 2398 inquit,
749 2367 767 2388 a
781 2358 867 2389 Patre
883 2358 970 2396 exivi,
986 2362 1015 2390 et

191 2402 278 2432 venio
288 2400 344 2433 ³³.»
355 2402 529 2443 Rursusque
541 2412 553 2429 ι
567 2402 706 2442 Spiritus,
716 2402 792 2443 quia
807 2404 893 2434 Patre
907 2412 1015 2444 proce-

193 2444 280 2477 dit".
295 2446 380 2478 Licet
402 2446 482 2478 enim
502 2446 551 2477 hic
561 2450 590 2478 et
601 2447 694 2484 exire,
713 2452 741 2478 et
758 2447 923 2488 procedere
935 2448 1015 2479 idem

193 2493 286 2528 notet,
297 2490 421 2531 Spiritui
429 2490 626 2522 nihilominus
639 2492 731 2531 magis
740 2492 861 2532 proprie
870 2492 1018 2533 adaptavit

195 2536 428 2576 processionem,
446 2535 701 2576 quemadmodum
723 2537 876 2578 semetipsi
891 2546 1017 2578 genera-

193 2579 316 2611 tionem.
329 2589 345 2611 ›

234 2708 261 2732 ³⁸
279 2710 366 2744 toan.
382 2717 443 2743 XVI.
460 2708 510 2742 45.
527 2708 553 2732 ³³
566 2708 641 2742 ibid.
657 2710 708 2743 ‘86.
723 2709 751 2733 3‘
765 2710 840 2744 ibid.
857 2720 906 2750 xv,
923 2711 974 2744 26.

1098 2179 1230 2220 Θεόδωρος
1243 2181 1256 2208 ὁ
1271 2183 1320 2218 τῇς
1337 2175 1440 2208 “Ριῑϊθοῦ
1461 2178 1634 2220 πρεσϐύτερος
1663 2179 1690 2207 ἐν
1720 2182 1758 2216 τῷ
1774 2178 1879 2217 δογμά-

1057 2228 1123 2262 τικῷ
1137 2224 1209 2264 λογῳ
1230 2224 1319 2264 αὑτοῦ,
1336 2223 1365 2252 οὗ
1385 2224 1402 2257 ἦ
1429 2223 1513 2263 ἁρχὴ,
1546 2235 1559 2250 α
1578 2217 1699 2252 ’Ἄτοπον
1722 2224 1812 2263 οἶμαι,
1836 2225 1881 2251 καὶ

1058 2270 1146 2302 καλῶς
1162 2279 1193 2308 γε
1213 2272 1291 2297 τοῦτο
1318 2268 1443 2305 νενόμικα
1459 2276 1464 2282 ·
1483 2278 1497 2298 ι
1530 2268 1602 2296 Μετὰ
1627 2267 1714 2297 πολλὰ
1742 2268 1809 2298 πάνυ
1824 2279 1880 2307 φη.

1059 2315 1097 2343 σίν
1115 2322 1121 2329 ⁶
1144 2324 1156 2341 ι
1181 2314 1224 2347 Μὴ
1249 2312 1421 2349 θαυμάζωμεν
1441 2311 1467 2340 δὲ
1492 2311 1615 2351 λέγοντος
1643 2315 1688 2340 τοῦ
1713 2317 1803 2351 Κυρίου
1819 2312 1881 2344 ἐξο-

1058 2359 1101 2387 δον
1126 2359 1178 2387 ἀπὸ
1205 2361 1250 2386 τοῦ
1284 2357 1385 2396 Πιτρὸς
1407 2357 1456 2389 τὴν
1491 2356 1615 2396 ἐκατέρου
1650 2355 1771 2395 προόδον.
1808 2356 1883 2395 Ἐγὼ

1056 2404 1116 2442 γὰρ,
1134 2403 1224 2442 φησὶν,
1246 2403 1276 2429 ὲκ
1295 2404 1340 2429 rei
1362 2401 1462 2435 Πιτρὸς
1491 2399 1599 2434 ἐξῆλθον
1629 2401 1672 2429 καὶ
1698 2400 1766 2434 ἥκω,
1786 2413 1799 2428 ι
1833 2403 1883 2429 Καὶ

1057 2447 1147 2487 πάλιν,
1186 2458 1200 2474 ε
1217 2447 1252 2475 Τὸ
1280 2449 1385 2481 Πνεῦμα
1413 2444 1427 2472 ὅ
1449 2445 1520 2483 παρὰ
1551 2444 1596 2473 τοῦ
1629 2445 1729 2483 Πατρὸς
1758 2445 1884 2484 ἐκπορευ-

1058 2504 1124 2522 ετάι.
1151 2503 1165 2520 ι
1183 2492 1211 2520 Εἰ
1226 2491 1275 2530 γὰρ
1288 2490 1332 2518 καὶ
1357 2490 1386 2518 τὸ
1415 2488 1529 2521 ἐξελθεῖν
1557 2489 1602 2517 καὶ
1632 2489 1662 2517 τὸ
1691 2489 1882 2528 ἐκπορευθῆνάι

1058 2538 1152 2566 ταυτὸν
1180 2537 1290 2565 ενταῦθα
1318 2534 1440 2572 σημαίνει
1459 2541 1465 2548 ·

1057 2582 1209 2621 ἐκπόρευσιν
1245 2578 1346 2617 μᾶλλον
1371 2578 1429 2607 κατ’

1058 2627 1142 2662 ἑαυτῷ
1163 2624 1213 2658 τὴν
1227 2623 1360 2663 γέννησιν.
1386 2634 1398 2650 υ

1494 2537 1533 2571 τῲ
1567 2534 1698 2571 Πνεύματι
1741 2537 1803 2572 γοῦν
1831 2535 1884 2566 τὴν

1473 2577 1600 2617 ἐξαίρετον
1632 2578 1758 2617 ἢρμοσεν,
1794 2577 1886 2616 ὥσπερ
