1962 3072
233 127 291 159 6Ἶ9

775 125 881 156 JOAN.
905 124 1015 156 VECGI
1036 122 1093 154 GP.
1116 122 1374 154 PATRIARCH/E

1848 120 1904 152 680

237 194 294 225 Per
309 193 468 225 Salvatoris
496 202 565 224 vero
595 192 692 223 lucem
721 191 849 232 Spiritus
860 190 1011 227 sanctus,i

1129 201 1149 217 ιν
1171 189 1197 218 ἐν
1224 189 1315 226 ξκείνῳ
1335 189 1404 223 πνοὴ
1425 191 1496 225 ζωῆς
1513 199 1521 228 ς
1553 188 1609 224 ζωὴ
1637 188 1687 227 γὰρ
1699 188 1717 221 ἡ
1731 187 1780 220 τῆς
1793 186 1903 220 θεότητος

235 239 299 279 ipse
313 247 427 277 revera,
444 237 492 277 qui
509 237 538 267 in
561 237 719 266 animabus
743 236 926 267 credentium
945 234 1059 266 inhabi-

236 287 286 319 tat,
304 287 332 313 et
353 282 485 312 immittit
509 281 664 320 Spiritum,
682 281 751 310 etin
769 281 833 320 ipso
849 285 878 312 et
893 289 947 320 per
963 281 1057 319 ipsum

235 328 270 357 ad
298 325 428 366 speciem
446 325 613 365 primaevam
643 325 844 359 transformat.
870 325 900 354 in
927 324 1056 364 seipsum

234 371 358 403 scilicet.
389 369 451 400 sive
481 369 515 399 ad
548 368 653 406 eﬂiglci
678 369 837 409 exemplar,
855 369 1058 400 characterem

235 424 341 454 nempe
370 415 473 445 Patris.
504 413 574 444 Nam
597 414 751 444 character
774 413 893 453 quidem
913 422 1010 450 verus,
1028 416 1056 443 et

235 467 358 489 summie
374 458 544 498 diligentiae,
563 467 629 498 qum
644 458 673 488 in
699 458 856 496 el'ligiando
870 457 1054 496 intelligitur,

234 504 297 543 ipse
315 503 404 534 Filius
423 507 476 533 est.
489 502 658 533 Similitudo
675 511 742 532 vero
759 502 856 532 lucida
871 506 900 532 et
914 501 1055 532 naturalis

233 548 296 578 Filii
315 547 441 587 Spiritus
459 552 514 583 est,
543 547 578 577 ad
595 556 682 586 quem
700 550 728 576 et
744 556 797 576 nos
811 545 988 586 conﬁgurati
1004 555 1056 584 per

231 591 510 628 sanctiﬁcationem,
536 591 571 621 ad
603 591 697 630 ipsam
729 590 782 620 Dei
795 591 917 620 turmam
933 590 1052 621 confor-

232 646 359 668 mamur.
375 635 467 675 quue
482 635 568 665 nobis
583 634 764 675 apostolicus
780 643 880 664 sermo
905 634 1051 665 suadebit.

235 681 349 712 «Filioli
361 681 453 716 enim,
464 679 593 719 dicebat,
606 688 678 719 quos
687 680 794 710 iterum
807 679 949 718 parturio,
960 679 1054 710 donec

231 726 376 756 formetur
387 725 522 756 Christus
548 723 577 754 in
604 723 688 754 nobis
699 724 739 753 Π.
758 736 771 751 »
789 723 943 754 Furmatur
953 728 1051 754 autem

232 780 284 810 per
312 769 466 809 Spiritum.
497 768 706 798 reformanlem
732 777 787 799 nos
811 767 846 799 ad
875 769 968 799 Deum
1001 777 1054 808 per

230 815 372 854 seipsum.
391 812 512 849 Quando
525 812 613 852 igitur
623 812 657 843 ad
676 813 822 844 Christum
834 813 1006 847 formamur.
1025 818 1053 843 et

231 859 296 898 ipse
310 858 339 888 in
357 857 442 888 nobis
458 857 599 896 signatur,
634 861 662 887 et
677 857 821 896 eﬂigialur
836 856 923 894 bene,
942 863 974 887 ut
1000 867 1054 897 per

231 903 359 934 similem
376 902 549 932 naturaliter
562 901 716 941 Spiritum,
735 911 831 932 nonne
841 901 918 932 Deus
928 900 1053 941 Spiritus

231 951 286 985 est,
315 947 365 987 qui
393 950 568 977 transmutat
596 946 632 976 ad
661 948 752 976 Deum
774 955 832 976 non
849 950 984 986 tanquam
1001 955 1055 986 per

231 992 354 1031 gratiam
371 991 521 1028 servilem,
544 990 594 1021 sed
611 990 700 1021 veluti
715 989 820 1021 divinae
835 994 945 1021 nature
961 991 1054 1030 parti-

231 1036 422 1076 cipationem,
452 1035 517 1075 ipse
546 1034 644 1074 dignis
672 1035 797 1071 donans,
829 1034 970 1074 Spiritum
983 1044 1053 1065 vero

231 1080 456 1111 similitudinem
480 1088 578 1110 veram
609 1079 675 1110 Filii
706 1088 772 1110 esse
801 1079 906 1110 discito
934 1078 1052 1109 abeato

229 1125 316 1156 Paulo
332 1125 493 1156 scribente.
523 1124 596 1160 Quia
625 1133 679 1154 nos
703 1123 856 1162 prwnovit,
873 1123 928 1154 hos
943 1123 1053 1164 praede-

230 1169 323 1200 ﬁnivit
335 1169 502 1200 conformes
526 1168 662 1207 imaginis
677 1168 744 1199 Filii
760 1169 836 1208 ejus,
853 1169 906 1198 hos
922 1172 951 1198 et
967 1176 1052 1198 voca-

229 1213 269 1244 vit
287 1223 293 1245 :
311 1214 507 1244 reformamur
522 1213 601 1243 enim
615 1213 649 1243 ad
668 1212 793 1250 efﬁgiem
809 1221 874 1252 qua:
900 1211 935 1242 ad
958 1211 1052 1252 Spiri-

229 1262 288 1288 tum
303 1262 435 1288 sanctum
452 1262 507 1295 est,
527 1257 663 1297 quamvis
677 1257 712 1287 ad
731 1256 823 1287 Deum
839 1265 891 1296 per
906 1257 1006 1293 tidem,
1023 1259 1052 1286 et

229 1302 505 1337 sanctiﬁcationem.
524 1307 552 1332 et
569 1301 772 1332 habitudinem
795 1300 831 1331 ad
848 1300 942 1331 illum.
960 1301 1052 1332 Mani-

229 1347 337 1377 festum
364 1350 474 1383 autem,
507 1346 585 1384 quod
612 1345 685 1385 ejus,
704 1354 770 1385 quae
785 1354 837 1385 per
854 1345 1052 1386 participatio-

229 1400 308 1428 nem,
339 1394 369 1422 et
389 1390 567 1429 adventitize,
594 1390 664 1422 licet
689 1390 797 1421 divinae
813 1394 936 1427 natura},
955 1391 1050 1421 vocati

229 1444 332 1466 sumus
347 1434 434 1466 socii.

1100 234 1174 274 φύσις
1202 234 1278 274 εἴπερ
1299 234 1369 262 ἐστὶν
1392 233 1501 273 ἀληθὲς,
1518 235 1553 266 ὡς
1580 233 1608 260 ἐν
1623 235 1690 270 αὐτῇ
1710 235 1794 269 ζῶμεν
1807 231 1848 258 καὶ
1865 241 1905 258 κι-

1099 279 1211 316 νούμεθα
1224 279 1268 306 καὶ
1288 278 1369 316 ἐσμέν
1384 287 1392 295 ·
1420 277 1462 306 διὰ
1490 277 1517 306 δὲ
1545 281 1594 311 τῆς
1616 281 1662 305 τοῦ
1676 279 1797 316 Σωτῆρος
1811 277 1904 314 φωνῆς,

1100 326 1204 360 Πνεῦμα
1226 323 1302 362 ἆγιον
1323 323 1386 352 αὐτὸ
1414 333 1465 350 που
1501 323 1568 351 κατὰ
1599 323 1630 350 τὸ
1657 321 1753 354 ἀληθὲς
1773 320 1832 351 ταῖς
1859 320 1906 347 τῶν

1098 370 1277 396 πιστευόντων
1305 369 1410 407 ψυχαῖς
1448 366 1672 406 ἑγκατοικίζοντός
1693 375 1722 393 τε
1743 366 1786 393 καὶ
1806 363 1906 395 ίνιέντος

1098 412 1129 439 τὸ
1150 414 1268 451 Πνεῦμα,
1295 406 1395 440 καὶνδῦ
1418 411 1496 440 αὺτοῦ
1516 421 1544 439 τε
1560 411 1603 440 καὶ
1615 410 1642 438 ἐν
1665 410 1736 446 αὒτῷ
1762 406 1906 446 μεταπλάτ-

1096 467 1188 489 τοντος
1210 457 1245 488 εἰς
1261 455 1333 488 εἶδος
1349 457 1379 484 τὸ
1394 455 1420 483 ἒν
1445 457 1556 496 ἀρχαῖς,
1585 455 1719 485 τουτέστιν
1748 454 1783 484 εἱς
1811 452 1905 488 ἑαυτὸν,

1096 501 1156 534 ἡτοι
1177 501 1242 540 πρὸς
1273 499 1338 528 ἰδίαν
1371 500 1511 540 ἐμφέρειαν
1546 499 1578 528 δι’
1614 500 1757 538 ἆγιςισιμοιὶ¹
1786 496 1851 525 οὕτω
1882 506 1906 523 τε

1095 545 1139 572 καὶ
1153 546 1225 582 ἡμᾶς
1245 545 1447 582 ἀνακομίζοντος
1477 545 1514 576 εἰς
1547 545 1579 572 τὸ
1606 547 1656 577 τῆς
1679 543 1777 574 εἰκόνος
1801 541 1906 580 ἀρχέτυ-

1095 600 1156 629 πον,
1178 589 1296 617 τουτέστι
1317 590 1362 618 τὸν
1398 590 1555 629 χαρακτῆρα
1571 592 1615 617 τοῦ
1633 588 1747 626 Πατρὸς.
1777 584 1907 624 Χαρακτὴρ

1094 634 1143 670 μὶν
1166 634 1216 674 γὰρ
1240 633 1362 667 ἀληθινὸς
1389 635 1433 662 καὶ
1454 634 1490 665 εἰς
1525 632 1598 667 λῆξιν
1621 631 1753 672 ἀκριϐείας
1781 633 1828 664 τῆς
1854 629 1907 657 κατ’

1095 678 1234 718 ἐμφέρειαν
1261 678 1408 716 νοουμένης
1436 677 1513 710 αὐτός
1543 679 1614 706 ἔστιν
1643 679 1656 705 ὁ
1697 677 1770 715 Υἱὸς,
1793 674 1906 712 ὁμοίωσις

1093 722 1120 750 δε
1145 723 1291 762 ἀκραιφνής
1318 733 1347 750 τε
1377 723 1422 751 καὶ
1449 723 1546 762 φυσικὴ
1586 725 1633 750 τοῦ
1660 722 1722 749 Υἱοῦ
1755 720 1785 747 τὸ
1812 721 1906 754 Πνεῦμα

1094 767 1160 804 ἐστι,
1185 768 1250 807 πρὸς
1278 767 1293 795 ὃ
1321 768 1364 796 καὶ
1402 767 1485 805 ἡμεῖς
1516 767 1691 806 μορφούμενειι
1725 764 1759 792 δι’
1787 763 1906 807 ἁγιασμώ

1093 812 1158 851 πρὸς
1187 806 1269 845 αὖτὴν
1297 811 1495 849 εἰδοποιούμεθα
1523 811 1572 845 τὴν
1593 813 1659 839 Θεοῦ
1686 809 1801 849 μορφήν.
1830 806 1906 835 Ἀπο-

1094 855 1215 888 στολικὺς
1244 855 1271 884 δὲ
1296 857 1367 894 ἡμᾶς
1394 857 1459 896 πρὸς
1490 855 1561 884 τοῦτ’
1595 855 1729 885 ἀναπείσει
1759 852 1845 892 λόγος.
1861 855 1906 880 Τε-

1094 902 1152 929 κνία
1173 901 1234 940 γὰρ,
1254 900 1378 941 ἔφασκεν,
1407 900 1451 932 οὓς
1472 900 1551 929 πᾶλιν
1574 899 1669 939 ὠδίνω,
1693 899 1773 938 ἀχρις
1795 897 1823 926 οὗ
1847 906 1906 935 μορ-

1095 947 1169 984 φωθῇ
1184 946 1295 984 Χριστὸς
1326 945 1354 972 ἐν
1382 946 1462 982 ἡμῖν.
1490 948 1639 985 Μορφοῦται
1667 943 1694 971 δὲ
1723 942 1767 970 διὰ
1793 941 1905 978 Πνεόμα-

1095 1003 1139 1024 τος
1168 992 1411 1032 ἂναστοιχειοῦντος
1450 993 1521 1029 ἡμᾶς
1557 992 1622 1024 πρὸς
1645 990 1709 1018 Θεδν
1733 988 1770 1017 δι’
1798 988 1905 1016 ἑαυτοῦ·

1094 1036 1138 1064 ὅτε
1165 1036 1250 1065 τοίνυν
1298 1037 1363 1075 πρὸς
1404 1036 1515 1075 Χριστὸν
1551 1035 1730 1074 μορφούμεθα,
1768 1034 1810 1062 καὶ
1839 1032 1908 1075 αὐτὸς

1094 1081 1161 1118 ἡμῖν
1188 1073 1374 1118 ὶνσημαίνεται
1403 1073 1447 1108 καὶ
1485 1073 1656 1108 εἰδοποιεῖται
1683 1078 1784 1115 καλῶς,
1818 1078 1853 1108 ὡς
1879 1073 1908 1103 δι’

1093 1125 1185 1162 ὁμοίου
1211 1125 1325 1164 φυσικῶς
1353 1128 1399 1152 τοῦ
1427 1124 1590 1162 Πνεύματος.
1621 1124 1685 1156 Θεὸς
1701 1123 1751 1163 ἄρα
1767 1123 1796 1150 τὸ
1811 1120 1907 1158 Πνεῦμα

1094 1168 1159 1202 ἐστι,
1177 1169 1207 1197 τὸ
1233 1168 1393 1208 διαμορφοῦν
1421 1169 1487 1207 πρὸς
1513 1169 1589 1207 Θεὸν,
1606 1171 1658 1208 οὐχ
1672 1169 1708 1200 ὡς
1737 1167 1780 1195 διὰ
1804 1166 1907 1206 χάριτος

1091 1214 1265 1253 ὑπωργικῆς,
1307 1212 1367 1241 ἀλλ’
1409 1214 1446 1244 ὡς
1487 1214 1556 1246 θείας
1584 1213 1685 1254 φύσεως
1718 1211 1819 1250 μέθεξιν
1852 1210 1907 1238 «se

1091 1264 1150 1290 τοῖς
1178 1257 1261 1290 ἀξίοις
1291 1257 1452 1297 δωρούμενον
1477 1267 1484 1276 ⁶
1522 1257 1562 1286 ὅτι
1597 1257 1624 1285 δὲ
1653 1257 1781 1294 ὁμοίωσις
1814 1255 1906 1288 ἀληθὴς

1091 1305 1137 1330 τοῦ
1166 1304 1225 1330 Υἱοῦ
1259 1302 1289 1330 τὸ
1312 1305 1416 1339 Πνεῦμα
1438 1302 1505 1340 ἐστι,
1536 1301 1697 1342 γεγραφότος
1726 1301 1828 1337 ἁκούσῃ
1867 1298 1908 1326 τοῦ

1093 1347 1219 1385 μακαρίου
1248 1346 1360 1383 Παύλου,
1390 1346 1430 1375 ὅτι
1447 1356 1454 1363 °
1483 1347 1536 1376 Οὓσ
1564 1346 1685 1386 προέγνω
1713 1346 1759 1374 καὶ
1785 1344 1907 1383 προώρισι

1092 1391 1260 1431 συμμόρφους
1282 1393 1332 1424 τῆς
1361 1391 1461 1422 εἰκόνος
1478 1392 1524 1419 τοῦ
1539 1391 1599 1420 Υἰοῦ
1621 1391 1711 1427 αὐτοῦ,
1737 1400 1843 1420 τουτους
1870 1388 1908 1415 καὶ

1092 1435 1227 1464 ἐκάλεσεν.
1269 1434 1503 1474 Ἀναπλαττόμεθα
1542 1437 1592 1475 γσίρ
1633 1436 1668 1467 εἰς
1693 1434 1842 1471 εἰκονισμὸν
1867 1432 1907 1459 τὸν

228 1480 292 1520 πρός
314 1480 344 1508 τό
361 1483 465 1517 Πνεῦμα
481 1480 510 1508 τό
526 1480 611 1519 ἅγιον,
636 1481 720 1508 καίτοι
736 1480 801 1518 πρός
817 1481 881 1508 Θεόν
903 1479 944 1507 διὰ
969 1481 1081 1512 πίστεως
1098 1480 1142 1508 καὶ
1156 1479 1286 1519 ἀγιασμου
1300 1480 1345 1508 καὶ
1365 1482 1414 1513 τῆς
1441 1480 1505 1519 πρός
1532 1479 1594 1508 αὒτό
1609 1479 1730 1519 σχέσεως
1747 1481 1757 1497 ⁴
1781 1480 1865 1512 Δῆλον
1884 1475 1906 1504 δὲ

227 1525 266 1553 ὅτι
281 1527 330 1559 τῆς
352 1525 419 1553 κατὰ
435 1524 534 1562 μέθεξιν
548 1525 591 1552 καὶ
606 1525 835 1565 εἰσκεκκριμένως,
854 1526 876 1553 εἱ
890 1525 933 1552 καὶ
953 1525 1024 1557 θείας
1040 1526 1142 1564 φύσεως
1164 1524 1338 1562 ὠνομάσμεθα
1360 1525 1492 1556 κοινωνοί,
1517 1535 1533 1555 )

267 1569 441 1600 Theodorus
469 1568 622 1609 presbyter
643 1569 812 1608 Raythenus
839 1568 973 1599 oratione
998 1578 1041 1599 se-

1131 1568 1263 1608 Θεόδωρος
1285 1570 1299 1597 ὁ
1329 1571 1377 1601 τῖις
1409 1565 1512 1598 Ῥαϊθοῠ
1546 1568 1719 1610 πρεσϐύτερος
1746 1569 1774 1597 ἐν
1789 1569 1828 1605 τῷ
1853 1567 1905 1606 περὶ

227 1613 326 1644 cunda
339 1612 377 1643 de
391 1612 661 1652 Incircumscripto,
680 1622 745 1652 quae
768 1612 873 1652 incipit
888 1621 895 1644 :
918 1627 928 1641 ι
942 1612 1048 1644 Omnia

226 1657 314 1688 audet
330 1657 429 1696 lingua
443 1657 558 1687 dolosa.
576 1667 588 1683 ί
605 1657 696 1687 dicit:
710 1668 721 1682 ι
740 1656 969 1688 Consideremus
984 1667 1049 1698 quas

227 1701 265 1732 de
281 1702 341 1732 Deo
356 1710 491 1732 asserere
503 1701 641 1732 audeant.
660 1702 1001 1742 Uperatione,inquiunt,
1018 1703 1048 1733 in

229 1745 369 1776 omnibus
378 1745 457 1776 Deus
470 1745 612 1786 est,nullo
623 1755 692 1776 vero
706 1745 736 1776 in
749 1746 813 1776 loco
821 1746 962 1778 essentia.
976 1747 1048 1778 Cum

228 1799 297 1820 vero
312 1791 514 1830 operationem
530 1790 630 1820 dicant
649 1791 785 1820 etlectum
802 1795 830 1821 et
845 1792 1048 1831 operationem

226 1833 441 1873 egredientem,
453 1834 583 1865 dicerem
600 1844 653 1874 ego
668 1844 685 1865 a
700 1842 804 1866 natura
818 1835 916 1866 divina
927 1836 1048 1876 insepa-

228 1878 318 1908 bilem
330 1878 499 1919 esseipsius
514 1880 728 1920 operationem,
746 1879 794 1910 IEt
805 1884 870 1920 post
881 1881 1022 1911 nonnulla
1038 1890 1045 1912 :

229 1935 243 1950 α
260 1923 332 1954 Cum
344 1931 414 1954 vero
430 1922 530 1954 vivens
557 1923 656 1954 divina
669 1928 773 1955 natura
788 1924 902 1955 divinas
918 1924 1007 1956 habet
1018 1928 1048 1956 et

226 1967 358 1998 actiones
387 1967 498 2008 absque
527 1977 594 1998 vero
626 1969 755 1999 essentia
770 1968 912 2009 possibile
928 1979 988 2000 non
1004 1974 1048 2000 est

225 2011 430 2050 operationem
443 2013 592 2052 progredi,
612 2012 662 2044 ubi
691 2013 824 2053 operatio
840 2018 971 2054 apparet,
989 2023 1048 2045 una

226 2055 314 2086 simul
329 2065 395 2086 cum
405 2065 439 2087 ea
460 2057 603 2097 aspicitur
623 2058 763 2096 essentia,
781 2067 814 2088 ex
824 2068 879 2098 qua
893 2058 1047 2098 progredi-

224 2105 284 2131 tur.
303 2113 315 2129 ι)
332 2101 367 2131 Ει
395 2102 498 2141 paucis
527 2102 635 2133 additis
652 2112 659 2132 :
680 2115 693 2130 α
711 2102 742 2133 Si
770 2103 849 2134 circa
864 2106 955 2134 totum
970 2103 1046 2134 actio

225 2149 302 2185 est,a
313 2155 370 2185 qua
379 2146 507 2178 essentia
517 2147 649 2187 separari
660 2147 773 2187 nequit,
786 2147 866 2178 circa
876 2147 1046 2179 universum

225 2193 254 2220 et
270 2190 359 2220 rebus
375 2190 404 2221 in
421 2190 559 2222 omnibus
583 2195 628 2222 est
642 2191 695 2223 Dei
706 2191 848 2223 essentia.
863 2206 875 2223 ‹
893 2193 930 2223 Ει
944 2192 1047 2232 paucis

1089 1612 1299 1653 ’Λπεριγράπτου
1333 1613 1443 1654 δευτέρῳ
1484 1614 1557 1654 λόγῳ
1594 1615 1683 1652 αὑτοῦ,
1708 1615 1739 1642 οὗ
1767 1614 1784 1648 ἡ
1801 1612 1904 1654 μάρχὴ,

1093 1667 1108 1687 ι
1130 1652 1219 1686 Πάντα
1242 1657 1329 1696 τολμᾶ
1350 1652 1458 1698 γλῶσσα
1480 1652 1564 1690 δολία.
1590 1668 1605 1689 ι
1637 1659 1716 1699 φησίν
1735 1667 1743 1674 ⁸
1763 1667 1775 1684 ε
1800 1652 1908 1695 ’Ἱδωμεν

1091 1702 1138 1730 οἷα
1159 1702 1246 1742 λέγειν
1273 1703 1332 1743 περὶ
1361 1706 1426 1731 Θεοῦ
1453 1703 1606 1743 ἀνέχονται,
1628 1706 1668 1741 Τῇ
1682 1703 1811 1743 ἐνεργείᾳ1
1826 1703 1908 1742 φασὶν,

1091 1747 1119 1774 ἐν
1143 1750 1223 1775 πᾶσιν
1245 1747 1315 1776 ἐστιν
1344 1749 1358 1776 ὁ
1379 1748 1456 1787 Θεὸς,
1483 1751 1517 1786 τῇ
1545 1748 1617 1784 οὐσίᾳ
1642 1746 1669 1775 δὲ
1691 1746 1818 1786 οὐδαμοῦ,
1840 1745 1908 1784 ἆνέρ-

1090 1802 1165 1830 γειαν
1196 1790 1318 1831 λέγοντες
1353 1792 1384 1820 τὸ
1405 1793 1501 1832 προϊὸί
1527 1792 1557 1821 ἐκ
1584 1795 1633 1827 τῆς
1654 1792 1786 1832 ἐνεργείας
1814 1790 1908 1820 ἀποτέ-

1090 1835 1185 1874 λεσμα.
1215 1837 1301 1870 Φαίην
1330 1835 1352 1864 δ’
1385 1836 1416 1864 ἂν
1451 1836 1536 1876 ἔγωγε
1571 1839 1621 1871 τῆς
1651 1840 1697 1865 τοῦ
1722 1840 1790 1866 Θεοῦ
1813 1836 1907 1876 φύσεως

1089 1880 1240 1920 ἀχώριστον
1268 1881 1410 1915 εἶναιτὴν
1448 1881 1580 1921 ἴνεργειαν
1611 1881 1701 1912 αὐτοῦ.
1719 1890 1734 1908 ι
1768 1880 1819 1910 Καί
1848 1879 1908 1918 μετά

1088 1936 1147 1953 τινα
1164 1934 1172 1942 ·
1191 1937 1205 1953 ι
1223 1924 1332 1960 Ἐπειδὴ
1350 1924 1378 1954 δὲ
1393 1926 1464 1961 ζῶσα
1486 1927 1503 1960 ἡ
1533 1926 1588 1954 θεία
1608 1927 1696 1966 φύσις,
1711 1927 1800 1962 ζώσας
1815 1924 1908 1966 ἔχουσα

1088 1970 1132 1997 καὶ
1159 1970 1207 2002 τὰς
1234 1969 1375 2010 ἐνεργείας,
1405 1971 1487 2010 χωρὶς
1514 1970 1542 1998 δὲ
1556 1972 1646 2002 οὐσίας
1660 1970 1788 1999 ὰδυνατον
1817 1967 1908 2009 προελ-

1088 2015 1144 2042 θεῖν
1173 2013 1315 2054 ἐνέργειαν,
1344 2015 1404 2043 ἔνθα
1432 2014 1463 2043 ἂν
1491 2017 1506 2050 ἡ
1539 2015 1655 2055 ἐνέργεια
1683 2018 1766 2055 φανῇ,
1796 2015 1907 2044 συνθεω-

1089 2065 1174 2096 ρεϊται
1195 2060 1277 2098 ταύτῃ
1306 2061 1350 2088 καὶ
1382 2061 1399 2094 ἡ
1422 2061 1496 2089 οὖσία
1522 2059 1549 2093 EE
1570 2061 1604 2094 ἧς
1631 2060 1803 2100 προέρχεται.
1821 2069 1832 2086 I
1864 2059 1908 2088 Καὶ

1090 2103 1157 2140 μετά
1171 2114 1229 2132 τινα
1253 2112 1259 2119 ·
1279 2115 1292 2131 ι
1325 2105 1353 2133 Εἰ
1380 2105 1438 2145 περὶ
1459 2105 1490 2133 τὸ
1518 2108 1571 2133 πᾶν
1592 2104 1691 2139 ἐστινὴ
1706 2104 1835 2144 ἐνέργεια,
1851 2103 1907 2131 ταύ-

1088 2158 1137 2181 της
1159 2147 1187 2175 aa
1211 2148 1362 2188 ἀχώριστος
1394 2151 1411 2184 ἡ
1434 2149 1507 2178 οὒσία
1529 2149 1685 2187 καθέστηκε,
1716 2150 1776 2188 περὶ
1803 2150 1833 2177 τὸ
1859 2150 1908 2176 πᾶν

1087 2193 1132 2220 καὶ
1157 2193 1186 2220 ἒν
1213 2197 1251 2230 τῷ
1279 2194 1358 2222 παντί
1385 2194 1456 2222 ἐστιν
1490 2195 1507 2228 ἡ
1535 2199 1582 2223 τοῦ
1617 2196 1683 2223 Θεοῦ
1711 2195 1798 2225 οὐσία.
1817 2205 1830 2221 ι
1863 2193 1907 2221 Καὶ

223 2235 348 2266 annexis
365 2245 371 2265 :
391 2246 402 2264 σ
422 2237 524 2276 Itaque
542 2245 601 2266 non
616 2236 732 2267 actione
746 2236 842 2267 solum
857 2245 987 2277 praesens

1131 2237 1158 2265 τά
1178 2248 1237 2266 τινα
1253 2245 1261 2253 ⁸
1292 2252 1303 2267 ι
1320 2239 1418 2267 Οὐκοῦν
1445 2241 1475 2269 οὐ
1503 2239 1584 2278 μόνον
1611 2242 1645 2277 τῇ
1670 2238 1789 2279 ὶνέργειᾳ
1803 2238 1905 2278 πάρεστι

223 2279 362 2311 omnibus
377 2281 456 2311 Deus
473 2280 524 2311 sed
540 2280 669 2312 essentia
684 2290 801 2322 quoque
818 2290 825 2312 2
839 2285 990 2312 ostensum
1010 2281 1048 2312 si-

223 2324 343 2364 quidem
360 2324 471 2365 absque
497 2326 628 2356 essentia
651 2326 798 2357 actionem
815 2335 873 2356 non
889 2335 965 2357 esse.
984 2338 994 2353 ι
1013 2326 1048 2357 Ει

223 2373 290 2408 post
303 2377 395 2409 pauca
409 2379 415 2401 :
430 2382 441 2397 ο
456 2369 609 2406 Quomodo
621 2370 721 2411 itaque
735 2370 812 2410 quod
825 2369 935 2402 dicitur
943 2380 1045 2401 verum

223 2413 323 2451 fuerit,
341 2412 482 2453 Spiritum
500 2423 609 2455 nempe
624 2415 741 2446 Domini
753 2415 916 2455 replevisse
943 2415 1046 2446 orbem

224 2461 368 2488 terrarum
380 2457 393 2488 Ὺ
406 2458 544 2489 Essentia
553 2459 631 2490 Deus
645 2469 712 2490 cum
723 2459 874 2496 sit,omnia
885 2469 951 2500 quae
963 2465 1044 2496 sunt.

223 2501 322 2532 divino
335 2503 464 2533 essentia
474 2504 642 2544 replevit,et
652 2504 742 2536 rebus
755 2504 786 2535 in
800 2504 939 2536 omnibus
956 2509 1009 2537 cst.
1029 2517 1042 2534 in

223 2546 259 2576 Et
272 2546 423 2577 nonnullis
448 2547 612 2587 interjectis
626 2560 633 2578 :
649 2560 659 2574 ι
672 2549 757 2580 Actio
769 2549 834 2580 sine
845 2549 972 2581 essentia
986 2559 1045 2581 non

225 2591 423 2634 progreditur,
441 2596 471 2622 et
487 2592 516 2622 in
532 2593 670 2624 omnibus
685 2600 730 2624 est
747 2603 753 2625 :
771 2594 902 2626 essentia
918 2594 1005 2634 igitur
1015 2594 1045 2625 in

221 2633 361 2666 omnibus
377 2639 432 2673 est,
451 2636 493 2667 uti
510 2637 654 2678 propheta
669 2638 760 2670 dixit:
776 2649 787 2664 ε
808 2639 914 2670 Nonne
932 2633 1045 2671 coelum

222 2684 252 2710 et
265 2683 373 2711 terram
388 2689 443 2721 ego
458 2680 580 2723 impleo,
596 2683 670 2714 dicit
684 2683 827 2714 Dominus
841 2684 882 2715 48.
901 2696 911 2711 ι

259 2764 291 2790 47
301 2764 364 2796 Gal.
379 2773 420 2805 Iv,
440 2766 486 2798 19.
505 2767 536 2792 48
549 2766 659 2800 Jerem.
680 2776 761 2808 χχιιι,
780 2768 831 2801 24.

1089 2288 1146 2315 τοῖς
1174 2283 1230 2310 οὖσι
1252 2284 1330 2320 Θοὸς,
1359 2283 1428 2312 ἀλλὰ
1457 2285 1501 2312 καὶ
1527 2286 1561 2322 τῇ
1588 2283 1662 2320 οὐσίᾳ
1681 2293 1689 2301 ”
1706 2283 1834 2312 δέδεικται
1861 2282 1907 2321 γὰρ

1088 2325 1128 2354 ὅτι
1157 2327 1241 2367 χωρὶς
1270 2328 1358 2360 οὗσίας
1387 2330 1434 2358 οὐκ
1473 2328 1543 2356 ἔστιν
1580 2328 1709 2368 ἐνέργεια,
1727 2336 1740 2354 ι
1767 2328 1817 2357 Καὶ
1844 2326 1908 2365 μετά

1087 2381 1145 2399 τινα
1161 2379 1168 2386 ⁸
1202 2383 1216 2399 ¢
1234 2375 1294 2404 Πῶς
1316 2372 1361 2401 οὖν
1389 2373 1464 2401 ἔσται
1499 2374 1529 2401 τὸ
1564 2372 1707 2412 λεγόμενον
1737 2372 1846 2409 ἄληθες,
1869 2371 1907 2399 ὅτι

1088 2416 1193 2454 Πνεῦμα
1222 2417 1315 2457 Κυρίου
1343 2417 1503 2456 πεπλήρωκε
1541 2417 1590 2452 τὴν
1625 2417 1808 2455 οἶκουμένηνς
1831 2416 1907 2445 Οὒσία

1087 2462 1101 2489 ὁ
1116 2461 1181 2494 Θεὸς
1199 2461 1247 2499 ὢν,
1277 2462 1363 2491 πάντα
1383 2463 1416 2490 τὰ
1437 2461 1500 2490 ὅντα
1520 2462 1568 2497 τῆς
1598 2463 1667 2494 θείας
1691 2462 1778 2495 οὐσίας
1800 2461 1905 2496 πεπλή-

1087 2516 1167 2543 ρωκε,
1183 2507 1227 2534 καὶ
1242 2506 1268 2534 ἕν
1283 2510 1346 2535 πᾶσι
1377 2514 1435 2539 τοῖς
1464 2509 1536 2537 οὖσιν
1564 2507 1631 2538 ἐστι,
1650 2518 1663 2536 ι
1686 2509 1736 2535 Καὶ
1750 2507 1818 2545 μετά
1838 2514 1905 2534 τινα·

1129 2546 1160 2579 Ἠ
1188 2549 1216 2579 δὲ
1236 2551 1353 2591 ἐνέργεια
1381 2553 1466 2592 χωρὶς
1494 2551 1582 2584 οὗσίις
1617 2554 1646 2581 οὗ
1676 2551 1794 2592 πρόεισι,
1817 2551 1860 2580 καὶ
1880 2550 1906 2578 ἐν

1087 2598 1166 2624 πᾶσιν
1191 2597 1272 2627 ἑστιν,
1305 2593 1336 2625 Ἠ
1365 2597 1439 2626 οὐσία
1473 2595 1522 2637 ἄρα
1544 2596 1570 2624 ἐν
1599 2600 1678 2626 πᾶσιν
1699 2597 1754 2626 ἐστι
1782 2596 1850 2626 κατᾶ
1877 2597 1906 2624 τὸ

1086 2638 1129 2668 διὰ
1156 2643 1203 2669 τοῦ
1228 2642 1363 2681 προφήτου
1390 2640 1533 2681 λεγόμενον
1550 2649 1557 2656 ⁸
1590 2650 1602 2666 I
1618 2642 1663 2676 Μὴ
1684 2641 1746 2682 ουχὶ
1766 2641 1812 2669 τὸν
1827 2643 1906 2681 οὖρα-

1088 2685 1131 2713 νδν
1143 2685 1188 2714 καὶ
1200 2688 1250 2719 τῆν
1271 2689 1322 2726 γῆν
1344 2685 1397 2726 ἐγὼ
1416 2685 1512 2726 πληρῶ
1527 2695 1535 2726 ;
1551 2686 1622 2726 λέγει
1639 2687 1745 2728 Κύριος.
1768 2699 1780 2715 Ι
