1962 3072
40 156 91 187 685

752 152 990 184 EPIGRAPHAS.

1658 155 1718 187 686

40 219 277 262 προσδιασαφηνίὶω
306 219 353 251 τὴν
384 218 495 255 ἔννοιαν,
526 220 568 246 καὶ
603 219 694 257 ἐπάγω
709 219 756 252 τὴν
785 230 812 257 μι

931 222 990 249 tum
1003 222 1122 249 vocatur
1137 219 1264 259 Spiritus
1279 221 1451 252 sanctitatis:
1465 223 1521 253 hoc
1537 226 1583 252 est
1600 231 1716 253 munus.

40 267 128 306 τυρίαν.
164 263 288 292 Ἐπειδὰν
325 263 470 302 χαρίσηται
505 263 536 290 τὸ
578 266 682 301 Πνεῦμα
718 264 748 291 τὸ
782 263 856 302 ἅγιον

40 313 126 351 εὖχιιῖς
141 312 191 338 τῶν
207 308 301 347 ἁγίων,
316 307 334 341 ἢ
349 307 419 345 ἐμοὶ,
445 306 462 340 ἤ
489 307 569 346 ἑτέρῳ
599 311 748 347 Χριστιανῷ
776 308 855 346 ἁγια-

41 357 114 395 σμὸν,
134 355 175 382 καὶ
212 351 285 381 λάϐω
306 351 400 391 δῶρον,
423 351 491 380 ὥστε
514 352 589 391 ἅγιον
625 351 698 392 ἔχειν
727 353 758 380 τὸ
780 355 856 390 σῶμα

40 401 79 428 καὶ
111 401 156 432 τὴν
191 397 296 436 ψυχὴν,
327 397 344 431 ἡ
368 395 491 436 ’δωρεὰῆ
521 395 626 425 δοθεῖσά
653 408 697 434 μοι
733 396 855 427 καλεῖται

40 447 134 481 πνεῦμα
160 441 321 481 ἆγιωτύνης,
351 441 468 470 τουτέστι
496 439 628 480 χάρισμα,
658 439 721 470 Ἐὰν
750 440 787 478 δῷ
826 442 855 468 τὸ

41 493 137 526 Πνεῦμα
157 488 187 514 τὸ
208 486 283 525 ἅγιον
297 484 397 524 δωρεάν
426 496 477 513 τινι
507 485 544 523 μὴ
573 484 666 525 ἔχοντι
690 485 792 525 σοφίαν,
817 485 855 523 μή

40 534 124 573 ἔχοντι
158 534 265 571 γνῶσιν,
295 529 363 558 ἆλλᾶ
397 529 434 566 aq»
468 529 539 567 αῦτῷ
571 530 656 567 μόνην
679 530 775 567 πίστιν,
805 533 856 561 οἶοί

40 579 84 606 εἰσι
110 575 200 604 πολλοὶ
228 574 349 614 χάρισμα
371 574 480 614 ἔχοντες
507 576 567 606 τοῖς
589 575 739 603 πιστεύουσι
775 574 854 612 μόνον

39 631 96 656 ταῖς
129 626 255 662 Γραφατς,
286 623 331 650 οὐκ
367 620 463 652 εἰδότες
497 620 544 652 τὰς
580 621 696 660 Γρχφὲις,
728 623 772 649 καὶ
793 628 854 652 ταῖς

40 672 147 709 Γραφιιῖς
195 666 372 702 πιστεύοντες,
415 664 537 693 καλεῖται
585 663 668 705 δωρεὰ
710 665 767 694 ἐκεῖ
811 666 854 693 καὶ

86 708 100 722 ..⁷
185 711 190 722 ι
319 709 325 720 ι
358 710 364 718 ι
483 709 491 715 ε
508 709 514 719 1
587 708 598 719 κ
655 710 661 718 ε
737 711 744 718 ι
777 708 800 719 -υ

39 724 134 751 πνευμα
162 721 288 747 πιστεως,
329 714 380 739 Εαν
408 720 448 741 τις
482 708 553 748 Λαϐῃ
584 716 668 748 οωρεα
703 721 746 738 και
775 720 853 737 ουνα-

38 771 81 797 μιν
110 757 177 797 παρὰ
203 760 249 784 τοῦ
271 755 344 794 ἁγίου
371 755 522 792 Πνεύματος
551 756 684 782 πιστεύειν
712 758 746 793 τῇ
766 755 854 793 ἐπαγ-

36 803 107 843 γελίᾳ
126 806 177 830 τῶν
191 800 334 838 διδομένων
362 799 467 838 ἀγαθῶν
498 799 526 827 ἒν
553 802 591 835 τῷ
623 799 758 837 μέλλοντι,
777 798 853 827 ἔλαϐε

32 842 128 886 πνεῦμα
163 845 334 885 ἐπαγγελίας,
378 844 441 872 Ἐὰν
470 855 510 876 τις
538 842 607 882 λάϐῃ
643 845 734 884 σοφίας
759 844 852 884 δῶρον,

32 893 148 922 καλεῖται
162 893 178 926 ἡ
201 890 285 930 δωρεὰ
298 893 401 927 πνεῦμα
423 889 526 929 σοφίας,
545 890 590 917 καὶ
619 889 704 917 πάντά
730 890 763 916 τὰ
773 889 854 928 χαρί-

898 262 929 294 Si
940 263 1056 294 dederit
1070 262 1198 303 Spiritus
1224 268 1344 295 sanctus
1370 266 1497 305 cuipiam
1525 265 1635 297 donum
1659 276 1718 297 non

897 307 1017 338 habenti
1039 307 1227 348 sapientiam,
1252 318 1310 339 non
1331 309 1451 341 habenti
1480 310 1716 350 intelligentiam,

898 352 950 383 sed
963 352 1012 383 dat
1021 351 1063 383 illi
1075 352 1168 383 solam
1181 352 1388 394 ﬁdem,quales
1399 359 1467 386 sunt
1477 355 1561 386 multi
1576 354 1719 387 habentes

897 397 1018 432 donum,
1035 401 1067 427 ut
1081 397 1203 428 credant
1234 398 1330 429 solum
1363 399 1525 440 Scripturis
1549 399 1720 439 ignorantes

897 441 1077 482 Scripturas,
1091 446 1119 472 et
1134 441 1294 482 Scripturis
1319 444 1486 479 credentes.
1518 444 1590 475 illud
1607 445 1717 476 donum

898 490 1028 524 vocatur,
1050 486 1218 524 etSpiritus
1228 487 1306 519 ﬁdei.
1323 488 1353 519 Si
1369 489 1434 529 quis
1457 488 1583 529 accipiat
1608 489 1719 520 donum

898 534 926 562 et
941 531 1077 561 virtutem
1090 540 1107 561 a
1121 530 1230 571 Spiritu
1245 536 1394 569 sancto,ut
1407 533 1511 564 credat
1527 533 1718 573 promissioni

897 576 1055 613 bonorum,
1073 586 1137 616 quze
1148 577 1257 607 dantur
1271 577 1301 607 in
1316 577 1414 609 futuro
1429 579 1548 616 saeculo,
1566 578 1616 609 ille
1627 578 1718 618 Spiri-

896 624 956 651 tum
973 620 1180 661 promissionis
1190 621 1351 662 accepit.Si
1366 623 1433 662 qnis
1445 622 1553 662 accipit
1566 622 1720 662 sapientiae

896 665 1132 703 donum,donum
1148 665 1222 696 illud
1245 671 1365 697 vocatur
1380 667 1507 707 Spiritus
1520 666 1719 707 sapientiae,et

896 710 995 740 omnia
1010 710 1088 741 dona
1103 710 1229 749 Spiritus
1245 711 1338 742 sancti
1355 715 1563 752 nuncupantur
1577 711 1716 752 Spiritus.

895 755 933 786 Et
945 755 1076 786 atttende
1091 755 1336 796 diligenter,quia
1351 756 1413 787 haec
1429 756 1516 787 modo
1529 756 1721 796 tibispecula—

897 799 954 830 tivo
970 798 1296 835 declaramus.Quando
1312 800 1378 841 quis
1393 800 1482 832 habet
1498 800 1609 831 donum
1621 800 1720 831 chari-

897 844 975 881 tatis,
991 844 1101 875 dicitur
1129 844 1240 876 habere
1255 845 1394 885 spiritum
1411 845 1572 877 charitatis.
1597 845 1720 882 Quando

897 888 963 929 quis
974 888 1125 929 acceperit
1139 889 1250 920 donum
1264 890 1522 930 martyrii.dicitur
1532 890 1644 921 habere
1659 891 1719 922 vir-

34 949 118 975 σματα
137 941 184 966 τοῦ
201 935 351 972 Πνεύματος
379 933 501 962 καλεῖται
523 938 636 970 πνεῦμα.
661 934 710 962 Καὶ
738 934 812 966 πρόσε

931 933 967 965 tis
983 927 1133 974 spiritum,
1144 933 1200 964 hoc
1215 938 1259 964 est
1269 927 1392 975 donum,
1405 934 1483 975 quod
1495 934 1580 965 datus
1591 933 1720 975 Spiritus

33 983 112 1010 τύπον
125 980 361 1021 ὃιασαφηνιζόντων
390 979 466 1016 ἡμῶν
496 978 525 1006 ἐκ
548 977 644 1017 μέρους
662 978 709 1010 τὰς
731 979 812 1017 θεωρίε

931 982 1014 1009 nctus
1029 978 1205 1018 appellatur,
1222 982 1251 1010 et
1266 978 1376 1009 donum
1393 979 1498 1010 eodem
1515 978 1636 1010 nomine
1662 989 1720 1020 quo

37 1023 121 1056 ’Ὁταν
135 1037 174 1058 τις
193 1026 246 1065 ἔχῃ
263 1024 415 1063 χαρίσματα
430 1022 549 1062 ἀγάπης,
577 1022 681 1062 λέγεται
697 1022 736 1050 ὅτι
751 1025 812 1051 ττνεύ

934 1022 985 1063 qui
998 1022 1099 1053 donat.
1115 1033 1126 1049 ι
1145 1022 1182 1053 Et
1199 1023 1300 1063 paucis
1313 1023 1478 1063 interjectis
1492 1033 1499 1054 :
1514 1037 1529 1054 ς(
1544 1023 1586 1054 Ita
1602 1028 1631 1054 et
1647 1023 1719 1055 bea—

34 1072 136 1110 ἀγάπης
164 1069 234 1110 ἕχει,
259 1065 347 1097 ¹Ὀταν
376 1066 445 1105 λάϐῃ
479 1078 518 1099 τις
569 1067 721 1107 χαρίσματα
750 1078 812 1105 μαρπ

931 1076 941 1097 s
967 1066 1077 1098 Isaias:
1098 1082 1109 1097 ι
1126 1066 1312 1107 Egredietur,
1343 1069 1449 1109 inquit,
1467 1068 1504 1099 de
1519 1068 1620 1099 radice
1634 1067 1719 1100 Jesse

34 1117 99 1155 ρίου,
114 1114 216 1154 λέγεται
238 1117 340 1152 πνεῦμα
366 1111 500 1150 δυνάμεως
529 1111 615 1151 ἔχειν.
645 1111 763 1140 τουτέστι
793 1123 812 1151 χ

931 1112 1078 1151 'ga,ettlos
1087 1121 1120 1142 ex
1133 1121 1167 1142 ea
1175 1112 1360 1150 ascendet,et
1370 1113 1539 1153 requiescet
1550 1122 1640 1153 super
1649 1122 1717 1143 eum

32 1171 122 1200 ρισμα,
159 1158 267 1192 Ἐπειδὴ
294 1168 344 1197 περ
373 1157 402 1185 τὸ
437 1155 598 1195 δωρούμενον
631 1157 661 1184 τὸ
688 1159 793 1193 Πνεῦμα

931 1155 1016 1187 iritus
1031 1156 1210 1188 Dei55.»Hic
1224 1160 1269 1187 est
1284 1166 1392 1188 nomen
1408 1157 1504 1197 ipsius
1519 1161 1631 1188 natura:
1646 1157 1717 1197 Spi—

31 1205 105 1244 ἅγιόν
140 1204 206 1240 ἐστι,
233 1202 356 1231 καλεῖται
391 1201 435 1229 καὶ
471 1201 502 1229 τὸ
547 1199 710 1240 δωρούμενον
746 1203 812 1228 Πνεῦ

932 1210 976 1238 us,
997 1201 1139 1241 deinceps
1150 1207 1315 1242 sequuntur
1323 1201 1418 1233 dona:
1431 1202 1559 1242 Spiritus
1569 1202 1722 1241 sapientiae

31 1250 116 1288 ἅγιον,
137 1252 260 1276 καλεῖται
293 1247 337 1275 καὶ
365 1246 395 1274 τὸ
420 1244 501 1284 δῶρον
536 1245 682 1283 ὁμωνύμως
710 1248 748 1282 τῷ
769 1256 812 1284 χαι

939 1245 1249 1287 intellectus,Spiritus
1265 1245 1382 1277 consilii
1398 1250 1427 1277 et
1441 1246 1634 1284 fortitudinis,
1651 1247 1721 1287 Spi—

29 1299 108 1330 ζοντι,
127 1304 138 1318 I
171 1293 219 1321 Καὶ
253 1290 311 1329 μετ’
349 1290 425 1330 ὀλίγα
441 1300 449 1307 ⁸
476 1301 488 1317 α
512 1289 587 1318 Οὕτω
612 1290 656 1317 καὶ
685 1289 699 1317 6'
730 1290 812 1328 μακάρ

931 1294 973 1321 tus
989 1290 1310 1330 cognitionis,Spiritus
1322 1290 1449 1331 pietatis,
1462 1291 1590 1331 Spiritus
1606 1291 1721 1322 timoris

32 1335 155 1372 Ἠσαίας,
195 1348 205 1363 ι
224 1335 414 1373 Ἐξελεύσεται,
434 1348 447 1364 ι
485 1335 575 1374 φησὶν,
605 1347 618 1364 (
635 1333 728 1373 ῥάϐδος
749 1333 780 1362 ἐκ
807 1345 812 1351 ι

931 1334 962 1374 3i,
982 1345 994 1361 ι
1012 1335 1049 1366 Ει
1064 1339 1129 1375 post
1141 1344 1234 1375 pauca
1251 1343 1257 1365 2
1280 1347 1290 1362 α
1307 1335 1429 1376 Accepit
1449 1335 1560 1367 docens
1575 1335 1719 1376 Spiritum

31 1383 103 1423 ρίξης
151 1381 258 1418 Ἰεσσαὶ,
306 1381 350 1409 καὶ
385 1378 461 1411 ἄνθος
498 1378 523 1412 ἐξ
565 1379 647 1412 αὑτῆς
683 1377 812 1413 ἀναϐήσετ

932 1379 1061 1420 pientiae,
1079 1384 1108 1410 et
1123 1379 1281 1410 addiscens
1297 1379 1439 1420 Spiritum
1455 1379 1671 1418 intelligentia,
1688 1385 1721 1410 ut

29 1429 75 1456 καὶ
114 1426 325 1456 ἐπαναπαύσεται
370 1424 411 1452 ἐπ’
460 1425 537 1454 αὐτὸν
573 1423 674 1460 πνεῦμά
696 1426 741 1451 τοῦ
777 1427 810 1451 Θε

931 1423 1217 1464 telligatPropterea
1231 1424 1320 1454 Isaias
1334 1423 1509 1464 sapientiam
1524 1423 1668 1455 adscribit
1679 1424 1722 1455 di-

28 1468 92 1500 Ὠδε
119 1473 151 1500 τὸ
175 1470 259 1508 ὄνομα
288 1472 337 1503 τῆς
365 1469 467 1508 φύσεως
503 1469 582 1497 αὐτοῦ
615 1471 661 1496 τοῦ
689 1467 810 1506 Πνεύματ

933 1468 1185 1506 nti,Intellectum
1214 1468 1358 1499 audienti.
1379 1468 1414 1499 Et
1437 1468 1534 1508 inquit
1553 1468 1718 1507 sapientem

27 1516 122 1545 λοιπὸν
149 1515 176 1544 δὲ
204 1515 238 1543 τὰ
261 1515 424 1555 χαρίσματα,
454 1516 557 1550 πνεῦμα
586 1513 677 1553 σοφίας
711 1513 754 1540 καὶ
776 1523 812 1540 συ-

931 1513 1102 1550 chitectum,
1121 1517 1151 1544 et
1173 1513 1388 1552 intelligentem
1401 1512 1580 1543 auditorem.
1594 1511 1720 1552 Spiritus

26 1572 109 1599 σεως,
125 1561 227 1597 πνεῦμα
257 1559 356 1598 βουλῆς
384 1559 428 1586 καὶ
455 1557 560 1598 ἰσχύος,
584 1557 686 1595 πνεῦμα
716 1557 852 1596 γνώσεως,

26 1610 131 1644 πνεῦμα
159 1603 300 1644 εὔσεϐείας,
336 1606 439 1641 πνεῦμα
467 1602 547 1643 φόϐου
576 1606 653 1633 Θεοῦ.
673 1613 684 1629 ι
727 1602 775 1631 Καὶ
796 1604 854 1639 μετ’

25 1652 105 1690 ὀλίγα
123 1659 130 1665 ·
152 1662 166 1677 α
184 1644 303 1678 ιἘλαϐεν
319 1649 332 1676 6
356 1646 485 1676 διδάσκων
514 1650 616 1685 πνεῦμα
631 1647 736 1686 σοφίας,
754 1648 767 1674 6
782 1645 855 1674 δίδα-

24 1697 156 1733 σκόμενος
185 1698 289 1732 πνεῦμα
317 1693 456 1731 συνέσεως,
484 1692 530 1721 ἵνα
571 1695 648 1732 συνῇ,
665 1702 676 1717 ι
703 1692 752 1720 Διὰ
779 1696 856 1721 τοῦτο

25 1739 145 1772 Ἠσαίας
181 1740 228 1773 τὴν
264 1739 356 1778 σοφίαν
391 1737 530 1777 ὲπιγραφει
571 1740 610 1774 τῷ
644 1736 758 1777 λέγοντι,
802 1737 854 1771 Τὴν

22 1788 128 1815 σύνεσιν
166 1786 204 1821 τῷ
238 1783 372 1823 ἀκούοντι,
402 1783 445 1810 καὶ
466 1793 531 1822 φησι
552 1783 631 1822 σοφὸν
667 1781 853 1822 ἀρχιτέκτονα,

23 1832 68 1860 καὶ
94 1831 202 1860 συνετὸν
231 1828 377 1868 ἀκροατήν.
417 1827 523 1865 Πνεῦμα
568 1825 666 1865 βουλῆς
710 1825 781 1855 δίδοα
816 1829 854 1863 τῷ

20 1873 247 1915 γνωμοδοτοῦντι,
282 1872 385 1910 πνεῦμα
419 1872 511 1912 ἰσχύος
533 1875 571 1907 τῷ
599 1871 648 1905 τὴν
676 1871 786 1910 γνώμην
807 1869 852 1899 δε-

20 1914 148 1961 χομένῳ.
171 1928 187 1948 »
211 1918 261 1947 Καὶ
277 1917 345 1955 μετά
365 1928 423 1946 τινα
445 1916 492 1950 τῆς
509 1915 657 1956 περικοπῆς
674 1923 680 1931 ⁸
702 1927 714 1943 ιι
733 1914 852 1944 Ἐπανα-

896 1557 1011 1588 consilii
1027 1557 1114 1588 datur
1128 1557 1440 1597 consiliario,Spiritus
1455 1556 1638 1588 fortitudinis
1653 1566 1722 1588 con-

897 1602 996 1633 silium
1012 1601 1182 1642 accipienti.
1195 1601 1246 1632 «Et
1256 1607 1323 1642 post
1333 1601 1390 1632 alia
1405 1601 1548 1632 nonnulla
1564 1611 1571 1631 :
1589 1601 1720 1642 «Repeto

898 1647 987 1686 igitur
1002 1646 1290 1678 nominainetl‘abilis
1304 1651 1427 1684 naturae,
1444 1646 1574 1686 Spiritus
1588 1646 1722 1686 Dei,Spi-

896 1691 970 1722 ritus
986 1692 1036 1732 qui
1047 1701 1083 1722 ex
1103 1691 1307 1731 Deo,Spiritus
1318 1690 1448 1732 Domini,
1465 1690 1591 1731 Spiritus
1608 1691 1715 1728 Patris,

897 1735 1024 1777 Spiritus
1038 1736 1116 1775 Filii,
1133 1736 1265 1777 Spiritus
1280 1735 1534 1777 Clirisli,Spiritus
1542 1735 1592 1776 qui
1606 1735 1718 1767 excita—

895 1781 936 1812 vit
950 1781 1242 1822 Christum,Spiritus
1253 1781 1464 1820 vitae,Spiritus
1478 1780 1718 1812 veritatis.Dein-

895 1825 1418 1866 dedona,Spiritusvirtutis,Spiritus
1425 1823 1721 1865 charitatis,Spiritus

895 1871 1240 1911 temperantiae,Spiritus
1256 1870 1476 1910 promissionis,
1494 1869 1622 1910 Spiritus
1638 1869 1719 1907 ﬁdei,

895 1914 1023 1955 Spiritus
1033 1914 1367 1955 revelationis,Spiritus
1383 1914 1551 1955 adoptionis
1559 1914 1718 1945 ﬁliorum.»

18 1959 154 2002 λαμϐάνω
168 1964 253 1992 τοίνυν
268 1962 301 1990 τὰ
322 1961 438 2000 ὀνόμανα
461 1962 511 1995 τῆς
526 1961 659 2001 ἆφραστου
674 1961 788 2000 φύσεως,
805 1963 911 1998 Πνεῦμα
925 1963 1001 1996 Θεοῦ,
1018 1963 1120 1998 πνεῦμα
1135 1960 1164 1988 τό
1179 1960 1209 1988 ἐκ
1223 1964 1269 1989 τοῦ
1289 1963 1365 1997 Θεοῦ,
1382 1963 1485 1997 πνεῦμα
1499 1959 1601 1999 Κυρίον,
1617 1962 1721 1997 πνεῦμα

19 2010 138 2049 Πατρὸς,
162 2012 265 2045 πνεῦμα
279 2007 353 2043 Υἱοῦ,
369 2008 471 2044 πνεῦμα
487 2009 608 2046 Χριστοῦ,
625 2009 727 2043 πνεῦμα
742 2008 786 2033 τοῦ
815 2004 962 2044 ἐγείραντος
984 2005 1028 2032 τὸν
1055 2005 1178 2044 Χριστὸν,
1209 2007 1313 2042 πνεῦμα
1345 2004 1426 2041 ζωῆς,
1453 2007 1556 2041 πνεῦμα
1584 2002 1720 2037 ἀληθείας.

19 2046 122 2082 Λοιπὸν
138 2053 172 2080 τὰ
186 2052 352 2092 χαρίσματα,
368 2054 471 2089 πνεῦμα
485 2049 630 2088 δυνάμεως,
668 2053 770 2087 πνεῦμα
784 2048 903 2088 ἀγάπης,
933 2051 1036 2087 πνεῦμα
1064 2052 1258 2088 σωφρονισμοῦ,
1288 2049 1392 2086 πνεῦμα
1418 2047 1591 2088 ἐπαγγελίας,
1618 2046 1720 2086 πνεῦμα

17 2100 154 2132 πίστεως,
175 2097 278 2134 πνεῦμα
293 2095 498 2136 ἀποκαλύψεως,
515 2098 618 2132 πνεῦμα
639 2095 775 2127 υἱοθεσίας.

61 2139 92 2173 ’0
109 2131 196 2183 μέγας
222 2131 377 2174 Ἀθανάσιος
400 2131 427 2170 ἐν
455 2131 497 2180 τῇ,
516 2131 586 2180 πρὸς
610 2141 766 2181 Σεραπίωνα
791 2140 812 2168 ὲιι

933 2132 1235 2183 ltiagnusAthanasius
1244 2131 1369 2181 epistola
1379 2131 1415 2163 ad
1423 2131 1720 2183 Serapionemmujus

16 2189 120 2227 στολῇ,
136 2188 170 2222 ἧς
199 2188 217 2222 ἡ
243 2187 317 2227 ἀρχή
332 2195 340 2203 ⁸
361 2195 372 2212 I
396 2186 434 2215 Τὰ
465 2185 609 2226 γράμματα
629 2187 679 2220 τῆς
709 2188 758 2219 σῆς
785 2184 854 2224 ἱερᾶς

18 2232 179 2269 διαλέξεως,
210 2241 225 2262 ι
264 2231 342 2272 φησίν
361 2241 367 2247 ⁸
395 2243 406 2258 ι
423 2230 525 2259 Εἴπατε
552 2230 625 2270 γοῦν,
662 2229 689 2258 εἴ
719 2241 771 2259 που
806 2232 855 2263 τῆς

16 2280 131 2318 Γραφῆς
148 2277 292 2316 εύρίσκεται
309 2277 339 2304 τὸ
361 2279 466 2313 Πνεῦμα
488 2275 518 2303 τὸ
554 2275 628 2314 ἅγιον
657 2274 750 2307 ἆπλῶς
777 2275 853 2314 εἰρη-

12 2324 100 2361 μένον
127 2323 236 2360 Πνεῦμα
257 2321 341 2361 χωρὶς
371 2320 524 2360 προσθήκης
555 2323 602 2348 τοῦ
630 2318 750 2359 λέγεσθαι
770 2319 787 2354 ἢ
808 2324 854 2348 τοῦ

13 2368 87 2396 Θεοῦ
107 2366 128 2401 ἢ
166 2369 212 2395 τοῦ
233 2366 348 2405 Πατρὺς,
379 2365 397 2399 ἢ
423 2363 463 2392 ὅτι
493 2364 557 2402 ἐμοῦ
585 2368 630 2393 τοῦ
660 2367 783 2404 Χριστοῦ,
809 2364 853 2392 καὶ

12 2417 65 2443 τοῦ
91 2415 168 2453 Υἱοῦ,
194 2412 212 2446 ἢ
240 2411 301 2451 παρ’
336 2412 413 2448 ἐμοῦ,
445 2411 458 2438 ὂ
481 2410 536 2439 ἐστι
564 2411 635 2450 παρὰ
662 2413 708 2439 τοῦ
737 2414 812 2447 Θεοῦ,
835 2409 852 2444 ἢ

9 2457 85 2496 μετὰ
120 2460 170 2486 τοῦ
205 2455 308 2496 ἄρθρου,
343 2454 390 2483 ἵνα
417 2455 457 2492 μὴ
479 2453 570 2487 ἁπλῶς
592 2454 702 2494 λέγηται
733 2454 850 2494 Πνεῦμα,

12 2502 88 2530 ἄλλα
104 2503 139 2530 τὸ
157 2504 264 2538 Πνεῦμα
290 2500 309 2534 ἣ
330 2500 393 2528 αὐτὸ
421 2503 498 2528 τοῦτο
518 2499 549 2527 τὸ
578 2502 684 2537 Πνεῦμα
711 2500 741 2528 τὸ
762 2499 848 2538 ἅγιον,

7 2547 29 2581 ἢ
54 2545 250 2586 Παράλλητον,
267 2544 433 2584 ἣᾶληθείας,
451 2545 464 2572 6
493 2543 547 2572 ἐστι
572 2547 618 2572 τοῦ
643 2545 716 2582 Υἱοῦ,
743 2549 788 2573 τοῦ
803 2543 850 2571 λέ·-

8 2602 129 2630 γοντος,
169 2590 241 2630 Ἐγώ
267 2590 321 2628 εἶμι
343 2589 360 2623 ἡ
388 2588 503 2624 ἀλήθεια
520 2596 527 2603 ·
557 2587 604 2616 ’ἵνα
625 2588 783 2621 ἀκούσαντες
813 2588 852 2627 μὴ

7 2635 109 2668 ἆπλῶς
141 2636 246 2673 πνεῦμα
278 2634 446 2669 ὓπονοήσητε
496 2633 567 2662 εἶναι
612 2634 643 2662 τὸ
683 2636 789 2672 Πνεῦμα
822 2634 853 2662 τὸ

7 2680 103 2720 Ξίγιον.
133 2692 148 2709 n

52 2723 197 2764 Θεόδωρος
219 2725 234 2752 6
255 2725 304 2758 τῆς
319 2722 424 2753 Ῥαῒθοῦ
449 2721 624 2763 πρεσϐύτερος
653 2722 680 2750 ἐν
708 2722 752 2755 οἷς
781 2722 849 2763 γρά-

49 2804 85 2831 55
101 2803 165 2836 Isa.
184 2811 205 2843 ι,
222 2802 246 2846 Ι,
263 2802 293 2834 2.

897 2176 1098 2218 principium:
1123 2190 1133 2206 ι
1150 2177 1267 2208 Litterae
1282 2176 1324 2207 tui
1343 2176 1524 2207 sanctissimi
1547 2176 1682 2216 atl'ectus,
1703 2189 1716 2205 ι

896 2221 994 2263 inquit
1011 2230 1017 2253 :
1037 2231 1048 2247 ι
1066 2221 1130 2252 Dici
1153 2221 1270 2259 saltem,
1294 2220 1345 2251 ubi
1372 2221 1403 2251 in
1430 2221 1593 2261 Scripturis
1609 2220 1720 2263 sanctis

896 2261 1036 2306 reperitis
1051 2265 1192 2306 Spiritum
1219 2269 1353 2296 sanctum
1379 2265 1557 2305 simpliciter
1572 2261 1720 2297 nominari

896 2311 1046 2352 spiritum,
1058 2311 1124 2342 sine
1132 2310 1302 2342 addimento
1318 2309 1370 2342 Dei
1381 2313 1430 2340 aut
1442 2309 1546 2348 Patris,
1563 2314 1613 2340 aut
1626 2319 1644 2340 a
1658 2318 1718 2347 me,

896 2357 954 2388 hoc
967 2361 1012 2387 est
1024 2365 1058 2387 ex
1073 2356 1146 2393 Deo,
1164 2355 1210 2386 vel
1226 2355 1340 2395 absque
1361 2354 1497 2392 articulo,
1525 2355 1572 2386 vel
1597 2353 1717 2392 Christi,

894 2401 941 2432 vel
957 2400 1036 2441 Filii,
1052 2404 1102 2431 aut
1116 2405 1147 2432 ut
1163 2409 1222 2430 non
1237 2399 1425 2439 adjungatur,
1439 2403 1570 2437 sanctus,
1596 2402 1647 2430 aut
1661 2400 1719 2429 Pa-

894 2445 1033 2483 racletus,
1049 2449 1101 2476 aut
1124 2444 1268 2482 veritatis,
1286 2444 1342 2474 hoc
1363 2448 1407 2474 est
1426 2443 1506 2484 Filii,
1523 2444 1574 2484 qui
1589 2444 1720 2484 seipsum

893 2490 1027 2521 nominat
1045 2490 1210 2526 veritatem,
1241 2492 1273 2519 ut
1300 2488 1479 2529 simpliciter
1515 2489 1638 2529 allegata
1665 2488 1720 2520 hac

892 2544 964 2565 voce
981 2534 1113 2575 spiritus,
1131 2534 1169 2565 de
1184 2533 1297 2574 Spiritu
1312 2536 1414 2564 sancto
1427 2533 1481 2564 hoc
1490 2532 1604 2565 dictum
1620 2535 1719 2574 suspi-

895 2587 1016 2611 cemim.

931 2721 1107 2754 Theodorus
1115 2720 1270 2762 presbyter
1276 2720 1448 2762 Raythenus
1463 2722 1494 2753 in
1504 2722 1721 2763 pmparatione
