1962 3072
214 139 271 173 687

797 139 933 171 JOANN.
955 137 1063 171 VECCI
1088 139 1144 170 ΟΡ.
1168 137 1424 170 ΡΑΤΒΙΑΒΟΗᾹΞ

1844 135 1894 166 688

217 209 248 237 et
262 205 451 237 meditatione
463 205 494 236 in
506 213 609 236 eorum
625 204 759 244 gratiam,
777 205 827 245 qui
849 205 966 237 discere
981 216 1035 237 cu—

1119 228 1120 232 η
1157 206 1378 245 προπαρασκευήν
1413 215 1440 232 τε
1476 205 1519 233 καὶ
1547 205 1691 244 γυμνασίαν
1732 209 1771 242 τῷ
1807 204 1894 242 βουλο-

216 251 302 290 piunt
320 250 441 281 modum
462 249 568 281 divinae
582 249 810 287 Incarnationis,
828 250 913 290 cujus
923 251 1033 291 princi-

215 294 296 335 pium
309 299 362 326 est:
371 294 554 326 «Absurdum
566 294 687 332 duco,et
696 298 778 325 recte
786 304 856 325 sane
868 295 1035 332 existimo,»

214 348 301 379 quam
317 339 489 379 longissime
509 349 527 370 a
552 339 697 380 principio
713 339 819 371 scribit
836 349 842 371 :
863 352 874 368 ι
893 339 1038 379 Spiritum

215 392 283 415 vero
299 388 434 415 sanctum
449 384 480 415 in
495 388 667 415 untversum
683 384 725 415 sic
741 384 933 425 appellatum,
947 384 1037 415 alium

215 438 275 460 non
290 429 487 468 inveneris,et
500 429 563 469 jam
578 433 664 460 antea
679 429 869 461 dixi.Dicitur
879 432 908 460 et
918 433 1038 461 sanctus

214 473 371 515 Deus,quae
381 478 507 514 utraque
522 473 573 505 ubi
588 474 749 514 conjuncta
761 474 897 505 venerint
915 474 970 512 illi,
988 474 1038 515 qui

214 520 333 559 proprie
349 518 477 559 Spiritus
492 522 612 551 sanctus
627 522 813 559 nuncupatur
833 519 1012 560 adaptantur
1028 531 1034 548 :

216 563 466 604 quemadmodum
496 563 591 595 Patris
618 563 778 604 appellatio
807 572 911 602 causa,
929 568 958 595 et
972 564 1038 596 Filii

214 608 269 646 illi,
285 608 364 649 quod
378 608 550 640 immediate
562 618 596 640 ex
611 617 699 640 causa
715 612 771 640 est.
789 619 800 634 ι

252 653 374 693 Magnus
385 652 545 693 Gregorius
559 653 729 693 Theologus
744 653 878 685 oratione
893 653 1038 685 antirrhe—

214 698 271 729 tica
282 699 318 730 de
328 697 440 739 Spiritu
454 703 570 737 sancto,
588 698 672 739 quasi
683 698 740 729 sibi
750 707 917 739 opponens,
928 698 1036 740 inquit:

217 755 230 771 α
247 742 323 779 Quid
339 742 428 782 igitur
443 747 498 780 est,
527 743 607 783 quod
631 743 716 774 deest
741 742 874 783 Spiritui,
891 753 929 775 ne
944 743 1037 775 Filius

213 788 265 820 sit?
275 787 334 819 nisi
345 788 424 818 enim
435 787 545 828 aliquid
555 788 685 825 deesset,
699 787 802 828 utique
816 787 910 819 Filius
925 793 1033 820 esset»

213 832 321 864 Subdit
344 833 443 874 itaque
465 842 472 865 :
493 843 504 859 ι
527 832 606 863 Nihil
635 833 741 864 deesse
770 833 897 863 dicimus
917 842 923 864 :
940 843 1037 875 neque

1079 251 1150 290 μένῳ
1183 254 1289 290 μαθεῖν,
1321 252 1360 284 τίς
1383 253 1396 280 ὁ
1421 251 1517 290 τρόπος
1548 251 1594 286 τῆς

1078 307 1156 334 σεως,
1175 297 1204 325 οὗ
1234 298 1251 330 ἡ
1277 297 1361 337 ἀρχὴ,
1400 306 1410 321 ι
1433 292 1551 325 ’Ἄτοπον
1574 297 1652 334 οἶμαι
1687 297 1731 324 καὶ
1758 295 1842 327 καλῶς
1869 307 1896 334 γε

1079 345 1156 370 τοῦτο
1172 342 1307 379 νενόμικα,
1327 351 1337 366 ι
1357 342 1424 379 μετὰ
1453 340 1540 369 πολλὰ
1563 342 1630 369 πάνυ
1650 341 1728 381 φησίν
1742 349 1749 357 '
1770 352 1784 368 α
1800 343 1898 378 Πνεῦμα

1635 251 1705 282 θείας
1734 251 1895 290 ἕνανθρωπή-

1079 385 1107 414 δὲ
1122 386 1198 425 ἅγιον
1226 385 1287 414 ὅλον
1318 385 1386 414 οὕτω
1413 386 1558 425 λεγόμενον
1587 385 1674 425 ἕτερον
1697 387 1748 425 οὐχ
1777 386 1897 424 εὖρῆσεις,

1079 434 1185 469 Πνεῦμα
1199 429 1238 468 δὲ,
1265 431 1332 459 καοὰ
1361 431 1460 470 φθάσας
1489 430 1567 470 ἔφην,
1597 430 1706 469 λέγεται
1735 430 1748 457 ὅ
1777 430 1840 462 Θεὸς
1859 431 1898 457 καὶ

1078 476 1153 514 ἅγιος
1189 477 1202 504 ὁ
1232 474 1308 507 Θεός.
1345 475 1519 512 Συντιθὲμενα
1554 474 1581 503 δὲ
1615 475 1695 515 ἄμφω
1729 476 1761 502 τὰ
1790 475 1898 512 ὀνόματα

1079 523 1117 557 τῷ
1151 519 1221 551 ἰδίως
1246 519 1400 557 καλουμένῳ
1429 523 1534 557 Πνεῦμα
1567 520 1643 558 ἅγιον
1667 519 1786 559 ἁρμόζει,
1820 519 1897 547 καθέ-

1079 576 1128 604 περ
1149 565 1166 598 ἠ
1181 568 1227 592 τοῦ
1242 565 1344 604 Πατρὸς
1360 565 1497 598 ἐπίκλησις
1526 566 1565 602 τῷ
1579 565 1666 602 αἰτίῳ,
1695 564 1738 592 καὶ
1752 565 1770 598 ἡ
1785 568 1830 593 τοῦ
1844 564 1899 591 Υἱοῦ

1078 610 1117 645 τῷ
1132 608 1239 646 apsum;
1255 609 1285 637 ἐκ
1300 613 1346 637 τοὺ
1368 609 1461 640 αἰτίου,
1479 618 1492 635 ι

1122 649 1149 682 Ὀ
1175 653 1258 693 μέγας
1282 654 1425 694 Γρηγόριος
1453 655 1467 682 ὁ
1497 653 1626 693 SacM-Ilo;
1654 654 1681 682 ἐν
1707 657 1745 691 τῷ
1772 655 1830 693 περὶ
1857 657 1900 682 τοῦ

1079 699 1153 737 ἁγίου
1197 699 1346 736 Πνεύματος
1389 697 1580 737 Ἀντιῤῥητικῴ
1629 699 1689 727 οἷον
1739 697 1898 730 ἂντιθετικῶς

1079 742 1173 782 λέγει’
1195 753 1206 771 (ι
1226 743 1255 772 Τί
1284 743 1327 771 οὖν
1354 743 1368 771 ὅ
1392 742 1487 779 λείπει,
1507 753 1519 768 ι)
1551 744 1626 783 φησὶ,
1661 757 1672 772 ε
1701 747 1739 780 τῷ
1771 743 1898 780 Πνεύματι

1078 789 1144 827 πρὸς
1159 789 1189 816 τὸ
1219 788 1289 816 εἶναι
1313 788 1397 825 Γὶόνς
1421 789 1442 816 εἰ
1472 788 1510 826 μῂ
1526 789 1574 828 γὰρ
1603 789 1697 817 λεϊπόν
1725 799 1750 816 τι
1773 787 1817 827 ἦν,
1843 789 1899 818 Υἱὸς

1079 831 1110 859 ἂν
1124 832 1169 865 ἧν.
1195 843 1207 861 ι)
1226 832 1359 871 Ἐπιωέρει
1389 831 1415 860 δέ
1433 841 1439 848 '
1459 843 1472 860 ‹
1489 833 1525 861 Οὗ
1553 832 1652 860 λείπειν
1681 832 1766 872 φαμέν
1784 841 1789 846 ·
1810 832 1837 860 οὔ
1852 833 1898 871 γὰρ

214 877 295 909 enim
311 879 391 909 Deus
399 877 558 918 aliquando
570 878 933 909 deﬁcitur.Verumtamen
950 888 1035 918 appa-

1119 879 1204 911 ιειπὴς
1229 879 1242 905 ὁ
1266 877 1340 909 Θεός.
1372 878 1406 906 Τὸ
1431 876 1458 905 δὲ
1487 880 1536 910 τῆς
1559 877 1722 917 ἑκφαίνσεως,
1750 877 1783 905 (ν’
1821 877 1898 908 οὕτως

215 922 400 961 ritionis,seu
415 922 616 960 revelationis,
629 925 663 953 ut
679 923 721 954 ita
736 922 843 960 dicam,
860 928 910 953 aut
925 928 1036 954 mutuae

211 967 393 999 habitudinis
402 967 720 1006 diversitas,diversam
735 977 853 1008 quoque
865 977 967 999 eorum
980 977 1034 1008 ap-

211 1011 402 1052 pellationem
417 1011 499 1043 facit.
517 1022 529 1037 ι

253 1058 380 1089 Sanctus
395 1056 522 1097 Cyrillus
534 1056 718 1097 expositione
731 1056 761 1087 in
776 1056 933 1097 Joannem,
951 1057 981 1087 in
994 1057 1033 1087 il-

213 1102 274 1142 lud,
293 1112 306 1128 α
321 1101 378 1132 Hic
392 1105 454 1132 erat
466 1101 497 1132 in
513 1100 660 1142 principio
672 1101 750 1142 apud
762 1101 923 1140 Deum-W5,»
941 1101 1031 1133 dicit:

215 1157 227 1174 α
246 1146 369 1183 Quando
384 1146 482 1177 divina
503 1145 656 1186 Scriptura
681 1146 851 1177 nominibus
866 1146 1032 1178 secundum

212 1193 320 1224 Graecae
336 1191 442 1231 linguas
457 1200 544 1222 usum
568 1191 709 1222 articulos
733 1191 889 1232 praeponit,
920 1196 990 1222 tunc
1005 1201 1034 1222 et

213 1241 352 1276 unum,et
365 1236 444 1277 quod
464 1236 559 1267 solum
575 1236 795 1277 proprie,atque
809 1246 878 1268 vere
895 1237 952 1268 tale
962 1236 1033 1277 quid

211 1282 320 1313 dicitur
334 1281 584 1322 signiﬁcat,quale
598 1280 671 1311 illud
683 1285 740 1318 est;
751 1281 835 1312 multi
850 1281 929 1312 enim
941 1281 1036 1312 vocati

211 1331 280 1358 sunt
295 1326 556 1365 dii,verumtamen
572 1325 641 1356 dum
655 1335 722 1356 cum
739 1325 862 1356 articulo
878 1327 958 1357 Deus
982 1336 1034 1357 ex-

212 1371 359 1412 primitur,
374 1376 436 1402 tum
449 1370 530 1402 solus
555 1374 584 1401 et
609 1370 730 1411 proprie
751 1370 830 1401 Deus
848 1371 1034 1410 designatur.

212 1417 386 1456 Rursusque
400 1415 538 1446 homines
551 1415 634 1446 multi
651 1419 731 1453 sunt,
750 1415 802 1446 sed
817 1415 887 1446 dum
903 1425 970 1446 cum
985 1424 1035 1446 ar-

214 1461 304 1492 ticulo
320 1461 452 1493 Salvator
466 1460 551 1491 eﬁert
564 1459 671 1491 Filium
687 1459 827 1495 hominis,
843 1469 876 1490 se
888 1460 983 1490 solifm
1000 1459 1036 1490 ab

211 1505 328 1536 inﬁnita
355 1505 509 1536 hominum
540 1504 730 1536 multitudine
753 1504 948 1536 discriminat.
970 1504 1037 1535 Pari

1078 922 1159 962 εἴπω,
1175 923 1193 956 ἢ
1209 925 1257 956 τῆς
1279 923 1345 961 πρὸς
1360 921 1464 955 ἄλληλα
1480 922 1599 962 σχέσεως
1615 921 1748 962 διάφορον,
1779 921 1897 961 διάφορον

1076 967 1120 995 καὶ
1135 966 1183 1000 τήν
1199 966 1294 1000 κλῆσιν
1311 968 1395 995 αὐτῶν
1411 966 1566 1000 πεποίηκεν.
1591 976 1603 990 ι

1117 1053 1145 1086 Ὀ
1175 1057 1248 1096 ἅγιος
1286 1057 1411 1097 Κύριλλος
1447 1058 1473 1086 ἓν
1516 1061 1549 1096 τῇ
1584 1058 1709 1098 ἑρμηνείᾳ
1739 1062 1784 1086 τοῦ
1833 1059 1900 1086 κατὰ

1075 1100 1201 1135 Ἰωάννην
1217 1103 1254 1134 εἰς
1279 1103 1310 1130 τὸ
1331 1103 1409 1143 ῥητόν
1443 1118 1453 1132 ι
1487 1104 1568 1134 Οὗτος
1599 1103 1626 1131 ἐν
1650 1103 1724 1143 ἀρχῇ
1753 1104 1819 1142 πρὸς
1854 1105 1900 1131 τὸν

1075 1147 1150 1184 Θεὸν,
1169 1161 1181 1176 υ
1212 1148 1313 1186 φησίν·
1347 1162 1357 1176 ι
1387 1139 1448 1176 "0:3
1469 1147 1502 1175 τὰ
1529 1148 1646 1185 ὀνόματα
1682 1147 1898 1186 προταττομένωη

1074 1194 1126 1219 τῶν
1149 1190 1248 1231 ἄρθρων
1262 1192 1279 1226 ἡ
1294 1191 1349 1219 θεία
1374 1192 1459 1224 τίθησι
1474 1192 1576 1232 Γραφή,
1606 1193 1665 1221 τότε
1694 1193 1737 1220 καὶ
1758 1192 1785 1220 ἕν
1800 1204 1824 1220 τι
1847 1205 1898 1226 ση-

1078 1237 1206 1278 μαίνει,ὃ
1243 1237 1322 1275 μόνον
1358 1237 1412 1265 ἐστὶ
1433 1249 1529 1277 κυρίως
1559 1240 1602 1267 καῖ
1633 1238 1776 1279 ἀληθινῶς,
1806 1240 1900 1267 ὁποῖον

1078 1287 1147 1310 εἶναι
1180 1281 1297 1321 λέγεται,
1328 1282 1425 1311 Πολλοὶ
1452 1284 1501 1322 γὰρ
1540 1283 1680 1312 καλοῦνται
1732 1285 1796 1323 θεοὶ,
1840 1283 1899 1312 ἀλλ’

1077 1325 1140 1355 ὅταν
1155 1327 1222 1364 μετὰ
1246 1330 1292 1355 τοῦ
1327 1326 1419 1367 ἄρθρου
1453 1327 1563 1367 λέγηται
1592 1330 1606 1356 ὁ
1635 1329 1711 1368 Θεὸς,
1747 1329 1792 1357 τὸν
1820 1329 1902 1367 μόνον

1076 1370 1139 1399 ὀ¹ντα
1153 1372 1196 1399 καὶ
1218 1372 1311 1411 κυρίως
1326 1373 1462 1410 σημαίνει.
1492 1374 1540 1401 Καὶ
1571 1372 1649 1402 πάλιν
1671 1373 1801 1413 ἅνθρωποι
1831 1374 1901 1402 πολ-

1078 1415 1129 1453 λοὶ,
1146 1415 1206 1444 ἀλλ’
1221 1415 1265 1444 ὅτε
1281 1416 1347 1454 μετὰ
1361 1420 1407 1445 τοῦ
1422 1416 1514 1456 ἄρθρου
1532 1419 1610 1457 φησὶν
1633 1419 1646 1446 ὁ
1673 1419 1779 1459 Σωτὴρ,
1811 1421 1825 1447 ὁ
1842 1420 1902 1451 Υἱὸς

1077 1463 1123 1488 τοῦ
1157 1460 1303 1500 ἀνθρώπου),
1333 1462 1369 1493 ὡς
1413 1461 1634 1502 ἐκλελοχισμένον
1674 1463 1726 1491 ἀπὸ
1770 1463 1903 1503 μυριάδων

1078 1506 1170 1533 ἑαυτὸν
1207 1507 1410 1543 κατασημαίνει.
1448 1506 1522 1535 Οὕτω
1570 1508 1613 1535 καὶ
1648 1509 1661 1535 ὁ
1704 1507 1903 1548 Εὗαγγελιστής

213 1551 301 1581 modo
314 1554 343 1581 et
357 1550 535 1590 evangelista
550 1557 726 1589 praeponens
751 1549 908 1580 articulum
925 1549 955 1580 in
970 1549 1033 1587 illo,

1119 1548 1207 1582 ὶτάξας
1221 1551 1252 1578 τὸ
1267 1549 1358 1590 ἄρθρον
1382 1551 1418 1582 εἷς
1439 1551 1480 1588 τὸ,
1501 1559 1513 1575 α
1530 1549 1574 1580 Ἐν
1596 1553 1669 1591 ἀρχῇ
1697 1553 1728 1586 ἧν
1742 1553 1756 1581 ὁ
1771 1553 1868 1592 Λόγος,
1890 1565 1904 1580 ι

216 1606 227 1623 «
246 1594 278 1626 In
295 1595 441 1635 principio
471 1598 534 1626 erat
557 1594 683 1624 Verbum
697 1594 740 1634 57,
760 1606 772 1623 ι
790 1603 892 1632 unum,
914 1597 943 1625 et
957 1594 1035 1635 quod

216 1640 337 1680 proprie
353 1639 485 1671 Verbum
503 1642 547 1669 est
562 1638 668 1676 Patris,
684 1638 861 1669 connotavit.
880 1650 891 1665 ι

255 1684 337 1715 Idem
353 1684 388 1715 ad
404 1683 558 1715 Hermiam
575 1683 650 1714 libro
667 1683 774 1723 dialogi
797 1684 923 1723 septimo
939 1684 1011 1715 dicit
1027 1695 1034 1714 :

216 1742 230 1757 (ιι
249 1729 308 1760 Cur
321 1738 380 1759 non
395 1729 524 1759 hominis
548 1731 683 1758 naturam
706 1732 734 1758 et
757 1727 979 1767 generationem
1006 1729 1036 1759 in

214 1773 429 1815 perfectionem
447 1772 491 1803 illi
520 1772 647 1803 maxime
677 1782 835 1812 congruam
854 1773 900 1804 vix
919 1773 1035 1804 tandem

216 1818 326 1849 dictam
344 1827 409 1848 esse
422 1817 632 1855 dicimus,cum
659 1827 712 1857 per
735 1817 879 1858 Spiritum
893 1818 992 1848 divina
1006 1817 1038 1848 in

214 1862 374 1901 semetipsa
389 1861 486 1901 eﬁigie
495 1861 586 1893 ditata
603 1861 662 1892 est?
676 1861 711 1893 Et
725 1863 782 1893 hoc
797 1862 916 1902 quidem
933 1863 1038 1894 obscu-

215 1917 280 1940 rum
296 1918 356 1939 non
371 1913 426 1945 est,
445 1908 469 1938 si
482 1912 592 1938 natura:
606 1908 734 1948 lapsum,
752 1912 781 1939 et
795 1909 1036 1940 reformationem

213 1955 245 1984 in
260 1954 370 1984 bonum
386 1962 485 1984 secum
510 1963 569 1983 una
594 1953 741 1993 quispiam
764 1953 947 1993 cxpenderit.
964 1953 1037 1985 Nam

216 2008 283 2029 cum
298 1998 405 2028 animal
415 2001 493 2028 esset
504 2007 683 2038 propensum
695 1998 731 2028 ad
748 1998 886 2029 delictum
897 2002 926 2029 et
935 2008 1039 2038 pecca—

219 2048 292 2082 tum,
309 2043 386 2084 quod
414 2047 476 2073 tum
504 2042 685 2073 adscilitium
702 2047 776 2083 erat,
802 2047 832 2074 et
861 2052 920 2084 pra:
945 2043 1036 2074 ntmio

217 2097 320 2120 amore
335 2088 434 2119 carnis
448 2087 601 2127 langueret
613 2088 733 2127 spiritus
748 2097 784 2118 an
796 2087 924 2119 divinam
938 2088 1040 2127 imagi-

217 2142 284 2164 nem
302 2132 374 2163 illud
390 2132 649 2170 transformans,et
665 2132 747 2172 quasi
763 2132 947 2172 signaculum
961 2133 1040 2163 inef-

1076 1595 1121 1622 τὸν
1144 1593 1189 1622 ἕνα
1217 1596 1261 1624 καὶ
1290 1595 1383 1634 κυρίως
1411 1594 1473 1624 ὄντα
1514 1600 1560 1624 τοῦ
1595 1597 1695 1637 Πατρός
1728 1597 1813 1636 Λόγον
1851 1610 1906 1632 ση-

1077 1640 1176 1676 μαίνει,
1196 1651 1210 1667 n

1120 1679 1148 1712 (0
1164 1685 1241 1716 αὐτὸς
1257 1685 1321 1723 πρὸς
1347 1685 1391 1713 τὸν
1419 1685 1544 1724 Ἐρμείαν
1571 1686 1597 1713 ἐν
1626 1689 1664 1724 τῷ
1691 1683 1716 1723 ζ’
1742 1692 1788 1716 τοῦ
1811 1688 1908 1717 διαλό-

1079 1740 1125 1768 γου
1143 1730 1150 1744 ‘
1185 1742 1196 1758 ι
1214 1729 1243 1757 Τί
1271 1728 1297 1756 δὲ
1319 1729 1367 1763 τὴν
1396 1729 1532 1769 ἀνθρώπου
1560 1731 1635 1772 φύσιν
1663 1743 1691 1760 τε
1716 1733 1760 1761 καὶ
1778 1733 1908 1772 γέννησιν

1077 1774 1123 1802 οὐκ
1145 1774 1181 1804 εἷς
1195 1772 1350 1807 τελειότητα
1377 1774 1442 1808 τότη
1467 1774 1498 1809 δὴ
1528 1775 1605 1813 μόλις
1627 1776 1676 1810 τήν
1698 1778 1764 1815 αὗτῇ
1791 1789 1907 1817 πρεπω-

1078 1817 1206 1851 δεστάτην
1241 1819 1356 1858 ἁνῆχθαί
1389 1831 1486 1860 φαμεν,
1516 1820 1593 1854 ἧνίκα
1628 1821 1669 1850 διὰ
1696 1827 1741 1852 τοῦ
1778 1825 1908 1863 Ilva-tipat-

1078 1874 1123 1894 τος
1149 1864 1194 1891 τὸν
1214 1864 1287 1891 θεῖον
1316 1862 1356 1903 ἐρ’
1389 1865 1470 1903 ἑαυτῇ
1492 1865 1676 1900 πεπλούτηκεν
1699 1866 1906 1910 ἒξεικονισμόν;

1079 1903 1128 1936 Καὶ
1143 1907 1197 1945 μὴν
1233 1909 1309 1937 τοῦτό
1344 1908 1374 1947 γὲ
1396 1908 1465 1937 ἔστιν
1494 1911 1541 1938 οὒκ
1569 1911 1731 1951 ἀσυμφανὲς,
1759 1915 1780 1942 εἰ
1807 1915 1855 1943 τόν
1877 1903 1908 1954 γε

1078 1955 1127 1985 τῆς
1144 1953 1245 1992 φύσεως
1271 1952 1375 1982 ὄλισθον
1404 1955 1447 1982 καὶ
1468 1955 1514 1982 τὸν
1545 1956 1581 1987 εὶς
1605 1957 1635 1984 τί)
1663 1964 1732 1986 εἶναι
1762 1952 1910 1996 μεταπλα-

1079 1998 1146 2035 σμὸν
1175 1997 1337 2035 διενθυμοϊτό
1373 2009 1425 2030 τις.
1449 2001 1649 2033 Διανενευκότος
1685 2003 1734 2042 γὰρ
1762 2005 1808 2032 τοῦ
1837 2005 1910 2040 ζώου

1081 2042 1146 2081 πρὸς
1176 2043 1206 2070 τὸ
1240 2042 1408 2081 πλημμελὲς,
1439 2045 1482 2073 καὶ
1525 2045 1574 2079 τὴν
1589 2047 1738 2080 εἷσποίητον
1774 2049 1911 2089 ἁμαρτίαν

1082 2086 1112 2114 ἐκ
1145 2087 1193 2121 τῆς
1230 2088 1265 2119 εἰς
1304 2087 1372 2117 ἅπαν
1408 2088 1578 2129 φιλοσαρκίας
1625 2086 1839 2132 ἦῤῥωστηκότος,
1881 2095 1912 2123 τὸ

1082 2132 1147 2171 πρὸς
1172 2132 1242 2159 Θείαν
1271 2131 1359 2160 εἰκόνα
1393 2132 1553 2174 διαμορφοῦν
1587 2137 1676 2175 αὐτὸν,
1727 2138 1771 2166 καὶ
1799 2140 1915 2177 σημάν-

218 2178 347 2210 fabiliter
370 2177 477 2227 indens
503 2180 726 2227 separatusest,
743 2181 772 2208 et
786 2178 829 2208 sic
844 2177 1035 2218 corruptibile

1119 2187 1143 2204 λυ
1172 2175 1246 2210 δίκην
1295 2177 1450 2216 ἂποῤῥήτως
1491 2180 1679 2219 ἓντεθειμένον,
1719 2175 1914 2223 ἆπενοσφίζετο

215 2233 249 2254 ac
264 2226 393 2263 turpe,et
403 2222 548 2253 nihilnon
563 2221 725 2253 absurdum
737 2231 840 2253 secum
852 2223 972 2253 trahens
987 2231 1035 2263 ap-

1121 2222 1187 2259 εὖμα
1215 2222 1327 2261 φθαρτόν
1355 2233 1384 2250 τε
1417 2223 1486 2252 οὕτω
1520 2225 1564 2253 καὶ
1585 2225 1697 2258 eum;
1716 2237 1724 2246 ·
1749 2228 1793 2256 καὶ
1807 2221 1834 2256 τί
1861 2230 1915 2268 γὰρ

218 2269 325 2309 paruit.
342 2268 381 2299 At
396 2267 448 2298 ubi
473 2267 681 2298 universorum
697 2267 850 2304 Conditor,
869 2266 899 2297 id
916 2266 994 2307 quod
1012 2268 1041 2297 in

217 2312 438 2352 corruptionem
454 2311 568 2352 lapsum
583 2311 690 2352 fuerat,
704 2311 835 2351 ignobile
850 2321 885 2342 ac
900 2315 984 2352 turpe
1000 2311 1041 2342 fa-

219 2362 298 2389 ctum
315 2361 437 2398 propter
452 2360 691 2397 peccatum,cum
708 2356 751 2388 illi
766 2356 883 2387 insitam
899 2356 990 2387 voluit
1004 2356 1040 2387 ad

221 2401 389 2442 primaevam
399 2401 567 2432 ﬁrmitatem
574 2410 607 2431 ac
617 2400 757 2431 decorem
766 2399 1041 2440 reducere,permi-

221 2447 259 2477 sit
269 2446 376 2476 iterum
386 2445 516 2476 divinum
529 2450 558 2476 et
569 2445 847 2485 sanctumSpiritum
859 2444 1000 2475 advenire
1013 2448 1042 2475 et

219 2490 296 2521 bene
307 2490 470 2521 reformare
485 2489 643 2529 imaginem
659 2489 889 2530 pulcherrimam
901 2493 1041 2530 tanquam

220 2538 332 2576 aptum,
347 2539 375 2566 et
387 2538 610 2575 praepotentem,
631 2538 662 2564 ut
677 2535 713 2565 ad
729 2543 812 2565 suam
842 2534 968 2573 efﬁgiem
988 2543 1042 2564 nos

219 2584 343 2620 aptaret.
361 2579 463 2620 Itaque
477 2579 631 2610 continere
646 2583 826 2619 creaturam,
844 2583 873 2610 et
898 2579 934 2610 ad
958 2588 1042 2609 suam

221 2623 426 2655 habitudinem
455 2632 575 2661 ornare,
599 2624 867 2664 transﬁgurareque
881 2623 991 2655 animal
1007 2623 1043 2654 ad

220 2668 445 2700 similitudinem
462 2669 525 2707 Dei,
544 2668 702 2700 Conditore
716 2669 865 2709 indigum,
881 2674 911 2699 et
925 2667 1042 2709 perfec-

223 2713 337 2745 tissima
364 2713 436 2746 dare
464 2712 590 2754 singulis
605 2713 750 2746 creaturis
765 2713 796 2745 in
813 2713 936 2745 alteram
955 2715 1044 2744 natu-

261 2802 293 2828 ω
305 2803 391 2836 Joan.
413 2811 434 2844 ι,
451 2803 481 2834 2.
497 2803 528 2830 57
542 2802 617 2834 ibid.
636 2804 665 2834 ι.

1084 2265 1145 2305 οὖχὶ
1166 2269 1218 2294 τῶν
1240 2265 1358 2294 ἐκτόπων
1388 2267 1546 2308 συνειληχὸς
1574 2269 1764 2310 ἀναπέφανται.
1798 2265 1914 2307 Ἐπείδῆ

1084 2309 1110 2338 δὲ
1132 2311 1213 2338 ὁτῶν
1235 2310 1304 2339 ὅλων
1332 2314 1514 2353 Γενεσιολργὸς
1545 2309 1710 2353 ἀνακομὶζειν
1739 2316 1834 2351 ἢθελεν
1875 2330 1914 2351 εις

1084 2353 1239 2393 ἑδραιότητᾶ
1268 2366 1296 2383 τε
1325 2357 1369 2384 καὶ
1396 2356 1536 2395 εὐκοσμίαν
1585 2359 1634 2393 τὴν
1662 2361 1689 2388 ἓν
1732 2361 1835 2401 ἀρχαῖς
1884 2366 1918 2392 τὶ)

1085 2397 1250 2433 διολισθῆσαν
1287 2400 1323 2432 εἰς
1351 2402 1446 2441 φθορὰν
1485 2402 1644 2442 παράσημόν
1684 2415 1712 2432 τε
1819 2408 1919 2437 ἀκαλ-

1085 2443 1129 2476 λὲς
1158 2443 1200 2472 διὰ
1220 2444 1267 2478 τήν
1298 2445 1445 2479 εἱοποίητον
1471 2448 1579 2486 γεγονὸς
1630 2448 1770 2489 ἁμαρτίαν,
1813 2451 1920 2486 ἐνῆκεν

1085 2488 1156 2520 αὖθις
1186 2489 1255 2526 αὖτῷ
1278 2490 1308 2518 τὸ
1349 2490 1531 2530 ἆποφοιτῆσάν
1572 2504 1636 2521 ποτε
1670 2494 1744 2523 Οεῖόν
1784 2507 1811 2524 τε
1865 2499 1921 2526 καὶ

1084 2532 1158 2572 ἃγιον
1174 2533 1291 2571 Πνεῦμα,
1316 2535 1474 2572 μεταποιοῦν
1489 2536 1517 2563 εὖ
1541 2536 1613 2574 μάλα
1646 2539 1711 2576 πρὸς
1751 2540 1802 2575 τὴν
1826 2542 1925 2582 ὑπερ-

1084 2578 1195 2615 κόσμιον
1224 2579 1311 2608 εἰκόνα
1344 2580 1388 2608 καὶ
1411 2581 1526 2620 πεφυκὸς
1556 2582 1600 2610 καὶ
1629 2581 1781 2623 δυνάμενον,
1805 2585 1854 2615 διὰ
1883 2578 1928 2616 τὸ

1085 2625 1149 2670 προς
1188 2623 1253 2670 ίδίαν
1301 2625 1371 2663 ἡμᾶς
1421 2626 1631 2665 μεταῤῥοθμίζειν
1683 2629 1837 2670 ἐμφέρειαν.
1881 2635 1930 2662 Τὸ

1085 2669 1171 2697 τοίνυν
1193 2669 1305 2709 συνέχον
1333 2671 1369 2702 εἷς
1392 2672 1422 2698 τὸ
1449 2671 1477 2698 εὗ
1511 2673 1628 2700 εἶναιτὸ
1656 2669 1766 2708 ποιηθὲν
1794 2678 1841 2705 καὶ
1862 2690 1930 2706 κα-

1087 2712 1258 2742 τακαλλύνειν
1288 2713 1354 2746 εὶόὸς
1381 2714 1472 2754 σχέσει
1500 2719 1534 2755 τῇ
1567 2718 1643 2757 πρὸς,
1674 2719 1747 2758 αὐτὸ,
1785 2723 1830 2750 καὶ
1853 2722 1931 2751 δια-
