1962 3072
79 72 143 102 ’717

812 68 1004 102 EPIGRAPH
1009 69 1041 99 ιίΕ
1047 90 1054 97 .

1719 72 1780 105 718

79 138 189 176 "nec;
211 139 225 166 ὁ
250 139 320 174 Υἱὸς,
337 137 371 165 δι’
388 138 417 165 οὗ
437 137 470 165 τὰ
484 138 580 174 πάντα,
597 139 619 175 ᾦ
633 138 747 167 πάντοτε
762 140 792 168 τὸ
807 139 894 176 Πνεῦμ

978 144 1009 166 er
1021 145 1108 175 quam
1126 136 1225 167 omnia
1239 136 1314 167 facta
1328 141 1407 169 sunt.
1425 137 1465 168 Ex
1482 140 1568 170 Patre
1590 148 1718 179 namque
1735 144 1780 171 est

78 183 110 209 τὸ
135 182 212 221 ἅγιον
235 182 391 222 ἀχωρίστως
414 188 618 213 συνεπινοετται.
640 193 651 210 ι

127 312 156 344 Ὀ
186 316 262 347 αὑτός
278 316 313 343 ἓν·
325 317 364 353 τῴ
380 315 403 343 δ’
424 319 477 343 τῶν
493 316 552 344 κατ’
576 317 702 354 Εὖνομίου
724 319 802 357 φησίν
817 326 824 334 ’
845 330 859 346 α
876 319 912 347 Οὐ

81 360 139 396 μὴν
169 359 260 394 ἐπειδὴ
282 363 386 400 πρῶτον
413 360 521 388 ἐνταῦθα
542 364 587 389 τοῦ
615 362 765 399 Πνεύματος
788 364 802 390 ὁ
825 362 912 391 Ἀπό-

81 404 178 436 στολος
194 404 360 444 ἐπεμνήσθη,
385 405 429 433 καὶ
457 403 576 444 δεύτερον
604 409 649 434 τοῦ
676 407 747 446 Υἱοῦ,
776 409 820 435 καὶ
853 408 911 447 τρί-

80 461 128 477 τον
149 453 196 478 τοῦ
211 453 276 477 Θεοῦ
296 450 341 477 καὶ
363 450 475 488 Πατρός,
506 449 558 483 ἤδη
588 451 642 490 χρὴ
662 450 775 479 καθόλου
797 452 911 489 νομίζειν

80 496 273 534 ἆ-οεεστραφθαι
307 494 355 528 τὴν
381 494 453 526 τάξιν
470 503 477 510 ‘
522 494 574 523 ἀπὸ
610 495 660 534 γὰρ
694 497 744 528 τῆς
778 496 909 535 ἣμετέρας

80 538 203 578 σχέσεως
239 539 288 572 τὴν
316 538 404 578 ἀρχὴν
438 537 543 569 ἔλαϐεν.
573 538 682 573 Ἐπειδὴ
716 539 908 580 ὑποδεχόμενοι

78 584 112 611 1'1
141 581 223 621 ὂῶρα,
248 583 346 622 πρώτῳ
375 583 570 622 ἐντυγχάνομεν
594 587 633 621 τῷ
654 582 825 624 διανείμαντι,
846 585 907 613 εἶτα

78 627 218 665 ἐννοοῦμεν
248 628 293 655 τὸν
314 626 517 664 ἀποστείλαντα,
555 627 615 656 εἶτα
637 627 737 667 ἄγομεν
758 629 807 662 τήν
830 629 906 658 ἐνθύ-

78 683 163 709 μησιν
179 672 221 700 ἐπὶ
236 683 285 706 την
307 673 399 712 πηγὴν
414 673 458 700 καὶ
478 673 561 700 αἰτίαν
583 674 635 701 τῶν
651 673 767 712 ἀγαθῶν,
788 685 801 701 ο

121 757 150 790 Ὀ
181 762 264 800 μέγας
295 759 447 794 Ἀθανάσιος
476 761 503 789 ἑν
528 761 546 799 ᾗ
567 761 693 790 ἐκτίθεται
715 761 824 795 διαλέξει
841 761 904 802 Ὀρ-
918 758 936 783 Β

75 805 183 838 θοδόξου
211 806 254 834 καὶ
282 805 432 842 Ἀνομοίου,
464 806 543 846 φησίν
562 813 568 820 ’
596 815 611 834 (
638 806 712 834 Αἱτία
736 807 805 834 εστὶν
821 808 838 841 ἡ
859 807 905 835 τοῦ

76 855 143 879 Θεοῦ
158 851 244 890 φύσις,
268 851 312 878 καὶ
346 853 392 878 τοῦ
424 851 495 890 Υἱοῦ,
511 851 554 878 καὶ
579 854 624 878 τοῦ
649 850 724 890 ἁγίου
752 851 904 889 Πνεύματος

74 897 120 923 καὶ
135 898 184 928 τῆς
214 895 325 926 κτίσεως
346 895 447 928 πάσης.
473 909 485 925 io
511 895 561 923 Καὶ
590 893 649 932 μετ’
679 894 755 934 ὀλίγα
773 905 780 913 ·
815 905 829 925 (
852 895 905 924 Οὔκ

75 940 131 968 ἔστι
160 938 187 967 δὲ
216 942 262 968 τοῦ
291 942 356 967 Θεοῦ
386 937 530 977 ἀγέννητον
559 938 647 967 αἴτιον
676 950 722 967 του
743 943 871 979 γεννητοῦ
894 949 900 956 ·

74 986 104 1013 οὗ
125 985 175 1023 γὰρ
195 985 226 1012 τὸ
249 984 287 1022 μὴ
313 985 451 1023 γεννᾶσθαι
473 984 518 1012 τὸν
542 984 608 1012 Θεὸν
623 987 675 1012 τῶν
692 984 786 1013 οὐσιῶν
803 984 901 1022 αἴτιον,

75 1029 134 1058 ἀλλ’
149 1030 167 1063 ἡ
190 1030 262 1057 οὖσία
275 1032 327 1056 τῶν
343 1029 437 1057 οὐσιῶν
454 1029 534 1060 αἰτία,
554 1040 569 1056 ι

116 1069 145 1103 (0
173 1073 248 1112 ἅγιος
293 1072 418 1112 Κύριλλος
458 1072 485 1100 ἒν
523 1076 556 1111 τῇ
585 1073 711 1112 ἑρμηνείᾳ
752 1079 798 1103 τοῦ
833 1075 900 1102 κατὰ

72 1118 197 1151 Ἰωάννην
212 1118 248 1149 εἷς
277 1118 307 1145 τὸ
328 1117 408 1155 ῥητὸν
435 1118 478 1157 τὸ,
504 1129 518 1144 ιι
536 1116 713 1152 Καταϐεϐηχα
741 1118 770 1147 ἐκ
791 1123 837 1148 τοῦ
851 1121 897 1148 οὗ-

74 1165 163 1201 ρινοῦ,
181 1161 232 1202 οὑχ
254 1161 299 1190 ἵνα
327 1164 396 1189 ποιῶ
421 1162 451 1189 τὸ
479 1161 583 1199 θέλημα
603 1163 634 1190 τὸ
657 1163 732 1202 ἐμὸν,
753 1174 765 1191 ι
792 1164 870 1202 φησίν
888 1172 896 1181 ι

78 1217 90 1235 ι
111 1210 165 1235 Ilio
181 1207 230 1246 γὰρ
259 1205 332 1238 εἶδος
348 1206 444 1245 ἀρετῆς
464 1207 556 1245 πηγὴν
585 1206 675 1246 ὥσπερ
696 1207 755 1235 τινὰ
783 1208 827 1236 καὶ
855 1208 897 1246 ῥί-

72 1255 118 1286 ζαν
133 1250 190 1290 ἔχει
206 1251 254 1284 τὴν
270 1251 397 1278 ἀνωτάτω
411 1261 504 1279 πασων
518 1251 618 1280 οὖσίαν.
637 1262 650 1278 »

113 1291 142 1325 ’0
164 1295 247 1334 μέγας
275 1295 412 1326 Βασίλειος
433 1296 491 1334 περὶ
519 1295 552 1322 τὰ
573 1294 638 1329 τέλη
659 1299 705 1324 τοῦ
719 1290 746 1333 β’
768 1296 822 1324 τῶν
838 1299 897 1324 κατ’

72 1340 198 1378 Εὐνομίαν
226 1339 313 1378 λόγων
348 1339 427 1368 αὒτοῦ
448 1351 529 1380 φησιν
553 1347 560 1354 ·
581 1351 595 1368 ι
613 1341 648 1368 Σὸ
672 1341 743 1380 παρὰ
770 1345 817 1369 τοῦ
837 1340 897 1369 Υἱοῦ

69 1386 225 1424 γεγενήσοαι
252 1383 409 1423 λεγόμενον,
445 1385 510 1422 πρὸς
539 1385 587 1418 τὴν
609 1384 718 1424 πρώτην
734 1385 819 1413 αἰτίαν
847 1385 896 1419 τὴν

70 1429 201 1468 ἀναφορὰν
217 1429 274 1468 ἔχει
293 1438 301 1445 ·

71 1475 170 1513 ρῆχθαι
194 1472 236 1501 διὰ
270 1473 316 1501 τοῦ
350 1477 416 1506 Θιρῦ
449 1474 534 1513 Λόγου
562 1474 740 1511 πιστεύωμεν,
779 1473 847 1502 ἀλλά
868 1475 898 1502 τὸ

70 1518 175 1546 πέντων
190 1517 278 1546 αἴτιον
305 1517 376 1547 εἶναι
406 1519 451 1546 τόν
480 1518 545 1547 Θιόν
574 1521 627 1546 τῶν
648 1517 717 1546 ὅΧων
734 1519 782 1546 οὒκ
809 1518 895 1559 ἀφαι-

71 1568 164 1603 ροῦμεν
170 1586 176 1592 .
202 1576 214 1593 ι

113 1604 140 1637 Ὀ
163 1607 294 1647 Θεολόγος
310 1607 452 1648 Γρηγόριος
475 1608 502 1636 ἐν
523 1611 561 1645 τῷ
575 1607 659 1647 λόγῳ,
676 1611 714 1645 τῴ
736 1608 772 1639 εἰς
788 1609 833 1636 τὸν
849 1619 896 1636 κα-

70 1651 184 1682 τάπλουν
212 1655 265 1680 τῶν
291 1652 450 1691 Αἰγοπτίων,
480 1652 510 1680 οὗ
530 1653 547 1686 ἡ
563 1652 649 1692 ἀρχὴ,
667 1663 680 1680 α
696 1653 761 1684 Τοὺς
777 1651 823 1680 ἀπ’
846 1653 895 1681 Λί-

68 1697 168 1736 γᾶπτου
208 1696 430 1737 προσφθέγξομαι,
455 1708 466 1722 ι
500 1697 580 1737 φησίν
598 1707 605 1715 ο
646 1707 657 1725 ο
695 1696 760 1729 Θεός
788 1697 838 1736 γὰρ
869 1697 895 1724 ἐν

67 1743 135 1777 τρισὶ
149 1748 207 1772 τοῖς
236 1741 370 1781 μεγίστοις
402 1740 519 1781 ἵσταται,
548 1742 632 1779 αἰτίῳ,
662 1742 706 1770 καὶ
727 1740 891 1781 δημιουργῷ,

67 1789 110 1814 καὶ
131 1786 297 1824 τελειοποιῴ,
329 1789 367 1822 τῷ
403 1787 484 1826 Πατρὶ
512 1786 596 1826 λέγω,
625 1787 669 1815 καὶ
701 1789 738 1823 τῷ
765 1787 825 1823 ficii,
849 1787 892 1814 καὶ

65 1835 105 1869 τῷ
133 1831 199 1870 ἁγίῳ
225 1832 368 1869 Πνεύματι.
394 1840 406 1856 υ
427 1831 476 1860 Καὶ
504 1829 564 1868 μετ’
592 1830 668 1869 ὀλίγα
684 1840 690 1846 “
712 1844 723 1859 α
740 1830 828 1858 Πάντα
841 1829 891 1859 ὅσα

65 1876 125 1916 ἔχει
147 1878 161 1904 ὁ
182 1876 273 1915 Πατὴρ
294 1879 340 1904 τοῦ
366 1876 427 1904 Υἱοῦ
455 1875 522 1914 ἐστι,
552 1874 623 1909 πλὴν
645 1877 694 1908 τῆς
719 1875 887 1914 ἀγεννησίας,

66 1922 150 1949 πάντα
167 1920 194 1948 δὲ
220 1920 269 1949 ὅσα
297 1923 343 1948 τοῦ
380 1921 450 1956 Υἱοῡ,
481 1920 525 1948 καὶ
552 1924 598 1949 τοῦ
626 1919 789 1956 Πνεύματος,
819 1918 889 1952 πὶήν

65 1969 115 1998 τῆς
141 1965 274 2002 υἱότητος,
297 1965 341 1993 χαὶ
369 1968 421 1993 τῶν
450 1963 499 1992 ὅσα
538 1975 697 2001 σωματικως
733 1965 791 2003 περὶ
812 1965 890 1993 αὖτυῦ

66 2010 170 2049 λέγεται
198 2009 240 2038 διὰ
261 2009 305 2038 τόν
335 2009 398 2047 ἐμόν
427 2008 574 2048 ἄνθρωπον,
605 2009 648 2037 καὶ
669 2009 718 2042 τὴν
736 2008 804 2046 ἐμὴν
833 2019 888 2036 σω-

65 2054 168 2094 τηρίαν.
189 2066 200 2082 ι

109 2095 136 2127 ’0
167 2098 250 2138 μέγας
265 2097 402 2129 Βασίλειος
426 2097 453 2126 ἐν
468 2101 506 2135 τῷ
522 2092 572 2135 ις’
591 2100 645 2125 τῶν
669 2096 733 2136 πρός
755 2096 889 2137 Ἀμφιλό-

64 2155 127 2183 χιον
144 2152 151 2160 ³
177 2153 191 2173 (
221 2144 270 2172 Καὶ
299 2142 391 2181 μηδεὶς
420 2142 513 2171 οἱέσθω
549 2153 582 2180 με
611 2147 683 2182 τρεῖς
710 2142 781 2170 εἶναι
803 2141 890 2180 λέγειν

64 2179 176 2228 aﬂuat;
191 2188 361 2225 ὑποστάσεις,
389 2187 407 2221 ἣ
429 2186 512 2221 ἀτελῆ
543 2187 652 2227 φάσκειν
678 2190 724 2215 τοῦ
754 2188 813 2214 Υἱοῦ
840 2186 889 2219 τὴν

64 2223 206 2272 ἐνέργειαν.
230 2232 317 2273 Ἀρχὴ
340 2223 390 2271 γὰρ
404 2235 457 2260 τῶν
485 2223 568 2260 ὄντων
584 2232 642 2269 μία,
659 2230 701 2259 διὰ
727 2233 787 2259 Υῖου
814 2231 889 2270 ἐνερ-

63 2284 146 2317 γσᾱσα
159 2279 204 2306 καὶ
218 2277 330 2308 τελοῦσα
352 2277 378 2306 ἐν
394 2277 542 2315 Πνεύματι.
561 2289 575 2305 »

107 2363 135 2397 Ὀ
160 2367 236 2400 αὖτός
266 2368 293 2396 ἐν
320 2371 358 2405 τῷ
387 2378 439 2407 παρ
468 2369 547 2396 αὐτοῦ
573 2365 775 2405 ὑπαγορευοέντι
812 2365 887 2393 ἀντι-

64 2413 156 2453 γράφῳ
182 2415 231 2447 τῆς
261 2413 374 2443 πίστεως
391 2420 397 2427 ·
430 2424 443 2439 ιι
462 2407 534 2441 εἘνα
562 2412 612 2451 γὰρ
634 2410 744 2449 οἴδαμεν
772 2409 886 2449 ἀγέννη-

64 2470 121 2494 τον,
143 2459 188 2486 καὶ
227 2457 288 2496 μίαν
323 2460 376 2486 τῶν
402 2457 485 2486 ὅντων
513 2457 613 2496 ἀρχὴν,
636 2456 681 2484 τόν
712 2454 814 2495 Πατέρα
843 2459 888 2484 τοῦ

66 2503 157 2543 Κυρίου
171 2504 249 2540 ἡμῶν
265 2501 352 2536 Ἰησοῦ
373 2505 497 2541 Χριστοῦ.
515 2513 530 2529 ι

105 2544 133 2576 Ὀ
165 2547 239 2587 ἅγιος
262 2547 415 2578 Ἀθανάσιος
436 2547 465 2574 ἓν
487 2552 549 2578 ταῖς
565 2546 623 2586 περὶ
643 2549 689 2574 τνῦ
705 2546 808 2583 ὁμοίους
838 2543 883 2572 εἶ-

62 2605 102 2621 ναι
124 2593 168 2621 τόν
197 2591 299 2631 Πατέρα
327 2592 370 2620 καὶ
391 2591 436 2619 τὸν
461 2590 535 2628 Υἱόν,
559 2591 648 2619 καὶτὸ
668 2590 743 2630 ἅγιον
779 2591 885 2626 Πνεῦμα

62 2639 212 2677 μαρτυρίαις
246 2630 294 2671 τῆς
324 2637 441 2676 Γραφῆς,
468 2635 604 2676 κεφαλαίῳ
635 2630 686 2674 μη’
707 2634 792 2675 φησί’
815 2647 827 2663 ι
856 2634 885 2662 Τί

101 2720 231 2754 901mm.
247 2729 288 2760 v1,
305 2720 354 2752 38.

952 179 1044 224 Filius
1062 189 1116 220 per
1127 190 1214 220 quem
1233 185 1301 211 sunt
1316 183 1428 217 omnia,
1445 191 1512 213 cum
1530 192 1588 223 quo
1604 183 1696 214 simili
1707 183 1776 224 Spi-

951 223 1027 254 ritus
1052 229 1173 255 sanctus
1196 234 1315 266 semper
1339 225 1486 257 indivulse
1511 223 1735 268 consideratur;
1748 233 1778 260 et

953 268 1154 308 conjungitur.
1174 284 1186 299 υ

992 311 1073 343 Idem
1090 318 1193 354 quarto
1206 313 1346 344 adversus
1368 314 1546 347 Eunomium
1564 315 1640 347 libro
1655 326 1661 346 :
1683 330 1695 345 τι
1713 318 1776 348 Non

953 355 1021 387 ideo
1037 361 1145 398 tamen,
1173 358 1242 398 quia
1261 357 1308 388 bic
1323 358 1481 398 Apostolus
1509 360 1634 400 primum
1649 360 1777 401 Spiritus

953 401 1134 432 mentionem
1162 403 1242 439 l'acit,
1270 404 1457 443 postmodum
1484 405 1550 436 Filii
1575 409 1636 435 tum
1652 406 1774 437 demum

951 444 1004 475 Dei
1020 450 1049 477 et
1065 446 1160 478 Patris
1173 471 1180 481 ,
1210 446 1438 479 existimandum
1468 453 1524 486 est,
1545 449 1590 480 vel
1617 450 1773 481 tninimum

951 490 1100 521 inversum
1115 491 1251 521 ordinem
1268 491 1370 529 fuisse,
1392 501 1426 523 ex
1442 497 1541 524 nostra
1557 494 1706 534 siquidem
1723 496 1774 526 ha-

950 533 1084 566 bitudine
1099 535 1278 575 principium
1291 536 1428 576 sumpsit.
1456 533 1596 578 Namque
1606 549 1673 570 cum
1696 539 1779 574 dona,

949 578 1132 618 accipimus,
1159 580 1286 619 primum
1319 580 1511 612 distribuenti
1545 583 1772 624 contrahimus,

948 622 1089 664 deinceps
1115 628 1213 655 mente
1238 624 1425 664 concipimus
1445 627 1632 665 mittentem;
1650 622 1772 658 tandem

947 667 1126 707 cogitatione
1141 669 1369 709 complectimur
1395 670 1516 709 fontem,
1534 675 1562 701 et
1578 681 1696 702 causam
1715 671 1771 703 bo-

945 720 1063 742 nOPUHL
1089 724 1100 740 ι

987 758 1108 796 Magnus
1138 757 1317 788 Atlnnasius
1346 759 1375 789 in
1405 758 1570 790 Ortbodoxi
1586 764 1615 791 et
1631 761 1771 792 Anomcei

948 800 1095 840 colloquio
1112 801 1152 831 ait
1169 811 1175 832 :
1195 814 1206 829 ι
1225 801 1318 833 Causa
1342 808 1387 835 est
1412 803 1473 834 Dee
1501 808 1604 835 natura
1620 808 1647 835 et
1662 805 1729 836 Filii
1744 810 1772 836 et

948 844 1076 885 Spiritus
1088 846 1194 883 sancti,
1212 850 1241 876 et
1256 847 1414 878 creationis
1429 848 1584 880 universae.
1604 860 1617 876 ι
1637 848 1672 880 Ει
1696 859 1770 890 pau—

947 889 990 920 cis
1006 889 1114 920 atlditis
1129 899 1136 921 :
1153 890 1238 921 «Non
1255 895 1353 922 autem
1370 901 1459 923 causa
1474 896 1518 922 est
1533 892 1586 924 Dei
1603 889 1769 932 ingenitum

946 935 1077 974 genitum
1094 934 1186 974 geniti
1202 946 1208 966 :
1226 944 1322 975 neque
1339 936 1418 966 enim
1437 945 1495 967 non
1509 937 1647 976 generari
1675 939 1769 969 Deum

945 978 1140 1010 essentiarum
1156 989 1247 1010 causa
1264 984 1320 1020 est,
1342 981 1394 1011 sed
1421 981 1551 1013 essentia
1575 982 1770 1013 essentiarum

944 1032 1046 1054 causa.

982 1068 1106 1099 Sanctus
1114 1068 1237 1109 Cyrillus
1246 1070 1431 1110 expositione
1442 1071 1473 1102 in
1480 1070 1625 1102 Joannem
1640 1072 1670 1102 in
1683 1070 1767 1102 illud:

943 1123 956 1140 σ
974 1113 1119 1143 Descendi
1144 1113 1182 1144 de
1204 1114 1290 1151 coelo,
1307 1124 1366 1145 non
1394 1120 1425 1145 ut
1447 1115 1552 1146 faciam
1580 1115 1763 1146 voluntatem

939 1164 1035 1186 meam
1049 1157 1091 1194 90,
1108 1172 1118 1186 ι
1151 1158 1216 1190 ait:
1242 1170 1253 1186 α
1270 1158 1369 1190 Genus
1393 1160 1502 1190 etenim
1527 1169 1617 1191 ontne
1643 1159 1753 1190 virtuti!

937 1200 1029 1231 veluti
1044 1201 1154 1232 fontem
1179 1202 1306 1242 aliquem
1326 1208 1354 1234 et
1369 1204 1512 1243 originem
1542 1203 1631 1235 habet
1656 1213 1756 1244 supre-

939 1254 1016 1275 mam
1028 1254 1128 1276 rerum
1145 1247 1278 1277 omnium
1296 1248 1467 1278 essentiam.
1488 1260 1501 1276 ι

979 1292 1101 1330 Magnus
1117 1291 1242 1321 Basilius
1258 1292 1339 1323 circa
1355 1292 1445 1323 ﬁnem
1474 1293 1595 1324 secundi
1620 1294 1764 1325 adversus

937 1333 1115 1365 Eunomium
1145 1335 1360 1367 Antirrhetici:
1381 1351 1391 1366 ι
1410 1337 1493 1373 Quoi
1522 1347 1539 1367 a
1561 1337 1635 1368 Filio
1651 1338 1761 1369 factum

936 1379 1082 1409 asseritur
1096 1380 1130 1410 ad
1145 1379 1269 1419 primam
1287 1389 1407 1412 causam
1423 1381 1570 1422 refertur;
1587 1383 1662 1414 adeo
1677 1387 1707 1413 ut
1723 1383 1761 1413 li-

331 1428 412 1464 ὥστε,
434 1428 483 1457 κᾶν
507 1429 593 1457 πάντα
627 1430 663 1461 εἰς
692 1429 723 1457 τὸ
751 1431 820 1457 εἶναι
848 1440 884 1458 πα

978 1427 987 1452 t
1001 1423 1102 1454 omnia
1125 1424 1268 1464 producta
1283 1434 1348 1456 esse
1364 1436 1380 1456 a
1392 1426 1453 1456 Deo
1470 1425 1568 1457 Verbo
1589 1427 1762 1463 credamus,

938 1467 1132 1498 nihilominus
1157 1477 1257 1499 rerum
1287 1470 1418 1500 omnium
1447 1470 1540 1501 Deum
1558 1480 1676 1502 causam
1695 1480 1761 1502 esse

937 1521 997 1543 non
1010 1512 1188 1544 inﬁciamur'
1205 1525 1218 1541 ι>
1414 1508 1417 1512 ’

977 1600 1135 1641 Gregorius
1154 1602 1323 1644 Theologus
1338 1603 1368 1634 in
1384 1604 1589 1644 IEgyptiorum
1605 1605 1762 1636 adventum

936 1646 1085 1684 oratione,
1103 1656 1168 1687 qua:
1195 1647 1300 1688 incipit
1318 1659 1324 1679 :
1346 1664 1356 1678 ι
1373 1649 1430 1679 Eos
1445 1649 1495 1690 qui
1510 1649 1547 1680 ab
1569 1649 1694 1690 Egypto
1710 1659 1761 1681 ve-

935 1695 1054 1731 nerunt,
1073 1691 1219 1729 salutabo,
1236 1704 1247 1720 ι»
1267 1691 1358 1723 dicit:
1380 1705 1391 1722 α
1406 1695 1485 1725 Deus
1500 1694 1532 1725 in
1550 1694 1644 1725 tribus
1661 1694 1760 1725 maxi-

935 1736 1158 1777 misconsislit,
1190 1737 1219 1767 in
1254 1746 1368 1776 causa,
1400 1739 1430 1768 in
1465 1739 1602 1779 opiﬁcio,
1630 1739 1658 1770 in
1691 1749 1760 1780 per-

932 1781 1075 1819 fectione,
1092 1782 1148 1812 hoc
1163 1785 1209 1812 est
1225 1781 1254 1811 in
1271 1783 1370 1820 Patre,
1388 1787 1417 1814 et
1430 1783 1502 1814 Filio
1518 1783 1668 1824 etSpiritu
1680 1794 1763 1816 sanc—

932 1835 988 1860 ιο..
1003 1825 1039 1856 Ει
1056 1830 1122 1865 post
1137 1835 1229 1866 pauca
1247 1837 1253 1858 :
1275 1826 1441 1868 «Quidquid
1457 1828 1545 1859 habet
1561 1829 1651 1860 habet
1663 1828 1761 1870 Pater,

931 1870 1014 1902 idetn
1027 1875 1149 1910 excepta
1172 1870 1312 1910 gignendi
1329 1873 1443 1903 ratione
1460 1873 1527 1904 Filii
1544 1878 1606 1910 est;
1619 1874 1761 1914 quidquid

931 1915 1002 1946 item
1020 1915 1122 1946 Filtius
1146 1916 1244 1951 habet,
1276 1916 1354 1947 idem
1380 1927 1498 1958 quoque
1513 1918 1642 1958 Spiritus
1666 1918 1761 1949 sancti

931 1964 984 1995 est,
1002 1961 1026 1990 si
1043 1959 1229 1997 ﬁliationcm,
1258 1969 1353 2001 eaque
1377 1963 1477 1993 omnia
1503 1963 1668 2003 exceperis,
1696 1972 1761 2003 quae

931 2014 1076 2045 corporea
1090 2004 1205 2035 ratione
1218 2005 1254 2035 de
1270 2014 1304 2036 eo
1331 2007 1541 2048 praedicantur,
1569 2011 1691 2048 propter
1713 2016 1760 2038 me

900 2049 1082 2080 Dhominem
1100 2058 1256 2090 meamque
1271 2050 1409 2082 salutem.
1429 2066 1440 2082 υ

971 2095 1094 2133 Magnus
1118 2093 1243 2124 Basilius
1274 2095 1305 2125 in
1339 2096 1436 2135 capite
1468 2097 1506 2128 16
1530 2097 1566 2127 ad
1596 2096 1756 2136 Amphilo»

931 2139 1029 2171 chium
1049 2150 1056 2170 :
1073 2154 1083 2169 α
1096 2139 1130 2170 Et
1142 2149 1229 2170 nemo
1248 2150 1295 2171 me
1311 2142 1421 2180 credat,
1441 2147 1501 2174 tres
1516 2142 1675 2182 originales
1691 2142 1761 2173 sub-

931 2185 1054 2216 stantias
1070 2194 1192 2225 ponere.
1213 2189 1263 2216 aut
1280 2186 1345 2217 Filii
1366 2189 1569 2227 operationem
1597 2187 1760 2227 imperfec-

932 2235 991 2260 tam
1015 2238 1092 2260 esse.
1117 2229 1300 2269 Principium
1331 2231 1410 2261 enim
1438 2240 1542 2263 eorum
1575 2240 1640 2272 quae
1669 2232 1757 2268 ﬁunt,

931 2283 1021 2305 unum
1038 2278 1084 2305 est
1100 2283 1152 2314 per
1167 2274 1258 2304 ﬁlium
1275 2275 1419 2317 condens,
1440 2285 1493 2316 per
1508 2275 1651 2316 Spiritum
1667 2284 1757 2306 sanc-

931 2322 992 2349 tum
1009 2318 1179 2359 perﬁciens.
1198 2330 1211 2346 ι)

970 2363 1050 2394 Idem
1067 2363 1097 2393 in
1113 2362 1294 2402 Antigrapho
1311 2363 1381 2394 ﬁdei
1408 2364 1444 2395 ab
1475 2365 1581 2396 eodem
1611 2365 1727 2396 dictatae
1745 2375 1752 2396 :

933 2420 945 2436 α
964 2407 1059 2439 Unum
1075 2407 1156 2438 enim
1173 2407 1304 2438 novimrs
1320 2408 1495 2448 ingenitum,
1513 2414 1542 2440 et
1566 2418 1656 2440 unum
1684 2409 1754 2440 uni-

931 2461 1081 2483 versurum
1097 2452 1278 2492 principium
1295 2452 1410 2484 Patrem
1427 2453 1546 2486 Domini
1571 2454 1664 2485 nostri
1683 2454 1754 2486 Jesu

930 2497 1052 2528 Christi.
1071 2509 1084 2525 ιο

966 2543 1088 2582 Magnus
1103 2541 1282 2573 Athanasius
1305 2543 1335 2573 in
1351 2543 1528 2575 testimoniis
1542 2553 1635 2575 sacrae
1651 2542 1754 2584 Scrip-

927 2591 1000 2618 turae
1014 2587 1052 2618 de
1064 2585 1155 2617 simili
1179 2587 1311 2619 essentia
1336 2587 1431 2619 Patris
1446 2592 1475 2620 et
1489 2589 1555 2620 Filii
1575 2593 1604 2620 et
1626 2588 1755 2629 Spiritus

927 2631 1020 2663 sancti
1035 2640 1099 2671 cap.
1117 2631 1168 2671 45,
1184 2631 1292 2663 scribit
1317 2643 1324 2664 ε
1360 2645 1373 2661 κ
1399 2632 1475 2670 Quid
1493 2638 1538 2665 est
1551 2633 1656 2665 Deus?
1679 2633 1754 2665 Om-
