1962 3072
198 73 257 104 719

748 74 853 106 JOAN.
877 73 985 107 VECCI
1007 73 1063 104 (ΞΡ.
1089 71 1344 106 PATRIARCH/E

1821 72 1875 105 ’ῖἳο

199 139 282 171 nium
299 141 476 182 principium
495 141 658 173 secundum
675 141 845 182 Apostolum
859 141 1018 172 dicentem:

1081 153 1118 170 nt
1147 141 1235 181 866:;
1262 135 1292 169 Ἠ
1314 140 1420 169 πάντων
1440 141 1512 180 ἀρχὴ
1533 140 1602 170 κατᾶ
1628 141 1672 168 τὸν
1706 139 1872 168 Ἀπόστολον.

202 197 212 212 α
233 186 316 217 Unus
341 185 418 217 Deus
445 187 532 218 Pater
556 195 590 217 ex
614 195 672 226 quo
687 186 787 217 omnia
800 186 841 215 94.
858 197 869 212 ι
889 186 1018 217 Verbum

199 234 296 260 autem
313 231 377 270 ejus
396 239 429 261 ex
444 230 520 270 ipso,
537 230 680 261 nascendi
695 231 823 266 ratione,
842 235 871 261 et
893 229 1020 270 Spiritus

200 274 407 314 progrediendi
421 275 508 306 modo
532 275 645 306 exsistit
661 286 667 304 :
686 275 796 305 deinde
813 275 950 306 universa
969 283 1020 305 re-

199 327 264 349 rum
283 323 385 350 natura
401 328 455 359 per
467 318 598 350 Verbum
623 323 652 351 et
675 318 816 360 Spiritum
833 319 953 351 creandi
968 328 1017 349 ra-

200 362 280 394 tione
295 363 497 394 constiterant.
514 375 530 393 ι

240 407 362 439 Sanctus
377 407 559 449 Epiphanius
582 408 612 439 in
638 408 784 449 Ancyroto
809 408 882 439 dicit
899 416 904 438 :
924 418 938 437 ι
951 407 1019 448 Spi-

199 453 272 483 ritus
299 452 430 483 veritatis
455 457 499 484 est
526 457 644 484 tertium
670 462 686 484 a
710 453 796 484 Patre
821 457 850 483 et
877 452 949 483 Filio
972 452 1019 482 lu-

202 506 279 528 men.
294 509 307 524 »
338 496 373 528 Et
404 502 468 537 post
497 507 611 538 pauca:
633 512 641 526 ι
659 497 721 534 Quo
744 497 823 528 enim
848 497 945 531 modo,
964 505 1018 527 ne-

199 550 247 572 mo
262 542 342 572 novit
365 543 478 573 Patrem
503 543 561 573 nisi
584 542 687 575 Filius.
718 551 814 582 neque
839 540 946 572 Filium
963 540 1020 571 nisi

198 584 286 616 Pater
297 585 338 627 9'1,
358 598 369 615 ο
388 586 493 617 eodem
510 587 605 618 audeo
622 586 734 624 dicere,
750 595 848 626 neque
874 585 1017 626 Spiritum

199 630 256 661 nisi
281 630 367 662 Pater
389 635 417 662 et
441 631 544 670 Filius,
561 641 597 663 ex
612 641 669 672 quo
686 631 829 672 procedit,
848 635 877 661 et
902 638 937 661 ex
961 638 1019 670 quo

174 690 177 692 -
200 675 317 715 accipit.
335 687 346 702 ι

241 722 363 760 Magnus
387 720 566 751 Athanasius
592 720 628 751 ad
659 720 852 760 Serapionem
881 718 1017 759 epistola,

201 765 285 805 cujus
315 765 517 805 principium:
539 776 549 793 a
569 764 694 795 Reddita
724 769 767 796 est
797 764 870 795 mihi
899 772 977 793 nunc
1003 772 1020 793 a

200 813 250 840 tua
277 809 386 850 pietate
413 810 523 850 scripta
553 809 687 849 epistula,
706 822 716 837 ι
735 809 795 840 ait:
817 820 828 836 «
846 807 937 839 Filius
952 807 1019 847 qui—
1033 809 1051 835 Β

200 853 266 885 dem
285 863 291 885 :
309 867 322 882 α
340 854 410 891 Qum
443 854 539 885 audivi
569 863 585 884 a
614 855 700 887 Patre
729 854 792 885 haec
812 857 842 884 et
868 853 971 893 loquar
990 851 1020 882 in

200 899 363 936 mundum;
394 899 522 939 Spiritus
558 907 626 929 vero
665 908 699 929 ex
732 898 806 929 Filio
845 897 972 937 accipit;
1004 908 1017 924 ιι

199 942 241 974 Ex
282 953 348 974 meo
387 943 466 975 enim
507 942 652 983 accipiet,
695 947 724 974 et
767 941 932 974 anuntiabit
969 950 1020 972 vo-

201 987 247 1018 bis
260 987 303 1020 9³.
325 1000 335 1016 ι

240 1032 367 1064 Sanctus
382 1033 507 1073 Cyrillus
523 1033 552 1063 in
567 1033 678 1065 dictum
697 1042 703 1063 :
725 1031 870 1062 «Creditis
885 1031 915 1061 in
926 1030 1020 1061 Deum

201 1081 232 1108 et
259 1078 290 1108 in
315 1087 363 1108 me
387 1078 498 1108 credite
512 1078 554 1115 94,
574 1090 584 1104 ι
603 1078 664 1115 ait;
685 1091 696 1106 ι
714 1076 846 1116 Namque
875 1080 976 1106 sancta
992 1078 1020 1105 et

201 1122 459 1153 consubstantialis
475 1122 616 1159 Trinitas,
635 1126 663 1153 et
678 1122 832 1152 nominum
863 1121 1019 1151 diversita-

199 1165 278 1196 tibus
289 1170 317 1196 et
329 1175 521 1206 personarum
537 1166 726 1206 qualitatibus
745 1170 774 1198 et
791 1164 1023 1206 proprietatibus

201 1209 401 1249 distinguitur.
422 1223 433 1238 δ

241 1255 322 1287 Idem
335 1256 365 1285 in
378 1255 449 1286 illud
465 1266 471 1287 :
488 1255 620 1287 «Omnia
637 1256 795 1296 peripsum
809 1255 885 1286 facta
900 1254 1018 1284 sunt95»

201 1299 273 1329 dicit
289 1310 296 1330 :
318 1312 330 1327 αι
348 1300 412 1331 Νοη
430 1300 508 1331 enim
522 1305 642 1341 propter
656 1301 748 1331 solam
766 1299 1022 1331 essentia-simili-

202 1344 333 1374 tudinem
351 1345 392 1376 uli
409 1345 610 1376 characterem
640 1346 669 1375 in
694 1347 780 1377 Patre
795 1344 902 1375 Filium
920 1345 1020 1374 consi-

201 1388 387 1426 derabimus;
404 1390 450 1420 vel
473 1399 576 1421 rursus
599 1394 630 1420 ut
645 1390 796 1429 exemplar
821 1390 850 1420 in
871 1388 947 1420 Filio
965 1390 1019 1419 l’a-

200 1437 274 1464 trem
292 1434 344 1464 sed
361 1434 465 1465 Filium
482 1435 600 1475 quidem
627 1443 661 1465 ex
676 1434 773 1466 Patris
787 1433 917 1464 ersentia
930 1442 1021 1472 gene-

199 1477 323 1508 rationis
348 1478 436 1509 modo
464 1479 651 1515 emicantem,
669 1484 698 1509 et
713 1479 742 1508 in
760 1478 823 1518 ipsa
845 1481 874 1508 et
897 1486 931 1507 ex
958 1477 1050 1517 ipsac

200 1522 319 1562 propria
333 1532 385 1553 sua
403 1523 551 1563 hypostasi
565 1523 800 1559 exsistentem,et
810 1521 1019 1552 subsistentem

201 1566 294 1598 Deum
311 1565 432 1597 verbum
455 1567 646 1607 excipiemus.
661 1567 775 1597 Patrem
802 1575 920 1606 quoque
935 1566 1021 1596 simi—

201 1610 268 1641 liter
295 1612 371 1642 sicut
394 1611 468 1641 Filio
499 1611 749 1642 consubstantiali
780 1614 883 1641 natura
897 1610 1020 1650 quidem

201 1655 291 1693 uniri,
305 1656 367 1686 sola
395 1665 464 1686 vera
493 1665 528 1686 ea
549 1656 664 1686 ratione
692 1654 844 1694 distingui,
862 1664 918 1694 qua
936 1656 1021 1685 Pater

202 1704 258 1731 est.

242 1743 322 1774 Idem
338 1744 368 1774 in
383 1745 560 1784 syllogismis
575 1753 649 1785 quos
664 1747 784 1783 aggerat
799 1744 829 1773 in
843 1742 954 1774 dictum
982 1743 1021 1773 il-

201 1787 251 1818 lud
269 1798 276 1818 :
297 1799 308 1816 α
326 1787 361 1818 Et
377 1789 496 1819 verbum
513 1793 576 1819 erat
604 1788 681 1828 apud
706 1788 800 1819 Deum
815 1788 857 1828 96,
877 1800 887 1816 ι
903 1788 999 1828 inquit
1014 1798 1019 1819 :

204 1845 214 1859 ιε
233 1831 266 1862 In
282 1833 374 1863 Deum
393 1834 555 1871 Patrem,et
579 1833 609 1863 in
622 1833 730 1863 Filium
748 1832 975 1872 unigenitum,et
992 1833 1021 1863 in

201 1876 342 1916 Spiritum
356 1881 491 1908 sanctum
507 1878 664 1908 credentes
679 1878 836 1908 salvanmr.
865 1876 978 1908 Idcirco
995 1881 1024 1908 et

201 1921 264 1961 ipse
295 1920 427 1952 Salvator
446 1922 507 1952 suis
531 1922 687 1962 discipulis
716 1922 892 1962 praecipiens
915 1921 990 1951 dixit
1014 1932 1019 1952 :

205 1977 215 1994 ιι
235 1965 343 1996 Euntes
358 1965 462 1997 docete
477 1975 577 1998 smnes
588 1970 704 2006 gentes,
719 1967 875 2006 baptizantt
886 1976 899 1996 s
916 1975 967 1996 eos
991 1965 1022 1997 in

202 2009 324 2040 nomine
350 2009 454 2048 Patris,
477 2015 505 2041 et
528 2011 595 2041 Filii
624 2015 651 2042 et
677 2011 806 2051 Spiritus
829 2011 922 2041 sancti
944 2011 987 2042 97.
1009 2023 1019 2038 ι

201 2054 286 2090 Quod
312 2054 337 2085 si
359 2055 434 2086 nihil
463 2055 601 2086 conducit
622 2055 659 2086 ad
688 2055 841 2086 utilitatem
869 2055 1021 2086 nominum

1064 198 1078 213 α
1095 186 1144 218 Εἷς
1160 187 1224 218 Θεὸς
1240 187 1253 214 6
1270 185 1359 225 Πατὴρ
1375 185 1400 218 ἐξ
1416 185 1444 213 οὗ
1456 185 1488 213 τὰ
1502 185 1599 216 πάντα,
1613 195 1626 211 ο
1641 189 1689 222 Καὶ
1703 185 1753 224 γὰρ
1769 185 1782 212 6
1797 183 1874 222 Λόγος

1060 229 1086 263 ἒξ
1114 230 1191 259 αὐτοῦ
1212 233 1358 269 γεννητῶς,
1387 232 1429 258 καὶ
1454 230 1485 258 τὸ
1513 232 1619 266 Πνεῦμα
1654 229 1679 262 ἐξ
1700 231 1779 258 autcf:
1805 227 1877 255 ἐκπο-

1061 278 1158 314 ρευτῶς
1176 285 1182 291 ·
1199 275 1262 303 εἶτα
1271 276 1348 303 ’πᾶσα
1363 276 1380 308 ἡ
1400 275 1483 306 κτίσις
1505 273 1546 302 διὰ
1571 275 1617 302 τοῦ
1644 274 1729 313 Λόγου
1745 273 1771 301 ἐν
1798 272 1876 300 Ilva-5-

1062 330 1124 357 ματι
1137 319 1248 353 συνέστη
1263 318 1469 359 δημιουργικῶς.
1489 329 1501 346 ι
1549 329 1554 334 ”

1103 404 1130 437 Ὀ
1146 408 1224 447 ἆίγιος
1242 408 1394 448 Ἐπιφάνιος
1423 408 1450 436 ὲν
1465 411 1503 445 τῷ
1525 407 1683 448 ’Λγκυρωτῷ
1700 417 1707 426 ·

1061 453 1135 491 ἅγιον
1157 455 1262 490 Πνεῦμα
1287 452 1409 485 ἀληθείας
1438 453 1504 492 ἐστὶ,
1528 455 1584 492 φῶς
1605 452 1689 492 τρίτον
1720 452 1792 491 παρὰ
1827 454 1880 478 Πα-

1061 498 1121 536 τρὸς
1143 499 1187 525 καὶ
1222 498 1291 526 Υἱοϋ.
1312 508 1323 523 ι
1350 498 1399 526 Καὶ
1419 496 1477 535 μετ’
1498 491 1575 536 ὅλίγα
1592 505 1599 512 ·
1620 491 1631 523 ἔ
1655 491 1709 524 uOv
1723 496 1774 535 γὰρ
1788 495 1879 533 τρόπον

1061 540 1143 573 οὐδεὶς
1165 541 1232 581 ἔγνω
1258 542 1303 569 τὸν
1330 543 1388 570 Υἱὸν
1411 542 1432 569 εἰ
1461 542 1499 580 μὴ
1519 542 1533 569 6
1548 542 1649 581 Πατὴρ,
1672 540 1729 569 οὐδὲ
1756 540 1802 568 τὸν
1827 541 1878 566 Πα-

1061 585 1121 625 τέρα
1138 587 1159 614 εί
1187 586 1226 624 μὴ
1248 587 1261 614 6
1295 587 1366 623 Υἱὸς,
1390 585 1458 614 οὕτω
1481 585 1573 623 τολμῶ
1595 585 1694 624 λέγειν,
1717 583 1758 612 ὅτι
1784 582 1838 612 οἱ)δέ
1852 584 1878 610 τὸ

1062 633 1176 668 Πνεῦμα,
1195 631 1270 668 εἰμὴ
1296 631 1309 658 ὁ
1334 631 1425 670 Πατὴρ
1453 631 1495 659 καὶ
1525 631 1538 658 6
1573 631 1633 662 Υἱὸς
1652 629 1716 669 παρ’
1745 628 1774 657 οὗ
1799 629 1878 656 ἔκπο-

1061 675 1162 709 ρεύεται
1183 676 1225 703 καὶ
1238 674 1299 712 παρ’
1316 677 1345 703 οὗ
1366 674 1506 713 λαμϐάνει.
1526 689 1536 704 ι

1103 715 1131 748 ⁴0
1157 719 1240 759 μέγας
1257 720 1411 752 Ἀθανάσιος
1441 719 1468 747 ἐν
1496 723 1530 758 τῇ
1551 721 1616 759 πρὸς
1645 719 1801 758 Σεραπίωνα
1830 718 1879 745 ἐπι-

1061 763 1154 802 στολῇ,
1180 764 1213 798 ἧς
1242 765 1258 798 ἡ
1289 764 1374 804 ἀρχὴ,
1408 776 1421 791 α
1445 765 1482 793 Τὰ
1508 765 1651 803 γράμματα
1673 766 1722 797 τῆς
1746 766 1795 796 σῆς
1816 764 1879 807 ἰερίὶς

1062 807 1213 848 διαθέσεως⁷
1241 819 1252 837 ι
1272 802 1350 848 φησίν
1369 817 1375 824 '
1396 820 1409 836 α
1428 809 1476 838 Καὶ
1497 802 1589 846 ὁννμέν
1614 810 1672 840 Υἱὸς
1688 819 1770 847 φησιν
1787 817 1795 826 '
1816 818 1827 835 ι
1846 802 1880 834 ’Ἀ

1062 852 1164 886 ἤκουσα
1192 853 1263 892 παρὰ
1289 857 1335 882 τοὺ
1356 854 1469 892 Πατρὸς,
1499 857 1580 881 ταῦτα
1602 854 1644 881 καὶ
1673 852 1749 881 λαλῶ
1777 853 1814 884 εἱς
1840 852 1881 879 τὸν

1063 897 1165 936 κόσμον
1182 907 1189 915 ⁵
1215 909 1228 925 ιι
1256 899 1286 926 τὸ
1314 897 1340 926 δὲ
1369 901 1475 936 Πνεῦμα
1506 898 1536 926 ἐκ
1563 909 1608 927 του
1641 899 1701 926 Υἱοῦ
1729 896 1855 935 λαμϐάνει
1871 906 1878 913 ·

1066 952 1077 968 ε
1102 941 1148 970 Ἐκ
1168 945 1214 970 τοῦ
1241 942 1305 980 ἐμοῦ
1325 943 1374 982 γὰρ
1403 943 1530 981 λήψεται,
1547 943 1590 970 καὶ
1604 941 1750 981 ἀναγγελεῖ
1777 943 1850 979 ὑμῖν,
1867 951 1879 968 ι

1062 987 1151 1026 φησίν.
1169 996 1184 1016 )

1105 1027 1133 1060 l0
1156 1031 1230 1070 δίγιος
1253 1031 1381 1071 Κύριλλος
1405 1034 1441 1065 εἷς
1467 1034 1497 1061 τὸ
1518 1033 1609 1072 ῥητὸν,
1646 1033 1688 1072 τὸ,
1721 1046 1732 1062 ι
1749 1030 1881 1072 Πιστεύετε

1063 1078 1099 1108 εἷς
1114 1077 1158 1104 τὸν
1188 1077 1264 1114 Θεόν,
1290 1079 1334 1106 καὶ
1362 1079 1399 1111 είς
1424 1079 1470 1116 ἐμὲ
1492 1080 1637 1116 πιστεύετε,
1663 1088 1674 1103 ι
1692 1078 1773 1117 φησίν
1791 1086 1797 1092 ·
1817 1087 1828 1104 ι
1853 1071 1880 1103 Ἠ

1062 1122 1112 1160 γὰρ
1133 1122 1193 1160 ἁγία
1222 1133 1251 1150 τε
1279 1123 1323 1150 καὶ
1365 1123 1502 1160 ὁμοούσιος
1546 1124 1622 1163 Τριὰς
1668 1124 1712 1151 χαὶ
1740 1122 1804 1153 ταῖς
1833 1122 1880 1149 τῶν

1064 1162 1200 1199 ὀνομάτων
1228 1161 1365 1202 διαφορατς
1393 1165 1437 1204 καί
1458 1170 1518 1195 ταῖς
1546 1161 1599 1192 τῶν
1621 1163 1772 1203 προσώπων
1807 1161 1880 1189 ποιό-

1063 1207 1124 1239 τησί
1143 1217 1170 1234 τε
1185 1208 1228 1235 καὶ
1243 1206 1352 1240 ἰδιότητι
1367 1207 1557 1239 διαστέλλεται,
1576 1219 1588 1237 ιι

1105 1247 1133 1280 (Ο
1150 1251 1226 1284 αὐτὸς
1241 1253 1277 1284 εἰς
1305 1253 1336 1280 τὸ
1360 1252 1439 1290 ῥητὸν
1460 1254 1501 1292 τὸ,
1521 1265 1533 1281 ι
1551 1253 1639 1281 Πάντα
1660 1251 1694 1280 δι’
1718 1253 1798 1281 αὐτοῦ
1824 1250 1880 1289 ἐγὲν

1064 1306 1134 1333 vero,
1159 1307 1172 1323 a
1202 1297 1280 1337 φησίν
1297 1306 1305 1314 ⁸
1345 1311 1357 1327 α
1380 1298 1417 1325 0'3
1446 1298 1496 1337 γὰρ
1525 1297 1608 1333 δήπου
1636 1297 1705 1325 κατὰ
1734 1297 1818 1335 μόνην
1836 1295 1880 1328 τὴν

1063 1341 1208 1376 ὁμοιότητα
1236 1341 1283 1375 τῆς
1310 1342 1397 1373 οὐσίας
1438 1343 1474 1374 ὡς
1503 1342 1659 1382 χαρακτῆρα
1692 1342 1738 1369 τὸν
1774 1342 1831 1369 Υἱὸν
1858 1340 1880 1367 ἐν

1064 1387 1143 1425 Πατρὶ
1167 1387 1336 1425 θεωρήσομεν
1352 1394 1359 1401 ·
1391 1386 1408 1420 ἣ
1437 1387 1469 1414 αὖ
1511 1387 1590 1415 πάλιν
1619 1388 1655 1419 ὼς
1682 1387 1831 1427 ἀρχέτυπον
1857 1384 1881 1412 ἐν

1063 1431 1115 1467 Υἱῷ
1153 1431 1198 1458 τὸν
1221 1430 1323 1469 Πατέρα
1339 1438 1346 1445 '
1370 1430 1429 1459 ἀλλ’
1460 1433 1518 1459 Υἱὸν
1536 1432 1595 1469 μὲν,
1619 1431 1649 1460 ἐκ
1662 1433 1711 1465 τῆς
1727 1436 1774 1460 τοῦ
1789 1430 1881 1469 Πατρὸς

1063 1475 1150 1507 οὖσίας
1185 1477 1320 1514 γενντιτιῖις
1348 1474 1529 1512 ἐκλέμποντα,
1561 1477 1604 1504 καὶ
1633 1476 1659 1503 ὲν
1689 1477 1768 1514 αὐτῇ,
1798 1475 1840 1502 καὶ
1859 1472 1881 1504 ἐξ

1065 1519 1144 1553 αότῆε
1179 1519 1362 1552 ἶδιοεωστάτως
1396 1520 1550 1560 ὕπαρχον-τα
1592 1522 1636 1548 καὶ
1663 1521 1801 1560 ὑφεστῶτα
1824 1519 1882 1546 Θεὸν

1066 1564 1149 1602 Λόγον
1164 1563 1359 1603 παραδεξόμεθα
1377 1573 1383 1581 ·
1408 1565 1511 1604 Πατέρα
1541 1564 1567 1593 δὲ
1589 1564 1668 1593 πάλιν
1697 1565 1724 1592 ἐν
1759 1566 1821 1601 Υἷῷ,
1849 1564 1882 1593 ὡς

1063 1608 1089 1635 ἐν
1138 1609 1268 1646 ὁμοουσίῳ
1312 1619 1456 1648 γεννηματι
1495 1613 1617 1650 συμφυῶς
1661 1610 1720 1647 μὲν,
1760 1609 1825 1637 κατὰ
1858 1606 1881 1634 δὲ

1064 1652 1148 1687 μόνην
1175 1653 1225 1686 τὴν
1255 1653 1395 1692 ἑτερότητα
1423 1657 1469 1682 τοῦ
1492 1654 1563 1682 εἶναι
1592 1655 1636 1683 καὶ
1664 1655 1796 1694 νοεῖσθαι,
1818 1650 1882 1681 τοῦθ’

1063 1696 1128 1736 ὅπερ
1150 1696 1204 1725 ἐστὶ
1219 1698 1430 1737 μεμερισμένως,
1447 1710 1461 1726 υ

1106 1737 1133 1770 ιΟ
1149 1743 1226 1782 16:6:
1242 1742 1268 1770 ἐν
1284 1743 1328 1774 οἷς
1347 1749 1465 1771 ποιεῖται
1495 1743 1684 1782 συλλογισμοῖς
1707 1744 1743 1777 εἷς
1757 1745 1788 1772 τὸ
1808 1743 1882 1782 ῥητὸν

1063 1787 1105 1825 τὸ,
1139 1797 1150 1814 α
1192 1781 1220 1815 Ὀ
1252 1787 1336 1825 Λόγος
1372 1787 1404 1820 ἧν
1419 1788 1483 1827 πρὸς
1499 1789 1544 1815 τὸν
1559 1781 1636 1824 Θεὸν,
1655 1800 1668 1818 ι
1691 1789 1772 1827 φησίν
1789 1796 1796 1802 ·
1809 1781 1827 1818 να
1843 1787 1882 1817 Εἷς

1065 1831 1128 1859 Θεὸν
1152 1831 1254 1871 Πατέρα
1286 1833 1330 1859 καὶ
1355 1833 1391 1864 εἷς
1433 1833 1492 1860 Υἱὸν
1519 1833 1656 1871 Μονογενῆ
1683 1834 1726 1861 καὶ
1749 1834 1785 1864 εἰς
1813 1832 1882 1871 ἅγιον

1064 1879 1170 1914 Πνεῦμα
1204 1876 1383 1914 πιστεύοντες,

1735 418 1749 434 α
1780 409 1880 444 Πνεῦμα

1427 1876 1608 1914 δικαιούμεθα.
1652 1878 1700 1906 Διὰ
1744 1888 1784 1906 τοι
1811 1877 1881 1905 τοῦτο

1064 1921 1107 1948 καὶ
1136 1921 1211 1952 αὐτὸς
1234 1922 1248 1948 6
1277 1922 1371 1960 Σωτὴρ
1393 1928 1450 1953 τοῖς
1474 1922 1578 1953 οἰκείοις
1604 1923 1738 1959 μαθηταῖς
1755 1922 1879 1950 ἐπιτάττει

1063 1964 1148 2003 λέγων
1166 1975 1174 1982 ·
1205 1966 1374 2005 Πορευθέντες
1411 1966 1593 2003 μαθητεύσατε
1631 1967 1717 1995 πάντα
1760 1967 1792 1995 τὰ
1825 1967 1880 1997 ἔθνη

1064 2010 1231 2047 βαπτίζοντες
1268 2010 1361 2043 αὐτοὺς
1390 2011 1426 2043 εἷς
1453 2011 1483 2038 τὸ
1517 2010 1600 2048 ὄνομα
1627 2011 1672 2039 τοῦ
1707 2012 1819 2051 Πατρὺς,
1841 2009 1880 2037 καὶ

1063 2057 1109 2082 τοῦ
1136 2055 1207 2089 Υἶοῠ,
1232 2055 1275 2082 καὶ
1297 2056 1342 2083 τοῦ
1357 2055 1430 2094 ἁγίου
1451 2055 1616 2092 Πνεύματος.
1634 2069 1645 2085 ι
1664 2054 1748 2095 Εἴπερ
1763 2055 1805 2084 οὖν
1818 2053 1881 2084 ὃλως

202 2099 376 2137 diversitas,
413 2100 465 2130 sed
499 2102 616 2131 Patrem
654 2101 705 2140 qui
747 2100 905 2130 nominans
943 2105 1020 2130 notat

1081 2097 1121 2127 ὺδὲ
1155 2099 1222 2136 ἡμῖν
1257 2100 1360 2127 εἰσοίσει
1382 2092 1462 2139 -πρὸς
1492 2099 1583 2133 ὅνησιν
1610 2101 1627 2134 ἠ
1663 2103 1715 2128 τῶν
1734 2092 1880 2138 -ὁνομάτων

200 2144 320 2181 Filium,
353 2149 381 2175 et
405 2145 510 2176 Filium
534 2145 615 2176 illius
641 2145 805 2185 appellans,
834 2144 928 2175 Patris
942 2154 1024 2175 men-

200 2189 311 2220 tionem
340 2189 474 2227 inducit,
506 2199 571 2230 quae
609 2195 672 2222 erat
701 2189 864 2221 necessitas
903 2199 961 2219 non
995 2190 1024 2220 in

200 2233 342 2264 unitatem
371 2235 424 2265 sed
449 2235 480 2265 in
496 2234 669 2266 Trinitatem
699 2235 798 2275 potius
829 2233 970 2274 baptizari
993 2234 1024 2264 ﬁ-

200 2279 284 2309 deles
312 2279 429 2310 voluit?
457 2281 529 2311 Cum
560 2289 628 2310 vero
665 2280 696 2310 in
726 2279 887 2310 ternarium
917 2288 1024 2309 nume—

201 2333 316 2354 merum
342 2324 380 2354 de
408 2323 508 2354 divina
536 2329 641 2355 natura
664 2324 738 2354 ratio
768 2324 908 2360 excurrit,
925 2323 1027 2354 marti—

200 2367 306 2398 festum
338 2369 476 2400 omnibus
499 2374 556 2407 est,
584 2369 613 2400 in
638 2369 788 2409 hypostasi
817 2369 936 2409 quidem
955 2378 1024 2408 pro-

202 2412 266 2450 pria
280 2418 517 2444 enumeratorum
534 2414 651 2454 singula
667 2416 776 2451 inesse,
797 2418 826 2444 et
846 2421 914 2443 vero
944 2414 1026 2444 nulla

201 2456 231 2486 in
246 2465 279 2487 re
309 2461 422 2488 natura}
451 2457 651 2489 diversitatem
680 2458 848 2494 admittere,
878 2457 907 2487 in
937 2467 1024 2488 unam

202 2500 341 2532 deitatem
371 2502 572 2541 ascendimus,
591 2508 619 2534 et
634 2503 737 2534 eadem
759 2503 931 2534 adoratione
954 2512 1026 2543 pro-

203 2545 349 2585 sequitur.
369 2559 380 2574 υ

247 2589 374 2626 Quaerito
390 2591 419 2622 in
437 2591 523 2622 tertio
538 2592 681 2623 adversus
691 2593 869 2624 Eunomium
882 2592 958 2623 libr.)
973 2601 1026 2623 ex-

1065 2141 1185 2182 διαφορὰ,
1215 2143 1319 2183 Πατέρα
1350 2143 1376 2172 δὲ
1402 2156 1443 2176 τις
1473 2145 1564 2183 εἰπὼν,
1594 2145 1717 2182 σημαίνει
1739 2145 1784 2172 τὸν
1814 2144 1879 2178 Υἱὺν,

1065 2188 1108 2214 καὶ
1142 2188 1201 2215 ne»
1230 2189 1360 2226 ὀνομάσας
1388 2190 1475 2230 αὑτοῦ,
1506 2190 1665 2228 μνημονεύει
1692 2193 1736 2218 τοῦ
1765 2187 1879 2227 Πατρός⁸

1065 2232 1103 2263 τὶς
1138 2231 1171 2265 ἦν
1207 2233 1224 2266 ἡ
1246 2233 1322 2273 χρεία
1344 2234 1383 2272 μὴ
1405 2235 1469 2273 πρὸς
1498 2234 1575 2262 ἐνάδα
1604 2233 1717 2272 μᾶλλον,
1754 2232 1812 2262 ἀλλ’
1847 2231 1880 2262 εἷς

1067 2275 1161 2315 Τριάδα
1203 2277 1323 2306 καλεύειν
1372 2279 1539 2317 βαπτίζεσθαι
1589 2280 1649 2311 τοὺς
1691 2280 1880 2313 πιστεύοντας;

1067 2320 1175 2356 Ἐπειδὴ
1204 2321 1232 2350 δὲ
1261 2323 1296 2356 εἷς
1325 2324 1372 2351 τὸν
1399 2331 1472 2363 τρεῖς
1502 2324 1610 2364 ἀριθμὸν
1636 2325 1650 2352 ὁ
1671 2325 1729 2364 περὶ
1743 2326 1790 2358 τῆς
1816 2322 1880 2351 θείας

1068 2366 1169 2405 φύσεως
1217 2366 1336 2408 ἐκτρέχει
1377 2369 1468 2407 λόγος,
1504 2368 1635 2408 πρόδηλον
1673 2368 1758 2404 δήπου
1803 2370 1879 2396 πᾶσιν

1068 2411 1149 2448 ἐστιν,
1179 2413 1207 2439 ἓν
1240 2413 1385 2442 ὑποστάσαι
1429 2414 1477 2451 μὲν
1515 2412 1565 2450 ἰδίᾳ
1605 2416 1657 2442 τῶν
1691 2412 1879 2453 ἀριθμουμένων

1067 2455 1177 2484 ἕκαστον
1209 2457 1291 2497 εἶναι,
1323 2462 1360 2495 τῷ
1392 2457 1419 2486 δὲ
1462 2457 1612 2497 μηδαμόθεν
1643 2458 1803 2499 ἐξηλλάχθαι
1836 2456 1880 2489 τὴν

1068 2501 1155 2541 φύσιν,
1178 2502 1214 2534 εἷς
1243 2503 1304 2540 μίαν
1333 2501 1479 2532 ἀναϐαίνειν
1502 2504 1615 2537 θεότητα
1644 2504 1687 2532 καὶ
1714 2502 1881 2544 προσκύνησιν

1069 2545 1142 2585 ἔχειν
1162 2547 1212 2581 τὴν
1227 2547 1319 2581 αὐτὴν.
1339 2559 1351 2576 ο

1109 2592 1186 2627 Ζήτει
1215 2593 1242 2620 ὲν
1271 2595 1309 2629 τῷ
1330 2588 1357 2632 γ’
1382 2597 1434 2621 τῶν
1463 2594 1522 2622 κατ’
1553 2593 1679 2632 Εὖνομίου
1708 2592 1828 2633 ἐξήγησιν
1840 2593 1881 2619 τοῦ

243 2675 279 2719 91
287 2674 397 2716 Ephes.
414 2683 453 2712 iv,
470 2675 501 2719 οἱ
515 2677 545 2702 9ί
559 2677 662 2710 Matth.
674 2685 715 2718 xx,
732 2678 781 2708 27.
793 2677 835 2707 93.
851 2678 937 2710 Joan.
952 2686 1001 2717 xv,
1023 2678 1071 2719 15;
1086 2684 1147 2715 XVI,
1165 2677 1215 2709 t4.
1230 2677 1262 2703 94
1275 2678 1360 2711 Joan.
1376 2686 1438 2718 xw,
1456 2682 1484 2711 1.
1500 2678 1532 2706 95
1545 2679 1631 2712 Joan.
1647 2686 1669 2719 ι,
1686 2677 1716 2711 3.
1731 2674 1879 2710 WlbidJ.

204 2715 235 2741 97
251 2715 332 2748 Matt.
349 2723 450 2754 xxvnr,
471 2716 515 2749 19.
