1962 3072
61 147 120 180 725
426 150 644 182 REFUTATIO
666 150 851 181 PHOTIANI
874 151 984 182 LIBRI
1012 152 1059 182 DE
1081 151 1232 183 SPIRITU
1257 153 1276 183 S
1698 156 1754 188 726

67 281 110 351 J
116 281 380 353 OANN
386 281 470 352 IS
548 280 825 353 VECCI

974 282 1028 351 .3-
1095 281 1748 358 PATRIARCHAE

616 419 870 456 REFUTATIO
908 420 1024 456 LIBRI
1064 420 1212 456 PHO'l‘lI

271 524 359 577 DE
406 522 881 579 PROCESSIONE
927 523 1240 575 SPIRITUS
1297 524 1541 578 SANCI‘I

728 647 855 670 EDITORE
879 647 911 669 ET
932 645 1108 668 INTEIIPIIETE

480 732 537 782 D.
580 731 629 782 J.
673 728 1330 780 HERRGENROETHER

263 832 437 855 TREOLOGIE
457 831 590 854 DOCTORF.
610 832 798 858 EJUSDEMQUE
820 831 847 853 IN
870 829 1077 852 UNIVERSITATE
1099 828 1338 853 WllICEBURGENSI
1361 833 1548 857 PROFESSORE

467 872 541 894 NLNC
560 864 608 895 EE
624 872 779 896 canonum
796 871 924 894 DIACONO
941 861 1062 892 Suom:
1077 861 1203 892 III-MANE
1219 862 1381 894 ECCLEsnE,

736 1004 948 1051 PR/EFA
961 1005 1080 1050 ΤΗ).

100 1111 166 1140 Jam
207 1108 279 1148 typis
321 1108 417 1139 editus
458 1111 552 1142 fuerat
595 1109 692 1141 Photii
738 1109 781 1139 De
830 1107 967 1148 Spiritus
989 1109 1086 1138 sancti
1131 1108 1318 1148 myslagogia
1361 1107 1456 1149 liber,
1502 1120 1567 1141 cum
1610 1117 1749 1144 autumno

60 1153 131 1184 anni
161 1153 262 1190 1857,
293 1153 449 1185 Florentiae
487 1155 517 1185 in
550 1153 748 1186 Laurentiana
781 1152 949 1197 biblotheca
982 1151 1096 1197 alium77
1115 1151 1248 1197 ejusdem
1285 1152 1384 1192 operis
1420 1154 1552 1186 codicem
1577 1158 1619 1197 (Ι)
1645 1162 1750 1189 nactus

61 1205 106 1228 est
136 1198 250 1234 editor,
282 1197 334 1235 qui
370 1199 575 1231 refutationem
609 1198 743 1238 ejusdem
773 1196 943 1242 continebat
973 1197 1001 1242 i7n
1039 1196 1118 1242 nullo
1150 1196 1206 1242 alio
1243 1197 1346 1227 codice
1378 1197 1542 1230 inventam.
1574 1201 1632 1232 Has
1661 1212 1748 1242 porro

60 1242 226 1281 ἀντιρῤτισεις
249 1241 435 1273 celeberrimi
476 1243 649 1284 patriarchae
686 1241 808 1273 Joannis
850 1240 937 1271 Vecci
977 1241 1063 1271 Decci
1093 1241 1154 1270 sive
1188 1240 1277 1271 fetum
1317 1251 1407 1279 esse,
1439 1243 1507 1274 licet
1543 1245 1607 1285 ejus
1641 1240 1748 1278 nomen

59 1297 117 1316 non
147 1295 206 1326 pra:
235 1295 267 1316 se
297 1286 402 1326 lerant,
429 1297 463 1318 ex
494 1288 593 1318 multis
622 1286 741 1317 indiciis
769 1286 1009 1331 argumentisque
1034 1284 1184 1331 judicabat
1212 1285 1276 1322 t2),
1302 1291 1369 1331 tum
1400 1289 1529 1319 externis
1559 1284 1618 1320 tum
1657 1292 1749 1331 polis-

58 1332 167 1362 simum
203 1330 338 1362 internis.
380 1331 451 1362 Nam
496 1337 689 1372 praeterquam
729 1330 807 1370 quod
842 1330 910 1375 7hoc7
946 1330 1087 1375 scriptum
1115 1329 1202 1375 inter
1242 1330 1339 1360 media
1382 1331 1468 1363 Becci
1513 1333 1618 1373 legitur
1657 1329 1750 1375 opera

59 1375 258 1415 prmeedentia
292 1380 321 1405 et
363 1376 593 1416 subsequentia,
624 1380 652 1406 et
694 1375 771 1415 quod
814 1373 912 1405 Photii
955 1373 1031 1404 liber
1069 1373 1172 1404 eodem
1217 1375 1302 1404 modo
1339 1385 1373 1405 ac
1411 1376 1441 1406 in
1483 1377 1539 1407 alio
1578 1373 1750 1418 hujus'viri

55 1429 148 1460 opere
180 1420 219 1452 {3i
252 1420 381 1457 dicitur,
412 1422 447 1452 ad
483 1421 644 1452 Euschium
674 1419 832 1460 quemdam
873 1418 1082 1458 philosophum
1125 1418 1256 1449 directus
1288 1419 1318 1448 in
1355 1419 1548 1460 inscriptione
1577 1424 1747 1460 asseritur,

58 1475 115 1495 non
147 1465 242 1496 solum
273 1466 387 1496 Beccus
423 1466 501 1496 inter
528 1465 695 1496 schisn‘ialis
725 1466 878 1504 patronost
904 1473 920 1493 a
953 1472 985 1493 se
1014 1463 1178 1493 confutatos
1210 1463 1296 1494 etiam
1339 1464 1474 1495 Photium
1506 1466 1616 1498 diserte
1647 1468 1745 1499 nomi—

55 1514 102 1540 nat
145 1510 205 1548 (4),
247 1519 346 1540 verum
376 1511 463 1541 etiam
497 1511 532 1541 ad
569 1510 648 1541 aliud
688 1509 830 1549 scriptum
860 1511 1021 1548 provocat,
1061 1507 1110 1537 ubi
1153 1508 1244 1538 fusius
1285 1509 1453 1550 clariusque
1482 1511 1742 1550 demonstraverit,

54 1555 195 1585 Pholium
228 1564 285 1584 non
311 1555 374 1585 zelo
404 1555 536 1586 veritatis
565 1564 599 1585 ac
629 1554 734 1584 divina;
763 1553 888 1592 glorias,
918 1553 968 1582 Sed
1005 1552 1072 1582 odio
1104 1557 1132 1583 et
1162 1553 1360 1584 conlenlionis
1389 1554 1487 1586 studio
1517 1555 1657 1587 Romanae
1686 1557 1743 1588 Ec-

50 1599 150 1630 clesiae
179 1599 315 1637 dogmata
338 1600 530 1640 impugnasse
561 1601 620 1640 t5),
649 1599 725 1640 quod
756 1598 786 1628 in
816 1597 929 1627 nullum
958 1597 1091 1637 ejusdem
1124 1597 1231 1628 librum
1261 1598 1334 1628 adeo
1365 1598 1441 1630 bene
1479 1601 1626 1640 quadrat,
1657 1611 1745 1642 quam

52 1645 80 1674 in
111 1648 269 1681 nostrum,
301 1646 464 1685 praesertim
495 1655 561 1676 eum
578 1645 666 1682 alibi,
698 1645 728 1674 in
755 1643 889 1673 oratione
921 1643 964 1672 De
993 1646 1110 1673 unione
1137 1643 1279 1674 Ecclesia;
1305 1647 1333 1674 et
1361 1644 1390 1674 in
1425 1644 1509 1676 libris
1542 1647 1581 1676 ad
1610 1646 1743 1678 Theodo-

51 1698 120 1719 rum
151 1689 290 1729 Sugdtea:
315 1690 487 1729 episcopum
505 1714 512 1725 τ
545 1689 663 1720 nonnisi
695 1689 734 1728 (6)
762 1687 894 1718 breviter
908 1691 937 1717 et
965 1697 1022 1718 una
1051 1697 1117 1718 cum
1142 1687 1209 1718 aliis
1237 1688 1327 1719 rebus
1357 1689 1500 1720 Photiana
1528 1691 1660 1731 quadam
1689 1701 1742 1722 so—

51 1734 198 1773 phismata
240 1734 458 1774 perstrinxerit.
506 1736 652 1766 l’razterea
699 1733 836 1764 universa
879 1732 1027 1772 pugnandi
1078 1733 1153 1763 ratio
1194 1733 1229 1762 ad
1273 1742 1339 1763 eum
1384 1736 1591 1766 controversiae
1634 1740 1741 1766 statum

49 1779 203 1818 pertinet,
235 1779 284 1819 qui
309 1779 417 1809 saeculo
459 1779 575 1810 decimo
612 1779 698 1809 tertio
738 1776 914 1814 obtinebat,
956 1781 1116 1817 auctorque
1146 1777 1239 1816 magis
1268 1777 1320 1808 ωνὶ
1349 1778 1436 1818 hujus
1466 1780 1674 1811 schismaticos
1705 1781 1743 1812 ob

48 1823 152 1854 oculos
187 1823 297 1861 habet,
328 1832 416 1863 quam
442 1824 579 1855 Pholium
618 1824 741 1863 ejusque
780 1830 904 1852 comvos.
949 1822 1045 1860 Slylus
1081 1821 1226 1852 Joannem
1255 1822 1453 1860 palriarcham
1489 1826 1609 1855 omnino
1651 1824 1741 1855 redo-

48 1868 113 1903 let;
156 1867 251 1907 ipsius
288 1869 442 1899 sententiae
477 1878 511 1900 ac
539 1869 628 1899 verba
656 1869 685 1898 in
715 1867 781 1898 aliis
818 1866 902 1897 libris
941 1867 1113 1906 frequenter
1147 1866 1281 1897 adhibita
1322 1867 1385 1898 fere
1421 1869 1529 1907 ubipie
1562 1873 1740 1908 recurrunt,

48 1912 139 1942 multa
176 1912 356 1943 Verbolenus
385 1923 451 1943 cum
486 1913 531 1944 his
569 1912 760 1944 consentiunt
789 1912 840 1950 (7).
868 1911 949 1942 Solet
978 1911 1057 1941 enim
1090 1912 1201 1942 Beccus
1231 1921 1295 1952 quae
1334 1913 1404 1943 alibi
1433 1914 1573 1953 dixerat,
1601 1923 1739 1954 saepenu-

46 1966 128 1987 mero
160 1961 299 1997 repetere
331 1967 365 1988 ac
406 1958 467 1988 suis
506 1958 614 1997 gaudet
653 1957 835 1996 argumentis
869 1956 1106 1995 vocabulisque,
1138 1957 1209 1986 dum
1249 1957 1312 1996 ejus
1348 1957 1487 1998 discipuli
1530 1959 1741 1990 Constantinus

43 2001 225 2032 Meliteniola
255 2006 282 2032 et
308 2001 454 2040 Georgius
484 2003 660 2038 Metochila,
690 2002 760 2032 licet
787 2009 820 2030 re
848 2000 911 2040 ipsa
942 2001 1006 2039 ejus
1044 2001 1225 2039 argumentis
1269 2001 1382 2042 innixi,
1416 2009 1513 2033 tamen
1544 2003 1639 2043 quoad
1673 2005 1737 2034 elo-

44 2046 196 2076 cutionem
228 2050 256 2077 et
284 2046 510 2086 dispositionem
535 2047 571 2077 ab
601 2047 665 2086 ipso
699 2046 851 2076 dill‘erunt.
886 2045 1010 2075 Demum
1038 2045 1153 2083 omnia,
1191 2055 1255 2085 quae
1285 2047 1444 2085 peculiaria
1472 2052 1540 2077 sunt
1579 2048 1676 2082 Becci.
1707 2048 1738 2078 in

44 2099 134 2128 opere
165 2095 265 2121 noslro
305 2095 472 2121 recurrunt.
513 2091 614 2127 Quoad
653 2100 716 2121 rem
762 2089 855 2129 ipsam
883 2089 955 2119 nihil
994 2089 1055 2118 fere
1095 2089 1161 2119 novi
1194 2095 1220 2119 et
1247 2090 1318 2120 alias
1348 2100 1406 2120 non
1431 2091 1502 2121 dicti
1537 2091 1613 2121 liber
1640 2092 1735 2130 offert,

45 2134 151 2173 dignus
181 2141 282 2166 tamen
326 2135 362 2165 ob
405 2136 534 2166 auctoris
576 2135 748 2174 dignitatem
787 2137 816 2164 et
849 2133 970 2164 celebre
1001 2142 1129 2167 nomen.
1172 2134 1222 2174 qui
1252 2135 1366 2165 ezeteris
1405 2135 1522 2175 scriptis
1556 2135 1585 2165 in
1616 2137 1736 2167 Gram-iu

43 2179 215 2210 orthodoxa
251 2179 382 2210 collectis
424 2181 611 2219 adjungatur.
643 2180 788 2211 Ceterum
831 2178 861 2208 in
901 2178 1077 2218 quibusdam
1113 2178 1200 2208 etiam
1247 2179 1365 2218 propria
1404 2189 1456 2209 sua
1482 2180 1602 2210 exhibet
1641 2180 1736 2210 docu-

46 2228 144 2254 menta
177 2228 204 2254 et
240 2224 268 2254 in
298 2224 363 2254 aliis
393 2234 427 2255 ea
456 2225 581 2255 illustrat
615 2228 642 2254 cl
669 2223 804 2264 perﬁcit,
843 2232 909 2263 qum
948 2224 975 2252 in
1014 2223 1079 2252 aliis
1119 2223 1202 2253 libris
1243 2224 1390 2261 disputata
1429 2228 1524 2254 erant.
1556 2224 1628 2254 Tota
1669 2233 1736 2254 vero

43 2267 213 2307 disputandi
243 2270 317 2299 ratio
348 2268 482 2299 Patribus
513 2269 654 2300 Ecclesia:
692 2269 802 2298 Grmue
835 2267 1002 2301 inniltltur.
1032 2267 1070 2297 ita
1104 2273 1137 2298 ut
1170 2268 1361 2305 oslendatur,
1392 2268 1534 2299 absurdus
1560 2277 1609 2298 eas
1635 2277 1737 2299 conse.

41 2313 180 2350 quentins
199 2336 206 2346 ,
241 2323 313 2354 quas
343 2313 462 2344 Photius
492 2323 525 2344 ex
569 2313 739 2344 Latinorum
770 2313 906 2351 dogmate
947 2311 1084 2350 deducit,
1116 2322 1173 2342 non
1217 2313 1310 2351 magis
1339 2323 1425 2352 quam
1465 2313 1531 2343 illos
1566 2313 1675 2349 ferire,
1707 2317 1735 2343 et

40 2357 167 2388 crimina
208 2358 244 2388 ab
287 2358 337 2389 illo
381 2359 459 2390 Italis
497 2368 549 2389 seu
588 2357 729 2388 Romanis
775 2357 901 2397 impacta
943 2357 1047 2386 eodem
1090 2357 1157 2396 jure
1198 2357 1368 2388 doctoribus
1405 2357 1604 2388 Orientalibus
1648 2367 1735 2398 posse

40 2401 129 2434 inuri.
170 2403 222 2433 Vir
262 2403 343 2433 enim
381 2403 520 2443 praeclare
548 2403 670 2436 doctus.
709 2402 794 2441 cujus
829 2402 887 2432 vita
917 2401 1016 2431 nimiis
1053 2403 1217 2437 agitabatur
1255 2402 1411 2442 procellis,
1443 2412 1501 2433 non
1527 2402 1658 2442 singulas
1684 2412 1734 2434 eas

41 2446 242 2484 subtilitates,
270 2447 376 2488 quibus
409 2447 531 2479 Photius
572 2457 622 2488 pro
663 2456 696 2478 re
726 2455 779 2477 sua
809 2449 976 2486 pugnaret,
1015 2446 1145 2478 limatius
1184 2447 1389 2486 pertractavit;
1429 2457 1526 2487 neque
1562 2447 1591 2478 id
1626 2457 1733 2478 neces-

84 2532 125 2570 Η)
138 2533 226 2563 Laur.
244 2531 317 2571 plut.
331 2531 383 2563 VII
399 2532 464 2562 cod.
480 2532 519 2564 96
536 2541 564 2572 p'
579 2532 636 2563 714
653 2541 716 2572 seq.
733 2530 868 2572 (Bandin,
952 2530 995 2572 (fi)
1016 2531 1058 2572 7I)e
1073 2530 1159 2561 libris
1174 2532 1238 2562 suis
1253 2530 1302 2562 Gr.
1320 2532 1397 2563 orth.
1413 2531 1439 2562 II
1456 2541 1483 2571 p.
1497 2532 1525 2569 8,
1544 2533 1572 2562 9.

42 2572 127 2612 catal.
148 2582 177 2612 p.
195 2572 252 2602 384
270 2582 300 2603 n.
316 2573 365 2612 19)
383 2573 419 2602 de
434 2582 493 2612 quo
511 2570 576 2602 vide
589 2570 705 2602 Praefat:
721 2571 757 2602 ad
784 2570 868 2602 Phot.
953 2570 994 2612 (ὅ)
1011 2570 1054 2612 De
1078 2572 1192 2610 iujuslu.
1221 2571 1410 2612 depositione
1438 2570 1512 2605 orat.
1536 2572 1571 2604 II.
1589 2582 1615 2604 c.
1635 2572 1662 2604 Ἰ.
1679 2572 1728 2604 Gr.

43 2611 86 2640 Dr!
103 2610 186 2652 Spir.
203 2612 238 2643 S.
255 2610 472 2652 mystugogiuﬁ
488 2612 525 2643 IX
542 2617 611 2643 nota
623 2611 653 2642 Ξ.
732 2651 737 2652 7
816 2650 828 2652 _
913 2610 1032 2642 orlhod.
1049 2615 1068 2641 ι.
1087 2613 1112 2642 ll
1131 2621 1159 2651 p.
1176 2612 1226 2642 48.
1245 2611 1318 2642 Vide
1335 2612 1410 2642 infra
1426 2613 1525 2644 Refut.
1544 2613 1566 2643 X
1585 2613 1620 2644 ad
1637 2613 1732 2644 Photii

82 2650 130 2690 t9)
141 2650 359 2692 Theologische
381 2650 615 2689 Quartalschrilt.
636 2651 711 2684 1858
727 2651 797 2682 fasc.
816 2650 866 2689 IV,
911 2660 936 2680 c.
959 2652 1002 2692 l7l.

41 2691 227 2734 [1.53627seq.
247 2690 291 2734 νζ
367 2733 371 2734 7
447 2733 456 2734 7
511 2732 574 2734 7
647 2733 651 2734 7
682 2731 708 2734 77
799 2732 804 2734 _
847 2731 853 2734 _
953 2691 990 2734 {97)
1009 2690 1058 2734 Gr.
1075 2692 1154 2734 Ol'th.
1175 2693 1279 2734 l.I,_p.7
1293 2693 1355 2727 61..
1374 2697 1393 2734 ιι
1412 2692 1448 2733 II,
1464 2703 1492 2733 p.
1509 2694 1548 2725 95
1564 2703 1627 2734 seq.

41 2775 49 2802 ί
135 2730 253 2804 [Ἦ.ὲὲἓέ
270 2732 421 2764 Theodor.
439 2732 519 2772 Sugd
536 2732 575 2763 III
591 2741 617 2765 c.
637 2733 666 2764 4.
678 2731 867 2772 (Gr.orthod.
1011 2730 1096 2800 l'illgra
1111 2732 1257 2772 ejusmedi
1272 2733 1303 2763 in
1325 2732 1400 2764 notis
1428 2730 1471 2764 ad
1495 2730 1615 2766 textum'
1632 2733 1729 2774 ipsum

56 2797 58 2799 .
110 2782 164 2804 .u.
242 2773 263 2804 Ὺ,
912 2780 944 2800 ex
961 2780 978 2800 u
1003 2781 1018 2800 υ
1067 2781 1110 2802 us.

56 2773 116 2810 .n,
135 2782 164 2812 ι».
185 2773 263 2804 ίδξυ.

912 2773 1109 2802 exhibuimus.
