1962 3072
242 91 300 123 739

782 92 885 123 JOAN.
911 92 1018 123 V'ECCI
1041 93 1096 123 GP.
1120 92 1378 124 PATRIARCHiE

1854 91 1903 122 740

242 163 271 190 et
282 157 367 198 Filio,
380 157 410 188 in
422 157 527 197 duplex
543 157 702 197 pricipium
725 157 838 189 referre
854 157 994 198 Spiritum
1011 159 1043 189 tit

1105 159 1135 187 τὸ
1156 162 1262 198 Πνεῦμα
1290 159 1364 188 δοκεῖ
1391 172 1443 199 σοι,
1471 160 1501 188 ἐκ
1529 161 1629 199 Πατρὸς
1652 160 1695 188 καὶ
1717 161 1772 188 1⁸ἱοῦ
1792 158 1866 198 λέγων
1877 158 1901 185 τὸ

241 202 528 242 videtur,propterea
542 201 620 241 quod
636 201 702 233 dum
719 201 890 242 hypostases
902 201 960 232 sint
975 201 1062 232 Pater

242 252 270 279 et
284 247 386 279 Filius.
416 246 446 276 in
462 245 570 286 duplex
592 256 710 286 quoque
727 247 906 287 principium
922 246 1060 277 eumdem

239 293 351 324 referre
367 291 417 322 tibi
430 290 607 321 videbuntur
622 290 685 331 ipsa
708 291 758 321 illa
783 291 924 322 Ecclesiae
950 291 1062 322 lumina

234 337 467 377 jugisplendote
483 335 632 374 fulgentia,
652 335 702 376 qui
727 344 760 366 ex
779 337 865 366 l’atre
880 345 932 376 per
951 335 1060 366 Filium

239 381 402 422 procedere
425 379 567 419 Spiritum
593 380 723 411 docuere
751 380 871 415 Patres.
903 384 1061 420 propterea

238 425 314 466 quod
325 424 492 456 distinctam
509 426 596 455 Pater
607 429 635 455 et
658 424 751 455 Filius
767 424 989 455 subsistentiam
1005 425 1058 455 ha-

237 471 432 502 bent.Verum
449 469 517 509 quia
527 469 670 509 quidquid
683 479 736 509 per
747 469 853 500 Filium
863 473 891 501 et
907 478 923 500 a
939 469 1004 500 Filii
1016 478 1060 500 es-

236 525 269 547 se
289 514 409 550 dicitur,
426 514 460 544 ad
485 515 598 544 Patrem
612 513 699 544 habet
713 513 887 544 relationem
900 515 950 550 fa),
965 517 994 543 et
1008 522 1058 544 se-

236 559 365 590 cundum
381 559 437 589 hoc
453 568 511 589 non
527 563 558 588 ut
573 568 607 588 ex
631 557 747 588 duobus
778 558 932 598 principiis
962 562 1006 588 est
1028 558 1057 588 id

235 603 312 644 quod
330 613 363 634 ex
376 602 463 633 Patre
478 612 532 642 per
541 602 647 633 Filium
664 602 709 632 vel
726 611 759 633 ex
777 606 903 642 utroque
917 601 1057 632 subsiste-

234 657 267 679 re
282 647 502 686 dicitur,neque
518 647 569 687 qui
585 656 619 677 ex
642 646 729 677 Patre
745 652 775 678 et
792 647 876 685 Filio,
893 656 990 687 neque
1006 647 1058 686 qui

234 703 268 724 ex
285 693 368 723 Patre
385 701 438 732 per
453 691 558 723 Filium
576 692 738 732 procedere
762 690 905 732 Spiritum
937 692 1053 728 asserit,

235 747 301 769 eum
319 738 347 768 in
363 737 470 776 duplex
482 736 661 776 principium
679 737 815 776 refert,et
829 736 942 767 idcirco
958 745 1055 776 neque

234 785 377 822 sequetur
391 780 610 821 compositio,ut
627 785 708 811 tuum
718 780 777 811 vult
791 780 1053 821 sophisma,neque

1102 207 1208 241 Πνεῦμα
1235 205 1430 245 ἐκπορεύεσθαι,
1460 204 1502 233 διά
1540 205 1570 233 τὸ
1598 203 1641 232 δύο
1669 203 1816 236 ὑποστάσεις
1842 203 1899 230 εἶναι

1102 251 1146 277 τὸν
1169 249 1271 289 Πατέρα
1290 250 1334 278 καὶ
1362 250 1407 277 τὸν
1435 251 1506 286 Υἱον,
1535 250 1571 281 εἷς
1600 247 1706 277 διπλοῦν
1731 247 1760 276 ἂν
1774 247 1901 285 λογισθεῖεν

1102 293 1189 322 αἴτιον
1205 293 1341 334 ἀναφέρειν
1363 295 1425 322 αύτὸ
1446 294 1489 322 καὶ
1515 295 1538 322 οἱ
1567 293 1597 321 ἐκ
1614 294 1715 332 Πατρὸς
1736 291 1767 320 δι’
1795 291 1848 320 Ποῦ
1861 291 1900 318 ἑκ-

1102 339 1254 378 πορεύεσθαι
1280 339 1342 367 αὐτὸ
1377 337 1581 377 δογματίσαντες
1618 337 1750 377 ἀειφανετς
1779 338 1824 369 τῆς
1847 334 1902 364 Ἐκ-

1101 383 1213 418 κλησίας
1256 387 1392 424 φωστῆρες
1428 383 1470 412 διὰ
1505 387 1535 412 το
1565 388 1612 413 τοῦ
1646 384 1746 422 Πατρὸς
1779 382 1820 410 καὶ
1853 381 1905 408 ι”ιοῦ

1101 427 1308 466 ἷδιοΰπόστατον,
1340 428 1414 457 Ἀλλ’
1449 429 1507 457 ὶπεὶ
1528 432 1580 456 πᾶν
1601 429 1632 456 το
1652 427 1694 456 διὰ
1721 427 1766 455 τοῦ
1788 427 1843 454 ι’ἱοὺ
1869 425 1906 451 καὶ

1101 474 1171 512 παρὰ
1185 474 1231 502 τοῦ
1250 475 1323 502 ›ι“ἱοῦ
1349 472 1494 512 λεγόμενον
1523 473 1593 501 εἶναι
1623 473 1659 505 εἷς
1688 472 1733 500 τὸν
1750 469 1846 509 Πατέρα
1864 469 1906 502 τὴν

1100 517 1231 558 ἀναφορὰν
1252 517 1322 558 ἔχει,
1338 519 1380 546 καὶ
1394 518 1464 556 παρὰ
1481 517 1558 546 τοῦτο
1572 519 1624 557 οὐχ
1652 517 1689 548 ὡς
1719 516 1748 544 ὲκ
1774 513 1815 542 δύο
1830 514 1907 558 αἰτίων

1099 557 1161 590 ἐστιν
1175 563 1205 591 τό
1219 563 1250 591 ὲκ
1265 557 1366 602 Πατρὸς
1388 561 1421 590 δι’
1444 563 1504 590 Υἱοῦ
1525 561 1543 595 ἢ
1559 560 1585 594 ἐξ
1614 561 1714 601 ἀμφοῖν
1729 559 1853 598 ὑπάρχειν
1866 557 1907 585 λε-

1099 606 1223 644 γόμενον,
1247 607 1304 635 οὔτε
1326 608 1340 634 ὁ
1356 606 1385 634 ἐκ
1399 606 1500 645 Πατρὸς
1530 606 1573 634 καὶ
1603 606 1663 635 ι’ῑοῦ
1684 604 1742 633 οὔτε
1765 604 1778 631 ὁ
1805 603 1833 630 ἐι
1856 604 1907 630 II:-

1098 652 1157 685 τοὺς
1193 650 1225 679 δι’
1252 653 1311 680 Υἱοῦ
1340 651 1523 690 ἐκπορεύεσθαι
1552 649 1638 688 λέγων
1666 650 1696 678 τὸ
1734 651 1849 686 Πνεῦμα,
1877 646 1907 676 είς

1097 694 1203 724 διπλοῦν
1225 695 1312 724 αἴτιον
1335 695 1458 736 ἀναφέρει
1487 695 1560 732 αὑτὸ,
1578 695 1622 722 καὶ
1649 693 1690 722 διὰ
1710 697 1786 722 τοῦτο
1814 690 1868 720 ὧτε
1882 691 1907 718 τὸ

1096 741 1215 770 σύνθετον
1237 739 1455 777 ἐπακολουθήσει,
1473 741 1509 772 ὡς
1525 740 1555 768 τὸ
1578 740 1624 767 σὸν
1645 738 1768 777 βούλεται
1790 737 1907 776 σόφισμα,

1095 783 1152 813 οὔτε
1165 788 1210 814 τοῦ
1230 785 1289 813 Υἱοῦ
1316 785 1346 812 τὸ
1375 783 1482 813 ἔλαττον
1512 783 1586 824 ἔχειν
1606 784 1636 811 τὸ
1660 783 1779 820 ἰσότιμον
1794 780 1905 819 ϐλασφη-

233 827 331 858 minor
344 826 418 857 Filio
433 824 559 864 Spiritus
575 825 680 856 eodem
697 825 809 856 honore
825 825 964 865 praeditus
978 825 1042 856 blas

1103 830 1245 865 ιηθήσεται
1261 832 1376 867 Πνεῦμα.

232 871 340 912 pheme
354 880 389 901 ac
399 869 543 910 sacrilege
557 875 717 900 asseretur.

271 965 299 995 5.
330 963 402 1001 Quis
432 964 564 1004 inquam,
590 969 760 994 sanctorum
791 967 820 996 et
854 963 1049 1003 gloriosorum

230 1015 399 1041 nostrorum
416 1010 533 1040 Patrum
548 1008 622 1039 dixit
639 1008 782 1048 Spiritum
808 1018 825 1039 a
853 1008 924 1039 Filio
943 1017 1048 1048 proce-

226 1053 394 1090 dere?Qum
422 1053 552 1093 synodus
566 1053 783 1083 uuiversalibus
809 1052 1048 1083 confessionibus

226 1100 345 1131 suffulta
369 1103 399 1129 et
426 1098 551 1133 munita,
581 1097 639 1128 imo
669 1098 736 1137 quis
751 1097 936 1128 sacerdotum
960 1102 1047 1137 atque

226 1145 433 1185 episcoporum
456 1142 595 1173 divinitus
611 1147 729 1173 coactus
757 1151 853 1174 cauus
869 1142 1046 1173 sententiam

226 1189 324 1224 istam,
356 1188 456 1226 etiam,
481 1191 635 1226 anteqaam
666 1187 846 1227 (appareret)
882 1187 912 1217 in
949 1187 1045 1218 lucmn

226 1233 368 1273 prodiret,
398 1241 449 1272 per
477 1231 656 1262 sanctissimi
679 1231 808 1271 Spiritus
831 1233 961 1263 amulum
987 1241 1044 1262 non

226 1276 453 1309 condemnavit?
471 1276 582 1308 Etenim
601 1275 711 1317 Spiritu
729 1275 822 1307 Patris
841 1277 924 1316 juxta
938 1276 1046 1307 Christi

227 1322 331 1354 Domni
356 1321 519 1352 doctrinam
547 1321 603 1361 ipsi
639 1330 757 1362 quoque
788 1321 892 1352 initiali
921 1322 1003 1352 illum
1030 1331 1047 1352 a

226 1369 308 1398 Patre
334 1366 496 1407 procedere
525 1365 604 1396 clara
620 1370 648 1396 et
662 1366 719 1396 alta
734 1375 804 1396 voce
833 1366 1042 1406 praedicabant,

223 1421 332 1452 eosque
346 1411 395 1451 qui
411 1420 468 1441 non
485 1411 524 1440 ita
540 1410 697 1449 sentirent,
715 1415 816 1451 utpote
839 1411 991 1441 catholicae
1015 1415 1045 1441 et

222 1445 390 1497 apostolicae
401 1455 543 1486 Ecclesia
557 1445 777 1495 contemptores
788 1455 969 1486 anathemati
978 1455 1044 1486 sub-
1054 1445 1073 1471 θ

219 1501 373 1541 jiciebant.
382 1501 444 1540 jam
460 1499 509 1531 ind
525 1499 562 1530 ab
577 1500 705 1539 antiquis
727 1500 912 1540 temporibus
940 1509 1043 1530 novam

225 1546 310 1576 istam
325 1544 506 1584 impietatem
521 1543 701 1583 propheticis
714 1543 806 1573 oculis
815 1543 1041 1583 prospicientes,

223 1591 377 1630 ipsamque
389 1598 446 1619 una
457 1598 524 1619 cum
556 1588 710 1628 multiplici
739 1587 871 1626 priorum
888 1589 1041 1618 haereseon

222 1635 390 1666 defectione
406 1637 434 1664 et
446 1633 565 1673 scriptis
580 1637 608 1663 et
624 1633 723 1664 verbis
738 1637 767 1663 et
789 1634 887 1664 animo
897 1633 1042 1663 condem-

223 1681 344 1712 nabant.

502 1721 744 1754 REFUTATIO.

261 1770 310 1806 IV,
321 1769 443 1800 Discere
458 1769 715 1810 quaeris,quisnam
732 1779 767 1800 ex
779 1769 889 1800 sanctis
904 1769 1043 1801 Patribus

220 1814 362 1854 Spiritum
377 1824 394 1844 a
409 1814 483 1844 Filio
500 1814 664 1854 procedere
693 1814 811 1855 dixerit,
838 1823 975 1852 quaenam
992 1824 1039 1854 sy-

219 1859 326 1896 nodus,
344 1859 409 1898 quis
424 1858 610 1889 sacerdotum
623 1858 766 1890 divinilus
782 1864 900 1890 coactus
916 1868 1041 1890 conven-

219 1907 265 1933 tus
277 1903 292 1932 ‘?
309 1902 388 1934 Scito
404 1903 458 1934 hos
469 1912 536 1934 esse
558 1903 625 1933 illos
642 1912 756 1940 omnes,
773 1904 824 1943 qui
841 1913 875 1934 ex
893 1903 978 1935 Patre
988 1913 1041 1944 per

219 1947 326 1978 Filium
348 1947 488 1987 Spiritum
513 1952 644 1978 sanctum
670 1949 833 1987 procedere
862 1948 1036 1980 docuerunt.

218 1991 404 2032 Quzecuuque
416 1992 494 2022 enim
513 1992 641 2032 Spiritus
654 2002 689 2023 ex
706 1992 778 2024 Filio
794 1993 905 2023 habere
917 1993 1036 2032 dicitur,

217 2047 277 2068 non
293 2041 429 2078 tanquam
446 2046 483 2067 ex
495 2037 613 2078 propria
625 2042 730 2078 praeter
744 2039 858 2069 Patrem
882 2047 969 2068 causa
984 2039 1038 2069 lia-

218 2082 280 2120 bot;
307 2082 472 2113 scaturiens
492 2081 570 2112 enim
601 2091 636 2112 ex
661 2082 733 2113 Filio
751 2092 810 2113 non
827 2087 857 2112 ut
873 2092 907 2113 ex
928 2083 1008 2114 fonte
1023 2093 1039 2114 a

217 2129 302 2159 Patre
318 2127 434 2159 diverso
450 2127 585 2164 scaturit;
601 2129 654 2158 sed
671 2127 739 2167 quia
755 2137 790 2158 ex
817 2127 902 2158 Patre
918 2137 973 2167 per
986 2127 1037 2158 Fi-

1409 923 1592 950 KEIMENON.

1132 963 1165 1000 ε’.
1183 969 1226 1001 Τίς
1246 970 1307 997 εἶπε
1343 969 1395 997 τῶν
1416 967 1492 1006 ἱερῶν
1521 967 1564 994 χαί
1592 965 1766 1004 περιωνύμων
1795 962 1908 1003 Πατέρων

1093 1012 1167 1050 ἡμων
1188 1014 1219 1042 τὸ
1234 1015 1340 1051 Πνεῦμα
1368 1012 1414 1041 τοῦ
1444 1013 1503 1040 Υἱοῦ
1531 1011 1741 1050 ἐκπορεύεσθαι;
1773 1016 1840 1038 ποῖα
1866 1008 1910 1035 σύ-

1089 1057 1162 1089 νοδος
1195 1058 1392 1096 οἰκωμειιχαῖς
1435 1055 1590 1095 ὁμολογίαις
1638 1054 1819 1095 στηριζομένη
1872 1057 1912 1083 καὶ

1088 1101 1290 1142 διαπρέποῦσα;
1325 1102 1426 1140 μᾶλλον
1449 1101 1477 1130 δέ
1511 1101 1550 1132 τίς
1578 1100 1669 1139 ἱερέων
1695 1101 1742 1128 καὶ
1771 1097 1911 1142 ἀρχιερέων

1088 1141 1225 1179 θεόλεκτος
1249 1146 1375 1186 σύλλογος
1402 1146 1431 1175 οὗ
1446 1145 1544 1178 ταύτην
1573 1145 1622 1178 τὴν
1638 1143 1756 1172 διάνοιαν
1784 1143 1831 1171 καὶ
1855 1141 1909 1180 πρὶν

1088 1192 1199 1232 φανῆναι
1228 1193 1261 1230 τῇ
1295 1195 1341 1220 τοῦ
1371 1191 1497 1229 παναγίου
1527 1189 1677 1227 Πνεύματος
1699 1187 1806 1223 ἐπινοίᾳ
1833 1195 1909 1214 κατί-

1088 1229 1309 1276 ᾡηφίσατοςνχαὶ
1343 1236 1392 1275 γὰρ
1421 1235 1451 1262 τὸ
1480 1237 1586 1271 Πνεῦμα
1620 1236 1666 1261 τοῦ
1706 1233 1815 1271 Πατρὸς
1849 1229 1911 1276 κατᾷ

1087 1273 1141 1314 τὴν·
1166 1281 1330 1314 Δεσποτιχὴν
1351 1273 1544 1318 ’μῦσταγωγίαν
1580 1276 1747 1309 τελεσθέντες
1770 1276 1815 1303 καὶ
1844 1273 1911 1302 αὐτοὶ

1087 1323 1215 1364 λαμπρῶς
1244 1328 1290 1354 τοῦ
1325 1324 1426 1363 Πατρὸς
1455 1322 1638 1359 ἐκπορεύεσθαι
1668 1321 1710 1348 καὶ
1749 1317 1912 1359 μεγαλοφώ-

1086 1380 1136 1402 νως
1157 1368 1330 1408 ἂνεκήρυττον
1368 1368 1412 1408 (1)
1427 1377 1433 1384 '
1459 1368 1502 1395 καὶ
1516 1367 1548 1400 δὴ
1565 1366 1607 1394 καὶ
1629 1366 1688 1397 τοὺς
1720 1365 1762 1402 μὴ
1794 1367 1913 1408 ιρρονοῦν-

1085 1424 1132 1445 τας
1147 1405 1306 1447 οὔτως-τῆς
1333 1405 1477 1445 καθολικῆς
1514 1412 1557 1439 καὶ
1579 1409 1762 1443 ἂποστολικῆς
1795 1405 1912 1440 Ἐκκλη-

1086 1461 1143 1492 σὶας
1191 1458 1312 1500 ὑϐριστὰς
1353 1463 1391 1496 τῷ
1447 1458 1589 1495 ἆναθέματι
1632 1455 1820 1485 καθυπέϐαλον
1840 1459 1848 1470 ¹
1884 1453 1912 1481 ἐκ

1085 1504 1206 1533 παλαιῶν
1229 1508 1283 1533 τῶν
1310 1503 1415 1544 χρόνων
1436 1503 1485 1536 τὴν
1507 1502 1632 1542 ἀρτιγενῇ
1658 1500 1821 1529 δυσσέϐειαν
1845 1510 1911 1538 προ-

1084 1555 1211 1589 φητικοϊς
1241 1552 1404 1588 προορῶντες
1432 1547 1533 1585 ὄμμασι
1562 1547 1606 1574 καὶ
1634 1545 1714 1579 αὑτὴν
1751 1545 1825 1583 μετὰ
1867 1545 1913 1576 τῆς

1083 1592 1266 1633 προλαϐούσης
1291 1593 1454 1633 πολυμεροῦς
1474 1592 1635 1623 ὰποστασὶας
1667 1591 1711 1618 καὶ
1734 1593 1842 1630 γραφῇ,
1868 1588 1914 1616 οιαὶ

1084 1637 1189 1678 λόγοις,
1205 1639 1249 1667 καὶ
1263 1637 1362 1675 διανοίᾳ
1376 1637 1554 1673 κατεδίκαζον,

1391 1724 1602 1752 ΑΝΊΊΡΡΗΣΙΣ.

1127 1764 1168 1800 Δ’.
1183 1771 1283 1798 Μαθεῖν
1302 1768 1411 1808 ἐρωτᾷς,
1429 1768 1468 1800 τίς
1483 1770 1536 1796 τῶν
1550 1768 1626 1806 ἱερῶν
1642 1765 1770 1803 Πατέρων
1792 1766 1824 1793 τὸ
1838 1767 1917 1793 Πνεῦ-

1084 1825 1121 1852 μα
1142 1814 1218 1843 εἶπεν
1240 1813 1422 1852 ἐκπορεύεσθαι
1438 1814 1484 1840 τοῦ
1503 1812 1573 1850 Υἱοῦ,
1590 1811 1633 1839 καὶ
1655 1809 1764 1843 σύνοδος
1787 1816 1860 1838 ποῖα
1875 1812 1917 1840 καὶ

1081 1861 1121 1893 τίς
1135 1861 1225 1900 ἱερέων
1254 1858 1380 1899 σύλλογος
1402 1857 1589 1888 θεοσύλλεχτος
1608 1865 1615 1894 ;
1637 1856 1681 1884 καὶ
1706 1856 1822 1887 τούτους
1846 1856 1916 1883 εἶναι

1081 1906 1180 1938 πάντας
1202 1905 1273 1941 τοὺς,
1305 1904 1361 1933 ὅσοι
1391 1903 1420 1932 ὲκ
1441 1903 1543 1942 Πατρὸς
1571 1900 1606 1929 δι’
1638 1903 1697 1930 Υἱοῦ
1723 1901 1918 1940 ἒκπορεύεσθαι

1079 1952 1110 1978 τὸ
1132 1953 1237 1988 Πνεῦμα
1252 1950 1282 1978 τὸ
1319 1949 1394 1988 ἅγιον
1416 1946 1603 1986 ἐθεολόγησαν,
1620 1946 1708 1974 Πάντα
1738 1946 1796 1985 γὰρ
1822 1944 1874 1973 ὃσα
1890 1945 1918 1972 τὸ

1081 1999 1187 2034 Πνεῦμα
1202 1995 1227 2027 ἐξ
1248 1996 1308 2023 Υἱοῦ
1323 1993 1427 2034 λέγεται
1453 1992 1536 2033 ἔχειν,
1555 1989 1608 2032 οῦχ
1634 1993 1671 2023 ὡς
1699 1990 1725 2024 ἒξ
1749 1990 1824 2023 ἰδίας
1848 1989 1921 2029 παρᾶ

1080 2041 1125 2068 τὸν
1153 2039 1256 2079 Πατέρα
1290 2039 1373 2070 αἰτίας
1415 2037 1480 2078 ἕχον
1509 2037 1577 2065 ἐστίν
1594 2044 1601 2050 ·
1631 2034 1780 2070 ἀναϐλύζον
1804 2036 1859 2075 γὰρ
1891 2035 1920 2062 ὲκ

1079 2088 1126 2113 τοῦ
1143 2086 1203 2113 Υἱοῦ
1238 2085 1289 2124 οὐχ
1310 2084 1345 2115 ὡς
1367 2082 1393 2116 ἐξ
1414 2081 1483 2114 ἰδίας
1513 2080 1649 2117 ἀναϐλύζει
1677 2081 1751 2120 παρὰ
1776 2082 1828 2108 τὸν
1860 2083 1921 2108 Πα-

1078 2131 1139 2170 τέρα
1160 2133 1252 2170 πηγῆς
1270 2138 1276 2145 “
1295 2129 1354 2158 ἀλλ’
1370 2128 1410 2157 ὅτι
1426 2129 1456 2157 ἐκ
1480 2128 1581 2167 Πατρὸς
1611 2125 1748 2162 ἀναϐλύζει
1774 2125 1813 2154 δι’
1844 2127 1919 2162 Υἶοῦ,

215 2172 286 2203 lium
313 2172 428 2213 prosilit
456 2176 486 2203 et
504 2173 635 2209 scaturit,
655 2176 683 2202 et
697 2181 731 2202 ex
760 2171 834 2203 Filio
856 2172 993 2212 prosilire
1008 2177 1037 2204 et

1103 2176 1122 2204 ιὶ
1143 2175 1169 2208 ἐξ
1195 2177 1254 2205 rios
1278 2174 1382 2214 λέγεται
1408 2172 1571 2210 ἀνακλύζειν,
1609 2173 1652 2200 καὶ
1682 2170 1707 2204 ἐξ
1748 2173 1817 2200 Υἱοῠ
1850 2182 1921 2210 προ-

214 2217 361 2247 scaturire
373 2217 491 2255 dicitur,
506 2220 535 2247 et
548 2225 615 2246 cum
626 2225 662 2246 ex
677 2216 752 2247 Filio
771 2216 957 2257 profunditur
971 2222 1035 2248 tan-

215 2271 303 2302 quam
319 2271 371 2301 per
383 2261 500 2297 Filium,
511 2260 622 2291 dicitur
633 2265 660 2291 et
676 2270 710 2292 ex
726 2261 800 2292 Filio
817 2261 964 2301 profundi.
981 2262 1034 2293 At-

215 2316 272 2347 que
285 2307 376 2337 multa
386 2306 444 2337 alia
454 2306 483 2336 id
495 2315 587 2345 genus
597 2306 698 2338 dicere
709 2306 775 2347 quis
784 2310 895 2346 posset.
904 2306 935 2338 Si
947 2307 1036 2346 igitur

214 2351 283 2390 quia
298 2352 421 2382 scaturit
441 2359 493 2391 per
521 2350 628 2381 Filium
643 2355 672 2381 et
687 2359 740 2391 per
753 2351 860 2382 Filium
880 2351 1035 2391 profundi-

214 2395 386 2432 tur,dicitur
396 2403 424 2426 et
436 2395 553 2426 earFilio
569 2396 712 2426 scaturire
726 2401 814 2436 atque
825 2396 1034 2436 profundi,jam

213 2439 339 2470 Romani
355 2440 467 2480 absque
478 2439 536 2470 ulla
552 2441 660 2471 erroris
676 2444 704 2471 et
729 2440 862 2480 perfidiae
884 2446 953 2471 nota
967 2441 1035 2482 Spi-

212 2484 302 2514 ritum
318 2494 353 2515 ex
366 2484 572 2516 PatreetFilio
582 2486 793 2525 procedentem
805 2493 858 2525 pro
870 2485 1036 2516 suadefen-

212 2529 298 2559 sione
324 2532 632 2570 asserunt,propterea
648 2530 726 2570 quod
754 2531 888 2570 procedit
903 2540 937 2561 ex
950 2532 1036 2562 Patre

211 2581 268 2613 per
278 2573 395 2611 Filium,
409 2577 440 2604 tu
455 2582 524 2605 vero
536 2574 672 2605 mentiris
698 2578 727 2605 et
743 2575 862 2616 scriptis
888 2584 917 2606 et
938 2574 1037 2607 verbis

256 2658 298 2698 (α)
308 2658 371 2701 Hoc
387 2657 504 2689 axioma
513 2658 684 2701 rexﬂBasilio
698 2664 847 2701 sumptum
864 2659 1038 2701 frequenter

211 2700 342 2731 oecurrit
359 2703 421 2730 tum
444 2700 522 2739 apud
537 2699 611 2731 alios
626 2700 729 2731 unioni
744 2699 861 2732 deditos
876 2699 1038 2739 scriptores

212 2745 275 2772 tum
291 2740 336 2771 vel
351 2740 478 2772 maxime
496 2740 572 2780 apud
580 2740 1035 2774 Beccum.Cf.Deuu.Eccl.c.97

1078 2221 1210 2260 χεόμενον
1232 2219 1341 2259 λέγεται
1377 2219 1537 2258 προχεῖσθαι
1563 2217 1607 2245 καὶ
1621 2217 1651 2245 ἐκ
1680 2219 1726 2245 τεῦ
1763 2216 1832 2244 Υἱοῦ
1851 2224 1859 2231 ·
1877 2216 1922 2243 καὶ

1077 2264 1164 2294 πολλὰ
1178 2264 1208 2292 ἂν
1229 2275 1269 2296 τις
1285 2265 1368 2292 εἰπεῖν
1394 2263 1459 2303 ἔσχε
1481 2262 1600 2294 τοιαῦτα.
1633 2262 1662 2290 Εἰ
1690 2264 1755 2300 γοῦν
1788 2262 1834 2289 ὅτι
1851 2261 1922 2289 ἀνα-

1076 2311 1162 2347 ϐλύζει
1191 2310 1222 2339 δι’
1253 2312 1313 2339 Υἶοῦ
1335 2311 1378 2339 χαὶ
1405 2316 1549 2350 προχεῖται
1571 2307 1609 2336 δι’
1638 2309 1708 2345 Υἱοῠ,
1738 2306 1862 2350 λέγεται
1878 2307 1925 2335 καὶ

1077 2356 1102 2390 ἐξ
1129 2357 1189 2385 Υἱοῦ
1210 2355 1361 2391 ἆναϐλύζειν
1375 2366 1404 2383 τε
1427 2348 1477 2383 acati
1492 2354 1666 2394 προχεῖσθαι,
1696 2353 1740 2380 καὶ
1777 2348 1924 2390 Ῥωμαῖοι

1077 2401 1144 2430 πάνυ
1172 2399 1358 2436 ἀνεπιλήπτως
1392 2399 1522 2440 ἐνίφανται
1558 2397 1772 2437 ἀπολογούμενοι
1802 2397 1839 2425 ἐκ
1862 2400 1927 2425 Πα-

1077 2447 1136 2486 τρὸς
1150 2446 1194 2474 καὶ
1221 2445 1282 2474 Υἱοῦ
1321 2445 1352 2473 τὸ
1379 2448 1485 2482 Πνεῦμα
1519 2443 1604 2482 λέγειν
1630 2442 1857 2481 ἑκπορευόμενον
1881 2441 1927 2470 διά

1077 2492 1107 2519 τὸ
1135 2490 1165 2519 ὲκ
1194 2491 1295 2530 Πατρὺς
1310 2488 1343 2518 δι’
1378 2491 1438 2518 ι’ἱοῦ
1456 2488 1639 2528 ἐκπορεύεσθαι
1656 2496 1665 2505 ⁸
1697 2487 1727 2514 σὺ
1766 2486 1799 2515 δὲ
1832 2486 1927 2526 ψεύδῃ

1077 2536 1121 2564 καὶ
1135 2536 1223 2576 γράφῃ
1251 2536 1295 2564 καὶ
1323 2534 1412 2574 λόγοις
1439 2534 1483 2562 καὶ
1511 2532 1611 2568 διανοίᾳ
1639 2531 1724 2570 λέγων
1755 2533 1840 2571 παρὰ
1867 2535 1927 2560 τῶν

1077 2581 1200 2621 Πατέρων
1214 2579 1430 2615 χαταδιχάζεσθαι
1465 2579 1508 2607 καὶ
1542 2578 1579 2610 ὡς
1614 2576 1734 2616 ύόριστὰς
1761 2579 1821 2611 τῆς
1854 2579 1929 2606 καθ-

1077 2666 1114 2698 G.
1127 2665 1162 2698 ο.
1179 2665 1202 2697 1.
1220 2675 1251 2707 p,
1268 2663 1415 2707 136-137.

1120 2709 1127 2744 (
1132 2707 1157 2743 1)
1171 2704 1229 2738 Pro
1242 2706 1415 2744 ἀνικήιιυττον
1429 2704 1517 2736 Laur.
1535 2704 1688 2744 ᾶχήρυττον.
