1962 3072
228 117 286 152 743

769 120 873 150 .lt'lAN.
899 120 1007 150 VEGCI
1031 119 1086 149 (ΣΡ.
1117 117 1371 150 PATRIARCH/E

1854 119 1905 150 ’144

225 186 314 218 duam
329 187 556 227 simplicemque
568 194 602 216 ac
619 184 797 225 singularem
811 184 1047 216 communitatem

1102 183 1182 218 ἱπλῆν
1212 195 1241 213 τε
1271 185 1314 213 καὶ
1345 185 1442 214 ἑνιαίαν
1476 187 1617 220 κοινότητα
1649 186 1783 226 [φυσικοῖς
1804 186 1907 224 ὀνόμασι

227 231 425 271 (naturalibus
441 229 612 261 nominibus
629 229 827 269 manifestata)
845 239 852 268 ;
871 229 1050 271 si,inquam,

225 284 410 317 quaecunque
439 275 544 306 horum
572 274 694 315 Spiritui
712 278 741 305 et
759 275 840 306 Patri
855 274 972 315 adsunt,
990 275 1053 306 haec

224 320 299 351 Filio
329 329 446 361 quoque
476 319 599 357 insunt;
616 319 754 350 similiter
768 323 797 351 et
812 328 1006 360 quaecumque
1021 319 1051 350 in

224 365 333 405 Spiritu
345 369 374 395 et
387 365 461 396 Filio
473 364 846 404 intelliguntur,nequeunt
860 364 937 394 Patri
947 363 1050 395 itidem

225 411 344 449 negari;
373 409 432 440 imo
461 419 516 440 nec
533 413 630 447 potest
644 408 767 449 Spiritui
783 409 874 439 adimi
888 408 1050 449 quidquam

224 462 340 492 eorum,
356 463 421 494 quae
436 453 510 484 Filio
538 458 567 484 et
591 454 666 484 Patri
684 453 787 483 adsunt
805 463 812 491 ;
830 456 899 492 puta
911 462 1049 493 regnum,

224 498 350 536 bonitas,
367 497 538 528 substantiae
548 497 885 538 supersuhstantialitas,
900 497 1050 538 incompa-

223 543 326 573 rabilis
353 543 456 579 virtus,
497 544 655 582 aeternitas,
697 542 839 573 immunis
881 551 897 573 α
924 551 1049 583 corpore

223 587 425 628 spiritualitas,
439 592 612 627 caeteraeque
629 587 794 617 innumerae
806 586 835 617 id
852 596 946 626 genus
962 596 1049 618 voces

222 632 330 673 quibus
346 632 530 663 divinissima
546 632 583 663 de
605 632 719 663 Deitate
745 631 880 662 doctrina
896 631 1049 663 catholicis

222 677 277 707 fuit
288 677 324 707 ab
334 676 419 707 initio
431 677 548 708 tradita.
562 676 592 708 Si
607 686 677 716 ergo
689 676 751 707 haec
763 676 802 707 ita
821 677 1050 707 considerantur

222 726 249 752 et
266 731 354 752 nemo
383 721 616 753 Christianorum
634 720 671 751 iis
690 721 839 752 adversari
855 721 1048 761 ausit;juxta

220 776 291 797 vero
303 766 472 797 haereticam
503 765 588 796 istam
606 766 800 796 temeritatem
825 766 953 806 Spiritus
975 775 1047 806 pro-

221 811 316 842 cessio
328 811 408 842 Palri
418 815 448 842 et
458 810 534 841 Filio
547 811 715 841 communis
726 815 780 848 est,
791 810 919 850 Spiritus
930 820 1047 851 quoque

1093 229 1271 268 γνωρίζόμενα
1300 229 1341 269 (1)
1356 230 1370 270 ]
1387 239 1394 246 ·
1412 231 1434 258 εἷ
1462 231 1547 259 πάντα
1568 231 1618 260 ὅσα
1645 232 1744 260 τούτων
1763 232 1817 259 ἐστι
1833 231 1907 259 Ilva-3-

1093 285 1177 312 ματος
1199 276 1243 303 καὶ
1267 276 1380 314 Πατρὸς,
1397 279 1477 304 ταῦτα
1493 276 1534 315 (2)
1557 276 1680 315 πρόσεστι
1709 276 1752 304 καὶ
1765 279 1803 313 τῷ
1834 276 1883 313 Υἱῷ
1898 283 1904 289 ·

1093 319 1218 351 ὡσαύτως
1239 318 1266 347 δὲ
1288 321 1329 348 καὶ
1357 319 1398 360 (3)
1415 320 1463 349 ὅσα
1489 319 1654 361 ἕνθεωρεϊται
1669 324 1707 358 τῷ
1728 320 1854 358 Πνεύματι
1871 319 1906 360 (ἃ)

1092 364 1136 392 καὶ
1171 364 1223 401 Υἱῷ
1249 365 1296 392 οὐκ
1330 363 1384 393 ἔστι
1413 365 1452 402 μὴ
1481 365 1670 404 συνομολογεῖν
1692 365 1846 404 ἐνυπάρχειν
1865 364 1905 403 (5)

1092 409 1135 437 καὶ
1161 412 1199 446 τῷ
1228 411 1319 448 Πατρὶ,
1347 411 1376 438 οὒ
1405 411 1443 448 (6)
1479 410 1544 447 μὴν,
1570 409 1630 438 ἀλλ’
1651 409 1703 438 οὑδ¹
1732 409 1781 437 ὅσα
1805 411 1853 446 Υἱῷ
1867 410 1909 437 καὶ

1092 454 1172 493 Πατρὶ
1209 453 1267 483 οὖδὲ
1309 454 1407 482 τούτων
1448 453 1521 482 οῢδὲν
1548 454 1603 482 ἔστι
1631 459 1677 483 τοῦ
1703 455 1850 491 Πνεύματος
1873 453 1908 490 (7)

1091 498 1248 538 ἀποστερεῖν
1265 505 1272 513 ⁸
1304 499 1385 527 ἐννόει
1421 511 1466 537 μοι
1509 498 1653 537 βασιλείαν,
1691 498 1850 539 ἆγςιθότητει⁷
1880 499 1908 526 τὸ

1089 545 1137 581 τῇς
1166 543 1254 575 οὐσίας
1288 544 1453 583 ὑπερούσιον,
1484 544 1534 577 τὴν
1562 544 1627 583 ὑπὲρ
1657 544 1759 572 ἔννοιαν
1793 542 1907 579 δύναμιν1

1089 588 1120 615 τὸ
1148 587 1246 628 οΐόιον,
1269 589 1299 616 τὸ
1314 588 1468 626 ἀσώματον,
1497 590 1544 621 τὰς
1567 589 1658 628 μυρίας
1685 589 1730 617 καὶ
1756 589 1907 627 σοστοίχους

1089 632 1189 672 φωνὰς,
1225 633 1272 665 αἶς
1293 634 1310 667 ἡ
1344 633 1467 672 ὑπέρθεος
1493 633 1687 673 θεολογουμένη
1718 632 1812 666 θεότης
1839 633 1910 660 εὗσε-

1089 675 1160 705 6έσιν
1189 676 1287 706 ἄίνωθεν
1317 677 1488 718 παραδέδοται
1507 686 1514 693 ·
1537 679 1559 706 εἰ
1585 679 1629 706 οὖν
1651 677 1719 706 οὕτω
1733 679 1814 706 ταῦτα
1840 679 1908 706 θεω-

1089 728 1186 761 ρεῖται,
1209 723 1251 750 καὶ
1279 723 1360 754 οὗνείς
1382 723 1436 751 ἐστι
1472 726 1524 751 τῶν
1553 724 1580 751 ἓν
1610 724 1789 763 Χριστιανοῖς,
1824 721 1851 754 ὃς
1874 723 1908 754 εἷς

1089 767 1244 806 μαχόμενον
1274 767 1432 808 ἇπενεχθείη
1462 766 1618 805 διαϐούλιον,
1642 769 1697 796 ἐστι
1717 766 1757 804 δὲ,
1772 768 1808 795 ὡς
1823 768 1836 795 ὃ
1866 768 1907 794 αἷ-

1089 822 1196 851 ρετιρων
1224 812 1382 840 νεανιεύεται
1413 812 1503 852 λόγος,
1533 813 1550 847 ἡ
1578 813 1624 841 τοῦ
1655 813 1806 850 Πνεύματος
1827 811 1907 840 ἐκπύ-

221 857 290 896 (quo
306 855 375 896 quid
393 859 481 896 queat
511 855 666 886 scelestius
691 855 830 895 auderi?)
862 855 893 885 in
920 854 1047 895 Spiritus

1104 867 1172 888 ευσις
1193 857 1296 896 Πατρδς
1311 857 1355 884 καὶ
1387 858 1446 885 ἴ·ἱοῦ
1460 857 1560 894 κοινὸνΙ
1583 856 1629 891 εἴη
1645 856 1676 885 ἂν
1696 857 1784 885 καὶτὸ
1805 859 1906 893 Πνεῦμα

220 901 443 941 processionem
459 899 635 930 dividendus
648 900 734 938 foret,
751 905 887 940 essetque
900 909 966 940 pars
978 900 1045 940 qui-

221 946 288 977 dem
304 945 385 976 illius
401 945 581 985 producens,
599 954 666 985 pars
687 953 756 975 vero
773 944 926 985 producta,
945 950 971 975 et
998 945 1047 975 illa

220 990 340 1030 quidem
357 999 457 1030 causa,
488 989 552 1020 haec
575 994 674 1020 autem
703 994 867 1027 causalum,
897 993 925 1020 et
941 989 1046 1028 ingens

219 1035 343 1066 aliarum
358 1034 611 1075 blasphemiarum
627 1043 733 1074 agmen
753 1038 942 1075 sequeretur.

513 1124 675 1156 REFUTA
683 1124 762 1156 T10.

261 1172 308 1205 VI.
325 1172 369 1204 Tu
398 1172 519 1214 quidem
546 1172 674 1213 Spiritus
699 1172 919 1213 processionem
935 1172 1041 1204 eodem
1059 1212 1062 1215 ξ

220 1218 306 1249 modo
322 1217 416 1249 Patris
425 1222 453 1248 et
464 1217 529 1248 Filii
541 1226 732 1248 communem
744 1227 809 1248 esse
820 1227 971 1254 asserens,
985 1227 1042 1258 quo

217 1262 332 1303 reliqua
356 1262 445 1293 trium
471 1263 641 1293 communia
656 1265 736 1299 sunt,
752 1261 891 1293 videlicet
904 1271 1040 1302 regnum,

218 1308 335 1338 bonitas
350 1311 379 1339 et
394 1309 511 1343 caetera,
530 1311 746 1347 consequenter
761 1306 946 1346 infers,quod
965 1306 989 1337 si
1002 1306 1042 1337 ita

219 1356 275 1393 est,
292 1353 380 1383 etiam
390 1351 517 1392 Spiritus
527 1351 556 1381 in
568 1351 612 1381 sui
624 1350 718 1391 ipsius
730 1351 952 1391 processionem
965 1351 1040 1381 divi-

217 1398 333 1429 dendus
348 1397 434 1432 foret,
452 1401 481 1427 et
496 1405 563 1436 pars
589 1396 708 1436 quidem
725 1396 805 1426 illius
825 1400 904 1427 esset
927 1396 1042 1436 produ-

218 1451 300 1482 cens,
318 1451 385 1482 pars
398 1450 468 1472 vero
478 1441 620 1482 producta
645 1440 704 1480 Ego
717 1450 786 1471 vero
798 1440 876 1478 dico,
895 1440 1042 1480 ejusmodi

1088 901 1132 940 (οὗ
1160 912 1185 929 τι
1214 901 1245 929 ἂν
1272 901 1374 940 γένοιτο
1402 903 1467 941 πρὸς
1498 901 1647 932 δυσσέϐειαν
1675 901 1869 941 τολμηρότερον
1885 901 1908 941 ;)

1088 947 1123 978 είς
1151 946 1200 979 τὴν
1219 950 1265 975 τοῦ
1294 946 1444 983 Πνεύματος
1473 945 1625 986 ἐκπύρωσιν
1656 946 1837 984 μεριζόμενον,
1867 949 1907 975 καὶ

1087 990 1116 1017 τὸ
1139 989 1187 1027 μὲν
1216 989 1294 1018 αὐτοῦ
1329 990 1456 1030 προάγον,
1485 991 1516 1018 τὸ
1547 990 1574 1018 δὲ
1597 991 1789 1030 προαγόμενον,
1812 990 1856 1017 καὶ
1879 990 1906 1017 τὶτ

1087 1033 1135 1072 μὲν
1150 1034 1250 1074 αἴτιον,
1279 1035 1309 1062 τὸ
1338 1034 1364 1062 δὲ
1391 1035 1518 1074 αἰτιατὸν,
1549 1036 1593 1063 καὶ
1621 1034 1710 1068 πολλὴ
1726 1034 1794 1068 ἄλλη
1808 1036 1906 1072 Θεομα-

1085 1079 1148 1119 χίας
1177 1079 1321 1119 παράταξις

1397 1129 1609 1157 ΑΝΤΙΡΡΗΣΙΣ.

1123 1168 1176 1210 ς’.
1208 1173 1244 1200 Σὺ
1266 1173 1314 1211 μὲν
1342 1173 1391 1207 τὴν
1418 1177 1464 1201 τοῦ
1490 1174 1641 1211 Πνεύματος
1670 1173 1823 1212 ἑκπόρευσιν
1841 1172 1906 1201 οὕτω

1084 1217 1155 1246 εἶναι
1170 1217 1261 1251 κοινὴν
1283 1218 1385 1257 [Ἰατρὸς
1413 1219 1457 1246 καὶ
1483 1219 1544 1246 Υἱοῦ
1558 1217 1643 1257 λέγων
1656 1218 1691 1249 ὡς
1707 1217 1739 1246 τὰ
1753 1216 1821 1245 ἄλλα
1834 1218 1905 1246 κοινὰ

1084 1262 1136 1290 τῶν
1151 1266 1240 1302 τριῶν,
1271 1261 1406 1300 βασιλείαν
1435 1263 1503 1302 φημὶ
1525 1262 1674 1301 ὰγαθότητά
1688 1273 1716 1290 τε
1731 1262 1774 1291 καὶ
1795 1262 1828 1290 τὰ
1849 1261 1906 1289 λοι-

1084 1306 1133 1346 πὰ,
1153 1306 1282 1347 ἐπιφέρεις
1305 1306 1377 1344 ἑξῆς,
1400 1308 1437 1338 ὡς
1467 1307 1488 1335 εἰ
1505 1305 1576 1336 τοῦτ’
1592 1307 1673 1344 ἔστιν,
1697 1306 1743 1340 εἴη
1758 1305 1789 1334 ἂν
1805 1307 1847 1334 ταὶ
1877 1307 1906 1333 τὸ

1084 1354 1189 1389 Πνεῦμα
1211 1351 1247 1383 εἷς
1275 1351 1323 1385 τὴν
1352 1351 1445 1380 ἑαυτοῦ
1475 1350 1628 1389 ἐκπόρευσιν
1660 1350 1831 1389 μεριζόμενον
1865 1348 1907 1377 καὶ

1082 1397 1112 1424 τὸ
1128 1396 1177 1434 μὲν
1192 1398 1271 1425 αὐτοῦ
1297 1395 1425 1435 προάγον,
1458 1395 1489 1423 τό
1524 1393 1551 1422 δὲ
1580 1395 1773 1434 προαγόμενον,
1797 1394 1870 1432 Ἐγὼ
1881 1393 1906 1421 δὲ

1082 1441 1151 1480 φημὶ
1179 1441 1216 1472 ὼς
1250 1440 1333 1472 οὕτως
1358 1440 1389 1467 ἂν
1419 1441 1432 1468 ὁ
1468 1439 1558 1477 παρών
1587 1438 1764 1478 συλλογισμός
1793 1439 1857 1478 εἶχε
1877 1438 1905 1465 τό

217 1481 417 1528 syllogismum
435 1481 504 1516 tunc
516 1485 636 1526 quidem
652 1485 776 1524 logicam
791 1484 1041 1516 necessitatemil-

1102 1492 1241 1524 ναγκατον,
1257 1484 1334 1523 εἴπερ
1349 1483 1475 1512 ἀδύνατον
1503 1484 1536 1517 ἦν
1562 1483 1632 1512 εἶναι
1661 1495 1686 1511 τι
1715 1483 1743 1511 ὲν
1770 1486 1804 1521 τῇ
1819 1481 1906 1523 Τριάδι

216 1532 347 1563 laturum
363 1531 465 1567 fuisse,
483 1530 508 1560 si
529 1530 650 1560 omnino
666 1529 732 1560 ﬁeri
748 1529 899 1570 nequiret,
918 1533 950 1559 ut
963 1529 1000 1560 sit
1012 1529 1042 1559 in

217 1576 361 1608 Trinitate
386 1576 469 1616 quid,
491 1575 569 1615 quod
586 1574 662 1605 adsit
677 1574 748 1604 solis
763 1574 877 1604 duabus
894 1574 1042 1614 personis,

216 1622 302 1652 tertia
317 1620 353 1651 ab
370 1621 434 1660 ejus
449 1619 660 1650 communione
675 1619 841 1659 exclusam)
858 1629 866 1658 ;
883 1619 908 1648 si
924 1627 991 1650 vero
1008 1628 1042 1649 ex

218 1665 373 1696 sententiis
389 1665 498 1704 scripto
515 1664 630 1694 traditis
641 1664 876 1694 demonstratum
893 1667 948 1700 cst,
965 1672 1043 1704 quae.

218 1711 284 1742 dam
301 1719 368 1741 esse
383 1708 553 1740 communia
568 1708 640 1739 solis
655 1707 769 1738 duabus
791 1707 927 1748 personis
940 1708 1040 1749 indita,

217 1761 287 1787 tunc
305 1756 381 1786 Patri
398 1760 427 1785 et
442 1754 516 1786 Filio
525 1755 604 1785 circa
615 1753 745 1795 Spiritus
762 1755 984 1795 processionem
997 1759 1042 1786 est

217 1799 566 1838 communio,secundum
577 1800 654 1839 quod
667 1809 701 1830 ex
714 1800 800 1830 Patre
812 1809 864 1840 per
875 1799 980 1831 Filium
992 1799 1041 1830 ille

217 1845 373 1886 procedit;
391 1844 513 1875 minime
525 1853 592 1874 vero
609 1844 735 1885 Spiritus
747 1844 894 1884 cumipsis
907 1854 1042 1875 commu-

217 1890 320 1921 nicans
335 1890 364 1920 in
377 1889 580 1930 processione,
599 1889 666 1929 quia
676 1898 772 1930 neque
782 1899 817 1920 ex
826 1898 858 1920 se
869 1889 933 1928 ipso
946 1898 1042 1929 neque

218 1943 269 1974 per
285 1943 317 1964 se
333 1934 428 1973 ipsum
446 1933 591 1974 procedit,
607 1933 733 1974 ideoque
746 1934 881 1974 nequein
892 1933 936 1963 sui
949 1934 1040 1973 ipsius

219 1979 439 2019 processionem
454 1978 612 2015 dividetur,
643 1988 740 2018 neque
757 1988 823 2018 pars
834 1978 913 2009 illius
930 1979 1039 2018 produ-

216 2033 287 2055 cens
303 2024 442 2061 erit,pars
452 2027 549 2054 autem
567 2024 710 2063 producta
724 2023 767 2063 (b)
792 2024 827 2054 Et
847 2023 871 2053 si
893 2028 1038 2063 oporteat,

217 2068 292 2100 sicut
304 2069 332 2099 in
345 2069 411 2098 aliis
422 2068 460 2098 ita
470 2073 500 2098 et
512 2068 561 2099 hic
579 2073 748 2099 sanctorum
763 2068 841 2099 dicta
851 2068 950 2099 verbis
964 2077 1039 2099 con-

1084 1530 1175 1568 μόνοις
1203 1535 1262 1562 τοῖς
1291 1528 1361 1557 ὃύσὶν
1389 1529 1540 1568 ἐνυπάρχον
1568 1528 1720 1568 προσώποις
1742 1529 1780 1561 μὴ
1809 1538 1906 1556 κοινω-

1084 1579 1188 1607 νοῦντος
1211 1575 1301 1606 αὐτοῖς
1327 1574 1370 1602 καί
1398 1577 1443 1602 τοῦ
1457 1574 1543 1611 τρίτου
1560 1581 1567 1589 ·
1592 1574 1614 1601 εἰ
1631 1572 1658 1600 δὲ
1680 1573 1710 1601 ἐκ
1728 1575 1781 1601 τῶν
1810 1583 1907 1611 γραφι-

1083 1622 1138 1648 κῶν
1173 1619 1244 1647 ἐστιν
1274 1618 1490 1657 ἀποδεδειγμένον
1519 1618 1617 1657 ῥητῶν.
1647 1618 1718 1646 εἶναί
1747 1627 1806 1646 τινα
1833 1618 1910 1644 κοινᾶ

1085 1664 1175 1702 μόνοις
1192 1671 1251 1695 τοῖς
1279 1663 1333 1691 δυσὶ
1362 1662 1513 1702 προσώποις
1538 1663 1702 1703 ὑπάρχοντα,
1729 1662 1784 1690 ἐστὶ
1812 1662 1863 1700 μὲν
1891 1664 1909 1697 ἦ

1083 1710 1207 1737 κοινωνία
1236 1711 1285 1742 τῆς
1307 1711 1351 1736 τοῦ
1377 1708 1530 1746 Πνεύματος
1559 1707 1739 1746 ἐκπορεύσεως
1759 1709 1798 1744 τῷ
1827 1706 1910 1744 Πατρὶ

1082 1755 1125 1782 καὶ
1144 1755 1196 1791 Υἱῷ
1223 1754 1290 1782 κατὰ
1304 1752 1335 1781 τό
1350 1754 1380 1781 ἐκ
1409 1753 1511 1792 Πατρὸς
1536 1751 1569 1780 δι’
1596 1754 1656 1780 Υἱοῦ
1686 1751 1748 1780 αὒτό
1779 1750 1910 1791 ἕκπορεύ-

1083 1800 1166 1836 εσθαι,
1182 1799 1229 1827 οὒκ
1243 1797 1315 1827 ἔσται
1344 1797 1371 1826 δὲ
1384 1799 1415 1826 τὸ
1445 1801 1550 1836 Πνεῦμα
1575 1801 1714 1826 κοινωνοῦν
1736 1796 1828 1828 αὐτοῖς
1859 1799 1909 1830 τῆς

1083 1844 1272 1883 ἐκπορεύσεως,
1301 1844 1336 1876 ὡς
1363 1846 1417 1871 τῶν
1441 1842 1528 1871 ἄλλων
1551 1844 1658 1882 κοινῶν⁷
1688 1840 1730 1870 διὰ
1745 1842 1775 1870 τό
1797 1841 1869 1878 μήτε
1885 1841 1910 1873 ἐξ

1082 1889 1174 1917 ἑαυτοῦ
1190 1889 1258 1927 μήτε
1273 1887 1307 1917 δι’
1331 1889 1424 1917 ἑαυτοῦ
1448 1887 1642 1928 ἐκπορεύεσθαι,
1673 1888 1717 1915 καὶ
1744 1888 1816 1926 παρὰ
1831 1887 1911 1915 τοῦτο

1081 1933 1140 1962 οὔτε
1170 1935 1205 1966 εἰς
1234 1934 1284 1967 τὴν
1313 1934 1406 1963 ἑαυτοῦ
1434 1932 1586 1973 ἐκπόρευσιν
1615 1932 1813 1972 μερισθήσεται,
1848 1932 1911 1960 οῧτε

1082 1979 1110 2006 τό
1132 1979 1181 2016 μὲν
1210 1978 1288 2007 αὐτοῦ
1329 1978 1445 2018 προάγον
1488 1978 1572 2014 ἔσται,
1602 1978 1632 2006 τὸ
1662 1977 1689 2005 δὲ
1710 1977 1911 2016 προαγόμενον.

1083 2024 1131 2052 Καὶ
1159 2023 1186 2051 εἴ
1214 2034 1244 2063 γε
1266 2030 1433 2063 παραγαγεῖν
1455 2023 1510 2062 χρὴ
1523 2024 1558 2054 ὡς
1574 2033 1618 2061 κα(
1631 2023 1658 2050 ἐν
1674 2021 1765 2054 ἄλλοις
1784 2023 1818 2050 τὰ
1841 2034 1911 2062 γρα-

1081 2068 1144 2108 φικὰ
1161 2071 1215 2097 τῶν
1243 2068 1325 2108 ἁγίων
1350 2068 1427 2107 ῥητὰ,
1456 2068 1482 2100 ἐξ
1516 2069 1552 2096 ὦν
1581 2068 1731 2095 καθίσταται
1760 2067 1912 2107 πρόδηλον,

215 2113 329 2152 signata
342 2113 502 2149 adducere,
520 2113 599 2144 unde
615 2113 802 2144 manifestum
819 2114 862 2150 ﬁt,
876 2123 941 2143 esse.
957 2122 1039 2153 qum-

1102 2115 1151 2141 ἱναι
1166 2113 1225 2141 ma
1239 2114 1313 2141 κοινὰ
1343 2113 1395 2141 Υἱῶ
1416 2123 1444 2140 τε
1472 2112 1516 2140 καὶ
1530 2112 1661 2150 Πνεύματι
1683 2112 1750 2151 ἅπερ
1779 2113 1829 2140 οὔκ
1852 2113 1914 2153 ἔχει

216 2150 282 2190 dam
298 2158 468 2190 communia
491 2158 566 2190 Filio
593 2163 621 2189 et
636 2157 768 2198 Spiritui.
797 2167 862 2198 qua;
877 2167 936 2188 non
951 2150 1040 2189 habet

1102 2158 1125 2186 αὶ
1139 2159 1153 2186 ὸ
1170 2158 1270 2197 Πατὴρ,
1301 2158 1345 2186 καὶ
1375 2159 1439 2186 εἶναί
1457 2167 1465 2176 ’
1488 2158 1545 2185 τινὰ
1566 2158 1641 2186 κοινὰ
1662 2150 1744 2197 Πατρῖ
1770 2158 1816 2186 καὶ
1846 2150 1912 2198 Titii,

215 2213 333 2245 quoque
349 2203 480 2241 Pater,et
501 2211 567 2235 esse
591 2202 725 2243 qnzedam
735 2203 905 2234 communia
918 2202 997 2234 Patri
1012 2206 1041 2234 et

256 2290 295 2330 (a)
310 2288 493 2330 Principium
503 2288 670 2330 falsum,cui
685 2288 747 2330 haec
759 2287 940 2330 innituntur,
948 2288 1041 2330 Jobus

219 2328 380 2361 monachus
401 2328 546 2369 Apologia
571 2328 692 2359 nomine
725 2328 846 2368 Jusephi
868 2329 1043 2368 patriarchae

218 2371 329 2411 scripto
345 2370 478 2411 enuntiat
492 2369 570 2411 cod._
584 2369 663 2400 Ilion.
675 2369 750 2411 68‘1".
764 2370 802 2401 8:
821 2378 944 2411 necesse
961 2378 1039 2411 esse,

218 2409 292 2441 nihil
309 2410 339 2440 in
351 2410 466 2441 duabus
482 2409 588 2441 divinis
604 2409 740 2450 personis
755 2409 948 2441 considerari.
962 2409 1041 2450 quod
1084 2409 1098 2449 §

218 2460 277 2481 non
292 2450 500 2481 consideretur
521 2450 551 2480 in
568 2450 640 2490 alia,
658 2450 711 2480 sed
726 2451 769 2480 vel
786 2450 837 2480 uni
854 2455 884 2480 et
894 2450 949 2480 soli
966 2459 1042 2490 pras-

217 2495 261 2521 sto
276 2499 343 2521 esse
354 2491 477 2521 duarum
491 2499 684 2530 personarum
697 2490 980 2525 seorsim,videlicet
992 2499 1045 2530 per

219 2530 444 2576 proprietatem,
460 2531 506 2576 vel
522 2532 724 2576 communiter
738 2531 776 2562 de
791 2530 885 2561 Iribus
897 2534 925 2561 et
935 2530 1043 2576 aequali

217 2572 305 2602 modo
315 2571 552 2602 indivisibilitate
563 2578 593 2602 et
605 2572 760 2603 identitate
768 2575 879 2602 naturae
888 2571 1044 2611 praedicari

215 2614 316 2650 (πᾶσαν
339 2611 460 2651 ἀνάγκην
480 2612 564 2649 εἶναι,
595 2611 677 2650 μηδὲν
707 2612 733 2640 ἐν
762 2619 824 2644 ταῖς
850 2611 905 2640 δυσὶ
930 2613 1043 2652 θεωρεῖ-

216 2655 273 2681 σθαι
315 2654 472 2692 θεαρχικαξῑς
514 2652 698 2689 ὑποστάσεσιν,
737 2653 751 2680 ὃ
783 2653 827 2681 καὶ
847 2656 881 2691 τῇ
901 2652 975 2692 ἑτέρᾳ
1002 2653 1040 2691 μὴ

216 2692 388 2734 τεθεώρηται,
412 2691 471 2734 αλλ’
488 2692 506 2726 ἢ
521 2695 555 2730 τῇ
568 2695 628 2734 (μιᾷ
647 2694 691 2722 καὶ
713 2693 782 2732 μόνῃ
805 2691 957 2734 προσ-τεῖναι
979 2699 1040 2721 ταῖν

215 2733 287 2763 δυοῖν
315 2732 506 2772 ἀφαιρούμενον
540 2733 664 2772 (ἰδιότητι
692 2734 753 2773 γὰρ)
791 2734 808 2768 ἢ
827 2732 831 2734 ⁷
850 2737 946 2765 κοινῶς
973 2734 1041 2762 κατὰ

216 2778 268 2803 τῶν
291 2777 370 2813 τριῶν
397 2774 441 2801 καὶ
481 2773 573 2807 ἐπίσης
613 2774 651 2812 τῷ
681 2774 776 2813 ἆμερεϊ
804 2775 848 2802 καὶ
876 2776 963 2810 ταύτῷ
990 2776 1039 2807 τῆς

216 2816 334 2859 φύσεώς⁸
340 2814 399 2859 λέγε
403 2815 459 2859 σθαι

258 2855 298 2896 (a)
314 2853 423 2895 Rejicit
438 2854 560 2886 omnino
571 2855 684 2886 Beccus
695 2853 767 2886 illud
783 2853 1039 2887 schismaticorum

1081 2203 1147 2242 ἅπερ
1175 2203 1219 2231 καὶ
1241 2203 1272 2231 τὸ
1297 2206 1403 2241 Πνεῦμα
1424 2203 1472 2230 οὑκ
1499 2202 1570 2242 ἔχει,
1595 2204 1609 2231 ὁ
1631 2203 1680 2240 μὲν
1706 2203 1754 2235 τῆς
1769 2201 1914 2242 θεολογίας

1083 2286 1262 2328 principium
1275 2297 1282 2316 :
1295 2285 1376 2328 Nihil,
1387 2286 1418 2317 in
1426 2285 1571 2328 T_rinitate
1586 2286 1705 2328 duabus
1716 2285 1788 2328 solis
1801 2295 1915 2326 perso-

1083 2326 1129 2374 nis
1144 2326 1241 2374 potest
1254 2327 1432 2374 convenire;
1443 2326 1486 2373 De
1500 2337 1557 2374 quo
1572 2327 1640 2357 vide
1650 2326 1916 2374 Animadversum

1083 2366 1181 2399 Photii
1208 2367 1318 2399 librum
1347 2368 1385 2398 de
1415 2366 1492 2408 Spir.
1509 2366 1555 2399 ’S.
1578 2367 1756 2408 mystagogia
1770 2376 1841 2407 cap.
1861 2367 1916 2404 III,

1111 2409 1166 2490 18;)
1183 2448 1259 2490 dee
1274 2447 1349 2490 ibid.
1365 2457 1393 2490 ο.
1409 2448 1449 2480 1v
1463 2447 1520 2488 ξε.

1128 2488 1171 2530 (1)
1188 2489 1258 2520 Haec
1272 2489 1363 2530 verba
1376 2488 1562 2530 inqLaurent.
1579 2493 1691 2520 tantum
1708 2492 1857 2529 prostant.

1112 2529 1168 2580 _(9)
1186 2533 1273 2559 Ταῦτα
1303 2529 1387 2561 deest
1411 2529 1443 2559 in
1471 2530 1561 2562 Laur.
1581 2529 1658 2561 sicut
1671 2533 1702 2561 et
1714 2533 1771 2561 art.
1786 2530 1828 2567 τῷ
1842 2533 1919 2560 ante

1084 2572 1164 2649 ut19(3)
1187 2611 1237 2640 Καὶ
1259 2609 1343 2642 deest
1356 2609 1386 2641 in
1399 2610 1500 2649 Laur.,
1517 2610 1544 2639 δὲ
1557 2610 1641 2642 deest
1651 2610 1683 2641 in
1698 2611 1816 2643 Monac.

1122 2651 1166 2690 (4)
1180 2650 1258 2682 Laur
1273 2660 1281 2682 :
1297 2653 1341 2688 Τῷ
1362 2651 1454 2691 Πατρι.

1133 2692 1162 2732 5)
1179 2692 1255 2733 Laur
1271 2699 1279 2721 :
1291 2692 1432 2733 bﬁdppw.

1133 2693 1162 2732 5)
1179 2693 1255 2723 Laur
1271 2693 1432 2733 ἶῦπὰρχειν.

1082 2773 1089 2779 .
1185 2732 1260 2762 Laur
1275 2742 1282 2763 :
1299 2731 1367 2761 ἀλλὰ
1382 2733 1449 2770 μὴν.
1467 2734 1537 2764 Ηωο
1548 2735 1577 2763 οὗ
1592 2735 1646 2771 μὴν
1661 2749 1700 2756 -
1711 2733 1789 2772 πατρὶ
1799 2733 1922 2765 desunt

1082 2774 1112 2804 in
1134 2774 1252 2805 Monac.

1121 2813 1166 2853 ('7)
1183 2816 1234 2842 Ταῦ
1255 2813 1409 2852 [πνεύματος
1423 2814 1508 2845 deest
1523 2812 1554 2844 in
1565 2815 1684 2845 Monac.

1123 2853 1164 2894 (8)
1187 2854 1266 2885 Mon.
1289 2854 1384 2887 Marc.
1400 2853 1559 2895 παράτασις,
