1962 3072
192 166 246 175 -.ι-

198 179 250 198 ιω

741 168 847 200 .lOAN.
873 169 981 200 VECCI
1003 167 1059 199 GP.
1083 163 1340 199 PATRIARCH/E

1823 167 1877 198 T76

193 244 247 275 per
262 236 500 274 generationem,
518 235 596 266 alter
617 245 686 266 vero
702 245 755 275 per
782 235 1008 273 processionem‘

1090 236 1234 275 πορευτῶς,
1265 234 1326 262 ἀλλ’
1361 235 1405 262 οὖν
1434 234 1527 268 ἐπίσης
1555 236 1639 263 αὐτῶν
1671 234 1793 273 ἑκάτερον
1814 234 1878 273 ἀφο-

192 280 346 320 aequaliter
363 285 460 311 tamen
477 280 581 310 horum
596 284 756 320 utrumque
766 280 919 320 distinguit
939 290 956 311 a
970 290 1018 320 pa-

1059 278 1120 318 ρίζει
1144 278 1183 318 (1)
1206 280 1256 312 τῆς
1282 278 1414 318 πατρικῆς
1443 279 1612 312 ὑποστάσεως
1630 287 1638 296 ·
1670 277 1879 306 ἀποδιαστέλλε-

193 328 277 355 terna
306 324 475 364 hypostasi;
507 324 700 362 distinguitur
720 328 817 355 autem
847 325 1005 365 Spirituse

1093 334 1100 350 ι
1128 322 1155 351 δὲ
1182 324 1212 351 τὸ
1241 326 1347 361 Πνεῦμα
1368 324 1412 352 καὶ
1434 322 1540 363 δευτέρᾳ
1563 322 1685 363 διαφορᾷ,
1708 322 1742 357 ἢν
1763 323 1834 360 αὓτῷ
1852 322 1882 350 τό

192 369 249 399 alia
265 368 443 405 differentia,
462 378 549 408 quam
576 369 603 400 ei
634 369 792 406 cuplicitas
819 369 1008 410 prooessioni:

1090 366 1165 395 πλοῦν
1190 370 1240 401 τῆς
1274 367 1453 407 ὲκπορεύσεως
1481 367 1604 408 προξενεῖ
1620 376 1628 384 '
1667 368 1689 396 εἰ
1724 367 1752 396 δὲ
1781 367 1882 395 πλείοσί

192 417 282 444 creat.
299 413 362 444 Jam
380 423 448 444 vero
460 414 485 444 si
500 413 632 454 pluribus
643 413 818 444 differentiis
829 414 1008 453 tlistinguitui

1090 418 1196 451 ιφορατς
1226 411 1405 440 διαστέλλεται
1432 416 1478 441 τοῦ
1505 414 1607 452 Πατρὸς
1636 413 1666 441 τό
1688 414 1794 450 Πνεῦμα
1817 410 1883 451 ἤπερ

191 467 208 488 a
223 459 309 489 Patre
325 457 451 498 Spiritus
466 467 554 498 quam
571 457 675 494 Filius,
695 459 816 498 propius
841 459 963 489 accedet
977 459 1013 489 ad

192 506 345 542 paternum
368 502 561 533 substantiam
591 502 693 538 Filius,
721 503 906 543 geminisque
935 503 1013 533 exsi-

190 547 335 578 stenlibus
345 546 655 587 proprietatibus,qua;
664 547 807 587 Spiritum
819 547 1012 586 distinguant,

191 602 243 632 per
258 592 380 622 alteram
405 592 509 621 horum
526 591 680 622 evincetur
695 591 836 632 Spiuitum
857 601 922 623 esse
938 591 1012 622 Filio

189 637 362 667 inferiorem
379 636 408 666 in
421 635 588 676 :equalilate
603 637 867 667 eonsubstantialis
879 646 946 667 cum
963 638 1015 668 Pa-

191 686 235 712 tre
259 680 422 716 afﬁnitatis,
454 682 559 721 sicque
577 680 739 713 Macedonii
756 691 858 712 rursus
872 681 1014 712 adversus

190 725 331 766 Spiritum
348 729 480 764 emerget
501 725 627 766 insania,
651 725 714 765 ipsa
729 735 846 766 quoque
861 725 939 756 illius
955 726 1011 756 im-

190 773 298 810 pietate
313 769 453 800 deterior.

229 814 277 845 33.
295 813 431 850 Quinimo
447 814 472 844 si
497 814 590 845 solius
617 814 744 854 Spiritus
769 819 824 855 est,
850 815 880 845 in
897 815 1012 846 diversa

188 859 292 890 referri
309 858 466 899 principia,
479 859 627 898 quomodo
645 868 703 889 non
717 859 886 890 necessario
902 868 1011 891 conse-

188 908 305 944 quetur,
323 908 351 934 et
364 904 456 934 solius
468 912 533 934 esse
549 902 687 943 Spiritus,
699 902 728 934 in
755 903 909 944 multiplex
926 907 1010 944 prin-

187 948 212 979 ci
217 948 296 988 pium
312 948 416 979 referri
429 947 444 976 ‘2

228 994 276 1024 34.
290 992 413 1032 Insuper
422 992 446 1022 si
458 992 487 1022 in
500 992 607 1032 quibus
630 991 706 1022 Patri
719 1001 752 1022 ac
765 991 839 1023 Filio
855 993 1011 1024 temeraria

187 1038 314 1068 novitate
329 1036 520 1068 autlacissimi
552 1037 601 1067 isti
617 1038 858 1068 communionem
888 1037 1010 1069 efﬁnxe-

187 1087 264 1120 runt,
283 1082 318 1113 iis
346 1081 487 1122 Spiritum
512 1081 691 1119 secludunt;
721 1082 808 1113 Pater
822 1085 919 1113 autem
936 1082 1009 1114 FlllO

186 1127 348 1158 secundum
379 1125 584 1162 substantiam,
615 1136 672 1156 uon
696 1127 861 1157 secundum
881 1127 1009 1167 aliquam

187 1171 396 1212 proprietatem
405 1170 681 1201 iucommunionem
695 1171 895 1211 conjungitur:
910 1181 982 1212 ergo
993 1181 1009 1203 δ

186 1221 308 1257 paterna
335 1215 498 1246 secundum
521 1215 716 1246 substantiam
739 1215 915 1255 cognatione
939 1226 1008 1248 con-

184 1260 407 1292 substantialem
421 1260 563 1299 Spiritum
580 1260 752 1291 excludunt.

225 1305 273 1337 35.
291 1305 418 1346 Spiritus
441 1314 458 1335 a
486 1304 560 1335 Filio
576 1305 711 1345 procedit
725 1305 869 1337 eademne
884 1317 1007 1347 proces-

183 1350 275 1381 sionae
290 1359 325 1381 an
339 1354 468 1391 paternae
482 1349 652 1380 contraria?
664 1350 695 1380 Si
706 1350 784 1380 enim
797 1351 912 1389 eadem,
929 1362 1006 1393 quo—

183 1399 271 1426 modo
287 1404 347 1426 non
361 1407 367 1424 t
379 1403 535 1425 ommunes
550 1394 697 1426 rdduntur
713 1395 919 1437 proprietates,
938 1398 1005 1438 qui-

182 1439 236 1470 bus
266 1444 294 1470 et
321 1439 392 1470 solis
419 1438 549 1469 Trinitas
571 1439 700 1470 Trinitas
741 1449 808 1471 esse
833 1446 862 1471 et
890 1442 1006 1473 adorari

180 1484 418 1525 dignoscitur(a)
430 1483 587 1514 ‘?Siautem
600 1484 790 1524 processione
799 1489 1006 1526 paternzecon-

182 1530 282 1569 traria,
300 1528 449 1569 quomodo
471 1538 530 1559 non
546 1529 680 1559 Manetes
696 1529 782 1559 nobis
797 1534 825 1561 et
840 1531 1005 1563 Marcianes

1057 457 1071 483 ὁ
1100 456 1171 493 Υἱός,
1190 456 1320 496 ἐγγυτέρω
1334 456 1365 484 ἂν
1387 456 1433 490 εἴη
1454 460 1503 491 τῆς
1528 457 1662 496 πατρικῆς
1677 457 1764 488 οὒσίας
1779 457 1794 484 ὁ
1810 457 1881 492 Υἱὸς,

1055 501 1098 528 καὶ
1120 499 1220 529 διπλῶν
1262 502 1343 529 ὃντων
1385 500 1534 539 ἰδιωμάτων
1569 504 1622 529 τῶν
1650 501 1826 541 ἀφοριζόντων
1850 501 1880 529 τό

1056 545 1162 582 Πνεῦμα
1189 545 1289 585 θατέρῳ
1316 546 1416 574 τούτων
1450 544 1641 579 ὑποϐεϐηκέναι
1671 550 1718 575 τοῦ
1743 547 1802 574 Υἱοῦ
1831 547 1880 578 τῆς

1055 590 1186 630 ὁμοφυοῦς
1215 591 1279 630 πρὸς
1307 591 1351 618 τὸν
1382 591 1484 630 Πατέρα
1514 591 1664 629 συγγενείας
1691 591 1722 618 τὸ
1761 590 1880 627 ἰσότιμον

1055 632 1290 673 δυσφημηθήσεται
1329 638 1447 675 Πνεῦμα,
1483 635 1526 662 καὶ
1558 634 1640 665 οὕτως
1674 635 1691 668 ἡ
1721 632 1879 662 Μακεδονία»

1055 677 1133 707 πάλιν
1162 680 1230 707 κατὰ
1257 683 1303 708 τοῦ
1347 680 1498 718 Πνεύματος
1537 678 1690 708 ἀναδύσεται
1719 677 1757 715 (2)
1785 678 1879 716 λύσσα,

1055 725 1103 756 τῆς
1125 723 1224 752 ἐκείνου
1248 722 1395 757 δυσσεϐείας
1436 723 1469 752 δι’
1492 723 1586 758 ἑαυτῆς
1622 723 1822 762 ἀνακαλουμένη
1849 725 1880 751 τὸ

1055 765 1175 803 ἥττημα.

1095 807 1147 850 λγ’.
1174 810 1257 840 Ἀλλὰ
1283 813 1328 840 καὶ
1369 813 1391 840 εἰ
1425 813 1507 850 μόνου
1530 813 1682 850 Πνεύματος
1704 813 1758 841 ἐστι
1786 813 1817 840 τὸ
1844 813 1880 844 εἷς

1054 854 1140 895 ἀρχὰς
1161 856 1332 896 ἀναφέρεσθαι
1359 856 1506 897 διαφόρους,
1544 859 1601 889 πῶς
1630 858 1692 897 οὐχὶ
1727 858 1771 886 καὶ
1800 857 1881 894 μόνου

1024 900 1204 942 ΒΠνεύματος
1233 900 1374 929 ἀκόλουθον
1395 900 1482 940 λέγειν
1511 902 1541 929 τό
1569 903 1605 933 εἷς
1633 901 1786 942 πολύαρχον
1815 901 1880 929 ἂνα-

1053 944 1273 985 φέρεσβκεάρχὴν
1291 953 1299 982 ς

1092 983 1143 1020 λδ’.
1163 983 1238 1018 "Hirti
1253 989 1279 1018 δὲ
1308 990 1330 1018 εἰ
1351 990 1378 1018 ἒν
1403 991 1447 1022 οἷς
1469 992 1549 1031 Πατρὶ
1564 991 1607 1019 καὶ
1623 991 1675 1028 Υἱῷ
1689 991 1826 1019 κοινωνίαν
1855 991 1879 1019 οἱ

1052 1033 1137 1062 πάντα
1164 1035 1271 1073 θρασεῖς
1313 1034 1532 1074 ἐκαινούργησαν,
1577 1036 1608 1063 τὸ
1635 1039 1741 1073 Πνεῦμα
1775 1036 1878 1067 τούτοις

1052 1077 1247 1118 ἀποτειχίζουσι
1272 1087 1278 1093 ·
1303 1080 1394 1119 Πατὴρ
1421 1079 1448 1107 δὲ
1477 1080 1537 1108 κατ’
1565 1080 1652 1109 οὐσίαν
1681 1081 1743 1120 ι’ἱῷ,
1767 1079 1827 1108 ἀλλ’
1850 1081 1879 1108 οὗ

1051 1123 1118 1152 κατὰ
1146 1134 1171 1150 τι
1200 1125 1252 1151 τῶν
1289 1123 1438 1162 ἰδιωμάτων
1467 1125 1503 1156 εἰς
1532 1125 1672 1153 κοινωνίαν
1693 1124 1852 1153 συνάπτεται
1869 1133 1876 1139 '

1050 1169 1100 1200 τῆς
1121 1168 1181 1196 κατ’
1209 1169 1297 1197 ουσίαν
1325 1169 1374 1208 ἄρα
1403 1171 1535 1209 πατρικῆς
1550 1169 1702 1208 συγγενείας
1723 1168 1754 1197 τό
1775 1169 1876 1206 ὁμοού-

1051 1222 1106 1239 σιον
1123 1213 1229 1254 Πνεῦμα
1250 1214 1439 1254 ὑπερορίζουσι.

1089 1251 1138 1286 λε’.
1172 1258 1207 1286 Τὸ
1240 1260 1347 1296 Πνεῦμα
1385 1261 1432 1286 τοῦ
1461 1259 1520 1287 Υἱου
1548 1257 1739 1298 ἐκπορεύεται·
1765 1258 1877 1298 πότερον

1049 1299 1098 1332 τὴν
1124 1301 1205 1336 αὐτήν
1245 1302 1401 1341 ὲκπόρευσιν
1430 1302 1448 1336 ἢ
1484 1305 1533 1336 τῆς
1560 1303 1682 1342 πατρῴας
1717 1302 1876 1341 ἀντίθετονς

1050 1345 1078 1372 Εἰ
1105 1345 1153 1383 μὲν
1179 1346 1229 1385 γὰρ
1249 1346 1298 1380 ττὶν
1319 1347 1412 1385 ωὸτὴν,
1436 1349 1493 1380 πῶς
1521 1348 1550 1375 οὺ
1571 1351 1704 1376 κινοῦνται
1733 1346 1875 1381 αἶὶδιότη-

1047 1399 1102 1427 τες,
1126 1390 1172 1422 αἷς
1190 1391 1234 1418 καὶ
1249 1391 1341 1428 μόναις
1369 1392 1387 1425 ἡ
1409 1392 1487 1431 Τριὰς
1509 1392 1587 1432 Τριὰς
1609 1392 1680 1420 εἶναι
1695 1392 1738 1420 καὶ
1752 1402 1874 1429 προσκυ-

1049 1435 1148 1462 νεῖσθαι
1177 1436 1425 1476 χαρακτηρίζεται,
1454 1437 1476 1464 εἰ
1509 1435 1532 1464 δ’
1563 1437 1664 1470 ἐκείνης
1691 1435 1769 1476 [001.
1801 1437 1823 1465 sl
1846 1436 1873 1464 δὲ

1047 1478 1165 1519 ἐκείνης]
1188 1480 1330 1520 ἀντίθετον,
1347 1480 1401 1513 πῶς
1425 1482 1454 1509 οὐ
1478 1481 1608 1513 Μάνεντες
1635 1482 1702 1519 ἡμῖν
1732 1481 1776 1509 καὶ
1797 1484 1874 1521 Μαρ-

1047 1523 1140 1554 κίωνες
1166 1523 1246 1551 πάλιν
1273 1527 1311 1562 τῷ
1332 1523 1484 1564 βλασφήμῳ
1521 1525 1589 1554 οὕτω
1617 1525 1874 1566 συναναχορεύσουσι

179 1566 284 1605 rursus
298 1566 358 1604 uno
384 1583 451 1604 cum
477 1573 533 1603 isto
562 1572 651 1605 verbo
667 1574 811 1613 sacrilego
826 1574 857 1605 in
873 1575 1004 1606 medium

1090 1578 1146 1595 ιατι
1170 1566 1225 1607 (3),
1254 1569 1303 1613 τὴν
1330 1570 1466 1609 θεομάχον
1501 1569 1580 1598 πάλιν
1608 1570 1675 1598 κατὰ
1702 1573 1748 1598 τοῦ
1769 1571 1876 1609 Πατρὸς

179 1619 337 1658 prodeunt,
353 1617 473 1658 impiam
490 1617 598 1648 iterum
615 1617 759 1649 adversus
781 1619 897 1650 Patrem
915 1619 1003 1651 etFi-

178 1663 249 1693 lium
266 1662 423 1693 dilatantes
439 1661 669 1700 garrulitatem?

218 1707 268 1738 36.
289 1708 437 1737 Praeterea
458 1706 483 1736 si
511 1715 600 1736 omne
615 1706 692 1746 quod
710 1717 767 1738 non
785 1712 829 1739 est
844 1717 1002 1741 commune

1047 1613 1090 1639 καὶ
1105 1615 1152 1640 τοῦ
1170 1613 1229 1640 ι’ἱοῦ
1248 1612 1434 1653 γλωσσαλγίαν
1456 1614 1630 1646 πλατύνοντες
1649 1622 1655 1629 ’

1084 1697 1152 1739 λς’.
1169 1702 1244 1731 Ἐπεὶ
1271 1701 1298 1730 δὲ
1325 1709 1384 1734 τοῖς
1413 1704 1571 1743 εἰρημένοις,
1600 1705 1623 1732 εί
1650 1707 1702 1732 πᾶν
1724 1705 1739 1731 ὃ
1753 1704 1792 1741 μὴ
1816 1704 1874 1732 ἐστι

177 1750 373 1790 omnipotenti
389 1755 418 1781 et
429 1750 673 1782 consubstantiali
685 1755 773 1791 atque
784 1755 1003 1793 supernaturali

1090 1747 1132 1775 νὸν
1153 1749 1202 1780 τῆς
1217 1749 1460 1787 παντοκρατορικῆς
1481 1749 1525 1776 καὶ
1549 1749 1688 1787 ὁμοουσίου
1715 1750 1758 1777 καὶ
1786 1750 1873 1789 ὑπερ-

177 1794 325 1832 Trinitati,
342 1795 432 1825 unius
442 1799 487 1826 est
497 1795 681 1826 solummodo
694 1796 781 1826 trium
793 1791 1000 1837 personarum,

1090 1795 1122 1824 ιὺς
1151 1791 1270 1831 Τριάδος,
1314 1792 1371 1824 ἑνός
1412 1791 1467 1820 ἐστι
1503 1793 1585 1832 μόνου
1614 1797 1668 1822 τῶν
1694 1797 1773 1834 τριῶν
1791 1804 1798 1810 ·
1823 1795 1873 1823 οὐκ

176 1839 332 1880 productio
361 1843 459 1870 autent
503 1838 633 1879 Spiritus
673 1849 730 1870 non
759 1835 803 1872 est
832 1835 999 1874 communis

1090 1848 1097 1864 ι
1125 1835 1151 1864 δὲ
1173 1838 1190 1871 ἡ
1219 1840 1265 1866 τοῦ
1285 1838 1437 1875 Πνεύματος
1458 1837 1577 1878 προϐολὴ
1599 1839 1674 1872 κοινὴ
1697 1841 1750 1867 τῶν
1773 1842 1871 1878 τριῶν,

175 1884 264 1914 trium
281 1893 370 1924 :ergo
390 1889 435 1916 est
460 1884 665 1915 tantummodo
681 1885 768 1916 unius
784 1895 800 1917 e
815 1886 910 1918 tribus
927 1887 996 1919 illis.

1090 1892 1097 1913 ;
1127 1879 1176 1921 ἄρα
1204 1883 1247 1910 καὶ
1269 1882 1350 1920 μόνου
1372 1882 1415 1911 ἐπὶ
1435 1886 1488 1911 τῶν
1512 1887 1600 1922 τριῶν.
1633 1883 1760 1923 Πότερον,
1776 1883 1821 1912 οὖν
1837 1886 1871 1912 ὲκ

177 1927 278 1959 Utrum
292 1929 380 1968 igitur
396 1938 430 1960 ex
448 1928 533 1960 Patre
550 1929 652 1960 dicent
663 1930 826 1970 procedere
840 1931 996 1972 Spiritum,

1114 1927 1215 1964 Πατρός
1244 1928 1372 1967 φήσουσιν
1413 1927 1596 1968 ἐκπορεύεσθαι
1624 1929 1655 1956 τὸ
1683 1928 1800 1966 Πνεῦμα,
1823 1930 1870 1957 καὶ

175 1978 205 2004 et
219 1973 368 2014 quomodo
386 1983 443 2004 non
461 1973 618 2013 ejurabunt
643 1983 739 2005 caram
758 1975 829 2015 ipsis
843 1970 877 2007 ac
894 1986 998 2008 novam

1090 1981 1097 2002 ς
1126 1971 1172 1998 οὑκ
1197 1971 1368 2010 ἒξομόσονται
1403 1972 1452 2006 τὴν
1480 1972 1559 2013 φίλην
1581 1973 1673 2004 αὺτοῖς
1704 1973 1771 2012 [aut]
1802 1984 1867 2002 καιε

174 2017 339 2049 doetrinam
351 2017 363 2050 ?
377 2017 409 2050 Si
433 2024 531 2049 autem
552 2027 587 2049 ex
598 2018 684 2056 Filio,
702 2028 754 2050 cur
769 2014 829 2051 non
849 2021 946 2052 statim
962 2022 999 2053 ab

1120 2014 1162 2055 (4)
1192 2017 1378 2056 μυσταγωγίαν
1394 2024 1401 2053 ;
1430 2018 1458 2046 Εἰ
1472 2016 1500 2045 δὲ
1516 2017 1546 2045 ἐκ
1560 2021 1606 2047 τοῦ
1628 2019 1698 2054 Υἱοῡ,
1715 2019 1741 2046 τί
1755 2019 1794 2056 μὴ
1810 2018 1873 2047 κατ’

171 2063 256 2094 initio
286 2067 355 2094 sunt
369 2063 434 2094 ausi
451 2067 543 2094 totum
574 2072 661 2093 suum
679 2073 830 2095 venenum
846 2075 997 2107 evomere,

1090 2060 1150 2107 far“
1172 2060 1243 2092 εὐθὺς
1286 2060 1430 2100 ἐθάῤῥησαν
1453 2060 1522 2107 -ὅλον
1552 2062 1638 2090 αἰητῶν
1667 2061 1788 2100 ἐξεμέσαι
1826 2063 1876 2091 τὸν

172 2108 224 2138 sed
251 2108 391 2150 paulatim
423 2118 456 2139 ac
484 2107 684 2148 particulatim
713 2108 786 2139 iilud
818 2103 1000 2141 ell'undunt‘i

1107 2103 1176 2150 ἀλλὰ
1197 2106 1265 2133 κατὰ
1293 2105 1372 2145 μέρος
1395 2105 1581 2142 ἆναϐλύζουσιν
1598 2115 1606 2144 ς
1628 2106 1731 2147 Ἐχρῆν
1747 2107 1810 2146 γὰρ,
1828 2107 1876 2135 εἴ-

172 2148 334 2194 Opnrtebat
348 2153 470 2191 enim,si
485 2152 606 2194 quidem
617 2152 708 2193 impio
720 2163 774 2184 suo
786 2154 916 2194 dogmati
928 2165 997 2186 con-

1128 2148 1195 2182 ἦσαν
1237 2150 1392 2182 πεποιθότες
1430 2152 1515 2180 αὐτῶν
1550 2154 1588 2189 τῷ
1622 2150 1812 2189 δυσσεϐήματι,
1847 2151 1875 2184 ἐξ

173 2193 316 2235 ﬁdebant,
331 2198 367 2228 ab
383 2198 467 2229 initio
494 2193 574 2238 ipsos
591 2197 733 2237 proﬁteri,
755 2207 772 2229 a
785 2193 892 2230 senon
910 2200 998 2232 modo

1090 2196 1130 2233 λῆς
1167 2193 1355 2235 ἂνομολογεϊν,
1384 2197 1420 2228 ὼς
1443 2197 1471 2223 οὺ
1499 2197 1580 2234 μόνον
1595 2197 1640 2224 τὸν
1656 2197 1714 2224 Υἶὸν
1736 2195 1872 2235 προϐολέα

171 2243 278 2275 Filium
308 2231 517 2283 productoreni
545 2231 674 2283 Spiritus
702 2231 869 2283 praedicari,
899 2245 951 2276 sed
968 2249 999 2276 et

1090 2231 1095 2233 ἒ
1114 2231 1266 2283 Πνεόματος
1291 2231 1505 2279 ’δογματίζουσινῖ
1523 2240 1592 2271 ἀλλὰ
1619 2241 1663 2269 καὶ
1688 2241 1735 2269 τὸν
1758 2231 1872 2280 ’Πατέρα

173 2289 288 2320 Patrem
304 2282 341 2319 ab
357 2298 393 2319 ea
414 2282 611 2329 productione
640 2282 777 2326 excludi;
800 2293 892 2329 atque
920 2290 997 2321 adeo

1117 2282 1251 2323 προϐολῆς
1279 2283 1467 2314 ἀπελαύνουσιν
1483 2293 1491 2302 ⁰
1521 2287 1564 2318 οἷς
1602 2285 1744 2315 ἀκόλουθον
1781 2285 1871 2321 δήπου

171 2328 648 2373 debebantetiam’generatiouem
658 2341 716 2363 una
724 2342 791 2364 cum
802 2328 999 2374 productione

1113 2328 1161 2362 τὴν
1187 2328 1309 2367 γέννησιν
1357 2333 1391 2368 τῇ
1423 2329 1541 2370 προϐολῇ
1569 2331 1787 2368 συμμετατιθέναι
1823 2333 1871 2360 καὶ

172 2382 390 2415 transverlere,
407 2382 575 2409 monstrosa
588 2377 750 2408 asserendo
774 2372 920 2416 futilitate,
939 2388 998 2410 non

1090 2372 1260 2413 μεταφέρειν,
1291 2375 1334 2403 καὶ
1367 2374 1436 2414 μηδὲ
1456 2377 1502 2404 τὸν
1533 2376 1593 2404 Υὶὸν
1621 2375 1650 2404 ἐκ
1678 2380 1723 2405 τοῦ
1750 2378 1871 2416 Πατρὸς,

172 2421 280 2453 Filium
296 2432 330 2453 ex
348 2423 446 2460 Patre,
464 2422 515 2453 sed
528 2423 645 2453 Patrem
662 2431 695 2452 ex
712 2421 785 2454 Filio
801 2423 950 2465 generari,
968 2432 1001 2459 ut

1096 2417 1124 2446 δὲ
1145 2418 1191 2446 τοῦ
1213 2420 1273 2448 Ι*ἱοῦ
1293 2419 1479 2461 τερατολογεῖν
1507 2421 1553 2448 τὸν
1579 2420 1683 2461 Πατέρα
1706 2422 1755 2455 τὴν
1773 2421 1875 2460 γέννηο

173 2475 232 2497 non
259 2467 354 2498 solum
386 2476 491 2498 omnes
514 2476 529 2497 a
546 2466 654 2498 saeculo
668 2467 776 2507 impios
791 2467 996 2508 obscurarent,

1110 2467 1196 2507 ἔχειν,
1226 2466 1271 2495 ἵνα
1298 2467 1337 2505 μὴ
1363 2468 1444 2505 μόνον
1472 2467 1530 2500 τοὺς
1552 2465 1718 2501 ἠσεϐηκότας
1734 2466 1760 2500 ἒξ
1774 2468 1874 2502 αἰῶνος

171 2511 224 2543 sed
241 2516 269 2542 et
284 2511 396 2542 insanis
411 2511 483 2553 ipsis
493 2511 659 2542 insaniores
688 2511 998 2553 deprehenderentur-

1090 2514 1187 2552 ψωσιν,
1218 2511 1285 2540 ἀλλὰ
1307 2513 1416 2541 καὶτῶν
1443 2512 1603 2551 μεμηνότων
1623 2511 1788 2552 ἓλέγχωνται
1817 2524 1874 2551 μα-

1042 2557 1177 2597 νικώτεροι
1182 2581 1188 2588 .

212 2602 261 2634 37.
277 2601 351 2633 Item
367 2601 393 2633 si
409 2611 443 2632 ex
459 2601 544 2632 Patre
561 2600 652 2632 Filius
662 2601 781 2641 genitus
797 2607 853 2643 est,
870 2604 996 2644 Spiritus

1090 2606 1108 2638 ,ζ
1121 2623 1129 2632 .
1149 2597 1213 2631 "Eu
1235 2601 1262 2631 δὲ
1283 2603 1306 2631 εἰ
1321 2602 1351 2631 ἐκ
1367 2606 1413 2631 τοῦ
1440 2604 1542 2643 Πατρὸς
1568 2604 1582 2632 ὁ
1612 2604 1670 2636 Υἱὸς
1692 2602 1870 2643 γεγέννηται,

171 2656 243 2678 vero
256 2655 290 2678 ex
306 2647 394 2678 Patre
402 2646 539 2687 Filioque
552 2645 756 2686 procedit,cur
763 2647 887 2688 Spiritui
902 2657 993 2690 nega-

1096 2646 1124 2676 δὲ
1153 2650 1258 2686 Πνεῦμα
1285 2648 1316 2675 ὲκ
1341 2650 1387 2675 τοῦ
1408 2648 1510 2688 Πατρὸς
1526 2648 1569 2676 καὶ
1583 2651 1629 2676 τοῦ
1651 2649 1711 2676 Υίοῦ
1726 2647 1872 2687 ὲκπυρεύα-

1077 2732 1116 2774 (3)
1132 2733 1220 2763 Laur.
1249 2741 1257 2764 :

1315 2732 1402 2773 βλασφ
1407 2756 1413 2762 .

1035 2777 1146 2817 ῥῆμὲῗιῑ

1080 2814 1122 2856 (4)
1139 2813 1227 2845 Laur.
1244 2820 1312 2845 cum
1327 2813 1442 2845 Colum.
1458 2817 1504 2844 est
1519 2813 1550 2844 in
1564 2817 1655 2846 textu.

212 2735 251 2771 (al
264 2732 351 2765 Catil‘.
369 2741 382 2773 :7
396 2743 407 2761 ι
424 2731 538 2773 Quibus
566 2734 596 2762 et
610 2730 681 2762 solis
697 2730 850 2762 Trinitatis
865 2737 994 2769 essentia

1090 2732 1116 2772 Β)
1132 2733 1257 2764 Laur.:
1315 2732 1413 2773 βλασφ.
1470 2733 1555 2769 τούτῳ
1607 2732 1869 2773 συναναχορεύσοοσι

171 2778 200 2805 et
215 2773 351 2805 adoratio
366 2772 549 2812 designatur.
569 2785 582 2800 ι

211 2814 252 2854 (Ι)
269 2814 358 2847 Laur.
377 2813 528 2854 ἀφορίζεται
543 2813 591 2854 τῆς
606 2825 625 2841 π

212 2815 237 2854 (Ι
269 2814 358 2847 Laur.
377 2814 528 2854 ἀφορίζεται
543 2814 591 2847 τῆς
606 2825 625 2841 π

212 2814 252 2896 (2i
268 2855 356 2888 Laur.
372 2858 405 2886 ut
418 2852 481 2887 Col.
497 2853 628 2886 ἀναδύσει.

657 2837 754 2854 ..ιιι-οώ
