  <div class='ocr_page' id='page_1' title='image "/cluster/home/n/w/nwhite01/storage/ocr_20150623/141/njp.32101010942868/401.png"; bbox 0 0 1962 3072; ppageno 0'>
   <div class='ocr_carea' id='block_1_1' title="bbox 173 61 228 93">
    <p class='ocr_par' dir='ltr' id='par_1_1' title="bbox 173 61 228 93">
     <span class='ocr_line' id='line_1_1' title="bbox 173 61 228 93; baseline -0.018 0"><span class='ocrx_word' id='word_1_1' title='bbox 173 61 228 93; x_wconf 73' lang='grc'><strong>701</strong></span> 
     </span>
    </p>
   </div>
   <div class='ocr_carea' id='block_1_2' title="bbox 729 57 1307 92">
    <p class='ocr_par' dir='ltr' id='par_1_2' title="bbox 729 57 1307 92">
     <span class='ocr_line' id='line_1_2' title="bbox 729 57 1307 92; baseline 0.002 -1"><span class='ocrx_word' id='word_1_2' title='bbox 729 58 836 92; x_wconf 70' lang='grc' dir='ltr'><strong>ΙΟΑΝ.</strong></span> <span class='ocrx_word' id='word_1_3' title='bbox 853 59 964 92; x_wconf 82' lang='lat' dir='ltr'><strong>VECCI</strong></span> <span class='ocrx_word' id='word_1_4' title='bbox 977 58 1035 90; x_wconf 76' lang='grc' dir='ltr'><strong>ΟΡ.</strong></span> <span class='ocrx_word' id='word_1_5' title='bbox 1050 57 1307 92; x_wconf 62' lang='grc' dir='ltr'><strong>ΡΑἸἮΙΑΒΩΗΑ</strong></span> 
     </span>
    </p>
   </div>
   <div class='ocr_carea' id='block_1_3' title="bbox 1804 59 1868 92">
    <p class='ocr_par' dir='ltr' id='par_1_3' title="bbox 1804 59 1868 92">
     <span class='ocr_line' id='line_1_3' title="bbox 1804 59 1868 92; baseline 0.016 -1"><span class='ocrx_word' id='word_1_6' title='bbox 1804 59 1868 92; x_wconf 68' lang='lat'><strong>792</strong></span> 
     </span>
    </p>
   </div>
   <div class='ocr_carea' id='block_1_4' title="bbox 173 123 1002 169">
    <p class='ocr_par' dir='ltr' id='par_1_4' title="bbox 173 123 997 169">
     <span class='ocr_line' id='line_1_4' title="bbox 173 123 997 169; baseline 0.002 -14"><span class='ocrx_word' id='word_1_7' title='bbox 173 134 232 168; x_wconf 80' lang='lat' dir='ltr'><strong>qua</strong></span> <span class='ocrx_word' id='word_1_8' title='bbox 246 126 334 157; x_wconf 86' lang='lat' dir='ltr'><strong>Pater</strong></span> <span class='ocrx_word' id='word_1_9' title='bbox 347 123 490 165; x_wconf 75' lang='lat' dir='ltr'><strong>Spiritum</strong></span> <span class='ocrx_word' id='word_1_10' title='bbox 507 125 679 169; x_wconf 79' lang='lat' dir='ltr'><strong>producere</strong></span> <span class='ocrx_word' id='word_1_11' title='bbox 703 129 734 156; x_wconf 82' lang='lat' dir='ltr'><strong>et</strong></span> <span class='ocrx_word' id='word_1_12' title='bbox 763 124 858 156; x_wconf 85' lang='lat' dir='ltr'><strong>sacris</strong></span> <span class='ocrx_word' id='word_1_13' title='bbox 879 125 997 157; x_wconf 81' lang='lat' dir='ltr'><strong>dicatur</strong></span> 
     </span>
    </p>
   </div>
   <div class='ocr_carea' id='block_1_5' title="bbox 1084 123 1871 169">
    <p class='ocr_par' dir='ltr' id='par_1_5' title="bbox 1084 127 1871 169">
     <span class='ocr_line' id='line_1_5' title="bbox 1084 127 1871 169; baseline -0.001 -14"><span class='ocrx_word' id='word_1_14' title='bbox 1084 128 1128 155; x_wconf 85' lang='grc' dir='ltr'><strong>θαι</strong></span> <span class='ocrx_word' id='word_1_15' title='bbox 1152 128 1346 167; x_wconf 80' lang='grc' dir='ltr'>τερατεύσοιτο.</span> <span class='ocrx_word' id='word_1_16' title='bbox 1369 129 1399 157; x_wconf 79' lang='grc' dir='ltr'><strong>Εἰ</strong></span> <span class='ocrx_word' id='word_1_17' title='bbox 1425 127 1452 157; x_wconf 72' lang='grc' dir='ltr'>δὲ</span> <span class='ocrx_word' id='word_1_18' title='bbox 1480 130 1545 158; x_wconf 85' lang='grc' dir='ltr'>καθδ</span> <span class='ocrx_word' id='word_1_19' title='bbox 1569 130 1663 169; x_wconf 79' lang='grc' dir='ltr'>Πατὴρ</span> <span class='ocrx_word' id='word_1_20' title='bbox 1677 130 1691 157; x_wconf 81' lang='grc' dir='ltr'><strong>ὁ</strong></span> <span class='ocrx_word' id='word_1_21' title='bbox 1719 129 1810 166; x_wconf 79' lang='grc' dir='ltr'>Πατὴρ</span> <span class='ocrx_word' id='word_1_22' title='bbox 1831 129 1871 154; x_wconf 73' lang='lat' dir='ltr'><strong>ia-</strong></span> 
     </span>
    </p>
   </div>
   <div class='ocr_carea' id='block_1_6' title="bbox 173 168 1001 210">
    <p class='ocr_par' dir='ltr' id='par_1_6' title="bbox 173 168 1001 210">
     <span class='ocr_line' id='line_1_6' title="bbox 173 168 1001 210; baseline 0.001 -10"><span class='ocrx_word' id='word_1_23' title='bbox 173 169 308 210; x_wconf 83' lang='lat' dir='ltr'><strong>Eioquiis</strong></span> <span class='ocrx_word' id='word_1_24' title='bbox 338 173 367 200; x_wconf 92' lang='lat' dir='ltr'><strong>et</strong></span> <span class='ocrx_word' id='word_1_25' title='bbox 384 178 402 200; x_wconf 89' lang='lat' dir='ltr'><strong>a</strong></span> <span class='ocrx_word' id='word_1_26' title='bbox 416 168 572 200; x_wconf 85' lang='lat' dir='ltr'><strong>catholicis</strong></span> <span class='ocrx_word' id='word_1_27' title='bbox 586 169 825 200; x_wconf 87' lang='lat' dir='ltr'><strong>constantissime</strong></span> <span class='ocrx_word' id='word_1_28' title='bbox 851 170 1001 205; x_wconf 83' lang='lat' dir='ltr'><strong>credatur.</strong></span> 
     </span>
    </p>
   </div>
   <div class='ocr_carea' id='block_1_7' title="bbox 178 213 1000 256">
    <p class='ocr_par' dir='ltr' id='par_1_7' title="bbox 178 213 1000 256">
     <span class='ocr_line' id='line_1_7' title="bbox 178 213 1000 256; baseline -0.002 -9"><span class='ocrx_word' id='word_1_29' title='bbox 178 214 311 256; x_wconf 78' lang='lat' dir='ltr'><strong>profecto</strong></span> <span class='ocrx_word' id='word_1_30' title='bbox 334 222 390 245; x_wconf 90' lang='lat' dir='ltr'><strong>nec</strong></span> <span class='ocrx_word' id='word_1_31' title='bbox 414 213 518 253; x_wconf 85' lang='lat' dir='ltr'><strong>Filius,</strong></span> <span class='ocrx_word' id='word_1_32' title='bbox 534 217 680 254; x_wconf 85' lang='lat' dir='ltr'><strong>quatenus</strong></span> <span class='ocrx_word' id='word_1_33' title='bbox 706 213 798 246; x_wconf 88' lang='lat' dir='ltr'><strong>Filius</strong></span> <span class='ocrx_word' id='word_1_34' title='bbox 814 214 1000 254; x_wconf 68' lang='lat' dir='ltr'><strong>praedicatur,</strong></span> 
     </span>
    </p>
   </div>
   <div class='ocr_carea' id='block_1_8' title="bbox 175 258 1001 301">
    <p class='ocr_par' dir='ltr' id='par_1_8' title="bbox 175 258 1001 301">
     <span class='ocr_line' id='line_1_8' title="bbox 175 258 1001 301; baseline -0.001 -10"><span class='ocrx_word' id='word_1_35' title='bbox 175 268 230 301; x_wconf 88' lang='lat' dir='ltr'><strong>per</strong></span> <span class='ocrx_word' id='word_1_36' title='bbox 244 258 375 299; x_wconf 87' lang='lat' dir='ltr'><strong>Spiritus</strong></span> <span class='ocrx_word' id='word_1_37' title='bbox 389 258 616 297; x_wconf 84' lang='lat' dir='ltr'><strong>productionem</strong></span> <span class='ocrx_word' id='word_1_38' title='bbox 643 258 793 289; x_wconf 74' lang='lat' dir='ltr'><strong>ﬁliationis</strong></span> <span class='ocrx_word' id='word_1_39' title='bbox 807 259 930 298; x_wconf 81' lang='lat' dir='ltr'><strong>gradum</strong></span> <span class='ocrx_word' id='word_1_40' title='bbox 945 259 1001 290; x_wconf 89' lang='lat' dir='ltr'><strong>sibi</strong></span> 
     </span>
    </p>
   </div>
   <div class='ocr_carea' id='block_1_9' title="bbox 174 302 1000 345">
    <p class='ocr_par' dir='ltr' id='par_1_9' title="bbox 174 302 1000 345">
     <span class='ocr_line' id='line_1_9' title="bbox 174 302 1000 345; baseline -0.001 -9"><span class='ocrx_word' id='word_1_41' title='bbox 174 303 344 336; x_wconf 86' lang='lat' dir='ltr'><strong>immutabit</strong></span> <span class='ocrx_word' id='word_1_42' title='bbox 359 312 414 334; x_wconf 90' lang='lat' dir='ltr'><strong>uec</strong></span> <span class='ocrx_word' id='word_1_43' title='bbox 430 302 508 335; x_wconf 88' lang='lat' dir='ltr'><strong>Patri</strong></span> <span class='ocrx_word' id='word_1_44' title='bbox 535 303 704 343; x_wconf 83' lang='lat' dir='ltr'><strong>ademptam</strong></span> <span class='ocrx_word' id='word_1_45' title='bbox 720 304 757 335; x_wconf 90' lang='lat' dir='ltr'><strong>ad</strong></span> <span class='ocrx_word' id='word_1_46' title='bbox 770 313 803 335; x_wconf 86' lang='lat' dir='ltr'><strong>se</strong></span> <span class='ocrx_word' id='word_1_47' title='bbox 819 304 915 335; x_wconf 86' lang='lat' dir='ltr'><strong>trahet</strong></span> <span class='ocrx_word' id='word_1_48' title='bbox 929 305 1000 345; x_wconf 88' lang='lat' dir='ltr'><strong>Spi-</strong></span> 
     </span>
    </p>
   </div>
   <div class='ocr_carea' id='block_1_10' title="bbox 175 347 999 388">
    <p class='ocr_par' dir='ltr' id='par_1_10' title="bbox 175 347 999 388">
     <span class='ocr_line' id='line_1_10' title="bbox 175 347 999 388; baseline -0.001 -8"><span class='ocrx_word' id='word_1_49' title='bbox 175 349 251 380; x_wconf 87' lang='lat' dir='ltr'><strong>ritus</strong></span> <span class='ocrx_word' id='word_1_50' title='bbox 276 347 488 385; x_wconf 85' lang='lat' dir='ltr'><strong>causationem,</strong></span> <span class='ocrx_word' id='word_1_51' title='bbox 505 348 756 388; x_wconf 84' lang='lat' dir='ltr'><strong>quemadmodum</strong></span> <span class='ocrx_word' id='word_1_52' title='bbox 773 358 828 380; x_wconf 87' lang='lat' dir='ltr'><strong>nec</strong></span> <span class='ocrx_word' id='word_1_53' title='bbox 849 350 999 380; x_wconf 89' lang='lat' dir='ltr'><strong>causatio-</strong></span> 
     </span>
    </p>
   </div>
   <div class='ocr_carea' id='block_1_11' title="bbox 175 392 997 433">
    <p class='ocr_par' dir='ltr' id='par_1_11' title="bbox 175 392 997 433">
     <span class='ocr_line' id='line_1_11' title="bbox 175 392 997 433; baseline 0 -9"><span class='ocrx_word' id='word_1_54' title='bbox 175 402 243 424; x_wconf 86' lang='lat' dir='ltr'><strong>nem</strong></span> <span class='ocrx_word' id='word_1_55' title='bbox 261 392 457 433; x_wconf 82' lang='lat' dir='ltr'><strong>pacatissimae</strong></span> <span class='ocrx_word' id='word_1_56' title='bbox 472 392 697 433; x_wconf 60' lang='lat' dir='ltr'><strong>purissimaque</strong></span> <span class='ocrx_word' id='word_1_57' title='bbox 712 402 773 424; x_wconf 79' lang='lat' dir='ltr'><strong>suae</strong></span> <span class='ocrx_word' id='word_1_58' title='bbox 787 393 997 433; x_wconf 79' lang='lat' dir='ltr'><strong>generationis.</strong></span> 
     </span>
    </p>
   </div>
   <div class='ocr_carea' id='block_1_12' title="bbox 177 437 998 479">
    <p class='ocr_par' dir='ltr' id='par_1_12' title="bbox 177 437 998 479">
     <span class='ocr_line' id='line_1_12' title="bbox 177 437 998 479; baseline -0.001 -9"><span class='ocrx_word' id='word_1_59' title='bbox 177 437 280 479; x_wconf 84' lang='lat' dir='ltr'><strong>Neque</strong></span> <span class='ocrx_word' id='word_1_60' title='bbox 303 438 383 468; x_wconf 88' lang='lat' dir='ltr'><strong>cnim</strong></span> <span class='ocrx_word' id='word_1_61' title='bbox 401 446 522 477; x_wconf 88' lang='lat' dir='ltr'><strong>prorsus</strong></span> <span class='ocrx_word' id='word_1_62' title='bbox 538 437 599 468; x_wconf 79' lang='lat' dir='ltr'><strong>haec</strong></span> <span class='ocrx_word' id='word_1_63' title='bbox 614 441 682 468; x_wconf 88' lang='lat' dir='ltr'><strong>sunt</strong></span> <span class='ocrx_word' id='word_1_64' title='bbox 697 441 819 475; x_wconf 64' lang='lat' dir='ltr'><strong>naturae,</strong></span> <span class='ocrx_word' id='word_1_65' title='bbox 835 439 998 469; x_wconf 87' lang='lat' dir='ltr'><strong>secundum</strong></span> 
     </span>
    </p>
   </div>
   <div class='ocr_carea' id='block_1_13' title="bbox 177 482 1001 523">
    <p class='ocr_par' dir='ltr' id='par_1_13' title="bbox 177 482 1001 523">
     <span class='ocr_line' id='line_1_13' title="bbox 177 482 1001 523; baseline 0 -10"><span class='ocrx_word' id='word_1_66' title='bbox 177 491 264 523; x_wconf 84' lang='lat' dir='ltr'><strong>quam</strong></span> <span class='ocrx_word' id='word_1_67' title='bbox 281 483 451 513; x_wconf 90' lang='lat' dir='ltr'><strong>communio</strong></span> <span class='ocrx_word' id='word_1_68' title='bbox 469 482 657 522; x_wconf 68' lang='lat' dir='ltr'><strong>praedicatur,</strong></span> <span class='ocrx_word' id='word_1_69' title='bbox 671 482 722 512; x_wconf 92' lang='lat' dir='ltr'><strong>sed</strong></span> <span class='ocrx_word' id='word_1_70' title='bbox 738 482 926 522; x_wconf 81' lang='lat' dir='ltr'><strong>liypostaseos</strong></span> <span class='ocrx_word' id='word_1_71' title='bbox 937 492 1001 523; x_wconf 84' lang='lat' dir='ltr'><strong>pro-</strong></span> 
     </span>
    </p>
   </div>
   <div class='ocr_carea' id='block_1_14' title="bbox 176 526 1001 567">
    <p class='ocr_par' dir='ltr' id='par_1_14' title="bbox 176 526 1001 567">
     <span class='ocr_line' id='line_1_14' title="bbox 176 526 1001 567; baseline 0.001 -10"><span class='ocrx_word' id='word_1_72' title='bbox 176 526 330 567; x_wconf 82' lang='lat' dir='ltr'><strong>prietates,</strong></span> <span class='ocrx_word' id='word_1_73' title='bbox 344 535 397 566; x_wconf 93' lang='lat' dir='ltr'><strong>per</strong></span> <span class='ocrx_word' id='word_1_74' title='bbox 410 535 484 566; x_wconf 89' lang='lat' dir='ltr'><strong>quas</strong></span> <span class='ocrx_word' id='word_1_75' title='bbox 499 526 628 558; x_wconf 77' lang='lat' dir='ltr'><strong>divinam</strong></span> <span class='ocrx_word' id='word_1_76' title='bbox 643 526 674 556; x_wconf 93' lang='lat' dir='ltr'><strong>in</strong></span> <span class='ocrx_word' id='word_1_77' title='bbox 682 526 825 558; x_wconf 86' lang='lat' dir='ltr'><strong>Trinitate</strong></span> <span class='ocrx_word' id='word_1_78' title='bbox 839 527 1001 558; x_wconf 89' lang='lat' dir='ltr'><strong>distinctio-</strong></span> 
     </span>
    </p>
   </div>
   <div class='ocr_carea' id='block_1_15' title="bbox 176 570 448 602">
    <p class='ocr_par' dir='ltr' id='par_1_15' title="bbox 176 570 448 602">
     <span class='ocr_line' id='line_1_15' title="bbox 176 570 448 602; baseline 0 0"><span class='ocrx_word' id='word_1_79' title='bbox 176 580 245 602; x_wconf 90' lang='lat' dir='ltr'><strong>nem</strong></span> <span class='ocrx_word' id='word_1_80' title='bbox 257 570 448 602; x_wconf 84' lang='lat' dir='ltr'><strong>conﬁtemur.</strong></span> 
     </span>
    </p>
   </div>
   <div class='ocr_carea' id='block_1_16' title="bbox 468 616 713 650">
    <p class='ocr_par' dir='ltr' id='par_1_16' title="bbox 468 616 713 650">
     <span class='ocr_line' id='line_1_16' title="bbox 468 616 713 650; baseline 0 -1"><span class='ocrx_word' id='word_1_81' title='bbox 468 616 626 650; x_wconf 85' lang='lat' dir='ltr'><strong><em>REFUTA</em></strong></span> <span class='ocrx_word' id='word_1_82' title='bbox 636 617 713 650; x_wconf 86' lang='grc' dir='ltr'><strong>ΤΙΟ.</strong></span> 
     </span>
    </p>
   </div>
   <div class='ocr_carea' id='block_1_17' title="bbox 216 664 1002 705">
    <p class='ocr_par' dir='ltr' id='par_1_17' title="bbox 216 664 1002 705">
     <span class='ocr_line' id='line_1_17' title="bbox 216 664 1002 705; baseline 0 -8"><span class='ocrx_word' id='word_1_83' title='bbox 216 664 308 697; x_wconf 77' lang='lat' dir='ltr'><strong>XXII.</strong></span> <span class='ocrx_word' id='word_1_84' title='bbox 329 664 374 696; x_wconf 87' lang='lat' dir='ltr'><strong>Tu</strong></span> <span class='ocrx_word' id='word_1_85' title='bbox 390 664 511 705; x_wconf 88' lang='lat' dir='ltr'><strong>quidem</strong></span> <span class='ocrx_word' id='word_1_86' title='bbox 528 664 637 705; x_wconf 64' lang='lat' dir='ltr'><strong>saepius</strong></span> <span class='ocrx_word' id='word_1_87' title='bbox 652 669 682 696; x_wconf 90' lang='lat' dir='ltr'><strong>et</strong></span> <span class='ocrx_word' id='word_1_88' title='bbox 697 665 727 696; x_wconf 89' lang='lat' dir='ltr'><strong>in</strong></span> <span class='ocrx_word' id='word_1_89' title='bbox 743 665 844 696; x_wconf 89' lang='lat' dir='ltr'><strong>multis</strong></span> <span class='ocrx_word' id='word_1_90' title='bbox 858 666 1002 697; x_wconf 83' lang='lat' dir='ltr'><strong>orationis</strong></span> 
     </span>
    </p>
   </div>
   <div class='ocr_carea' id='block_1_18' title="bbox 177 709 1002 751">
    <p class='ocr_par' dir='ltr' id='par_1_18' title="bbox 177 709 1002 751">
     <span class='ocr_line' id='line_1_18' title="bbox 177 709 1002 751; baseline 0 -10"><span class='ocrx_word' id='word_1_91' title='bbox 177 709 312 751; x_wconf 89' lang='lat' dir='ltr'><strong>partibus</strong></span> <span class='ocrx_word' id='word_1_92' title='bbox 326 709 447 747; x_wconf 75' lang='lat' dir='ltr'><strong>asseris,</strong></span> <span class='ocrx_word' id='word_1_93' title='bbox 464 718 523 740; x_wconf 92' lang='lat' dir='ltr'><strong>non</strong></span> <span class='ocrx_word' id='word_1_94' title='bbox 550 709 664 740; x_wconf 86' lang='lat' dir='ltr'><strong>ratione</strong></span> <span class='ocrx_word' id='word_1_95' title='bbox 686 714 810 747; x_wconf 62' lang='lat' dir='ltr'><strong>naturae,</strong></span> <span class='ocrx_word' id='word_1_96' title='bbox 828 710 879 741; x_wconf 84' lang='lat' dir='ltr'><strong>scd</strong></span> <span class='ocrx_word' id='word_1_97' title='bbox 888 710 1002 741; x_wconf 86' lang='lat' dir='ltr'><strong>ratione</strong></span> 
     </span>
    </p>
   </div>
   <div class='ocr_carea' id='block_1_19' title="bbox 179 753 999 796">
    <p class='ocr_par' dir='ltr' id='par_1_19' title="bbox 179 753 999 796">
     <span class='ocr_line' id='line_1_19' title="bbox 179 753 999 796; baseline 0.001 -11"><span class='ocrx_word' id='word_1_98' title='bbox 179 763 314 794; x_wconf 67' lang='lat' dir='ltr'><strong>persons:</strong></span> <span class='ocrx_word' id='word_1_99' title='bbox 330 753 446 785; x_wconf 82' lang='lat' dir='ltr'><strong>Patrem</strong></span> <span class='ocrx_word' id='word_1_100' title='bbox 458 763 576 784; x_wconf 84' lang='lat' dir='ltr'><strong>causam</strong></span> <span class='ocrx_word' id='word_1_101' title='bbox 591 763 658 784; x_wconf 89' lang='lat' dir='ltr'><strong>esse</strong></span> <span class='ocrx_word' id='word_1_102' title='bbox 672 764 775 785; x_wconf 89' lang='lat' dir='ltr'><strong>eorum</strong></span> <span class='ocrx_word' id='word_1_103' title='bbox 796 764 861 795; x_wconf 68' lang='lat' dir='ltr'><strong>qua:</strong></span> <span class='ocrx_word' id='word_1_104' title='bbox 873 764 907 786; x_wconf 79' lang='lat' dir='ltr'><strong>ex</strong></span> <span class='ocrx_word' id='word_1_105' title='bbox 923 755 999 796; x_wconf 89' lang='lat' dir='ltr'><strong>ipso,</strong></span> 
     </span>
    </p>
   </div>
   <div class='ocr_carea' id='block_1_20' title="bbox 177 798 1002 839">
    <p class='ocr_par' dir='ltr' id='par_1_20' title="bbox 177 798 1002 839">
     <span class='ocr_line' id='line_1_20' title="bbox 177 798 1002 839; baseline -0.001 -8"><span class='ocrx_word' id='word_1_106' title='bbox 177 803 207 831; x_wconf 91' lang='lat' dir='ltr'><strong>et</strong></span> <span class='ocrx_word' id='word_1_107' title='bbox 221 798 360 830; x_wconf 74' lang='lat' dir='ltr'><strong>ctecilatis</strong></span> <span class='ocrx_word' id='word_1_108' title='bbox 383 798 482 838; x_wconf 83' lang='lat' dir='ltr'><strong>arguis</strong></span> <span class='ocrx_word' id='word_1_109' title='bbox 511 798 613 829; x_wconf 75' lang='lat' dir='ltr'><strong>Italum</strong></span> <span class='ocrx_word' id='word_1_110' title='bbox 638 802 739 839; x_wconf 90' lang='lat' dir='ltr'><strong>utpote</strong></span> <span class='ocrx_word' id='word_1_111' title='bbox 755 809 812 830; x_wconf 93' lang='lat' dir='ltr'><strong>non</strong></span> <span class='ocrx_word' id='word_1_112' title='bbox 835 799 916 830; x_wconf 80' lang='lat' dir='ltr'><strong>illico</strong></span> <span class='ocrx_word' id='word_1_113' title='bbox 946 800 1002 830; x_wconf 86' lang='lat' dir='ltr'><strong>hoc</strong></span> 
     </span>
    </p>
   </div>
   <div class='ocr_carea' id='block_1_21' title="bbox 178 842 999 884">
    <p class='ocr_par' dir='ltr' id='par_1_21' title="bbox 178 842 999 884">
     <span class='ocr_line' id='line_1_21' title="bbox 178 842 999 884; baseline 0 -10"><span class='ocrx_word' id='word_1_114' title='bbox 178 843 511 884; x_wconf 83' lang='lat' dir='ltr'><strong>perspicientem,eique</strong></span> <span class='ocrx_word' id='word_1_115' title='bbox 523 842 703 883; x_wconf 83' lang='lat' dir='ltr'><strong>impietatem</strong></span> <span class='ocrx_word' id='word_1_116' title='bbox 717 848 746 874; x_wconf 90' lang='lat' dir='ltr'><strong>et</strong></span> <span class='ocrx_word' id='word_1_117' title='bbox 761 844 999 884; x_wconf 82' lang='lat' dir='ltr'><strong>superstitionem</strong></span> 
     </span>
    </p>
   </div>
   <div class='ocr_carea' id='block_1_22' title="bbox 177 887 1002 929">
    <p class='ocr_par' dir='ltr' id='par_1_22' title="bbox 177 887 1002 929">
     <span class='ocr_line' id='line_1_22' title="bbox 177 887 1002 929; baseline 0.001 -10"><span class='ocrx_word' id='word_1_118' title='bbox 177 888 282 919; x_wconf 81' lang='lat' dir='ltr'><strong>fraude</strong></span> <span class='ocrx_word' id='word_1_119' title='bbox 298 887 528 919; x_wconf 84' lang='lat' dir='ltr'><strong>circumventam</strong></span> <span class='ocrx_word' id='word_1_120' title='bbox 544 887 650 927; x_wconf 84' lang='lat' dir='ltr'><strong>objicis</strong></span> <span class='ocrx_word' id='word_1_121' title='bbox 662 888 778 929; x_wconf 86' lang='lat' dir='ltr'><strong>aliaque</strong></span> <span class='ocrx_word' id='word_1_122' title='bbox 789 888 817 919; x_wconf 90' lang='lat' dir='ltr'><strong>id</strong></span> <span class='ocrx_word' id='word_1_123' title='bbox 829 897 1002 928; x_wconf 52' lang='lat' dir='ltr'><strong>genusquae</strong></span> 
     </span>
    </p>
   </div>
   <div class='ocr_carea' id='block_1_23' title="bbox 178 931 1001 973">
    <p class='ocr_par' dir='ltr' id='par_1_23' title="bbox 178 931 1001 973">
     <span class='ocr_line' id='line_1_23' title="bbox 178 931 1001 973; baseline 0.002 -11"><span class='ocrx_word' id='word_1_124' title='bbox 178 932 340 973; x_wconf 82' lang='lat' dir='ltr'><strong>proferenti</strong></span> <span class='ocrx_word' id='word_1_125' title='bbox 355 936 494 963; x_wconf 60' lang='lat' dir='ltr'><strong>aeternam</strong></span> <span class='ocrx_word' id='word_1_126' title='bbox 511 931 730 964; x_wconf 86' lang='lat' dir='ltr'><strong>damnationem</strong></span> <span class='ocrx_word' id='word_1_127' title='bbox 757 933 923 973; x_wconf 88' lang='lat' dir='ltr'><strong>acquirunt.</strong></span> <span class='ocrx_word' id='word_1_128' title='bbox 941 932 1001 972; x_wconf 85' lang='lat' dir='ltr'><strong>Ego</strong></span> 
     </span>
    </p>
   </div>
   <div class='ocr_carea' id='block_1_24' title="bbox 177 976 998 1017">
    <p class='ocr_par' dir='ltr' id='par_1_24' title="bbox 177 976 998 1017">
     <span class='ocr_line' id='line_1_24' title="bbox 177 976 998 1017; baseline 0.001 -10"><span class='ocrx_word' id='word_1_129' title='bbox 177 985 247 1008; x_wconf 86' lang='lat' dir='ltr'><strong>vero</strong></span> <span class='ocrx_word' id='word_1_130' title='bbox 262 976 390 1007; x_wconf 83' lang='lat' dir='ltr'><strong>maxime</strong></span> <span class='ocrx_word' id='word_1_131' title='bbox 406 986 458 1017; x_wconf 91' lang='lat' dir='ltr'><strong>pro</strong></span> <span class='ocrx_word' id='word_1_132' title='bbox 476 980 504 1007; x_wconf 85' lang='lat' dir='ltr'><strong>te</strong></span> <span class='ocrx_word' id='word_1_133' title='bbox 520 977 620 1014; x_wconf 86' lang='lat' dir='ltr'><strong>timeo,</strong></span> <span class='ocrx_word' id='word_1_134' title='bbox 638 985 675 1008; x_wconf 89' lang='lat' dir='ltr'><strong>ue</strong></span> <span class='ocrx_word' id='word_1_135' title='bbox 699 977 768 1007; x_wconf 92' lang='lat' dir='ltr'><strong>dum</strong></span> <span class='ocrx_word' id='word_1_136' title='bbox 786 977 898 1017; x_wconf 88' lang='lat' dir='ltr'><strong>impetu</strong></span> <span class='ocrx_word' id='word_1_137' title='bbox 911 987 998 1017; x_wconf 92' lang='lat' dir='ltr'><strong>quam</strong></span> 
     </span>
    </p>
   </div>
   <div class='ocr_carea' id='block_1_25' title="bbox 177 1020 1000 1062">
    <p class='ocr_par' dir='ltr' id='par_1_25' title="bbox 177 1020 1000 1062">
     <span class='ocr_line' id='line_1_25' title="bbox 177 1020 1000 1062; baseline 0.002 -12"><span class='ocrx_word' id='word_1_138' title='bbox 177 1021 388 1052; x_wconf 89' lang='lat' dir='ltr'><strong>vehentissimo</strong></span> <span class='ocrx_word' id='word_1_139' title='bbox 401 1030 454 1061; x_wconf 89' lang='lat' dir='ltr'><strong>pro</strong></span> <span class='ocrx_word' id='word_1_140' title='bbox 469 1020 580 1060; x_wconf 84' lang='lat' dir='ltr'><strong>pietate</strong></span> <span class='ocrx_word' id='word_1_141' title='bbox 595 1026 775 1060; x_wconf 81' lang='lat' dir='ltr'><strong>pugnaturus</strong></span> <span class='ocrx_word' id='word_1_142' title='bbox 788 1022 919 1062; x_wconf 86' lang='lat' dir='ltr'><strong>prodis,a</strong></span> <span class='ocrx_word' id='word_1_143' title='bbox 931 1031 1000 1052; x_wconf 87' lang='lat' dir='ltr'><strong>rec-</strong></span> 
     </span>
    </p>
   </div>
   <div class='ocr_carea' id='block_1_26' title="bbox 177 1065 999 1097">
    <p class='ocr_par' dir='ltr' id='par_1_26' title="bbox 177 1065 999 1097">
     <span class='ocr_line' id='line_1_26' title="bbox 177 1065 999 1097; baseline 0.001 -1"><span class='ocrx_word' id='word_1_144' title='bbox 177 1069 206 1096; x_wconf 79' lang='lat' dir='ltr'><strong>ti</strong></span> <span class='ocrx_word' id='word_1_145' title='bbox 231 1066 349 1097; x_wconf 81' lang='lat' dir='ltr'><strong>tramite</strong></span> <span class='ocrx_word' id='word_1_146' title='bbox 377 1065 488 1096; x_wconf 91' lang='lat' dir='ltr'><strong>inscius</strong></span> <span class='ocrx_word' id='word_1_147' title='bbox 512 1065 634 1096; x_wconf 91' lang='lat' dir='ltr'><strong>omnino</strong></span> <span class='ocrx_word' id='word_1_148' title='bbox 650 1065 896 1097; x_wconf 80' lang='lat' dir='ltr'><strong>deﬂectaszmulta</strong></span> <span class='ocrx_word' id='word_1_149' title='bbox 919 1066 999 1097; x_wconf 90' lang='lat' dir='ltr'><strong>enim</strong></span> 
     </span>
    </p>
   </div>
   <div class='ocr_carea' id='block_1_27' title="bbox 178 1109 999 1151">
    <p class='ocr_par' dir='ltr' id='par_1_27' title="bbox 178 1109 999 1151">
     <span class='ocr_line' id='line_1_27' title="bbox 178 1109 999 1151; baseline 0.001 -11"><span class='ocrx_word' id='word_1_150' title='bbox 178 1109 250 1141; x_wconf 78' lang='lat' dir='ltr'><strong>mihi</strong></span> <span class='ocrx_word' id='word_1_151' title='bbox 269 1110 407 1141; x_wconf 88' lang='lat' dir='ltr'><strong>videntur</strong></span> <span class='ocrx_word' id='word_1_152' title='bbox 422 1110 569 1140; x_wconf 81' lang='lat' dir='ltr'><strong>inventam</strong></span> <span class='ocrx_word' id='word_1_153' title='bbox 583 1119 600 1140; x_wconf 87' lang='lat' dir='ltr'><strong>a</strong></span> <span class='ocrx_word' id='word_1_154' title='bbox 624 1114 652 1141; x_wconf 91' lang='lat' dir='ltr'><strong>te</strong></span> <span class='ocrx_word' id='word_1_155' title='bbox 669 1110 899 1151; x_wconf 88' lang='lat' dir='ltr'><strong>propositionem</strong></span> <span class='ocrx_word' id='word_1_156' title='bbox 917 1111 999 1151; x_wconf 89' lang='lat' dir='ltr'><strong>sequi</strong></span> 
     </span>
    </p>
   </div>
   <div class='ocr_carea' id='block_1_28' title="bbox 177 1154 998 1195">
    <p class='ocr_par' dir='ltr' id='par_1_28' title="bbox 177 1154 998 1195">
     <span class='ocr_line' id='line_1_28' title="bbox 177 1154 998 1195; baseline 0 -9"><span class='ocrx_word' id='word_1_157' title='bbox 177 1154 315 1186; x_wconf 86' lang='lat' dir='ltr'><strong>absurda.</strong></span> <span class='ocrx_word' id='word_1_158' title='bbox 341 1156 386 1186; x_wconf 84' lang='lat' dir='ltr'><strong>Ac</strong></span> <span class='ocrx_word' id='word_1_159' title='bbox 415 1154 511 1195; x_wconf 89' lang='lat' dir='ltr'><strong>primo</strong></span> <span class='ocrx_word' id='word_1_160' title='bbox 535 1154 656 1194; x_wconf 90' lang='lat' dir='ltr'><strong>quidem</strong></span> <span class='ocrx_word' id='word_1_161' title='bbox 685 1155 784 1195; x_wconf 89' lang='lat' dir='ltr'><strong>quiaa</strong></span> <span class='ocrx_word' id='word_1_162' title='bbox 800 1159 828 1186; x_wconf 90' lang='lat' dir='ltr'><strong>te</strong></span> <span class='ocrx_word' id='word_1_163' title='bbox 855 1155 918 1194; x_wconf 87' lang='lat' dir='ltr'><strong>ipso</strong></span> <span class='ocrx_word' id='word_1_164' title='bbox 933 1164 998 1186; x_wconf 87' lang='lat' dir='ltr'><strong>eam</strong></span> 
     </span>
    </p>
   </div>
   <div class='ocr_carea' id='block_1_29' title="bbox 178 1199 999 1240">
    <p class='ocr_par' dir='ltr' id='par_1_29' title="bbox 178 1199 999 1240">
     <span class='ocr_line' id='line_1_29' title="bbox 178 1199 999 1240; baseline 0 -10"><span class='ocrx_word' id='word_1_165' title='bbox 178 1199 343 1230; x_wconf 77' lang='lat' dir='ltr'><strong>conﬁnxisti</strong></span> <span class='ocrx_word' id='word_1_166' title='bbox 358 1203 388 1230; x_wconf 92' lang='lat' dir='ltr'><strong>ut</strong></span> <span class='ocrx_word' id='word_1_167' title='bbox 403 1199 550 1239; x_wconf 88' lang='lat' dir='ltr'><strong>quoddam</strong></span> <span class='ocrx_word' id='word_1_168' title='bbox 564 1199 709 1239; x_wconf 80' lang='lat' dir='ltr'><strong>dogmatis</strong></span> <span class='ocrx_word' id='word_1_169' title='bbox 724 1199 901 1240; x_wconf 91' lang='lat' dir='ltr'><strong>principium</strong></span> <span class='ocrx_word' id='word_1_170' title='bbox 912 1208 919 1231; x_wconf 89' lang='lat'>:</span> <span class='ocrx_word' id='word_1_171' title='bbox 929 1200 999 1240; x_wconf 76' lang='lat' dir='ltr'><strong>quid</strong></span> 
     </span>
    </p>
   </div>
   <div class='ocr_carea' id='block_1_30' title="bbox 178 1243 998 1284">
    <p class='ocr_par' dir='ltr' id='par_1_30' title="bbox 178 1243 998 1284">
     <span class='ocr_line' id='line_1_30' title="bbox 178 1243 998 1284; baseline -0.001 -9"><span class='ocrx_word' id='word_1_172' title='bbox 178 1243 258 1275; x_wconf 87' lang='lat' dir='ltr'><strong>enim</strong></span> <span class='ocrx_word' id='word_1_173' title='bbox 274 1244 442 1284; x_wconf 82' lang='lat' dir='ltr'><strong>ejus.quam</strong></span> <span class='ocrx_word' id='word_1_174' title='bbox 455 1243 533 1284; x_wconf 91' lang='lat' dir='ltr'><strong>quod</strong></span> <span class='ocrx_word' id='word_1_175' title='bbox 543 1243 618 1274; x_wconf 83' lang='lat' dir='ltr'><strong>dicis</strong></span> <span class='ocrx_word' id='word_1_176' title='bbox 630 1249 658 1275; x_wconf 93' lang='lat' dir='ltr'><strong>et</strong></span> <span class='ocrx_word' id='word_1_177' title='bbox 667 1253 718 1284; x_wconf 92' lang='lat' dir='ltr'><strong>pro</strong></span> <span class='ocrx_word' id='word_1_178' title='bbox 734 1244 873 1280; x_wconf 67' lang='lat' dir='ltr'><strong>dogmate</strong></span> <span class='ocrx_word' id='word_1_179' title='bbox 883 1244 998 1280; x_wconf 85' lang='lat' dir='ltr'><strong>statuis,</strong></span> 
     </span>
    </p>
   </div>
   <div class='ocr_carea' id='block_1_31' title="bbox 177 1288 1000 1330">
    <p class='ocr_par' dir='ltr' id='par_1_31' title="bbox 177 1288 1000 1330">
     <span class='ocr_line' id='line_1_31' title="bbox 177 1288 1000 1330; baseline 0.001 -11"><span class='ocrx_word' id='word_1_180' title='bbox 177 1288 257 1330; x_wconf 87' lang='lat' dir='ltr'><strong>quod</strong></span> <span class='ocrx_word' id='word_1_181' title='bbox 288 1296 375 1320; x_wconf 91' lang='lat' dir='ltr'><strong>nemo</strong></span> <span class='ocrx_word' id='word_1_182' title='bbox 401 1297 530 1329; x_wconf 85' lang='lat' dir='ltr'><strong>unquam</strong></span> <span class='ocrx_word' id='word_1_183' title='bbox 559 1290 659 1319; x_wconf 85' lang='lat' dir='ltr'><strong>statuit</strong></span> <span class='ocrx_word' id='word_1_184' title='bbox 676 1289 870 1319; x_wconf 88' lang='lat' dir='ltr'><strong>sanctorum?</strong></span> <span class='ocrx_word' id='word_1_185' title='bbox 886 1289 1000 1320; x_wconf 90' lang='lat' dir='ltr'><strong>Deinde</strong></span> 
     </span>
    </p>
   </div>
   <div class='ocr_carea' id='block_1_32' title="bbox 176 1332 998 1373">
    <p class='ocr_par' dir='ltr' id='par_1_32' title="bbox 176 1332 998 1373">
     <span class='ocr_line' id='line_1_32' title="bbox 176 1332 998 1373; baseline 0.002 -10"><span class='ocrx_word' id='word_1_186' title='bbox 176 1341 246 1365; x_wconf 87' lang='lat' dir='ltr'><strong>vero</strong></span> <span class='ocrx_word' id='word_1_187' title='bbox 262 1332 332 1373; x_wconf 84' lang='lat' dir='ltr'><strong>quia</strong></span> <span class='ocrx_word' id='word_1_188' title='bbox 347 1332 397 1363; x_wconf 22' lang='lat' dir='ltr'><strong>illa</strong></span> <span class='ocrx_word' id='word_1_189' title='bbox 409 1333 497 1364; x_wconf 91' lang='lat' dir='ltr'><strong>etiam</strong></span> <span class='ocrx_word' id='word_1_190' title='bbox 517 1332 634 1363; x_wconf 84' lang='lat' dir='ltr'><strong>Patrum</strong></span> <span class='ocrx_word' id='word_1_191' title='bbox 660 1333 802 1364; x_wconf 84' lang='lat' dir='ltr'><strong>doctrinis</strong></span> <span class='ocrx_word' id='word_1_192' title='bbox 816 1333 998 1365; x_wconf 86' lang='lat' dir='ltr'><strong>adversatur.</strong></span> 
     </span>
    </p>
   </div>
   <div class='ocr_carea' id='block_1_33' title="bbox 177 1377 1000 1418">
    <p class='ocr_par' dir='ltr' id='par_1_33' title="bbox 177 1377 1000 1418">
     <span class='ocr_line' id='line_1_33' title="bbox 177 1377 1000 1418; baseline 0.002 -10"><span class='ocrx_word' id='word_1_193' title='bbox 177 1378 252 1409; x_wconf 88' lang='lat' dir='ltr'><strong>Nam</strong></span> <span class='ocrx_word' id='word_1_194' title='bbox 268 1377 358 1408; x_wconf 91' lang='lat' dir='ltr'><strong>dicito</strong></span> <span class='ocrx_word' id='word_1_195' title='bbox 376 1377 446 1408; x_wconf 90' lang='lat' dir='ltr'><strong>mihi</strong></span> <span class='ocrx_word' id='word_1_196' title='bbox 465 1389 472 1407; x_wconf 93' lang='lat'>:</span> <span class='ocrx_word' id='word_1_197' title='bbox 489 1378 526 1408; x_wconf 68' lang='lat' dir='ltr'><strong>sit</strong></span> <span class='ocrx_word' id='word_1_198' title='bbox 552 1377 617 1418; x_wconf 88' lang='lat' dir='ltr'><strong>quis</strong></span> <span class='ocrx_word' id='word_1_199' title='bbox 646 1378 724 1409; x_wconf 89' lang='lat' dir='ltr'><strong>dicat</strong></span> <span class='ocrx_word' id='word_1_200' title='bbox 752 1378 866 1409; x_wconf 84' lang='lat' dir='ltr'><strong>ratione</strong></span> <span class='ocrx_word' id='word_1_201' title='bbox 887 1383 1000 1410; x_wconf 70' lang='lat' dir='ltr'><strong>natura:</strong></span> 
     </span>
    </p>
   </div>
   <div class='ocr_carea' id='block_1_34' title="bbox 1046 171 1870 213">
    <p class='ocr_par' dir='ltr' id='par_1_34' title="bbox 1046 171 1870 213">
     <span class='ocr_line' id='line_1_34' title="bbox 1046 171 1870 213; baseline -0.001 -12"><span class='ocrx_word' id='word_1_202' title='bbox 1046 171 1198 212; x_wconf 85' lang='grc' dir='ltr'>ρολογετται</span> <span class='ocrx_word' id='word_1_203' title='bbox 1217 172 1375 212; x_wconf 72' lang='grc' dir='ltr'>προϐάλλειν</span> <span class='ocrx_word' id='word_1_204' title='bbox 1389 174 1419 202; x_wconf 66' lang='grc' dir='ltr'><strong>τι</strong></span> <span class='ocrx_word' id='word_1_205' title='bbox 1445 176 1551 213; x_wconf 87' lang='grc' dir='ltr'>Πνεῦμα</span> <span class='ocrx_word' id='word_1_206' title='bbox 1578 176 1622 204; x_wconf 86' lang='grc' dir='ltr'><strong>καὶ</strong></span> <span class='ocrx_word' id='word_1_207' title='bbox 1650 181 1709 206; x_wconf 78' lang='grc' dir='ltr'>τοῖς</span> <span class='ocrx_word' id='word_1_208' title='bbox 1737 171 1870 203; x_wconf 54' lang='lat' dir='ltr'><strong>tensior-</strong></span> 
     </span>
    </p>
   </div>
   <div class='ocr_carea' id='block_1_35' title="bbox 1045 216 1871 256">
    <p class='ocr_par' dir='ltr' id='par_1_35' title="bbox 1045 216 1871 256">
     <span class='ocr_line' id='line_1_35' title="bbox 1045 216 1871 256; baseline -0.001 -11"><span class='ocrx_word' id='word_1_209' title='bbox 1045 216 1093 245; x_wconf 69' lang='grc' dir='ltr'>οὒκ</span> <span class='ocrx_word' id='word_1_210' title='bbox 1114 216 1305 254; x_wconf 78' lang='grc' dir='ltr'>ἐπιδιστάζεται</span> <span class='ocrx_word' id='word_1_211' title='bbox 1325 227 1332 235; x_wconf 85' lang='grc'><strong>“</strong></span> <span class='ocrx_word' id='word_1_212' title='bbox 1355 217 1414 247; x_wconf 71' lang='grc' dir='ltr'>οὔτε</span> <span class='ocrx_word' id='word_1_213' title='bbox 1443 219 1457 247; x_wconf 79' lang='grc' dir='ltr'><strong>ὁ</strong></span> <span class='ocrx_word' id='word_1_214' title='bbox 1488 220 1559 254; x_wconf 78' lang='grc' dir='ltr'><strong>Υἱὸς,</strong></span> <span class='ocrx_word' id='word_1_215' title='bbox 1588 220 1652 247; x_wconf 82' lang='grc' dir='ltr'>καθὸ</span> <span class='ocrx_word' id='word_1_216' title='bbox 1672 217 1839 256; x_wconf 76' lang='grc' dir='ltr'>θεολογεϊται</span> <span class='ocrx_word' id='word_1_217' title='bbox 1854 216 1871 245; x_wconf 79' lang='grc' dir='ltr'><strong>ὸ</strong></span> 
     </span>
    </p>
   </div>
   <div class='ocr_carea' id='block_1_36' title="bbox 1050 260 1872 303">
    <p class='ocr_par' dir='ltr' id='par_1_36' title="bbox 1050 260 1872 303">
     <span class='ocr_line' id='line_1_36' title="bbox 1050 260 1872 303; baseline -0.002 -13"><span class='ocrx_word' id='word_1_218' title='bbox 1050 262 1122 299; x_wconf 78' lang='grc' dir='ltr'><strong>Υἱὸς,</strong></span> <span class='ocrx_word' id='word_1_219' title='bbox 1137 261 1180 290; x_wconf 83' lang='grc' dir='ltr'><strong>διὰ</strong></span> <span class='ocrx_word' id='word_1_220' title='bbox 1206 264 1255 295; x_wconf 83' lang='grc' dir='ltr'><strong>τῆς</strong></span> <span class='ocrx_word' id='word_1_221' title='bbox 1277 263 1323 291; x_wconf 83' lang='grc' dir='ltr'><strong>τοῦ</strong></span> <span class='ocrx_word' id='word_1_222' title='bbox 1353 263 1504 300; x_wconf 67' lang='grc' dir='ltr'>Πνεῦματος</span> <span class='ocrx_word' id='word_1_223' title='bbox 1533 263 1666 303; x_wconf 78' lang='grc' dir='ltr'>προϐολῆς</span> <span class='ocrx_word' id='word_1_224' title='bbox 1692 263 1723 291; x_wconf 77' lang='grc' dir='ltr'>τὸ</span> <span class='ocrx_word' id='word_1_225' title='bbox 1749 264 1799 295; x_wconf 83' lang='grc' dir='ltr'>τῆς</span> <span class='ocrx_word' id='word_1_226' title='bbox 1813 260 1872 288; x_wconf 76' lang='grc' dir='ltr'><strong>υἱό-</strong></span> 
     </span>
    </p>
   </div>
   <div class='ocr_carea' id='block_1_37' title="bbox 1043 306 1872 346">
    <p class='ocr_par' dir='ltr' id='par_1_37' title="bbox 1043 306 1872 346">
     <span class='ocr_line' id='line_1_37' title="bbox 1043 306 1872 346; baseline -0.002 -12"><span class='ocrx_word' id='word_1_227' title='bbox 1043 317 1123 339; x_wconf 81' lang='grc' dir='ltr'>τητος</span> <span class='ocrx_word' id='word_1_228' title='bbox 1159 307 1349 344; x_wconf 80' lang='grc' dir='ltr'>καινοτομήσει</span> <span class='ocrx_word' id='word_1_229' title='bbox 1377 306 1492 345; x_wconf 71' lang='grc' dir='ltr'>ἀξίωμα,</span> <span class='ocrx_word' id='word_1_230' title='bbox 1528 307 1585 336; x_wconf 63' lang='grc' dir='ltr'>οὐδὲ</span> <span class='ocrx_word' id='word_1_231' title='bbox 1613 311 1651 345; x_wconf 88' lang='grc' dir='ltr'>τῷ</span> <span class='ocrx_word' id='word_1_232' title='bbox 1687 307 1769 346; x_wconf 79' lang='grc' dir='ltr'>Πατρὶ</span> <span class='ocrx_word' id='word_1_233' title='bbox 1795 316 1872 343; x_wconf 80' lang='grc' dir='ltr'>περι-</span> 
     </span>
    </p>
   </div>
   <div class='ocr_carea' id='block_1_38' title="bbox 1041 348 1870 390">
    <p class='ocr_par' dir='ltr' id='par_1_38' title="bbox 1041 348 1870 390">
     <span class='ocr_line' id='line_1_38' title="bbox 1041 348 1870 390; baseline -0.002 -11"><span class='ocrx_word' id='word_1_234' title='bbox 1041 350 1126 388; x_wconf 83' lang='grc' dir='ltr'>κόψας</span> <span class='ocrx_word' id='word_1_235' title='bbox 1147 351 1183 383; x_wconf 79' lang='grc' dir='ltr'>εἶς</span> <span class='ocrx_word' id='word_1_236' title='bbox 1195 351 1288 379; x_wconf 77' lang='grc' dir='ltr'>ἑαυτὸν</span> <span class='ocrx_word' id='word_1_237' title='bbox 1303 352 1465 388; x_wconf 72' lang='grc' dir='ltr'>μεταστήσει</span> <span class='ocrx_word' id='word_1_238' title='bbox 1501 352 1551 386; x_wconf 79' lang='grc' dir='ltr'><strong>τὴν</strong></span> <span class='ocrx_word' id='word_1_239' title='bbox 1566 352 1655 380; x_wconf 83' lang='grc' dir='ltr'>αἴτίαν</span> <span class='ocrx_word' id='word_1_240' title='bbox 1675 355 1722 380; x_wconf 87' lang='grc' dir='ltr'><strong>τοῦ</strong></span> <span class='ocrx_word' id='word_1_241' title='bbox 1749 348 1870 390; x_wconf 67' lang='grc' dir='ltr'>προϐλήο</span> 
     </span>
    </p>
   </div>
   <div class='ocr_carea' id='block_1_39' title="bbox 1041 395 1871 436">
    <p class='ocr_par' dir='ltr' id='par_1_39' title="bbox 1041 395 1871 436">
     <span class='ocr_line' id='line_1_39' title="bbox 1041 395 1871 436; baseline -0.001 -13"><span class='ocrx_word' id='word_1_242' title='bbox 1041 406 1137 435; x_wconf 72' lang='grc' dir='ltr'>ματος,</span> <span class='ocrx_word' id='word_1_243' title='bbox 1157 395 1245 435; x_wconf 76' lang='grc' dir='ltr'>ὥσπερ</span> <span class='ocrx_word' id='word_1_244' title='bbox 1274 395 1331 424; x_wconf 65' lang='grc' dir='ltr'>οῦδὲ</span> <span class='ocrx_word' id='word_1_245' title='bbox 1356 398 1404 429; x_wconf 83' lang='grc' dir='ltr'>τῆς</span> <span class='ocrx_word' id='word_1_246' title='bbox 1431 396 1490 436; x_wconf 74' lang='grc' dir='ltr'>περὶ</span> <span class='ocrx_word' id='word_1_247' title='bbox 1528 397 1604 426; x_wconf 72' lang='grc' dir='ltr'>αὗτὸν</span> <span class='ocrx_word' id='word_1_248' title='bbox 1632 395 1808 425; x_wconf 71' lang='grc' dir='ltr'>ἀστασιάστου</span> <span class='ocrx_word' id='word_1_249' title='bbox 1838 404 1871 422; x_wconf 70' lang='grc' dir='ltr'>τε</span> 
     </span>
    </p>
   </div>
   <div class='ocr_carea' id='block_1_40' title="bbox 1040 438 1872 481">
    <p class='ocr_par' dir='ltr' id='par_1_40' title="bbox 1040 438 1872 481">
     <span class='ocr_line' id='line_1_40' title="bbox 1040 438 1872 481; baseline -0.002 -13"><span class='ocrx_word' id='word_1_250' title='bbox 1040 440 1085 468; x_wconf 84' lang='grc' dir='ltr'><strong>καὶ</strong></span> <span class='ocrx_word' id='word_1_251' title='bbox 1112 439 1248 479; x_wconf 74' lang='grc' dir='ltr'><strong>ἆρῥιύστου</strong></span> <span class='ocrx_word' id='word_1_252' title='bbox 1274 440 1434 478; x_wconf 78' lang='grc' dir='ltr'><strong>γεννήσεως.</strong></span> <span class='ocrx_word' id='word_1_253' title='bbox 1470 441 1506 470; x_wconf 80' lang='grc' dir='ltr'>οῦ</span> <span class='ocrx_word' id='word_1_254' title='bbox 1536 442 1585 481; x_wconf 80' lang='grc' dir='ltr'><strong>γὰρ</strong></span> <span class='ocrx_word' id='word_1_255' title='bbox 1613 441 1695 476; x_wconf 66' lang='grc' dir='ltr'>ἐστιν,</span> <span class='ocrx_word' id='word_1_256' title='bbox 1735 441 1782 469; x_wconf 73' lang='grc' dir='ltr'>οὒκ</span> <span class='ocrx_word' id='word_1_257' title='bbox 1811 438 1872 467; x_wconf 74' lang='grc' dir='ltr'>ἔστι</span> 
     </span>
    </p>
   </div>
   <div class='ocr_carea' id='block_1_41' title="bbox 1041 482 1870 524">
    <p class='ocr_par' dir='ltr' id='par_1_41' title="bbox 1041 482 1870 524">
     <span class='ocr_line' id='line_1_41' title="bbox 1041 482 1870 524; baseline -0.001 -12"><span class='ocrx_word' id='word_1_258' title='bbox 1041 488 1123 513; x_wconf 81' lang='grc' dir='ltr'>ταῦτα</span> <span class='ocrx_word' id='word_1_259' title='bbox 1144 485 1258 524; x_wconf 70' lang='grc' dir='ltr'>φύσεως,</span> <span class='ocrx_word' id='word_1_260' title='bbox 1280 485 1339 513; x_wconf 79' lang='grc' dir='ltr'>καθ’</span> <span class='ocrx_word' id='word_1_261' title='bbox 1372 484 1404 518; x_wconf 79' lang='grc' dir='ltr'><strong>ἧν</strong></span> <span class='ocrx_word' id='word_1_262' title='bbox 1431 486 1448 519; x_wconf 85' lang='grc' dir='ltr'><strong>ἡ</strong></span> <span class='ocrx_word' id='word_1_263' title='bbox 1477 487 1599 514; x_wconf 81' lang='grc' dir='ltr'>κοινωνία</span> <span class='ocrx_word' id='word_1_264' title='bbox 1628 485 1772 521; x_wconf 62' lang='grc' dir='ltr'>δοξάζεται,</span> <span class='ocrx_word' id='word_1_265' title='bbox 1806 482 1870 511; x_wconf 73' lang='grc' dir='ltr'>ἀλλ’</span> 
     </span>
    </p>
   </div>
   <div class='ocr_carea' id='block_1_42' title="bbox 1041 528 1867 570">
    <p class='ocr_par' dir='ltr' id='par_1_42' title="bbox 1041 528 1867 570">
     <span class='ocr_line' id='line_1_42' title="bbox 1041 528 1867 570; baseline -0.001 -13"><span class='ocrx_word' id='word_1_266' title='bbox 1041 529 1213 562; x_wconf 71' lang='grc' dir='ltr'><strong>ὑποστάσεως</strong></span> <span class='ocrx_word' id='word_1_267' title='bbox 1227 528 1368 569; x_wconf 69' lang='grc' dir='ltr'>ἰδιώματα,</span> <span class='ocrx_word' id='word_1_268' title='bbox 1385 528 1418 557; x_wconf 81' lang='grc' dir='ltr'>δι’</span> <span class='ocrx_word' id='word_1_269' title='bbox 1446 531 1482 558; x_wconf 87' lang='grc' dir='ltr'>ὤν</span> <span class='ocrx_word' id='word_1_270' title='bbox 1511 531 1559 564; x_wconf 81' lang='grc' dir='ltr'><strong>τὴν</strong></span> <span class='ocrx_word' id='word_1_271' title='bbox 1581 531 1609 558; x_wconf 78' lang='grc' dir='ltr'>ἑν</span> <span class='ocrx_word' id='word_1_272' title='bbox 1637 533 1670 568; x_wconf 75' lang='grc' dir='ltr'><strong>τῇ</strong></span> <span class='ocrx_word' id='word_1_273' title='bbox 1699 528 1787 570; x_wconf 78' lang='grc' dir='ltr'>τριάδι</span> <span class='ocrx_word' id='word_1_274' title='bbox 1803 530 1867 556; x_wconf 79' lang='grc' dir='ltr'>θεοο</span> 
     </span>
    </p>
   </div>
   <div class='ocr_carea' id='block_1_43' title="bbox 1043 572 1333 613">
    <p class='ocr_par' dir='ltr' id='par_1_43' title="bbox 1043 572 1333 613">
     <span class='ocr_line' id='line_1_43' title="bbox 1043 572 1333 613; baseline 0.003 -12"><span class='ocrx_word' id='word_1_275' title='bbox 1043 572 1173 612; x_wconf 81' lang='grc' dir='ltr'>λογοῦμεν</span> <span class='ocrx_word' id='word_1_276' title='bbox 1194 572 1333 613; x_wconf 74' lang='grc' dir='ltr'>διάκρισιν.</span> 
     </span>
    </p>
   </div>
   <div class='ocr_carea' id='block_1_44' title="bbox 1353 622 1563 650">
    <p class='ocr_par' dir='ltr' id='par_1_44' title="bbox 1353 622 1563 650">
     <span class='ocr_line' id='line_1_44' title="bbox 1353 622 1563 650; baseline 0.019 -4"><span class='ocrx_word' id='word_1_277' title='bbox 1353 622 1563 650; x_wconf 79' lang='grc' dir='ltr'><strong>ΔΝῙΊΡΡΗΣΙΣ.</strong></span> 
     </span>
    </p>
   </div>
   <div class='ocr_carea' id='block_1_45' title="bbox 1084 657 1868 700">
    <p class='ocr_par' dir='ltr' id='par_1_45' title="bbox 1084 657 1868 700">
     <span class='ocr_line' id='line_1_45' title="bbox 1084 657 1868 700; baseline -0.004 -8"><span class='ocrx_word' id='word_1_278' title='bbox 1084 657 1149 692; x_wconf 79' lang='grc' dir='ltr'><strong>ΚΒ’.</strong></span> <span class='ocrx_word' id='word_1_279' title='bbox 1176 663 1212 690; x_wconf 86' lang='grc' dir='ltr'>Σὺ</span> <span class='ocrx_word' id='word_1_280' title='bbox 1240 662 1289 700; x_wconf 77' lang='grc' dir='ltr'>μὲν</span> <span class='ocrx_word' id='word_1_281' title='bbox 1311 661 1439 694; x_wconf 72' lang='grc' dir='ltr'>πολλάκις</span> <span class='ocrx_word' id='word_1_282' title='bbox 1465 664 1509 692; x_wconf 84' lang='grc' dir='ltr'><strong>καὶ</strong></span> <span class='ocrx_word' id='word_1_283' title='bbox 1534 663 1562 692; x_wconf 72' lang='grc' dir='ltr'>ἐν</span> <span class='ocrx_word' id='word_1_284' title='bbox 1583 662 1697 694; x_wconf 70' lang='grc' dir='ltr'>πολλαῖς</span> <span class='ocrx_word' id='word_1_285' title='bbox 1724 665 1771 690; x_wconf 83' lang='grc' dir='ltr'>τιιῦ</span> <span class='ocrx_word' id='word_1_286' title='bbox 1785 661 1868 700; x_wconf 80' lang='grc' dir='ltr'>λόγου</span> 
     </span>
    </p>
   </div>
   <div class='ocr_carea' id='block_1_46' title="bbox 1042 705 1868 747">
    <p class='ocr_par' dir='ltr' id='par_1_46' title="bbox 1042 705 1868 747">
     <span class='ocr_line' id='line_1_46' title="bbox 1042 705 1868 747; baseline -0.002 -12"><span class='ocrx_word' id='word_1_287' title='bbox 1042 714 1202 746; x_wconf 75' lang='grc' dir='ltr'>περικοπατς</span> <span class='ocrx_word' id='word_1_288' title='bbox 1217 706 1295 747; x_wconf 66' lang='grc' dir='ltr'>ἒιρης,</span> <span class='ocrx_word' id='word_1_289' title='bbox 1325 707 1364 745; x_wconf 82' lang='grc' dir='ltr'><strong>μὴ</strong></span> <span class='ocrx_word' id='word_1_290' title='bbox 1398 712 1437 745; x_wconf 81' lang='grc' dir='ltr'>τῷ</span> <span class='ocrx_word' id='word_1_291' title='bbox 1457 706 1530 747; x_wconf 81' lang='grc' dir='ltr'>λόγῳ</span> <span class='ocrx_word' id='word_1_292' title='bbox 1557 710 1606 741; x_wconf 83' lang='grc' dir='ltr'><strong>τῆς</strong></span> <span class='ocrx_word' id='word_1_293' title='bbox 1635 708 1746 747; x_wconf 72' lang='grc' dir='ltr'>φύσεως,</span> <span class='ocrx_word' id='word_1_294' title='bbox 1779 709 1818 743; x_wconf 81' lang='grc' dir='ltr'>τῷ</span> <span class='ocrx_word' id='word_1_295' title='bbox 1839 705 1868 733; x_wconf 79' lang='grc' dir='ltr'>δέ</span> 
     </span>
    </p>
   </div>
   <div class='ocr_carea' id='block_1_47' title="bbox 1043 751 1869 792">
    <p class='ocr_par' dir='ltr' id='par_1_47' title="bbox 1043 751 1869 792">
     <span class='ocr_line' id='line_1_47' title="bbox 1043 751 1869 792; baseline -0.004 -12"><span class='ocrx_word' id='word_1_296' title='bbox 1043 751 1115 791; x_wconf 74' lang='grc' dir='ltr'>λόγῳ</span> <span class='ocrx_word' id='word_1_297' title='bbox 1135 754 1184 783; x_wconf 79' lang='grc' dir='ltr'><strong>τῆς</strong></span> <span class='ocrx_word' id='word_1_298' title='bbox 1208 752 1375 784; x_wconf 69' lang='grc' dir='ltr'><strong>ὑποστάσεως</strong></span> <span class='ocrx_word' id='word_1_299' title='bbox 1406 753 1451 781; x_wconf 76' lang='grc' dir='ltr'><strong>τὸν</strong></span> <span class='ocrx_word' id='word_1_300' title='bbox 1473 751 1575 792; x_wconf 78' lang='grc' dir='ltr'>Πατέρα</span> <span class='ocrx_word' id='word_1_301' title='bbox 1604 751 1691 780; x_wconf 75' lang='grc' dir='ltr'>αἴτιον</span> <span class='ocrx_word' id='word_1_302' title='bbox 1712 751 1783 779; x_wconf 77' lang='grc' dir='ltr'>εἶναι</span> <span class='ocrx_word' id='word_1_303' title='bbox 1813 753 1869 778; x_wconf 81' lang='grc' dir='ltr'><strong>τῶν</strong></span> 
     </span>
    </p>
   </div>
   <div class='ocr_carea' id='block_1_48' title="bbox 1014 794 1872 843">
    <p class='ocr_par' dir='ltr' id='par_1_48' title="bbox 1014 794 1872 843">
     <span class='ocr_line' id='line_1_48' title="bbox 1014 794 1872 843; baseline -0.002 -19"><span class='ocrx_word' id='word_1_304' title='bbox 1014 795 1068 843; x_wconf 69' lang='grc' dir='ltr'><strong>Βὲξ</strong></span> <span class='ocrx_word' id='word_1_305' title='bbox 1109 797 1198 834; x_wconf 72' lang='grc' dir='ltr'>αὐτοῦ,</span> <span class='ocrx_word' id='word_1_306' title='bbox 1230 797 1273 824; x_wconf 84' lang='grc' dir='ltr'>καὶ</span> <span class='ocrx_word' id='word_1_307' title='bbox 1307 797 1453 835; x_wconf 80' lang='grc' dir='ltr'><strong>πηρώσεως</strong></span> <span class='ocrx_word' id='word_1_308' title='bbox 1491 797 1579 837; x_wconf 68' lang='grc' dir='ltr'>γράφῃ</span> <span class='ocrx_word' id='word_1_309' title='bbox 1606 796 1650 843; x_wconf 46' lang='grc' dir='ltr'><strong>τον</strong></span> <span class='ocrx_word' id='word_1_310' title='bbox 1685 794 1798 843; x_wconf 60' lang='grc' dir='ltr'>Ἰταλὸν,</span> 
     </span>
    </p>
   </div>
   <div class='ocr_carea' id='block_1_49' title="bbox 1041 840 1868 881">
    <p class='ocr_par' dir='ltr' id='par_1_49' title="bbox 1041 840 1868 881">
     <span class='ocr_line' id='line_1_49' title="bbox 1041 840 1868 881; baseline -0.004 -12"><span class='ocrx_word' id='word_1_311' title='bbox 1041 841 1114 881; x_wconf 69' lang='grc' dir='ltr'>τάχα</span> <span class='ocrx_word' id='word_1_312' title='bbox 1141 844 1218 869; x_wconf 87' lang='grc' dir='ltr'>τοῦτο</span> <span class='ocrx_word' id='word_1_313' title='bbox 1246 841 1285 878; x_wconf 74' lang='grc' dir='ltr'>μὴ</span> <span class='ocrx_word' id='word_1_314' title='bbox 1306 844 1464 880; x_wconf 79' lang='grc' dir='ltr'><strong>συνορῶντα¹</strong></span> <span class='ocrx_word' id='word_1_315' title='bbox 1500 843 1544 869; x_wconf 84' lang='grc' dir='ltr'><strong>καὶ</strong></span> <span class='ocrx_word' id='word_1_316' title='bbox 1572 840 1692 869; x_wconf 73' lang='grc' dir='ltr'>ἀσέϐειαν</span> <span class='ocrx_word' id='word_1_317' title='bbox 1721 840 1801 868; x_wconf 74' lang='grc' dir='ltr'><strong>αὒτοῦ</strong></span> <span class='ocrx_word' id='word_1_318' title='bbox 1822 840 1868 868; x_wconf 76' lang='grc' dir='ltr'>καὶ</span> 
     </span>
    </p>
   </div>
   <div class='ocr_carea' id='block_1_50' title="bbox 1042 882 1867 924">
    <p class='ocr_par' dir='ltr' id='par_1_50' title="bbox 1042 882 1867 924">
     <span class='ocr_line' id='line_1_50' title="bbox 1042 882 1867 924; baseline -0.004 -11"><span class='ocrx_word' id='word_1_319' title='bbox 1042 884 1251 922; x_wconf 67' lang='grc' dir='ltr'><strong>πεπλανημένην</strong></span> <span class='ocrx_word' id='word_1_320' title='bbox 1279 884 1481 923; x_wconf 70' lang='grc' dir='ltr'>δεισιδαιμονίαν</span> <span class='ocrx_word' id='word_1_321' title='bbox 1515 891 1687 924; x_wconf 65' lang='grc' dir='ltr'>κατηγορεῖς,</span> <span class='ocrx_word' id='word_1_322' title='bbox 1717 884 1760 912; x_wconf 82' lang='grc' dir='ltr'><strong>καὶ</strong></span> <span class='ocrx_word' id='word_1_323' title='bbox 1797 882 1867 910; x_wconf 75' lang='grc' dir='ltr'>ἄλλα</span> 
     </span>
    </p>
   </div>
   <div class='ocr_carea' id='block_1_51' title="bbox 1042 927 1866 970">
    <p class='ocr_par' dir='ltr' id='par_1_51' title="bbox 1042 927 1866 970">
     <span class='ocr_line' id='line_1_51' title="bbox 1042 927 1866 970; baseline -0.002 -13"><span class='ocrx_word' id='word_1_324' title='bbox 1042 930 1112 970; x_wconf 56' lang='grc' dir='ltr'>τινα,</span> <span class='ocrx_word' id='word_1_325' title='bbox 1128 929 1194 969; x_wconf 74' lang='grc' dir='ltr'>ἅπερ</span> <span class='ocrx_word' id='word_1_326' title='bbox 1216 931 1277 958; x_wconf 80' lang='grc' dir='ltr'>εἰσὶν</span> <span class='ocrx_word' id='word_1_327' title='bbox 1312 930 1417 959; x_wconf 74' lang='grc' dir='ltr'>αἰωνίου</span> <span class='ocrx_word' id='word_1_328' title='bbox 1445 940 1483 966; x_wconf 82' lang='grc' dir='ltr'>τῳ</span> <span class='ocrx_word' id='word_1_329' title='bbox 1509 929 1612 969; x_wconf 85' lang='grc' dir='ltr'>λεγοντι</span> <span class='ocrx_word' id='word_1_330' title='bbox 1641 929 1765 968; x_wconf 80' lang='grc' dir='ltr'>κρίματος</span> <span class='ocrx_word' id='word_1_331' title='bbox 1795 927 1866 965; x_wconf 83' lang='grc' dir='ltr'>πρό-</span> 
     </span>
    </p>
   </div>
   <div class='ocr_carea' id='block_1_52' title="bbox 1042 973 1868 1014">
    <p class='ocr_par' dir='ltr' id='par_1_52' title="bbox 1042 973 1868 1014">
     <span class='ocr_line' id='line_1_52' title="bbox 1042 973 1868 1014; baseline -0.004 -12"><span class='ocrx_word' id='word_1_332' title='bbox 1042 973 1112 1006; x_wconf 79' lang='grc' dir='ltr'>ξενα.</span> <span class='ocrx_word' id='word_1_333' title='bbox 1130 973 1201 1013; x_wconf 85' lang='grc' dir='ltr'><strong>Ἐγὼ</strong></span> <span class='ocrx_word' id='word_1_334' title='bbox 1215 973 1242 1002; x_wconf 70' lang='grc' dir='ltr'>δὲ</span> <span class='ocrx_word' id='word_1_335' title='bbox 1265 973 1381 1012; x_wconf 69' lang='grc' dir='ltr'>μάλιστα</span> <span class='ocrx_word' id='word_1_336' title='bbox 1410 973 1478 1002; x_wconf 75' lang='grc' dir='ltr'>δέδια</span> <span class='ocrx_word' id='word_1_337' title='bbox 1511 975 1570 1014; x_wconf 78' lang='grc' dir='ltr'>περὶ</span> <span class='ocrx_word' id='word_1_338' title='bbox 1597 975 1649 1010; x_wconf 78' lang='grc' dir='ltr'>σοὶ,</span> <span class='ocrx_word' id='word_1_339' title='bbox 1679 974 1784 1010; x_wconf 70' lang='grc' dir='ltr'>μήποτε</span> <span class='ocrx_word' id='word_1_340' title='bbox 1820 974 1868 1000; x_wconf 72' lang='grc' dir='ltr'>τὸν</span> 
     </span>
    </p>
   </div>
   <div class='ocr_carea' id='block_1_53' title="bbox 1041 1018 1867 1058">
    <p class='ocr_par' dir='ltr' id='par_1_53' title="bbox 1041 1018 1867 1058">
     <span class='ocr_line' id='line_1_53' title="bbox 1041 1018 1867 1058; baseline -0.002 -12"><span class='ocrx_word' id='word_1_341' title='bbox 1041 1019 1106 1058; x_wconf 77' lang='grc' dir='ltr'>ὑπὲρ</span> <span class='ocrx_word' id='word_1_342' title='bbox 1141 1021 1190 1052; x_wconf 84' lang='grc' dir='ltr'><strong>τῆς</strong></span> <span class='ocrx_word' id='word_1_343' title='bbox 1219 1019 1354 1051; x_wconf 75' lang='grc' dir='ltr'>ιῦσε3ιίας</span> <span class='ocrx_word' id='word_1_344' title='bbox 1385 1019 1477 1057; x_wconf 78' lang='grc' dir='ltr'>ἀγῶνα</span> <span class='ocrx_word' id='word_1_345' title='bbox 1510 1018 1686 1058; x_wconf 76' lang='grc' dir='ltr'>ἆκατασχὲτῳ</span> <span class='ocrx_word' id='word_1_346' title='bbox 1713 1018 1781 1056; x_wconf 78' lang='grc' dir='ltr'><strong>ῥύμῃ</strong></span> <span class='ocrx_word' id='word_1_347' title='bbox 1804 1028 1867 1045; x_wconf 84' lang='grc' dir='ltr'>ποι-</span> 
     </span>
    </p>
   </div>
   <div class='ocr_carea' id='block_1_54' title="bbox 1042 1061 1864 1102">
    <p class='ocr_par' dir='ltr' id='par_1_54' title="bbox 1042 1061 1864 1102">
     <span class='ocr_line' id='line_1_54' title="bbox 1042 1061 1864 1102; baseline -0.002 -11"><span class='ocrx_word' id='word_1_348' title='bbox 1042 1064 1150 1100; x_wconf 74' lang='grc' dir='ltr'>ούμενος</span> <span class='ocrx_word' id='word_1_349' title='bbox 1178 1063 1259 1102; x_wconf 74' lang='grc' dir='ltr'>λάθῃς</span> <span class='ocrx_word' id='word_1_350' title='bbox 1287 1063 1365 1095; x_wconf 64' lang='grc' dir='ltr'>αὑτὸς</span> <span class='ocrx_word' id='word_1_351' title='bbox 1399 1068 1445 1091; x_wconf 78' lang='grc' dir='ltr'><strong>τσῦ</strong></span> <span class='ocrx_word' id='word_1_352' title='bbox 1473 1063 1557 1096; x_wconf 70' lang='grc' dir='ltr'>ιῦθέος</span> <span class='ocrx_word' id='word_1_353' title='bbox 1583 1062 1750 1102; x_wconf 75' lang='grc' dir='ltr'>παρασυρείς.</span> <span class='ocrx_word' id='word_1_354' title='bbox 1789 1061 1864 1089; x_wconf 85' lang='grc' dir='ltr'>Πολ-</span> 
     </span>
    </p>
   </div>
   <div class='ocr_carea' id='block_1_55' title="bbox 1041 1107 1867 1149">
    <p class='ocr_par' dir='ltr' id='par_1_55' title="bbox 1041 1107 1867 1149">
     <span class='ocr_line' id='line_1_55' title="bbox 1041 1107 1867 1149; baseline -0.001 -13"><span class='ocrx_word' id='word_1_355' title='bbox 1041 1107 1084 1136; x_wconf 81' lang='grc' dir='ltr'><strong>λαὶ</strong></span> <span class='ocrx_word' id='word_1_356' title='bbox 1099 1109 1149 1149; x_wconf 78' lang='grc' dir='ltr'><strong>γάρ</strong></span> <span class='ocrx_word' id='word_1_357' title='bbox 1177 1120 1223 1147; x_wconf 88' lang='grc' dir='ltr'><strong>μοι</strong></span> <span class='ocrx_word' id='word_1_358' title='bbox 1252 1107 1357 1137; x_wconf 80' lang='grc' dir='ltr'>δοκοῦσι</span> <span class='ocrx_word' id='word_1_359' title='bbox 1439 1108 1605 1149; x_wconf 70' lang='grc' dir='ltr'>ὶφευρημένῃ</span> <span class='ocrx_word' id='word_1_360' title='bbox 1619 1119 1660 1136; x_wconf 90' lang='grc' dir='ltr'><strong>σοι</strong></span> <span class='ocrx_word' id='word_1_361' title='bbox 1688 1108 1771 1145; x_wconf 81' lang='grc' dir='ltr'>ταύτῃ</span> <span class='ocrx_word' id='word_1_362' title='bbox 1800 1118 1867 1146; x_wconf 81' lang='grc' dir='ltr'>προ-</span> 
     </span>
    </p>
   </div>
   <div class='ocr_carea' id='block_1_56' title="bbox 1042 1151 1867 1193">
    <p class='ocr_par' dir='ltr' id='par_1_56' title="bbox 1042 1151 1867 1193">
     <span class='ocr_line' id='line_1_56' title="bbox 1042 1151 1867 1193; baseline -0.002 -12"><span class='ocrx_word' id='word_1_363' title='bbox 1042 1156 1116 1182; x_wconf 64' lang='grc' dir='ltr'>τάσει</span> <span class='ocrx_word' id='word_1_364' title='bbox 1148 1154 1181 1181; x_wconf 70' lang='grc' dir='ltr'><strong>τὰ</strong></span> <span class='ocrx_word' id='word_1_365' title='bbox 1209 1151 1294 1182; x_wconf 80' lang='grc' dir='ltr'>ἄτοπα</span> <span class='ocrx_word' id='word_1_366' title='bbox 1323 1153 1430 1182; x_wconf 81' lang='grc' dir='ltr'>ἕπεσθαι</span> <span class='ocrx_word' id='word_1_367' title='bbox 1448 1163 1455 1170; x_wconf 92' lang='grc'><strong>·</strong></span> <span class='ocrx_word' id='word_1_368' title='bbox 1484 1156 1591 1193; x_wconf 67' lang='grc' dir='ltr'>πρῶτον</span> <span class='ocrx_word' id='word_1_369' title='bbox 1619 1153 1668 1190; x_wconf 76' lang='grc' dir='ltr'>μὲν</span> <span class='ocrx_word' id='word_1_370' title='bbox 1689 1151 1729 1180; x_wconf 81' lang='grc' dir='ltr'><strong>ὅτι</strong></span> <span class='ocrx_word' id='word_1_371' title='bbox 1758 1151 1867 1180; x_wconf 74' lang='grc' dir='ltr'>οἴκοθεν</span> 
     </span>
    </p>
   </div>
   <div class='ocr_carea' id='block_1_57' title="bbox 1042 1196 1869 1237">
    <p class='ocr_par' dir='ltr' id='par_1_57' title="bbox 1042 1196 1869 1237">
     <span class='ocr_line' id='line_1_57' title="bbox 1042 1196 1869 1237; baseline -0.002 -11"><span class='ocrx_word' id='word_1_372' title='bbox 1042 1198 1141 1231; x_wconf 79' lang='grc' dir='ltr'>ταύτην</span> <span class='ocrx_word' id='word_1_373' title='bbox 1164 1197 1273 1226; x_wconf 77' lang='grc' dir='ltr'>ὶπλάσω</span> <span class='ocrx_word' id='word_1_374' title='bbox 1307 1198 1343 1230; x_wconf 81' lang='grc' dir='ltr'>ὣς</span> <span class='ocrx_word' id='word_1_375' title='bbox 1373 1209 1431 1226; x_wconf 87' lang='grc' dir='ltr'>τινα</span> <span class='ocrx_word' id='word_1_376' title='bbox 1460 1198 1548 1237; x_wconf 73' lang='grc' dir='ltr'>ἀρχὴν</span> <span class='ocrx_word' id='word_1_377' title='bbox 1583 1196 1714 1236; x_wconf 78' lang='grc' dir='ltr'>δόγματος</span> <span class='ocrx_word' id='word_1_378' title='bbox 1732 1205 1738 1211; x_wconf 94' lang='grc'><strong>·</strong></span> <span class='ocrx_word' id='word_1_379' title='bbox 1768 1197 1812 1224; x_wconf 81' lang='grc' dir='ltr'><strong>καὶ</strong></span> <span class='ocrx_word' id='word_1_380' title='bbox 1844 1198 1869 1224; x_wconf 67' lang='grc' dir='ltr'><strong>τί</strong></span> 
     </span>
    </p>
   </div>
   <div class='ocr_carea' id='block_1_58' title="bbox 1041 1240 1867 1281">
    <p class='ocr_par' dir='ltr' id='par_1_58' title="bbox 1041 1240 1867 1281">
     <span class='ocr_line' id='line_1_58' title="bbox 1041 1240 1867 1281; baseline -0.002 -11"><span class='ocrx_word' id='word_1_381' title='bbox 1041 1243 1091 1281; x_wconf 74' lang='grc' dir='ltr'><strong>γὰρ</strong></span> <span class='ocrx_word' id='word_1_382' title='bbox 1105 1243 1197 1271; x_wconf 81' lang='grc' dir='ltr'>κάκιον</span> <span class='ocrx_word' id='word_1_383' title='bbox 1212 1246 1256 1271; x_wconf 81' lang='grc' dir='ltr'><strong>τοῦ</strong></span> <span class='ocrx_word' id='word_1_384' title='bbox 1291 1241 1378 1281; x_wconf 72' lang='grc' dir='ltr'>λέγειν</span> <span class='ocrx_word' id='word_1_385' title='bbox 1407 1242 1450 1270; x_wconf 87' lang='grc' dir='ltr'><strong>καὶ</strong></span> <span class='ocrx_word' id='word_1_386' title='bbox 1472 1241 1634 1281; x_wconf 80' lang='grc' dir='ltr'>δογματῖζειν</span> <span class='ocrx_word' id='word_1_387' title='bbox 1659 1252 1700 1277; x_wconf 82' lang='grc' dir='ltr'>σε,</span> <span class='ocrx_word' id='word_1_388' title='bbox 1730 1240 1797 1279; x_wconf 71' lang='grc' dir='ltr'>ἅπερ</span> <span class='ocrx_word' id='word_1_389' title='bbox 1813 1241 1867 1269; x_wconf 77' lang='grc' dir='ltr'>τῶν</span> 
     </span>
    </p>
   </div>
   <div class='ocr_carea' id='block_1_59' title="bbox 1041 1284 1867 1325">
    <p class='ocr_par' dir='ltr' id='par_1_59' title="bbox 1041 1284 1867 1325">
     <span class='ocr_line' id='line_1_59' title="bbox 1041 1284 1867 1325; baseline -0.002 -11"><span class='ocrx_word' id='word_1_390' title='bbox 1041 1287 1123 1325; x_wconf 81' lang='grc' dir='ltr'>ἁγίων</span> <span class='ocrx_word' id='word_1_391' title='bbox 1147 1285 1229 1319; x_wconf 69' lang='grc' dir='ltr'>οὒδεὶς</span> <span class='ocrx_word' id='word_1_392' title='bbox 1257 1297 1322 1315; x_wconf 73' lang='grc' dir='ltr'>ποτε</span> <span class='ocrx_word' id='word_1_393' title='bbox 1350 1285 1560 1325; x_wconf 73' lang='grc' dir='ltr'>δεδογμάτικενς</span> <span class='ocrx_word' id='word_1_394' title='bbox 1584 1286 1675 1314; x_wconf 74' lang='grc' dir='ltr'>ἔπειτα</span> <span class='ocrx_word' id='word_1_395' title='bbox 1696 1284 1734 1325; x_wconf 64' lang='grc' dir='ltr'><strong>δὲ,</strong></span> <span class='ocrx_word' id='word_1_396' title='bbox 1758 1284 1799 1312; x_wconf 81' lang='grc' dir='ltr'><strong>ὅτι</strong></span> <span class='ocrx_word' id='word_1_397' title='bbox 1822 1285 1867 1312; x_wconf 84' lang='grc' dir='ltr'><strong>καὶ</strong></span> 
     </span>
    </p>
   </div>
   <div class='ocr_carea' id='block_1_60' title="bbox 1041 1329 1867 1370">
    <p class='ocr_par' dir='ltr' id='par_1_60' title="bbox 1041 1329 1867 1370">
     <span class='ocr_line' id='line_1_60' title="bbox 1041 1329 1867 1370; baseline -0.002 -11"><span class='ocrx_word' id='word_1_398' title='bbox 1041 1338 1101 1364; x_wconf 70' lang='grc' dir='ltr'>τατς</span> <span class='ocrx_word' id='word_1_399' title='bbox 1124 1334 1176 1359; x_wconf 84' lang='grc' dir='ltr'>τῶν</span> <span class='ocrx_word' id='word_1_400' title='bbox 1193 1330 1315 1370; x_wconf 83' lang='grc' dir='ltr'>Πατέρων</span> <span class='ocrx_word' id='word_1_401' title='bbox 1345 1330 1410 1364; x_wconf 77' lang='grc' dir='ltr'>αῦτη</span> <span class='ocrx_word' id='word_1_402' title='bbox 1437 1329 1579 1359; x_wconf 78' lang='grc' dir='ltr'>ἀντιϐαίνει</span> <span class='ocrx_word' id='word_1_403' title='bbox 1607 1329 1753 1368; x_wconf 75' lang='grc' dir='ltr'>θεολογίαις</span> <span class='ocrx_word' id='word_1_404' title='bbox 1775 1337 1782 1343; x_wconf 89' lang='grc'><strong>·</strong></span> <span class='ocrx_word' id='word_1_405' title='bbox 1809 1329 1867 1357; x_wconf 74' lang='grc' dir='ltr'>εἰπὲ</span> 
     </span>
    </p>
   </div>
   <div class='ocr_carea' id='block_1_61' title="bbox 1041 1373 1866 1415">
    <p class='ocr_par' dir='ltr' id='par_1_61' title="bbox 1041 1373 1866 1415">
     <span class='ocr_line' id='line_1_61' title="bbox 1041 1373 1866 1415; baseline -0.004 -12"><span class='ocrx_word' id='word_1_406' title='bbox 1041 1376 1090 1415; x_wconf 65' lang='grc' dir='ltr'><strong>γὰρ</strong></span> <span class='ocrx_word' id='word_1_407' title='bbox 1111 1387 1168 1413; x_wconf 74' lang='grc' dir='ltr'>μοι,</span> <span class='ocrx_word' id='word_1_408' title='bbox 1191 1376 1212 1403; x_wconf 79' lang='grc' dir='ltr'><strong>εί</strong></span> <span class='ocrx_word' id='word_1_409' title='bbox 1225 1378 1264 1411; x_wconf 88' lang='grc' dir='ltr'>τῷ</span> <span class='ocrx_word' id='word_1_410' title='bbox 1285 1375 1357 1415; x_wconf 85' lang='grc' dir='ltr'>λόγῳ</span> <span class='ocrx_word' id='word_1_411' title='bbox 1381 1376 1430 1408; x_wconf 75' lang='grc' dir='ltr'>τῆς</span> <span class='ocrx_word' id='word_1_412' title='bbox 1459 1375 1560 1415; x_wconf 68' lang='grc' dir='ltr'>φύσεως</span> <span class='ocrx_word' id='word_1_413' title='bbox 1581 1373 1637 1413; x_wconf 77' lang='grc' dir='ltr'>ἐρεῖ</span> <span class='ocrx_word' id='word_1_414' title='bbox 1658 1384 1696 1404; x_wconf 91' lang='grc' dir='ltr'><strong>τις</strong></span> <span class='ocrx_word' id='word_1_415' title='bbox 1725 1374 1770 1401; x_wconf 77' lang='grc' dir='ltr'><strong>τὸν</strong></span> <span class='ocrx_word' id='word_1_416' title='bbox 1806 1376 1866 1401; x_wconf 76' lang='grc' dir='ltr'>Πα-</span> 
     </span>
    </p>
   </div>
   <div class='ocr_carea' id='block_1_62' title="bbox 177 1417 1002 1463">
    <p class='ocr_par' dir='ltr' id='par_1_62' title="bbox 177 1417 1000 1463">
     <span class='ocr_line' id='line_1_62' title="bbox 177 1417 1000 1463; baseline 0.001 -10"><span class='ocrx_word' id='word_1_417' title='bbox 177 1421 295 1453; x_wconf 85' lang='lat' dir='ltr'><strong>Patrem</strong></span> <span class='ocrx_word' id='word_1_418' title='bbox 325 1422 490 1462; x_wconf 77' lang='lat' dir='ltr'><strong>producere</strong></span> <span class='ocrx_word' id='word_1_419' title='bbox 518 1417 671 1463; x_wconf 84' lang='lat' dir='ltr'><strong>Spiritum.</strong></span> <span class='ocrx_word' id='word_1_420' title='bbox 690 1432 759 1453; x_wconf 87' lang='lat' dir='ltr'><strong>num</strong></span> <span class='ocrx_word' id='word_1_421' title='bbox 777 1423 825 1454; x_wconf 89' lang='lat' dir='ltr'><strong>hic</strong></span> <span class='ocrx_word' id='word_1_422' title='bbox 843 1429 1000 1463; x_wconf 80' lang='lat' dir='ltr'><strong>propterea</strong></span> 
     </span>
    </p>
   </div>
   <div class='ocr_carea' id='block_1_63' title="bbox 1084 1417 1867 1463">
    <p class='ocr_par' dir='ltr' id='par_1_63' title="bbox 1086 1417 1867 1460">
     <span class='ocr_line' id='line_1_63' title="bbox 1086 1417 1867 1460; baseline 0 -12"><span class='ocrx_word' id='word_1_423' title='bbox 1086 1431 1101 1448; x_wconf 89' lang='grc' dir='ltr'><strong>α</strong></span> <span class='ocrx_word' id='word_1_424' title='bbox 1124 1421 1154 1448; x_wconf 77' lang='grc' dir='ltr'>τὸ</span> <span class='ocrx_word' id='word_1_425' title='bbox 1191 1423 1295 1457; x_wconf 85' lang='grc' dir='ltr'>Πνεῦμα</span> <span class='ocrx_word' id='word_1_426' title='bbox 1322 1419 1527 1460; x_wconf 73' lang='grc' dir='ltr'>προϐάλλεσθαι,</span> <span class='ocrx_word' id='word_1_427' title='bbox 1551 1419 1600 1458; x_wconf 71' lang='grc' dir='ltr'><strong>ἄρα</strong></span> <span class='ocrx_word' id='word_1_428' title='bbox 1628 1429 1658 1458; x_wconf 79' lang='grc' dir='ltr'><strong>γε</strong></span> <span class='ocrx_word' id='word_1_429' title='bbox 1686 1417 1728 1446; x_wconf 73' lang='grc' dir='ltr'><strong>δια</strong></span> <span class='ocrx_word' id='word_1_430' title='bbox 1755 1419 1786 1446; x_wconf 77' lang='grc' dir='ltr'>τὸ</span> <span class='ocrx_word' id='word_1_431' title='bbox 1815 1420 1867 1451; x_wconf 78' lang='grc' dir='ltr'><strong>τῆς</strong></span> 
     </span>
    </p>
   </div>
   <div class='ocr_carea' id='block_1_64' title="bbox 178 1466 998 1507">
    <p class='ocr_par' dir='ltr' id='par_1_64' title="bbox 178 1466 998 1507">
     <span class='ocr_line' id='line_1_64' title="bbox 178 1466 998 1507; baseline 0.001 -10"><span class='ocrx_word' id='word_1_432' title='bbox 178 1466 247 1507; x_wconf 87' lang='lat' dir='ltr'><strong>quia</strong></span> <span class='ocrx_word' id='word_1_433' title='bbox 263 1467 397 1506; x_wconf 82' lang='lat' dir='ltr'><strong>ejusdem</strong></span> <span class='ocrx_word' id='word_1_434' title='bbox 421 1471 535 1498; x_wconf 76' lang='lat' dir='ltr'><strong>naturae</strong></span> <span class='ocrx_word' id='word_1_435' title='bbox 550 1471 595 1498; x_wconf 90' lang='lat' dir='ltr'><strong>est</strong></span> <span class='ocrx_word' id='word_1_436' title='bbox 608 1466 749 1505; x_wconf 80' lang='lat' dir='ltr'><strong>Trinitas,</strong></span> <span class='ocrx_word' id='word_1_437' title='bbox 772 1477 831 1498; x_wconf 91' lang='lat' dir='ltr'><strong>nou</strong></span> <span class='ocrx_word' id='word_1_438' title='bbox 857 1468 951 1498; x_wconf 89' lang='lat' dir='ltr'><strong>solum</strong></span> <span class='ocrx_word' id='word_1_439' title='bbox 968 1468 998 1499; x_wconf 89' lang='lat' dir='ltr'><strong>in</strong></span> 
     </span>
    </p>
   </div>
   <div class='ocr_carea' id='block_1_65' title="bbox 177 1511 1001 1553">
    <p class='ocr_par' dir='ltr' id='par_1_65' title="bbox 177 1511 1001 1553">
     <span class='ocr_line' id='line_1_65' title="bbox 177 1511 1001 1553; baseline 0.002 -12"><span class='ocrx_word' id='word_1_440' title='bbox 177 1511 624 1552; x_wconf 75' lang='lat' dir='ltr'><strong>productorcmSpiritusFilium</strong></span> <span class='ocrx_word' id='word_1_441' title='bbox 633 1512 908 1553; x_wconf 81' lang='lat' dir='ltr'><strong>transferre,verum</strong></span> <span class='ocrx_word' id='word_1_442' title='bbox 915 1513 1001 1544; x_wconf 89' lang='lat' dir='ltr'><strong>etiam</strong></span> 
     </span>
    </p>
   </div>
   <div class='ocr_carea' id='block_1_66' title="bbox 176 1555 1002 1598">
    <p class='ocr_par' dir='ltr' id='par_1_66' title="bbox 176 1555 1002 1598">
     <span class='ocr_line' id='line_1_66' title="bbox 176 1555 1002 1598; baseline 0.002 -12"><span class='ocrx_word' id='word_1_443' title='bbox 176 1555 274 1596; x_wconf 90' lang='lat' dir='ltr'><strong>ipsum</strong></span> <span class='ocrx_word' id='word_1_444' title='bbox 291 1555 433 1596; x_wconf 90' lang='lat' dir='ltr'><strong>Spiritum</strong></span> <span class='ocrx_word' id='word_1_445' title='bbox 455 1556 485 1586; x_wconf 92' lang='lat' dir='ltr'><strong>in</strong></span> <span class='ocrx_word' id='word_1_446' title='bbox 509 1555 574 1587; x_wconf 84' lang='lat' dir='ltr'><strong>Filii</strong></span> <span class='ocrx_word' id='word_1_447' title='bbox 598 1558 823 1596; x_wconf 79' lang='lat' dir='ltr'><strong>generationem</strong></span> <span class='ocrx_word' id='word_1_448' title='bbox 839 1561 868 1588; x_wconf 89' lang='lat' dir='ltr'><strong>et</strong></span> <span class='ocrx_word' id='word_1_449' title='bbox 883 1557 913 1588; x_wconf 91' lang='lat' dir='ltr'><strong>in</strong></span> <span class='ocrx_word' id='word_1_450' title='bbox 930 1567 1002 1598; x_wconf 90' lang='lat' dir='ltr'><strong>pro—</strong></span> 
     </span>
    </p>
   </div>
   <div class='ocr_carea' id='block_1_67' title="bbox 177 1600 1001 1640">
    <p class='ocr_par' dir='ltr' id='par_1_67' title="bbox 177 1600 1001 1640">
     <span class='ocr_line' id='line_1_67' title="bbox 177 1600 1001 1640; baseline 0.002 -10"><span class='ocrx_word' id='word_1_451' title='bbox 177 1601 271 1640; x_wconf 88' lang='lat' dir='ltr'><strong>priam</strong></span> <span class='ocrx_word' id='word_1_452' title='bbox 286 1600 511 1639; x_wconf 88' lang='lat' dir='ltr'><strong>productionem</strong></span> <span class='ocrx_word' id='word_1_453' title='bbox 524 1600 655 1631; x_wconf 88' lang='lat' dir='ltr'><strong>dividere</strong></span> <span class='ocrx_word' id='word_1_454' title='bbox 666 1610 699 1631; x_wconf 90' lang='lat' dir='ltr'><strong>ac</strong></span> <span class='ocrx_word' id='word_1_455' title='bbox 715 1601 852 1631; x_wconf 87' lang='lat' dir='ltr'><strong>scindere</strong></span> <span class='ocrx_word' id='word_1_456' title='bbox 863 1601 1001 1632; x_wconf 89' lang='lat' dir='ltr'><strong>censebi-</strong></span> 
     </span>
    </p>
   </div>
   <div class='ocr_carea' id='block_1_68' title="bbox 179 1643 1002 1685">
    <p class='ocr_par' dir='ltr' id='par_1_68' title="bbox 179 1643 1002 1685">
     <span class='ocr_line' id='line_1_68' title="bbox 179 1643 1002 1685; baseline 0.002 -11"><span class='ocrx_word' id='word_1_457' title='bbox 179 1644 239 1674; x_wconf 81' lang='lat' dir='ltr'><strong>tur?</strong></span> <span class='ocrx_word' id='word_1_458' title='bbox 252 1644 359 1674; x_wconf 82' lang='lat' dir='ltr'><strong>Verum</strong></span> <span class='ocrx_word' id='word_1_459' title='bbox 376 1643 477 1676; x_wconf 89' lang='lat' dir='ltr'><strong>Patres</strong></span> <span class='ocrx_word' id='word_1_460' title='bbox 492 1645 582 1675; x_wconf 90' lang='lat' dir='ltr'><strong>nostri</strong></span> <span class='ocrx_word' id='word_1_461' title='bbox 599 1653 634 1675; x_wconf 81' lang='lat' dir='ltr'><strong>ex</strong></span> <span class='ocrx_word' id='word_1_462' title='bbox 652 1645 780 1676; x_wconf 84' lang='lat' dir='ltr'><strong>essentia</strong></span> <span class='ocrx_word' id='word_1_463' title='bbox 801 1645 894 1676; x_wconf 88' lang='lat' dir='ltr'><strong>Patris</strong></span> <span class='ocrx_word' id='word_1_464' title='bbox 909 1655 1002 1685; x_wconf 82' lang='lat' dir='ltr'><strong>gene-</strong></span> 
     </span>
    </p>
   </div>
   <div class='ocr_carea' id='block_1_69' title="bbox 177 1687 1004 1720">
    <p class='ocr_par' dir='ltr' id='par_1_69' title="bbox 177 1687 1004 1720">
     <span class='ocr_line' id='line_1_69' title="bbox 177 1687 1004 1720; baseline 0.002 -2"><span class='ocrx_word' id='word_1_465' title='bbox 177 1688 237 1719; x_wconf 86' lang='lat' dir='ltr'><strong>rari</strong></span> <span class='ocrx_word' id='word_1_466' title='bbox 248 1687 355 1719; x_wconf 85' lang='lat' dir='ltr'><strong>Filium</strong></span> <span class='ocrx_word' id='word_1_467' title='bbox 367 1688 517 1719; x_wconf 87' lang='lat' dir='ltr'><strong>tradentes</strong></span> <span class='ocrx_word' id='word_1_468' title='bbox 531 1689 611 1719; x_wconf 89' lang='lat' dir='ltr'><strong>nullo</strong></span> <span class='ocrx_word' id='word_1_469' title='bbox 622 1689 743 1720; x_wconf 90' lang='lat' dir='ltr'><strong>omnino</strong></span> <span class='ocrx_word' id='word_1_470' title='bbox 756 1689 862 1720; x_wconf 90' lang='lat' dir='ltr'><strong>timore</strong></span> <span class='ocrx_word' id='word_1_471' title='bbox 873 1699 1004 1720; x_wconf 81' lang='lat' dir='ltr'><strong>commo-</strong></span> 
     </span>
    </p>
   </div>
   <div class='ocr_carea' id='block_1_70' title="bbox 177 1731 1003 1774">
    <p class='ocr_par' dir='ltr' id='par_1_70' title="bbox 177 1731 1003 1774">
     <span class='ocr_line' id='line_1_70' title="bbox 177 1731 1003 1774; baseline 0.002 -12"><span class='ocrx_word' id='word_1_472' title='bbox 177 1731 332 1767; x_wconf 84' lang='lat' dir='ltr'><strong>vehantur.</strong></span> <span class='ocrx_word' id='word_1_473' title='bbox 345 1741 383 1764; x_wconf 88' lang='lat' dir='ltr'><strong>ne.</strong></span> <span class='ocrx_word' id='word_1_474' title='bbox 395 1733 471 1773; x_wconf 80' lang='lat' dir='ltr'><strong>quis.</strong></span> <span class='ocrx_word' id='word_1_475' title='bbox 491 1738 629 1773; x_wconf 86' lang='lat' dir='ltr'><strong>proptera</strong></span> <span class='ocrx_word' id='word_1_476' title='bbox 651 1734 728 1774; x_wconf 92' lang='lat' dir='ltr'><strong>quod</strong></span> <span class='ocrx_word' id='word_1_477' title='bbox 754 1737 855 1764; x_wconf 88' lang='lat' dir='ltr'><strong>sancta</strong></span> <span class='ocrx_word' id='word_1_478' title='bbox 874 1733 1003 1765; x_wconf 92' lang='lat' dir='ltr'><strong>Trinitas</strong></span> 
     </span>
    </p>
   </div>
   <div class='ocr_carea' id='block_1_71' title="bbox 177 1776 1003 1816">
    <p class='ocr_par' dir='ltr' id='par_1_71' title="bbox 177 1776 1003 1816">
     <span class='ocr_line' id='line_1_71' title="bbox 177 1776 1003 1816; baseline 0.004 -10"><span class='ocrx_word' id='word_1_479' title='bbox 177 1776 312 1816; x_wconf 86' lang='lat' dir='ltr'><strong>ejusdem</strong></span> <span class='ocrx_word' id='word_1_480' title='bbox 322 1776 709 1815; x_wconf 82' lang='lat' dir='ltr'><strong>estnaturae,arbitraretur,</strong></span> <span class='ocrx_word' id='word_1_481' title='bbox 717 1778 804 1809; x_wconf 92' lang='lat' dir='ltr'><strong>etiam</strong></span> <span class='ocrx_word' id='word_1_482' title='bbox 816 1777 882 1809; x_wconf 84' lang='lat' dir='ltr'><strong>Filii</strong></span> <span class='ocrx_word' id='word_1_483' title='bbox 898 1787 1003 1809; x_wconf 86' lang='lat' dir='ltr'><strong>essen-</strong></span> 
     </span>
    </p>
   </div>
   <div class='ocr_carea' id='block_1_72' title="bbox 177 1820 1000 1860">
    <p class='ocr_par' dir='ltr' id='par_1_72' title="bbox 177 1820 1000 1860">
     <span class='ocr_line' id='line_1_72' title="bbox 177 1820 1000 1860; baseline 0.002 -8"><span class='ocrx_word' id='word_1_484' title='bbox 177 1820 248 1852; x_wconf 91' lang='lat' dir='ltr'><strong>tiam</strong></span> <span class='ocrx_word' id='word_1_485' title='bbox 264 1826 456 1860; x_wconf 74' lang='lat' dir='ltr'><strong>generautem</strong></span> <span class='ocrx_word' id='word_1_486' title='bbox 475 1830 540 1852; x_wconf 90' lang='lat' dir='ltr'><strong>esse</strong></span> <span class='ocrx_word' id='word_1_487' title='bbox 567 1822 603 1853; x_wconf 91' lang='lat' dir='ltr'><strong>ad</strong></span> <span class='ocrx_word' id='word_1_488' title='bbox 634 1823 726 1853; x_wconf 90' lang='lat' dir='ltr'><strong>instar</strong></span> <span class='ocrx_word' id='word_1_489' title='bbox 740 1823 878 1854; x_wconf 70' lang='lat' dir='ltr'><strong>essentia:</strong></span> <span class='ocrx_word' id='word_1_490' title='bbox 895 1822 1000 1854; x_wconf 83' lang='lat' dir='ltr'><strong>Patris.</strong></span> 
     </span>
    </p>
   </div>
   <div class='ocr_carea' id='block_1_73' title="bbox 179 1864 1003 1908">
    <p class='ocr_par' dir='ltr' id='par_1_73' title="bbox 179 1864 1003 1908">
     <span class='ocr_line' id='line_1_73' title="bbox 179 1864 1003 1908; baseline 0.005 -14"><span class='ocrx_word' id='word_1_491' title='bbox 179 1864 333 1901; x_wconf 88' lang='lat' dir='ltr'><strong>Quomodo</strong></span> <span class='ocrx_word' id='word_1_492' title='bbox 362 1864 452 1902; x_wconf 72' lang='lat' dir='ltr'><strong>igitur</strong></span> <span class='ocrx_word' id='word_1_493' title='bbox 476 1875 534 1896; x_wconf 93' lang='lat' dir='ltr'><strong>non</strong></span> <span class='ocrx_word' id='word_1_494' title='bbox 550 1875 582 1897; x_wconf 89' lang='lat' dir='ltr'><strong>es</strong></span> <span class='ocrx_word' id='word_1_495' title='bbox 598 1867 719 1908; x_wconf 86' lang='lat' dir='ltr'><strong>veritus,</strong></span> <span class='ocrx_word' id='word_1_496' title='bbox 748 1877 816 1898; x_wconf 90' lang='lat' dir='ltr'><strong>cum</strong></span> <span class='ocrx_word' id='word_1_497' title='bbox 842 1869 942 1899; x_wconf 84' lang='lat' dir='ltr'><strong>Patres</strong></span> <span class='ocrx_word' id='word_1_498' title='bbox 968 1877 1003 1898; x_wconf 84' lang='lat' dir='ltr'><strong>ex</strong></span> 
     </span>
    </p>
   </div>
   <div class='ocr_carea' id='block_1_74' title="bbox 178 1909 1004 1951">
    <p class='ocr_par' dir='ltr' id='par_1_74' title="bbox 178 1909 1004 1951">
     <span class='ocr_line' id='line_1_74' title="bbox 178 1909 1004 1951; baseline 0.001 -9"><span class='ocrx_word' id='word_1_499' title='bbox 178 1909 307 1942; x_wconf 81' lang='lat' dir='ltr'><strong>essentia</strong></span> <span class='ocrx_word' id='word_1_500' title='bbox 320 1910 416 1942; x_wconf 88' lang='lat' dir='ltr'><strong>Patris</strong></span> <span class='ocrx_word' id='word_1_501' title='bbox 427 1910 591 1951; x_wconf 81' lang='lat' dir='ltr'><strong>praedicent</strong></span> <span class='ocrx_word' id='word_1_502' title='bbox 607 1912 713 1944; x_wconf 86' lang='lat' dir='ltr'><strong>Filium</strong></span> <span class='ocrx_word' id='word_1_503' title='bbox 730 1917 759 1944; x_wconf 89' lang='lat' dir='ltr'><strong>et</strong></span> <span class='ocrx_word' id='word_1_504' title='bbox 776 1913 870 1944; x_wconf 86' lang='lat' dir='ltr'><strong>Patris</strong></span> <span class='ocrx_word' id='word_1_505' title='bbox 902 1921 1004 1943; x_wconf 87' lang='lat' dir='ltr'><strong>essen-</strong></span> 
     </span>
    </p>
   </div>
   <div class='ocr_carea' id='block_1_75' title="bbox 178 1954 1001 1997">
    <p class='ocr_par' dir='ltr' id='par_1_75' title="bbox 178 1954 1001 1997">
     <span class='ocr_line' id='line_1_75' title="bbox 178 1954 1001 1997; baseline 0.004 -12"><span class='ocrx_word' id='word_1_506' title='bbox 178 1954 249 1985; x_wconf 86' lang='lat' dir='ltr'><strong>tiam</strong></span> <span class='ocrx_word' id='word_1_507' title='bbox 264 1954 364 1985; x_wconf 86' lang='lat' dir='ltr'><strong>dicant</strong></span> <span class='ocrx_word' id='word_1_508' title='bbox 379 1964 446 1987; x_wconf 89' lang='lat' dir='ltr'><strong>esse</strong></span> <span class='ocrx_word' id='word_1_509' title='bbox 459 1960 666 1995; x_wconf 77' lang='lat' dir='ltr'><strong>generantem,</strong></span> <span class='ocrx_word' id='word_1_510' title='bbox 684 1957 748 1997; x_wconf 89' lang='lat' dir='ltr'><strong>ipse</strong></span> <span class='ocrx_word' id='word_1_511' title='bbox 775 1958 869 1989; x_wconf 86' lang='lat' dir='ltr'><strong>Patris</strong></span> <span class='ocrx_word' id='word_1_512' title='bbox 884 1966 1001 1988; x_wconf 65' lang='lat' dir='ltr'><strong>causam</strong></span> 
     </span>
    </p>
   </div>
   <div class='ocr_carea' id='block_1_76' title="bbox 177 1998 1003 2042">
    <p class='ocr_par' dir='ltr' id='par_1_76' title="bbox 177 1998 1003 2042">
     <span class='ocr_line' id='line_1_76' title="bbox 177 1998 1003 2042; baseline 0.002 -12"><span class='ocrx_word' id='word_1_513' title='bbox 177 1999 208 2030; x_wconf 86' lang='lat' dir='ltr'><strong>in</strong></span> <span class='ocrx_word' id='word_1_514' title='bbox 225 1998 370 2030; x_wconf 87' lang='lat' dir='ltr'><strong>rationem</strong></span> <span class='ocrx_word' id='word_1_515' title='bbox 385 2004 496 2031; x_wconf 74' lang='lat' dir='ltr'><strong>naturae</strong></span> <span class='ocrx_word' id='word_1_516' title='bbox 511 2005 541 2031; x_wconf 90' lang='lat' dir='ltr'><strong>et</strong></span> <span class='ocrx_word' id='word_1_517' title='bbox 554 2000 698 2032; x_wconf 85' lang='lat' dir='ltr'><strong>rationem</strong></span> <span class='ocrx_word' id='word_1_518' title='bbox 711 2001 874 2042; x_wconf 78' lang='lat' dir='ltr'><strong>hypostasis</strong></span> <span class='ocrx_word' id='word_1_519' title='bbox 887 2001 1003 2032; x_wconf 89' lang='lat' dir='ltr'><strong>divide-</strong></span> 
     </span>
    </p>
   </div>
   <div class='ocr_carea' id='block_1_77' title="bbox 176 2044 1003 2085">
    <p class='ocr_par' dir='ltr' id='par_1_77' title="bbox 176 2044 1003 2085">
     <span class='ocr_line' id='line_1_77' title="bbox 176 2044 1003 2085; baseline 0.002 -10"><span class='ocrx_word' id='word_1_520' title='bbox 176 2052 210 2075; x_wconf 91' lang='lat' dir='ltr'><strong>re</strong></span> <span class='ocrx_word' id='word_1_521' title='bbox 225 2048 314 2084; x_wconf 87' lang='lat' dir='ltr'><strong>atque</strong></span> <span class='ocrx_word' id='word_1_522' title='bbox 326 2053 435 2084; x_wconf 79' lang='lat' dir='ltr'><strong>negare</strong></span> <span class='ocrx_word' id='word_1_523' title='bbox 444 2044 695 2085; x_wconf 86' lang='lat' dir='ltr'><strong>quidem,Patrem</strong></span> <span class='ocrx_word' id='word_1_524' title='bbox 705 2055 769 2077; x_wconf 86' lang='lat' dir='ltr'><strong>esse</strong></span> <span class='ocrx_word' id='word_1_525' title='bbox 785 2055 902 2077; x_wconf 87' lang='lat' dir='ltr'><strong>causam</strong></span> <span class='ocrx_word' id='word_1_526' title='bbox 915 2046 1003 2077; x_wconf 87' lang='lat' dir='ltr'><strong>ratio-</strong></span> 
     </span>
    </p>
   </div>
   <div class='ocr_carea' id='block_1_78' title="bbox 177 2090 1003 2131">
    <p class='ocr_par' dir='ltr' id='par_1_78' title="bbox 177 2090 1003 2131">
     <span class='ocr_line' id='line_1_78' title="bbox 177 2090 1003 2131; baseline 0.001 -11"><span class='ocrx_word' id='word_1_527' title='bbox 177 2097 216 2120; x_wconf 91' lang='lat' dir='ltr'><strong>ne</strong></span> <span class='ocrx_word' id='word_1_528' title='bbox 229 2094 491 2127; x_wconf 73' lang='lat' dir='ltr'><strong>naturas;asserere</strong></span> <span class='ocrx_word' id='word_1_529' title='bbox 504 2099 574 2121; x_wconf 91' lang='lat' dir='ltr'><strong>vero</strong></span> <span class='ocrx_word' id='word_1_530' title='bbox 586 2099 620 2121; x_wconf 89' lang='lat' dir='ltr'><strong>ac</strong></span> <span class='ocrx_word' id='word_1_531' title='bbox 631 2090 739 2122; x_wconf 91' lang='lat' dir='ltr'><strong>docere</strong></span> <span class='ocrx_word' id='word_1_532' title='bbox 749 2091 812 2122; x_wconf 90' lang='lat' dir='ltr'><strong>sola</strong></span> <span class='ocrx_word' id='word_1_533' title='bbox 822 2091 935 2122; x_wconf 87' lang='lat' dir='ltr'><strong>ratione</strong></span> <span class='ocrx_word' id='word_1_534' title='bbox 950 2091 1003 2131; x_wconf 85' lang='lat' dir='ltr'><strong>hy-</strong></span> 
     </span>
    </p>
   </div>
   <div class='ocr_carea' id='block_1_79' title="bbox 179 2133 1005 2177">
    <p class='ocr_par' dir='ltr' id='par_1_79' title="bbox 179 2133 1005 2177">
     <span class='ocr_line' id='line_1_79' title="bbox 179 2133 1005 2177; baseline 0.004 -13"><span class='ocrx_word' id='word_1_535' title='bbox 179 2133 304 2174; x_wconf 87' lang='lat' dir='ltr'><strong>postasis</strong></span> <span class='ocrx_word' id='word_1_536' title='bbox 319 2143 438 2165; x_wconf 84' lang='lat' dir='ltr'><strong>causam</strong></span> <span class='ocrx_word' id='word_1_537' title='bbox 454 2143 531 2172; x_wconf 89' lang='lat' dir='ltr'><strong>esse,</strong></span> <span class='ocrx_word' id='word_1_538' title='bbox 554 2135 638 2175; x_wconf 82' lang='lat' dir='ltr'><strong>quasi</strong></span> <span class='ocrx_word' id='word_1_539' title='bbox 662 2145 730 2166; x_wconf 91' lang='lat' dir='ltr'><strong>vero</strong></span> <span class='ocrx_word' id='word_1_540' title='bbox 747 2136 884 2167; x_wconf 56' lang='lat' dir='ltr'><strong>essentia;</strong></span> <span class='ocrx_word' id='word_1_541' title='bbox 900 2145 1005 2177; x_wconf 81' lang='lat' dir='ltr'><strong>expers</strong></span> 
     </span>
    </p>
   </div>
   <div class='ocr_carea' id='block_1_80' title="bbox 179 2178 1005 2221">
    <p class='ocr_par' dir='ltr' id='par_1_80' title="bbox 179 2178 1005 2221">
     <span class='ocr_line' id='line_1_80' title="bbox 179 2178 1005 2221; baseline 0.002 -12"><span class='ocrx_word' id='word_1_542' title='bbox 179 2178 275 2210; x_wconf 82' lang='lat' dir='ltr'><strong>Patris</strong></span> <span class='ocrx_word' id='word_1_543' title='bbox 290 2178 458 2220; x_wconf 76' lang='lat' dir='ltr'><strong>hypostasis</strong></span> <span class='ocrx_word' id='word_1_544' title='bbox 473 2179 627 2211; x_wconf 89' lang='lat' dir='ltr'><strong>emitteret</strong></span> <span class='ocrx_word' id='word_1_545' title='bbox 649 2189 684 2212; x_wconf 88' lang='lat' dir='ltr'><strong>ea</strong></span> <span class='ocrx_word' id='word_1_546' title='bbox 708 2189 773 2221; x_wconf 83' lang='lat' dir='ltr'><strong>quae</strong></span> <span class='ocrx_word' id='word_1_547' title='bbox 787 2185 857 2212; x_wconf 87' lang='lat' dir='ltr'><strong>sunt</strong></span> <span class='ocrx_word' id='word_1_548' title='bbox 870 2190 906 2211; x_wconf 83' lang='lat' dir='ltr'><strong>ex</strong></span> <span class='ocrx_word' id='word_1_549' title='bbox 922 2179 1005 2220; x_wconf 84' lang='lat' dir='ltr'><strong>ipsa?</strong></span> 
     </span>
    </p>
   </div>
   <div class='ocr_carea' id='block_1_81' title="bbox 178 2223 1005 2266">
    <p class='ocr_par' dir='ltr' id='par_1_81' title="bbox 178 2223 1005 2266">
     <span class='ocr_line' id='line_1_81' title="bbox 178 2223 1005 2266; baseline 0 -11"><span class='ocrx_word' id='word_1_550' title='bbox 178 2223 280 2265; x_wconf 87' lang='lat' dir='ltr'><strong>Neque</strong></span> <span class='ocrx_word' id='word_1_551' title='bbox 295 2228 400 2255; x_wconf 87' lang='lat' dir='ltr'><strong>natura</strong></span> <span class='ocrx_word' id='word_1_552' title='bbox 427 2223 533 2264; x_wconf 89' lang='lat' dir='ltr'><strong>Patris,</strong></span> <span class='ocrx_word' id='word_1_553' title='bbox 550 2232 569 2255; x_wconf 91' lang='grc' dir='ltr'><strong>ο</strong></span> <span class='ocrx_word' id='word_1_554' title='bbox 594 2225 694 2262; x_wconf 91' lang='lat' dir='ltr'><strong>homo,</strong></span> <span class='ocrx_word' id='word_1_555' title='bbox 723 2225 836 2266; x_wconf 80' lang='lat' dir='ltr'><strong>absque</strong></span> <span class='ocrx_word' id='word_1_556' title='bbox 858 2225 1005 2266; x_wconf 83' lang='lat' dir='ltr'><strong>hypostasi</strong></span> 
     </span>
    </p>
   </div>
   <div class='ocr_carea' id='block_1_82' title="bbox 179 2269 1004 2310">
    <p class='ocr_par' dir='ltr' id='par_1_82' title="bbox 179 2269 1004 2310">
     <span class='ocr_line' id='line_1_82' title="bbox 179 2269 1004 2310; baseline -0.001 -9"><span class='ocrx_word' id='word_1_557' title='bbox 179 2273 235 2306; x_wconf 82' lang='lat' dir='ltr'><strong>est,</strong></span> <span class='ocrx_word' id='word_1_558' title='bbox 252 2269 369 2310; x_wconf 88' lang='lat' dir='ltr'><strong>quando</strong></span> <span class='ocrx_word' id='word_1_559' title='bbox 394 2270 460 2310; x_wconf 89' lang='lat' dir='ltr'><strong>quis</strong></span> <span class='ocrx_word' id='word_1_560' title='bbox 489 2269 633 2310; x_wconf 60' lang='lat' dir='ltr'><strong>praedicet</strong></span> <span class='ocrx_word' id='word_1_561' title='bbox 656 2279 691 2301; x_wconf 80' lang='lat' dir='ltr'><strong>ex</strong></span> <span class='ocrx_word' id='word_1_562' title='bbox 712 2269 840 2302; x_wconf 90' lang='lat' dir='ltr'><strong>essentia</strong></span> <span class='ocrx_word' id='word_1_563' title='bbox 856 2274 885 2301; x_wconf 89' lang='lat' dir='ltr'><strong>et</strong></span> <span class='ocrx_word' id='word_1_564' title='bbox 900 2274 1004 2300; x_wconf 84' lang='lat' dir='ltr'><strong>natura</strong></span> 
     </span>
    </p>
   </div>
   <div class='ocr_carea' id='block_1_83' title="bbox 178 2313 1004 2354">
    <p class='ocr_par' dir='ltr' id='par_1_83' title="bbox 178 2313 1004 2354">
     <span class='ocr_line' id='line_1_83' title="bbox 178 2313 1004 2354; baseline 0 -10"><span class='ocrx_word' id='word_1_565' title='bbox 178 2313 272 2345; x_wconf 82' lang='lat' dir='ltr'><strong>Patris</strong></span> <span class='ocrx_word' id='word_1_566' title='bbox 301 2313 407 2345; x_wconf 84' lang='lat' dir='ltr'><strong>Filium</strong></span> <span class='ocrx_word' id='word_1_567' title='bbox 436 2318 524 2354; x_wconf 86' lang='lat' dir='ltr'><strong>atque</strong></span> <span class='ocrx_word' id='word_1_568' title='bbox 552 2313 708 2354; x_wconf 87' lang='lat' dir='ltr'><strong>Spiritum;</strong></span> <span class='ocrx_word' id='word_1_569' title='bbox 725 2324 822 2354; x_wconf 88' lang='lat' dir='ltr'><strong>neque</strong></span> <span class='ocrx_word' id='word_1_570' title='bbox 839 2314 1004 2354; x_wconf 73' lang='lat' dir='ltr'><strong>hypostasis</strong></span> 
     </span>
    </p>
   </div>
   <div class='ocr_carea' id='block_1_84' title="bbox 178 2357 1004 2401">
    <p class='ocr_par' dir='ltr' id='par_1_84' title="bbox 178 2357 1004 2401">
     <span class='ocr_line' id='line_1_84' title="bbox 178 2357 1004 2401; baseline 0 -12"><span class='ocrx_word' id='word_1_571' title='bbox 178 2358 290 2398; x_wconf 75' lang='lat' dir='ltr'><strong>absque</strong></span> <span class='ocrx_word' id='word_1_572' title='bbox 304 2358 444 2396; x_wconf 85' lang='lat' dir='ltr'><strong>essentia,</strong></span> <span class='ocrx_word' id='word_1_573' title='bbox 462 2359 582 2399; x_wconf 91' lang='lat' dir='ltr'><strong>quando</strong></span> <span class='ocrx_word' id='word_1_574' title='bbox 598 2359 665 2401; x_wconf 92' lang='lat' dir='ltr'><strong>quis</strong></span> <span class='ocrx_word' id='word_1_575' title='bbox 689 2368 723 2390; x_wconf 86' lang='lat' dir='ltr'><strong>ex</strong></span> <span class='ocrx_word' id='word_1_576' title='bbox 745 2359 896 2400; x_wconf 80' lang='lat' dir='ltr'><strong>liypostasi</strong></span> <span class='ocrx_word' id='word_1_577' title='bbox 911 2357 1004 2389; x_wconf 85' lang='lat' dir='ltr'><strong>Patris</strong></span> 
     </span>
    </p>
   </div>
   <div class='ocr_carea' id='block_1_85' title="bbox 179 2402 1002 2444">
    <p class='ocr_par' dir='ltr' id='par_1_85' title="bbox 179 2402 1002 2444">
     <span class='ocr_line' id='line_1_85' title="bbox 179 2402 1002 2444; baseline -0.001 -11"><span class='ocrx_word' id='word_1_578' title='bbox 179 2402 317 2443; x_wconf 84' lang='lat' dir='ltr'><strong>progredi</strong></span> <span class='ocrx_word' id='word_1_579' title='bbox 333 2403 413 2434; x_wconf 87' lang='lat' dir='ltr'><strong>dicat</strong></span> <span class='ocrx_word' id='word_1_580' title='bbox 426 2412 493 2443; x_wconf 80' lang='lat' dir='ltr'><strong>quae</strong></span> <span class='ocrx_word' id='word_1_581' title='bbox 506 2408 576 2435; x_wconf 90' lang='lat' dir='ltr'><strong>sunt</strong></span> <span class='ocrx_word' id='word_1_582' title='bbox 592 2414 626 2434; x_wconf 82' lang='lat' dir='ltr'><strong>cx</strong></span> <span class='ocrx_word' id='word_1_583' title='bbox 641 2403 716 2444; x_wconf 89' lang='lat' dir='ltr'><strong>ipsa.</strong></span> <span class='ocrx_word' id='word_1_584' title='bbox 734 2403 778 2435; x_wconf 92' lang='lat' dir='ltr'><strong>Tu</strong></span> <span class='ocrx_word' id='word_1_585' title='bbox 792 2407 892 2434; x_wconf 91' lang='lat' dir='ltr'><strong>autem</strong></span> <span class='ocrx_word' id='word_1_586' title='bbox 908 2402 1002 2443; x_wconf 72' lang='lat' dir='ltr'><strong>proti-</strong></span> 
     </span>
    </p>
   </div>
   <div class='ocr_carea' id='block_1_86' title="bbox 178 2447 1002 2484">
    <p class='ocr_par' dir='ltr' id='par_1_86' title="bbox 178 2447 1002 2484">
     <span class='ocr_line' id='line_1_86' title="bbox 178 2447 1002 2484; baseline 0 -7"><span class='ocrx_word' id='word_1_587' title='bbox 178 2456 246 2484; x_wconf 84' lang='lat' dir='ltr'><strong>nus,</strong></span> <span class='ocrx_word' id='word_1_588' title='bbox 263 2447 288 2478; x_wconf 92' lang='lat' dir='ltr'><strong>si</strong></span> <span class='ocrx_word' id='word_1_589' title='bbox 302 2447 386 2478; x_wconf 91' lang='lat' dir='ltr'><strong>audis</strong></span> <span class='ocrx_word' id='word_1_590' title='bbox 403 2447 510 2479; x_wconf 88' lang='lat' dir='ltr'><strong>Filium</strong></span> <span class='ocrx_word' id='word_1_591' title='bbox 525 2457 561 2479; x_wconf 81' lang='lat' dir='ltr'><strong>ex</strong></span> <span class='ocrx_word' id='word_1_592' title='bbox 577 2449 662 2480; x_wconf 89' lang='lat' dir='ltr'><strong>Patre</strong></span> <span class='ocrx_word' id='word_1_593' title='bbox 678 2449 770 2479; x_wconf 91' lang='lat' dir='ltr'><strong>Deum</strong></span> <span class='ocrx_word' id='word_1_594' title='bbox 787 2457 822 2479; x_wconf 82' lang='lat' dir='ltr'><strong>ex</strong></span> <span class='ocrx_word' id='word_1_595' title='bbox 849 2449 908 2480; x_wconf 90' lang='lat' dir='ltr'><strong>Deo</strong></span> <span class='ocrx_word' id='word_1_596' title='bbox 925 2456 1002 2484; x_wconf 89' lang='lat' dir='ltr'><strong>esse,</strong></span> 
     </span>
    </p>
   </div>
   <div class='ocr_carea' id='block_1_87' title="bbox 180 2491 1003 2524">
    <p class='ocr_par' dir='ltr' id='par_1_87' title="bbox 180 2491 1003 2524">
     <span class='ocr_line' id='line_1_87' title="bbox 180 2491 1003 2524; baseline -0.001 -2"><span class='ocrx_word' id='word_1_597' title='bbox 180 2501 239 2522; x_wconf 90' lang='lat' dir='ltr'><strong>non</strong></span> <span class='ocrx_word' id='word_1_598' title='bbox 255 2500 291 2523; x_wconf 82' lang='lat' dir='ltr'><strong>ex</strong></span> <span class='ocrx_word' id='word_1_599' title='bbox 306 2492 436 2524; x_wconf 86' lang='lat' dir='ltr'><strong>essentia</strong></span> <span class='ocrx_word' id='word_1_600' title='bbox 449 2501 483 2523; x_wconf 90' lang='lat' dir='ltr'><strong>ac</strong></span> <span class='ocrx_word' id='word_1_601' title='bbox 499 2492 610 2524; x_wconf 89' lang='lat' dir='ltr'><strong>deitate</strong></span> <span class='ocrx_word' id='word_1_602' title='bbox 640 2493 735 2524; x_wconf 88' lang='lat' dir='ltr'><strong>Patris</strong></span> <span class='ocrx_word' id='word_1_603' title='bbox 761 2492 828 2524; x_wconf 80' lang='lat' dir='ltr'><strong>Filii</strong></span> <span class='ocrx_word' id='word_1_604' title='bbox 845 2491 1003 2523; x_wconf 89' lang='lat' dir='ltr'><strong>essentiam</strong></span> 
     </span>
    </p>
   </div>
   <div class='ocr_carea' id='block_1_88' title="bbox 180 2536 1004 2578">
    <p class='ocr_par' dir='ltr' id='par_1_88' title="bbox 180 2536 1004 2578">
     <span class='ocr_line' id='line_1_88' title="bbox 180 2536 1004 2578; baseline -0.001 -11"><span class='ocrx_word' id='word_1_605' title='bbox 180 2536 382 2577; x_wconf 88' lang='lat' dir='ltr'><strong>deitatemque</strong></span> <span class='ocrx_word' id='word_1_606' title='bbox 398 2537 534 2578; x_wconf 78' lang='lat' dir='ltr'><strong>dices,ne</strong></span> <span class='ocrx_word' id='word_1_607' title='bbox 547 2542 704 2578; x_wconf 87' lang='lat' dir='ltr'><strong>propterea</strong></span> <span class='ocrx_word' id='word_1_608' title='bbox 715 2537 792 2578; x_wconf 89' lang='lat' dir='ltr'><strong>quod</strong></span> <span class='ocrx_word' id='word_1_609' title='bbox 809 2537 942 2578; x_wconf 87' lang='lat' dir='ltr'><strong>ejusdem</strong></span> <span class='ocrx_word' id='word_1_610' title='bbox 956 2544 1004 2567; x_wconf 91' lang='lat' dir='ltr'><strong>na-</strong></span> 
     </span>
    </p>
   </div>
   <div class='ocr_carea' id='block_1_89' title="bbox 179 2581 1004 2623">
    <p class='ocr_par' dir='ltr' id='par_1_89' title="bbox 179 2581 1004 2623">
     <span class='ocr_line' id='line_1_89' title="bbox 179 2581 1004 2623; baseline -0.001 -11"><span class='ocrx_word' id='word_1_611' title='bbox 179 2585 253 2612; x_wconf 81' lang='lat' dir='ltr'><strong>turxe</strong></span> <span class='ocrx_word' id='word_1_612' title='bbox 268 2585 425 2613; x_wconf 86' lang='lat' dir='ltr'><strong>estsancta</strong></span> <span class='ocrx_word' id='word_1_613' title='bbox 438 2581 568 2613; x_wconf 88' lang='lat' dir='ltr'><strong>Trinitas</strong></span> <span class='ocrx_word' id='word_1_614' title='bbox 582 2582 724 2623; x_wconf 69' lang='lat' dir='ltr'><strong>praedicta</strong></span> <span class='ocrx_word' id='word_1_615' title='bbox 740 2592 757 2613; x_wconf 91' lang='lat' dir='ltr'><strong>a</strong></span> <span class='ocrx_word' id='word_1_616' title='bbox 773 2587 800 2613; x_wconf 87' lang='lat' dir='ltr'><strong>te</strong></span> <span class='ocrx_word' id='word_1_617' title='bbox 816 2590 1004 2622; x_wconf 89' lang='lat' dir='ltr'><strong>consequan-</strong></span> 
     </span>
    </p>
   </div>
   <div class='ocr_carea' id='block_1_90' title="bbox 180 2626 1006 2668">
    <p class='ocr_par' dir='ltr' id='par_1_90' title="bbox 180 2626 1006 2668">
     <span class='ocr_line' id='line_1_90' title="bbox 180 2626 1006 2668; baseline -0.002 -11"><span class='ocrx_word' id='word_1_618' title='bbox 180 2631 229 2658; x_wconf 91' lang='lat' dir='ltr'><strong>tur</strong></span> <span class='ocrx_word' id='word_1_619' title='bbox 246 2626 504 2658; x_wconf 86' lang='lat' dir='ltr'><strong>absurda.Etenim</strong></span> <span class='ocrx_word' id='word_1_620' title='bbox 514 2636 580 2658; x_wconf 90' lang='lat' dir='ltr'><strong>cum</strong></span> <span class='ocrx_word' id='word_1_621' title='bbox 592 2627 685 2659; x_wconf 88' lang='lat' dir='ltr'><strong>Filius</strong></span> <span class='ocrx_word' id='word_1_622' title='bbox 696 2628 746 2668; x_wconf 91' lang='lat' dir='ltr'><strong>qui</strong></span> <span class='ocrx_word' id='word_1_623' title='bbox 759 2627 951 2668; x_wconf 88' lang='lat' dir='ltr'><strong>principiatus</strong></span> <span class='ocrx_word' id='word_1_624' title='bbox 960 2629 1006 2656; x_wconf 81' lang='lat' dir='ltr'><strong>est</strong></span> 
     </span>
    </p>
   </div>
   <div class='ocr_carea' id='block_1_91' title="bbox 180 2670 1004 2712">
    <p class='ocr_par' dir='ltr' id='par_1_91' title="bbox 180 2670 1004 2712">
     <span class='ocr_line' id='line_1_91' title="bbox 180 2670 1004 2712; baseline -0.002 -10"><span class='ocrx_word' id='word_1_625' title='bbox 180 2680 215 2702; x_wconf 80' lang='lat' dir='ltr'><strong>ex</strong></span> <span class='ocrx_word' id='word_1_626' title='bbox 231 2670 379 2712; x_wconf 89' lang='lat' dir='ltr'><strong>principio</strong></span> <span class='ocrx_word' id='word_1_627' title='bbox 395 2671 484 2703; x_wconf 88' lang='lat' dir='ltr'><strong>Patre</strong></span> <span class='ocrx_word' id='word_1_628' title='bbox 496 2671 577 2703; x_wconf 82' lang='lat' dir='ltr'><strong>Deus</strong></span> <span class='ocrx_word' id='word_1_629' title='bbox 592 2681 627 2703; x_wconf 79' lang='lat' dir='ltr'><strong>ex</strong></span> <span class='ocrx_word' id='word_1_630' title='bbox 641 2672 703 2704; x_wconf 90' lang='lat' dir='ltr'><strong>Deo</strong></span> <span class='ocrx_word' id='word_1_631' title='bbox 720 2673 797 2709; x_wconf 89' lang='lat' dir='ltr'><strong>sit,si</strong></span> <span class='ocrx_word' id='word_1_632' title='bbox 811 2671 926 2703; x_wconf 88' lang='lat' dir='ltr'><strong>ratione</strong></span> <span class='ocrx_word' id='word_1_633' title='bbox 938 2678 1004 2711; x_wconf 89' lang='lat' dir='ltr'><strong>per-</strong></span> 
     </span>
    </p>
   </div>
   <div class='ocr_carea' id='block_1_92' title="bbox 180 2713 1004 2756">
    <p class='ocr_par' dir='ltr' id='par_1_92' title="bbox 180 2713 1004 2756">
     <span class='ocr_line' id='line_1_92' title="bbox 180 2713 1004 2756; baseline -0.004 -9"><span class='ocrx_word' id='word_1_634' title='bbox 180 2725 261 2747; x_wconf 76' lang='lat' dir='ltr'><strong>sonae</strong></span> <span class='ocrx_word' id='word_1_635' title='bbox 275 2714 457 2756; x_wconf 87' lang='lat' dir='ltr'><strong>principium</strong></span> <span class='ocrx_word' id='word_1_636' title='bbox 481 2725 533 2747; x_wconf 91' lang='lat' dir='ltr'><strong>seu</strong></span> <span class='ocrx_word' id='word_1_637' title='bbox 558 2725 646 2748; x_wconf 83' lang='lat' dir='ltr'><strong>causa</strong></span> <span class='ocrx_word' id='word_1_638' title='bbox 673 2721 716 2747; x_wconf 88' lang='lat' dir='ltr'><strong>est</strong></span> <span class='ocrx_word' id='word_1_639' title='bbox 745 2718 840 2754; x_wconf 84' lang='lat' dir='ltr'><strong>Pater,</strong></span> <span class='ocrx_word' id='word_1_640' title='bbox 858 2714 942 2756; x_wconf 89' lang='lat' dir='ltr'><strong>quasi</strong></span> <span class='ocrx_word' id='word_1_641' title='bbox 967 2713 1004 2745; x_wconf 87' lang='lat' dir='ltr'><strong>ab</strong></span> 
     </span>
    </p>
   </div>
   <div class='ocr_carea' id='block_1_93' title="bbox 1008 1459 1027 1480">
    <p class='ocr_par' dir='ltr' id='par_1_93' title="bbox 1008 1459 1027 1480">
     <span class='ocr_line' id='line_1_93' title="bbox 1008 1459 1027 1480; baseline 0 0"><span class='ocrx_word' id='word_1_642' title='bbox 1008 1459 1027 1480; x_wconf 69' lang='grc' dir='ltr'><strong>(ἶ</strong></span> 
     </span>
    </p>
   </div>
   <div class='ocr_carea' id='block_1_94' title="bbox 1023 1462 1866 1505">
    <p class='ocr_par' dir='ltr' id='par_1_94' title="bbox 1023 1462 1866 1505">
     <span class='ocr_line' id='line_1_94' title="bbox 1023 1462 1866 1505; baseline -0.004 -12"><span class='ocrx_word' id='word_1_643' title='bbox 1023 1462 1124 1498; x_wconf 68' lang='grc' dir='ltr'><strong>ίαῦτῆς</strong></span> <span class='ocrx_word' id='word_1_644' title='bbox 1160 1465 1262 1505; x_wconf 76' lang='grc' dir='ltr'>φύσεως</span> <span class='ocrx_word' id='word_1_645' title='bbox 1291 1464 1362 1493; x_wconf 76' lang='grc' dir='ltr'>εἶναι</span> <span class='ocrx_word' id='word_1_646' title='bbox 1391 1475 1440 1497; x_wconf 85' lang='grc' dir='ltr'><strong>την</strong></span> <span class='ocrx_word' id='word_1_647' title='bbox 1469 1462 1564 1503; x_wconf 80' lang='grc' dir='ltr'>Τριάδα</span> <span class='ocrx_word' id='word_1_648' title='bbox 1593 1463 1744 1502; x_wconf 74' lang='grc' dir='ltr'>κριθήσεται</span> <span class='ocrx_word' id='word_1_649' title='bbox 1788 1463 1866 1493; x_wconf 66' lang='grc' dir='ltr'>οὗτος</span> 
     </span>
    </p>
   </div>
   <div class='ocr_carea' id='block_1_95' title="bbox 1044 1507 1866 1548">
    <p class='ocr_par' dir='ltr' id='par_1_95' title="bbox 1044 1507 1866 1548">
     <span class='ocr_line' id='line_1_95' title="bbox 1044 1507 1866 1548; baseline -0.004 -11"><span class='ocrx_word' id='word_1_650' title='bbox 1044 1510 1083 1548; x_wconf 83' lang='grc' dir='ltr'>μὴ</span> <span class='ocrx_word' id='word_1_651' title='bbox 1099 1509 1178 1547; x_wconf 81' lang='grc' dir='ltr'>μόνον</span> <span class='ocrx_word' id='word_1_652' title='bbox 1207 1509 1243 1540; x_wconf 82' lang='grc' dir='ltr'>εἷς</span> <span class='ocrx_word' id='word_1_653' title='bbox 1264 1507 1395 1548; x_wconf 73' lang='grc' dir='ltr'>προϐολὲα</span> <span class='ocrx_word' id='word_1_654' title='bbox 1415 1508 1462 1537; x_wconf 76' lang='grc' dir='ltr'><strong>τοῦ</strong></span> <span class='ocrx_word' id='word_1_655' title='bbox 1483 1508 1633 1545; x_wconf 83' lang='grc' dir='ltr'>Πνεύματος</span> <span class='ocrx_word' id='word_1_656' title='bbox 1655 1508 1700 1535; x_wconf 79' lang='grc' dir='ltr'>τὸν</span> <span class='ocrx_word' id='word_1_657' title='bbox 1729 1507 1788 1534; x_wconf 76' lang='grc' dir='ltr'><strong>Υἱὸν</strong></span> <span class='ocrx_word' id='word_1_658' title='bbox 1813 1517 1866 1544; x_wconf 85' lang='grc' dir='ltr'>με-</span> 
     </span>
    </p>
   </div>
   <div class='ocr_carea' id='block_1_96' title="bbox 1044 1552 1867 1590">
    <p class='ocr_par' dir='ltr' id='par_1_96' title="bbox 1044 1552 1867 1590">
     <span class='ocr_line' id='line_1_96' title="bbox 1044 1552 1867 1590; baseline -0.004 -8"><span class='ocrx_word' id='word_1_659' title='bbox 1044 1553 1196 1590; x_wconf 73' lang='grc' dir='ltr'>ταϐάλλειν,</span> <span class='ocrx_word' id='word_1_660' title='bbox 1212 1553 1280 1582; x_wconf 80' lang='grc' dir='ltr'><strong>ἆλλᾶ</strong></span> <span class='ocrx_word' id='word_1_661' title='bbox 1294 1554 1337 1582; x_wconf 86' lang='grc' dir='ltr'><strong>καὶ</strong></span> <span class='ocrx_word' id='word_1_662' title='bbox 1352 1554 1414 1581; x_wconf 77' lang='grc' dir='ltr'>αὐτὸ</span> <span class='ocrx_word' id='word_1_663' title='bbox 1443 1554 1474 1581; x_wconf 82' lang='grc' dir='ltr'>τὸ</span> <span class='ocrx_word' id='word_1_664' title='bbox 1489 1556 1592 1590; x_wconf 81' lang='grc' dir='ltr'>Πνεῦμα</span> <span class='ocrx_word' id='word_1_665' title='bbox 1607 1553 1643 1584; x_wconf 75' lang='grc' dir='ltr'><strong>εἰς</strong></span> <span class='ocrx_word' id='word_1_666' title='bbox 1672 1552 1721 1585; x_wconf 76' lang='grc' dir='ltr'>τὴν</span> <span class='ocrx_word' id='word_1_667' title='bbox 1743 1555 1789 1579; x_wconf 87' lang='grc' dir='ltr'><strong>τοῦ</strong></span> <span class='ocrx_word' id='word_1_668' title='bbox 1806 1553 1867 1580; x_wconf 79' lang='grc' dir='ltr'>ι’ἱοῦ</span> 
     </span>
    </p>
   </div>
   <div class='ocr_carea' id='block_1_97' title="bbox 1045 1596 1869 1637">
    <p class='ocr_par' dir='ltr' id='par_1_97' title="bbox 1045 1596 1869 1637">
     <span class='ocr_line' id='line_1_97' title="bbox 1045 1596 1869 1637; baseline -0.002 -12"><span class='ocrx_word' id='word_1_669' title='bbox 1045 1598 1166 1637; x_wconf 81' lang='grc' dir='ltr'>γέννησιν</span> <span class='ocrx_word' id='word_1_670' title='bbox 1195 1598 1239 1626; x_wconf 86' lang='grc' dir='ltr'><strong>καὶ</strong></span> <span class='ocrx_word' id='word_1_671' title='bbox 1266 1598 1315 1631; x_wconf 74' lang='grc' dir='ltr'><strong>τὴν</strong></span> <span class='ocrx_word' id='word_1_672' title='bbox 1343 1596 1406 1626; x_wconf 82' lang='grc' dir='ltr'>ἰδίαν</span> <span class='ocrx_word' id='word_1_673' title='bbox 1436 1596 1568 1636; x_wconf 78' lang='grc' dir='ltr'>προϐολὴν</span> <span class='ocrx_word' id='word_1_674' title='bbox 1610 1596 1792 1635; x_wconf 75' lang='grc' dir='ltr'>καταμερίςειν</span> <span class='ocrx_word' id='word_1_675' title='bbox 1822 1597 1869 1624; x_wconf 80' lang='grc' dir='ltr'><strong>καὶ</strong></span> 
     </span>
    </p>
   </div>
   <div class='ocr_carea' id='block_1_98' title="bbox 1044 1641 1869 1681">
    <p class='ocr_par' dir='ltr' id='par_1_98' title="bbox 1044 1641 1869 1681">
     <span class='ocr_line' id='line_1_98' title="bbox 1044 1641 1869 1681; baseline 0 -11"><span class='ocrx_word' id='word_1_676' title='bbox 1044 1641 1248 1680; x_wconf 71' lang='grc' dir='ltr'>τὲμνεινςὰλλ’</span> <span class='ocrx_word' id='word_1_677' title='bbox 1271 1643 1294 1670; x_wconf 81' lang='grc' dir='ltr'>οἰ</span> <span class='ocrx_word' id='word_1_678' title='bbox 1323 1641 1541 1681; x_wconf 32' lang='grc' dir='ltr'>Πατέρεςλὴμῶν</span> <span class='ocrx_word' id='word_1_679' title='bbox 1568 1643 1598 1669; x_wconf 70' lang='grc' dir='ltr'><strong>εκ</strong></span> <span class='ocrx_word' id='word_1_680' title='bbox 1626 1643 1674 1674; x_wconf 79' lang='grc' dir='ltr'>τῆς</span> <span class='ocrx_word' id='word_1_681' title='bbox 1705 1641 1792 1671; x_wconf 65' lang='grc' dir='ltr'>οόσίας</span> <span class='ocrx_word' id='word_1_682' title='bbox 1822 1646 1869 1670; x_wconf 78' lang='grc' dir='ltr'><strong>τοῦ</strong></span> 
     </span>
    </p>
   </div>
   <div class='ocr_carea' id='block_1_99' title="bbox 1045 1683 1867 1726">
    <p class='ocr_par' dir='ltr' id='par_1_99' title="bbox 1045 1683 1867 1726">
     <span class='ocr_line' id='line_1_99' title="bbox 1045 1683 1867 1726; baseline -0.004 -11"><span class='ocrx_word' id='word_1_683' title='bbox 1045 1688 1145 1726; x_wconf 74' lang='grc' dir='ltr'>Πατρος</span> <span class='ocrx_word' id='word_1_684' title='bbox 1183 1688 1319 1726; x_wconf 80' lang='grc' dir='ltr'>γεννᾶσθαι</span> <span class='ocrx_word' id='word_1_685' title='bbox 1347 1685 1552 1725; x_wconf 75' lang='grc' dir='ltr'>θεολογήσαντες</span> <span class='ocrx_word' id='word_1_686' title='bbox 1580 1685 1625 1713; x_wconf 61' lang='grc' dir='ltr'>τᾶν</span> <span class='ocrx_word' id='word_1_687' title='bbox 1648 1686 1719 1721; x_wconf 72' lang='grc' dir='ltr'><strong>Υἱὸν⁹</strong></span> <span class='ocrx_word' id='word_1_688' title='bbox 1741 1683 1867 1722; x_wconf 71' lang='grc' dir='ltr'>οὐδεμίαν</span> 
     </span>
    </p>
   </div>
   <div class='ocr_carea' id='block_1_100' title="bbox 1045 1729 1869 1771">
    <p class='ocr_par' dir='ltr' id='par_1_100' title="bbox 1045 1729 1869 1771">
     <span class='ocr_line' id='line_1_100' title="bbox 1045 1729 1869 1771; baseline -0.005 -11"><span class='ocrx_word' id='word_1_689' title='bbox 1045 1731 1126 1771; x_wconf 70' lang='grc' dir='ltr'>’ἔσχον</span> <span class='ocrx_word' id='word_1_690' title='bbox 1141 1730 1247 1768; x_wconf 67' lang='grc' dir='ltr'>δειλίαν,</span> <span class='ocrx_word' id='word_1_691' title='bbox 1264 1732 1369 1769; x_wconf 75' lang='grc' dir='ltr'>μήποτε</span> <span class='ocrx_word' id='word_1_692' title='bbox 1390 1730 1432 1758; x_wconf 76' lang='grc' dir='ltr'>διὰ.</span> <span class='ocrx_word' id='word_1_693' title='bbox 1452 1732 1482 1758; x_wconf 70' lang='grc' dir='ltr'><strong>τὸ</strong></span> <span class='ocrx_word' id='word_1_694' title='bbox 1511 1733 1559 1764; x_wconf 79' lang='grc' dir='ltr'>τῆς</span> <span class='ocrx_word' id='word_1_695' title='bbox 1583 1731 1664 1764; x_wconf 69' lang='grc' dir='ltr'>αὐτῆς</span> <span class='ocrx_word' id='word_1_696' title='bbox 1693 1729 1794 1769; x_wconf 72' lang='grc' dir='ltr'>φύσεως</span> <span class='ocrx_word' id='word_1_697' title='bbox 1817 1731 1869 1762; x_wconf 73' lang='grc' dir='ltr'>τὴν</span> 
     </span>
    </p>
   </div>
   <div class='ocr_carea' id='block_1_101' title="bbox 1045 1773 1869 1816">
    <p class='ocr_par' dir='ltr' id='par_1_101' title="bbox 1045 1773 1869 1816">
     <span class='ocr_line' id='line_1_101' title="bbox 1045 1773 1869 1816; baseline -0.002 -12"><span class='ocrx_word' id='word_1_698' title='bbox 1045 1777 1120 1816; x_wconf 83' lang='grc' dir='ltr'>ἁγίαν</span> <span class='ocrx_word' id='word_1_699' title='bbox 1149 1776 1220 1804; x_wconf 78' lang='grc' dir='ltr'>εἶναι</span> <span class='ocrx_word' id='word_1_700' title='bbox 1249 1775 1343 1815; x_wconf 82' lang='grc' dir='ltr'>Τρίάδα</span> <span class='ocrx_word' id='word_1_701' title='bbox 1385 1775 1504 1809; x_wconf 76' lang='grc' dir='ltr'>οἱήσαιτό</span> <span class='ocrx_word' id='word_1_702' title='bbox 1531 1786 1572 1807; x_wconf 88' lang='grc' dir='ltr'><strong>τις</strong></span> <span class='ocrx_word' id='word_1_703' title='bbox 1600 1776 1643 1802; x_wconf 80' lang='grc' dir='ltr'><strong>καὶ</strong></span> <span class='ocrx_word' id='word_1_704' title='bbox 1668 1774 1717 1807; x_wconf 69' lang='grc' dir='ltr'><strong>τὴν</strong></span> <span class='ocrx_word' id='word_1_705' title='bbox 1739 1773 1784 1802; x_wconf 72' lang='grc' dir='ltr'><strong>τοῦ</strong></span> <span class='ocrx_word' id='word_1_706' title='bbox 1807 1775 1869 1802; x_wconf 75' lang='grc' dir='ltr'>Υἱοῦ</span> 
     </span>
    </p>
   </div>
   <div class='ocr_carea' id='block_1_102' title="bbox 1044 1819 1868 1860">
    <p class='ocr_par' dir='ltr' id='par_1_102' title="bbox 1044 1819 1868 1860">
     <span class='ocr_line' id='line_1_102' title="bbox 1044 1819 1868 1860; baseline -0.002 -12"><span class='ocrx_word' id='word_1_707' title='bbox 1044 1821 1132 1849; x_wconf 77' lang='grc' dir='ltr'>οὗσὲαν</span> <span class='ocrx_word' id='word_1_708' title='bbox 1153 1821 1310 1860; x_wconf 82' lang='grc' dir='ltr'>γεννητικὴν</span> <span class='ocrx_word' id='word_1_709' title='bbox 1339 1820 1410 1848; x_wconf 75' lang='grc' dir='ltr'>εἶναι</span> <span class='ocrx_word' id='word_1_710' title='bbox 1430 1820 1497 1848; x_wconf 71' lang='grc' dir='ltr'>κατὰ</span> <span class='ocrx_word' id='word_1_711' title='bbox 1519 1819 1566 1853; x_wconf 71' lang='grc' dir='ltr'><strong>τὴν</strong></span> <span class='ocrx_word' id='word_1_712' title='bbox 1589 1822 1633 1847; x_wconf 79' lang='grc' dir='ltr'><strong>τοῦ</strong></span> <span class='ocrx_word' id='word_1_713' title='bbox 1658 1819 1760 1857; x_wconf 72' lang='grc' dir='ltr'>Πατρός</span> <span class='ocrx_word' id='word_1_714' title='bbox 1777 1829 1784 1836; x_wconf 87' lang='grc'><strong>·</strong></span> <span class='ocrx_word' id='word_1_715' title='bbox 1809 1822 1868 1850; x_wconf 86' lang='grc' dir='ltr'>πῶς</span> 
     </span>
    </p>
   </div>
   <div class='ocr_carea' id='block_1_103' title="bbox 1045 1863 1869 1904">
    <p class='ocr_par' dir='ltr' id='par_1_103' title="bbox 1045 1863 1869 1904">
     <span class='ocr_line' id='line_1_103' title="bbox 1045 1863 1869 1904; baseline -0.004 -11"><span class='ocrx_word' id='word_1_716' title='bbox 1045 1869 1106 1904; x_wconf 79' lang='grc' dir='ltr'>γοῦν</span> <span class='ocrx_word' id='word_1_717' title='bbox 1121 1865 1150 1893; x_wconf 76' lang='grc' dir='ltr'>οὗ</span> <span class='ocrx_word' id='word_1_718' title='bbox 1178 1863 1262 1896; x_wconf 74' lang='grc' dir='ltr'>δέδιας</span> <span class='ocrx_word' id='word_1_719' title='bbox 1290 1864 1320 1892; x_wconf 77' lang='grc' dir='ltr'>ὲκ</span> <span class='ocrx_word' id='word_1_720' title='bbox 1348 1867 1397 1898; x_wconf 83' lang='grc' dir='ltr'><strong>τῆς</strong></span> <span class='ocrx_word' id='word_1_721' title='bbox 1423 1865 1510 1896; x_wconf 73' lang='grc' dir='ltr'>οὖσίας</span> <span class='ocrx_word' id='word_1_722' title='bbox 1539 1867 1586 1892; x_wconf 82' lang='grc' dir='ltr'><strong>τοῦ</strong></span> <span class='ocrx_word' id='word_1_723' title='bbox 1614 1864 1715 1902; x_wconf 77' lang='grc' dir='ltr'>Πιτρὸς</span> <span class='ocrx_word' id='word_1_724' title='bbox 1732 1864 1776 1891; x_wconf 79' lang='grc' dir='ltr'><strong>τὸν</strong></span> <span class='ocrx_word' id='word_1_725' title='bbox 1808 1864 1869 1891; x_wconf 67' lang='grc' dir='ltr'><strong>Υἱὸν</strong></span> 
     </span>
    </p>
   </div>
   <div class='ocr_carea' id='block_1_104' title="bbox 1044 1908 1868 1949">
    <p class='ocr_par' dir='ltr' id='par_1_104' title="bbox 1044 1908 1868 1949">
     <span class='ocr_line' id='line_1_104' title="bbox 1044 1908 1868 1949; baseline -0.004 -11"><span class='ocrx_word' id='word_1_726' title='bbox 1044 1913 1096 1938; x_wconf 76' lang='grc' dir='ltr'>τῶι</span> <span class='ocrx_word' id='word_1_727' title='bbox 1135 1909 1257 1949; x_wconf 78' lang='grc' dir='ltr'>Πατέρων</span> <span class='ocrx_word' id='word_1_728' title='bbox 1285 1908 1478 1948; x_wconf 79' lang='grc' dir='ltr'>θεολογοῦντων</span> <span class='ocrx_word' id='word_1_729' title='bbox 1498 1909 1541 1937; x_wconf 85' lang='grc' dir='ltr'><strong>καὶ</strong></span> <span class='ocrx_word' id='word_1_730' title='bbox 1563 1910 1611 1939; x_wconf 74' lang='grc' dir='ltr'>τὴν</span> <span class='ocrx_word' id='word_1_731' title='bbox 1628 1908 1716 1936; x_wconf 70' lang='grc' dir='ltr'>οὗσίαν</span> <span class='ocrx_word' id='word_1_732' title='bbox 1738 1912 1782 1937; x_wconf 82' lang='grc' dir='ltr'><strong>τοῦ</strong></span> <span class='ocrx_word' id='word_1_733' title='bbox 1809 1910 1868 1936; x_wconf 92' lang='grc' dir='ltr'>Πα-</span> 
     </span>
    </p>
   </div>
   <div class='ocr_carea' id='block_1_105' title="bbox 1044 1953 1868 1994">
    <p class='ocr_par' dir='ltr' id='par_1_105' title="bbox 1044 1953 1868 1994">
     <span class='ocr_line' id='line_1_105' title="bbox 1044 1953 1868 1994; baseline -0.004 -12"><span class='ocrx_word' id='word_1_734' title='bbox 1044 1955 1104 1994; x_wconf 78' lang='grc' dir='ltr'>τρὸς</span> <span class='ocrx_word' id='word_1_735' title='bbox 1119 1954 1278 1994; x_wconf 73' lang='grc' dir='ltr'>γεννητικὴν</span> <span class='ocrx_word' id='word_1_736' title='bbox 1294 1953 1364 1982; x_wconf 76' lang='grc' dir='ltr'>εἶναι</span> <span class='ocrx_word' id='word_1_737' title='bbox 1385 1953 1528 1992; x_wconf 80' lang='grc' dir='ltr'>λεγόντων,</span> <span class='ocrx_word' id='word_1_738' title='bbox 1546 1953 1629 1985; x_wconf 65' lang='grc' dir='ltr'>οὕτως</span> <span class='ocrx_word' id='word_1_739' title='bbox 1644 1953 1674 1980; x_wconf 75' lang='grc' dir='ltr'>τὸ</span> <span class='ocrx_word' id='word_1_740' title='bbox 1704 1957 1750 1982; x_wconf 86' lang='grc' dir='ltr'><strong>τοῦ</strong></span> <span class='ocrx_word' id='word_1_741' title='bbox 1765 1953 1868 1992; x_wconf 77' lang='grc' dir='ltr'>Πατρὸς</span> 
     </span>
    </p>
   </div>
   <div class='ocr_carea' id='block_1_106' title="bbox 1045 1997 1868 2039">
    <p class='ocr_par' dir='ltr' id='par_1_106' title="bbox 1045 1997 1868 2039">
     <span class='ocr_line' id='line_1_106' title="bbox 1045 1997 1868 2039; baseline -0.004 -10"><span class='ocrx_word' id='word_1_742' title='bbox 1045 2000 1132 2029; x_wconf 79' lang='grc' dir='ltr'>αἴτιον</span> <span class='ocrx_word' id='word_1_743' title='bbox 1154 2001 1190 2032; x_wconf 87' lang='grc' dir='ltr'>εἰς</span> <span class='ocrx_word' id='word_1_744' title='bbox 1212 1999 1291 2039; x_wconf 87' lang='grc' dir='ltr'>λόγον</span> <span class='ocrx_word' id='word_1_745' title='bbox 1313 2000 1413 2039; x_wconf 76' lang='grc' dir='ltr'>φύσεως</span> <span class='ocrx_word' id='word_1_746' title='bbox 1435 1999 1481 2028; x_wconf 80' lang='grc' dir='ltr'><strong>καί</strong></span> <span class='ocrx_word' id='word_1_747' title='bbox 1504 1999 1583 2039; x_wconf 86' lang='grc' dir='ltr'>λόγον</span> <span class='ocrx_word' id='word_1_748' title='bbox 1591 1999 1765 2030; x_wconf 65' lang='grc' dir='ltr'>ὑποστάσεως</span> <span class='ocrx_word' id='word_1_749' title='bbox 1795 1997 1868 2026; x_wconf 80' lang='grc' dir='ltr'>διαι-</span> 
     </span>
    </p>
   </div>
   <div class='ocr_carea' id='block_1_107' title="bbox 1046 2043 1869 2084">
    <p class='ocr_par' dir='ltr' id='par_1_107' title="bbox 1046 2043 1869 2084">
     <span class='ocr_line' id='line_1_107' title="bbox 1046 2043 1869 2084; baseline -0.002 -11"><span class='ocrx_word' id='word_1_750' title='bbox 1046 2052 1113 2084; x_wconf 79' lang='grc' dir='ltr'>ρεῖν,</span> <span class='ocrx_word' id='word_1_751' title='bbox 1137 2046 1181 2073; x_wconf 81' lang='grc' dir='ltr'><strong>καὶ</strong></span> <span class='ocrx_word' id='word_1_752' title='bbox 1196 2045 1369 2084; x_wconf 78' lang='grc' dir='ltr'>ἀπαρνεῖσθαι</span> <span class='ocrx_word' id='word_1_753' title='bbox 1401 2043 1448 2082; x_wconf 83' lang='grc' dir='ltr'>μὲν</span> <span class='ocrx_word' id='word_1_754' title='bbox 1476 2043 1563 2072; x_wconf 79' lang='grc' dir='ltr'>αἴτιον</span> <span class='ocrx_word' id='word_1_755' title='bbox 1592 2044 1662 2072; x_wconf 75' lang='grc' dir='ltr'>εἶναι</span> <span class='ocrx_word' id='word_1_756' title='bbox 1690 2043 1735 2071; x_wconf 72' lang='grc' dir='ltr'><strong>τον</strong></span> <span class='ocrx_word' id='word_1_757' title='bbox 1763 2043 1869 2082; x_wconf 64' lang='grc' dir='ltr'>Πατέρα</span> 
     </span>
    </p>
   </div>
   <div class='ocr_carea' id='block_1_108' title="bbox 1045 2086 1871 2129">
    <p class='ocr_par' dir='ltr' id='par_1_108' title="bbox 1045 2086 1871 2129">
     <span class='ocr_line' id='line_1_108' title="bbox 1045 2086 1871 2129; baseline -0.004 -12"><span class='ocrx_word' id='word_1_758' title='bbox 1045 2093 1084 2125; x_wconf 87' lang='grc' dir='ltr'>τῷ</span> <span class='ocrx_word' id='word_1_759' title='bbox 1104 2089 1177 2129; x_wconf 85' lang='grc' dir='ltr'>λόγῳ</span> <span class='ocrx_word' id='word_1_760' title='bbox 1191 2091 1240 2123; x_wconf 78' lang='grc' dir='ltr'>τῆς</span> <span class='ocrx_word' id='word_1_761' title='bbox 1265 2089 1379 2128; x_wconf 71' lang='grc' dir='ltr'>φῦσεως,</span> <span class='ocrx_word' id='word_1_762' title='bbox 1409 2088 1574 2128; x_wconf 79' lang='grc' dir='ltr'>δογματίζειν</span> <span class='ocrx_word' id='word_1_763' title='bbox 1602 2087 1629 2116; x_wconf 71' lang='grc' dir='ltr'>δὲ</span> <span class='ocrx_word' id='word_1_764' title='bbox 1656 2087 1728 2124; x_wconf 75' lang='grc' dir='ltr'>μόνῳ</span> <span class='ocrx_word' id='word_1_765' title='bbox 1742 2086 1871 2126; x_wconf 76' lang='grc' dir='ltr'>τῷλόγῳ</span> 
     </span>
    </p>
   </div>
   <div class='ocr_carea' id='block_1_109' title="bbox 1046 2132 1869 2173">
    <p class='ocr_par' dir='ltr' id='par_1_109' title="bbox 1046 2132 1869 2173">
     <span class='ocr_line' id='line_1_109' title="bbox 1046 2132 1869 2173; baseline -0.004 -11"><span class='ocrx_word' id='word_1_766' title='bbox 1046 2134 1095 2168; x_wconf 74' lang='grc' dir='ltr'><strong>τῆς</strong></span> <span class='ocrx_word' id='word_1_767' title='bbox 1117 2133 1288 2165; x_wconf 60' lang='grc' dir='ltr'>ὑποστάσεως</span> <span class='ocrx_word' id='word_1_768' title='bbox 1316 2134 1403 2162; x_wconf 75' lang='grc' dir='ltr'>αἴτιον</span> <span class='ocrx_word' id='word_1_769' title='bbox 1421 2134 1505 2173; x_wconf 81' lang='grc' dir='ltr'>εἶναι,</span> <span class='ocrx_word' id='word_1_770' title='bbox 1530 2133 1619 2172; x_wconf 82' lang='grc' dir='ltr'>ὥσπερ</span> <span class='ocrx_word' id='word_1_771' title='bbox 1647 2132 1677 2160; x_wconf 75' lang='grc' dir='ltr'><strong>ἂν</strong></span> <span class='ocrx_word' id='word_1_772' title='bbox 1694 2132 1725 2166; x_wconf 77' lang='grc' dir='ltr'>ἢν</span> <span class='ocrx_word' id='word_1_773' title='bbox 1747 2132 1869 2160; x_wconf 73' lang='grc' dir='ltr'>ἅνούσιον</span> 
     </span>
    </p>
   </div>
   <div class='ocr_carea' id='block_1_110' title="bbox 1045 2177 1867 2218">
    <p class='ocr_par' dir='ltr' id='par_1_110' title="bbox 1045 2177 1867 2218">
     <span class='ocr_line' id='line_1_110' title="bbox 1045 2177 1867 2218; baseline -0.002 -11"><span class='ocrx_word' id='word_1_774' title='bbox 1045 2180 1095 2213; x_wconf 82' lang='grc' dir='ltr'><strong>τὴν</strong></span> <span class='ocrx_word' id='word_1_775' title='bbox 1130 2183 1177 2208; x_wconf 86' lang='grc' dir='ltr'><strong>τοῦ</strong></span> <span class='ocrx_word' id='word_1_776' title='bbox 1205 2180 1306 2218; x_wconf 82' lang='grc' dir='ltr'>Πᾶτρὸς</span> <span class='ocrx_word' id='word_1_777' title='bbox 1327 2179 1469 2207; x_wconf 79' lang='grc' dir='ltr'>ὑπόστασιν</span> <span class='ocrx_word' id='word_1_778' title='bbox 1494 2178 1616 2218; x_wconf 81' lang='grc' dir='ltr'>προϊέναι</span> <span class='ocrx_word' id='word_1_779' title='bbox 1644 2178 1677 2206; x_wconf 73' lang='grc' dir='ltr'><strong>τὰ</strong></span> <span class='ocrx_word' id='word_1_780' title='bbox 1706 2177 1731 2210; x_wconf 77' lang='grc' dir='ltr'><strong>ἐξ</strong></span> <span class='ocrx_word' id='word_1_781' title='bbox 1760 2177 1867 2210; x_wconf 65' lang='grc' dir='ltr'>αὑτῆς·</span> 
     </span>
    </p>
   </div>
   <div class='ocr_carea' id='block_1_111' title="bbox 1046 2221 1869 2263">
    <p class='ocr_par' dir='ltr' id='par_1_111' title="bbox 1046 2221 1869 2263">
     <span class='ocr_line' id='line_1_111' title="bbox 1046 2221 1869 2263; baseline -0.004 -11"><span class='ocrx_word' id='word_1_782' title='bbox 1046 2223 1163 2263; x_wconf 77' lang='grc' dir='ltr'>ἄνθρωπε</span> <span class='ocrx_word' id='word_1_783' title='bbox 1180 2223 1233 2252; x_wconf 68' lang='grc' dir='ltr'>οὗθ’</span> <span class='ocrx_word' id='word_1_784' title='bbox 1255 2224 1272 2257; x_wconf 83' lang='grc' dir='ltr'>ἡ</span> <span class='ocrx_word' id='word_1_785' title='bbox 1295 2223 1369 2263; x_wconf 78' lang='grc' dir='ltr'>φύσις</span> <span class='ocrx_word' id='word_1_786' title='bbox 1397 2227 1443 2252; x_wconf 79' lang='lat'><strong>106</strong></span> <span class='ocrx_word' id='word_1_787' title='bbox 1471 2224 1569 2262; x_wconf 73' lang='grc' dir='ltr'>Πατρὸς</span> <span class='ocrx_word' id='word_1_788' title='bbox 1591 2221 1769 2254; x_wconf 66' lang='grc' dir='ltr'>ἀνυπόστατός</span> <span class='ocrx_word' id='word_1_789' title='bbox 1785 2221 1869 2262; x_wconf 66' lang='grc' dir='ltr'><strong>ἔστιν⁹</strong></span> 
     </span>
    </p>
   </div>
   <div class='ocr_carea' id='block_1_112' title="bbox 1047 2268 1870 2308">
    <p class='ocr_par' dir='ltr' id='par_1_112' title="bbox 1047 2268 1870 2308">
     <span class='ocr_line' id='line_1_112' title="bbox 1047 2268 1870 2308; baseline -0.002 -12"><span class='ocrx_word' id='word_1_790' title='bbox 1047 2268 1109 2296; x_wconf 83' lang='grc' dir='ltr'>ὅταν</span> <span class='ocrx_word' id='word_1_791' title='bbox 1125 2278 1165 2299; x_wconf 84' lang='grc' dir='ltr'><strong>τις</strong></span> <span class='ocrx_word' id='word_1_792' title='bbox 1177 2268 1208 2296; x_wconf 82' lang='grc' dir='ltr'>ὲκ</span> <span class='ocrx_word' id='word_1_793' title='bbox 1221 2270 1270 2301; x_wconf 82' lang='grc' dir='ltr'>τῆς</span> <span class='ocrx_word' id='word_1_794' title='bbox 1300 2268 1387 2301; x_wconf 65' lang='grc' dir='ltr'>οὖιιίας</span> <span class='ocrx_word' id='word_1_795' title='bbox 1414 2269 1458 2296; x_wconf 77' lang='grc' dir='ltr'><strong>καὶ</strong></span> <span class='ocrx_word' id='word_1_796' title='bbox 1486 2268 1587 2308; x_wconf 72' lang='grc' dir='ltr'><strong>φύσεως</strong></span> <span class='ocrx_word' id='word_1_797' title='bbox 1616 2271 1662 2296; x_wconf 84' lang='grc' dir='ltr'><strong>τοῦ</strong></span> <span class='ocrx_word' id='word_1_798' title='bbox 1689 2268 1789 2306; x_wconf 80' lang='grc' dir='ltr'>Πατρὸς</span> <span class='ocrx_word' id='word_1_799' title='bbox 1825 2278 1870 2295; x_wconf 72' lang='lat' dir='ltr'><strong>12w</strong></span> 
     </span>
    </p>
   </div>
   <div class='ocr_carea' id='block_1_113' title="bbox 1046 2311 1870 2351">
    <p class='ocr_par' dir='ltr' id='par_1_113' title="bbox 1046 2311 1870 2351">
     <span class='ocr_line' id='line_1_113' title="bbox 1046 2311 1856 2340; baseline 0 0"><span class='ocrx_word' id='word_1_800' title='bbox 1046 2313 1162 2340; x_wconf 69' lang='lat' dir='ltr'><strong>t‘lbvxa‘</strong></span> <span class='ocrx_word' id='word_1_801' title='bbox 1203 2313 1298 2340; x_wconf 73' lang='lat' dir='ltr'><strong>‘II&#39;</strong></span> <span class='ocrx_word' id='word_1_802' title='bbox 1358 2311 1466 2340; x_wconf 81' lang='grc' dir='ltr'>θλ”</span> <span class='ocrx_word' id='word_1_803' title='bbox 1527 2311 1675 2340; x_wconf 52' lang='grc' dir='ltr'><strong>θθη¹¹</strong></span> <span class='ocrx_word' id='word_1_804' title='bbox 1756 2312 1856 2331; x_wconf 51' lang='grc'><strong>””·”</strong></span> 
     </span>
     <span class='ocr_line' id='line_1_114' title="bbox 1157 2322 1870 2351; baseline 0 -11"><span class='ocrx_word' id='word_1_805' title='bbox 1157 2324 1165 2340; x_wconf 93' lang='grc' dir='ltr'><strong>ι</strong></span> <span class='ocrx_word' id='word_1_806' title='bbox 1185 2323 1216 2341; x_wconf 85' lang='grc' dir='ltr'><strong>το</strong></span> <span class='ocrx_word' id='word_1_807' title='bbox 1257 2322 1338 2350; x_wconf 84' lang='grc' dir='ltr'>νευμα</span> <span class='ocrx_word' id='word_1_808' title='bbox 1374 2323 1400 2340; x_wconf 72' lang='lat' dir='ltr'><strong>eo</strong></span> <span class='ocrx_word' id='word_1_809' title='bbox 1419 2323 1481 2351; x_wconf 75' lang='grc' dir='ltr'>ογη,</span> <span class='ocrx_word' id='word_1_810' title='bbox 1512 2324 1541 2341; x_wconf 62' lang='grc' dir='ltr'>ολ</span> <span class='ocrx_word' id='word_1_811' title='bbox 1581 2325 1597 2346; x_wconf 90' lang='grc' dir='ltr'><strong>η</strong></span> <span class='ocrx_word' id='word_1_812' title='bbox 1625 2323 1767 2344; x_wconf 72' lang='grc' dir='ltr'>υποστασι,</span> <span class='ocrx_word' id='word_1_813' title='bbox 1795 2322 1870 2340; x_wconf 52' lang='lat' dir='ltr'><strong>a100-</strong></span> 
     </span>
    </p>
   </div>
   <div class='ocr_carea' id='block_1_114' title="bbox 1044 2356 1870 2395">
    <p class='ocr_par' dir='ltr' id='par_1_114' title="bbox 1044 2356 1870 2395">
     <span class='ocr_line' id='line_1_115' title="bbox 1044 2356 1870 2395; baseline -0.002 -10"><span class='ocrx_word' id='word_1_814' title='bbox 1044 2368 1116 2394; x_wconf 71' lang='lat' dir='ltr'><strong>aioc,</strong></span> <span class='ocrx_word' id='word_1_815' title='bbox 1132 2356 1194 2385; x_wconf 82' lang='grc' dir='ltr'>ὅταν</span> <span class='ocrx_word' id='word_1_816' title='bbox 1208 2367 1248 2388; x_wconf 85' lang='grc' dir='ltr'><strong>τις</strong></span> <span class='ocrx_word' id='word_1_817' title='bbox 1275 2357 1305 2385; x_wconf 77' lang='grc' dir='ltr'>ὲκ</span> <span class='ocrx_word' id='word_1_818' title='bbox 1326 2359 1375 2391; x_wconf 79' lang='grc' dir='ltr'>τῆς</span> <span class='ocrx_word' id='word_1_819' title='bbox 1404 2357 1574 2388; x_wconf 74' lang='grc' dir='ltr'>ὑποστάσεως</span> <span class='ocrx_word' id='word_1_820' title='bbox 1590 2360 1634 2385; x_wconf 89' lang='grc' dir='ltr'><strong>τοῦ</strong></span> <span class='ocrx_word' id='word_1_821' title='bbox 1649 2358 1749 2393; x_wconf 58' lang='lat' dir='ltr'><strong>[Ix-:90;</strong></span> <span class='ocrx_word' id='word_1_822' title='bbox 1772 2357 1870 2395; x_wconf 76' lang='grc' dir='ltr'>προέρ-</span> 
     </span>
    </p>
   </div>
   <div class='ocr_carea' id='block_1_115' title="bbox 1045 2400 1871 2441">
    <p class='ocr_par' dir='ltr' id='par_1_115' title="bbox 1045 2400 1871 2441">
     <span class='ocr_line' id='line_1_116' title="bbox 1045 2400 1871 2441; baseline -0.001 -12"><span class='ocrx_word' id='word_1_823' title='bbox 1045 2403 1138 2441; x_wconf 78' lang='grc' dir='ltr'>χεσθαι</span> <span class='ocrx_word' id='word_1_824' title='bbox 1160 2400 1226 2440; x_wconf 75' lang='grc' dir='ltr'>λέγῃ</span> <span class='ocrx_word' id='word_1_825' title='bbox 1240 2402 1273 2429; x_wconf 74' lang='grc' dir='ltr'><strong>τὰ</strong></span> <span class='ocrx_word' id='word_1_826' title='bbox 1293 2400 1320 2434; x_wconf 66' lang='grc' dir='ltr'><strong>ἑξ</strong></span> <span class='ocrx_word' id='word_1_827' title='bbox 1341 2403 1421 2434; x_wconf 78' lang='grc' dir='ltr'>αὒτῆς</span> <span class='ocrx_word' id='word_1_828' title='bbox 1439 2410 1445 2417; x_wconf 87' lang='grc'><strong>·</strong></span> <span class='ocrx_word' id='word_1_829' title='bbox 1476 2402 1507 2429; x_wconf 69' lang='grc' dir='ltr'>σὺ</span> <span class='ocrx_word' id='word_1_830' title='bbox 1535 2401 1562 2429; x_wconf 75' lang='grc' dir='ltr'>δὲ</span> <span class='ocrx_word' id='word_1_831' title='bbox 1591 2402 1664 2441; x_wconf 72' lang='grc' dir='ltr'>τάχα</span> <span class='ocrx_word' id='word_1_832' title='bbox 1692 2402 1735 2429; x_wconf 83' lang='grc' dir='ltr'><strong>καὶ</strong></span> <span class='ocrx_word' id='word_1_833' title='bbox 1749 2401 1794 2428; x_wconf 64' lang='grc' dir='ltr'><strong>τὸν</strong></span> <span class='ocrx_word' id='word_1_834' title='bbox 1812 2401 1871 2428; x_wconf 71' lang='grc' dir='ltr'>Υἶὸν</span> 
     </span>
    </p>
   </div>
   <div class='ocr_carea' id='block_1_116' title="bbox 1045 2446 1871 2485">
    <p class='ocr_par' dir='ltr' id='par_1_116' title="bbox 1045 2446 1871 2485">
     <span class='ocr_line' id='line_1_117' title="bbox 1045 2446 1871 2485; baseline -0.001 -11"><span class='ocrx_word' id='word_1_835' title='bbox 1045 2446 1075 2474; x_wconf 79' lang='grc' dir='ltr'>ἐκ</span> <span class='ocrx_word' id='word_1_836' title='bbox 1103 2447 1205 2485; x_wconf 70' lang='grc' dir='ltr'>Πατρὶς</span> <span class='ocrx_word' id='word_1_837' title='bbox 1228 2447 1293 2474; x_wconf 82' lang='grc' dir='ltr'>Θεὸν</span> <span class='ocrx_word' id='word_1_838' title='bbox 1321 2447 1352 2474; x_wconf 66' lang='lat' dir='ltr'><strong>bc</strong></span> <span class='ocrx_word' id='word_1_839' title='bbox 1375 2450 1440 2475; x_wconf 82' lang='grc' dir='ltr'>Θεοῦ</span> <span class='ocrx_word' id='word_1_840' title='bbox 1468 2447 1539 2474; x_wconf 75' lang='grc' dir='ltr'>εἶναι</span> <span class='ocrx_word' id='word_1_841' title='bbox 1560 2447 1663 2474; x_wconf 78' lang='grc' dir='ltr'>ἁκούων</span> <span class='ocrx_word' id='word_1_842' title='bbox 1684 2446 1731 2474; x_wconf 71' lang='grc' dir='ltr'><strong>οὒκ</strong></span> <span class='ocrx_word' id='word_1_843' title='bbox 1757 2446 1787 2473; x_wconf 66' lang='grc' dir='ltr'>ἂι</span> <span class='ocrx_word' id='word_1_844' title='bbox 1821 2446 1871 2479; x_wconf 73' lang='grc' dir='ltr'>τῆς</span> 
     </span>
    </p>
   </div>
   <div class='ocr_carea' id='block_1_117' title="bbox 1045 2491 1870 2531">
    <p class='ocr_par' dir='ltr' id='par_1_117' title="bbox 1045 2491 1870 2531">
     <span class='ocr_line' id='line_1_118' title="bbox 1045 2491 1870 2531; baseline -0.001 -12"><span class='ocrx_word' id='word_1_845' title='bbox 1045 2491 1132 2522; x_wconf 67' lang='grc' dir='ltr'>οὐσίας</span> <span class='ocrx_word' id='word_1_846' title='bbox 1148 2491 1191 2518; x_wconf 84' lang='grc' dir='ltr'><strong>καὶ</strong></span> <span class='ocrx_word' id='word_1_847' title='bbox 1214 2491 1339 2524; x_wconf 77' lang='grc' dir='ltr'>θεότητος</span> <span class='ocrx_word' id='word_1_848' title='bbox 1365 2494 1412 2519; x_wconf 79' lang='grc' dir='ltr'><strong>τοῦ</strong></span> <span class='ocrx_word' id='word_1_849' title='bbox 1427 2492 1528 2531; x_wconf 82' lang='grc' dir='ltr'>Πατρὸς</span> <span class='ocrx_word' id='word_1_850' title='bbox 1558 2492 1607 2524; x_wconf 79' lang='grc' dir='ltr'>τὴν</span> <span class='ocrx_word' id='word_1_851' title='bbox 1635 2495 1681 2520; x_wconf 80' lang='grc' dir='ltr'><strong>τοῦ</strong></span> <span class='ocrx_word' id='word_1_852' title='bbox 1703 2492 1761 2519; x_wconf 79' lang='grc' dir='ltr'><strong>ι’ἱοῦ</strong></span> <span class='ocrx_word' id='word_1_853' title='bbox 1783 2491 1870 2519; x_wconf 65' lang='grc' dir='ltr'>οὖσίαν</span> 
     </span>
    </p>
   </div>
   <div class='ocr_carea' id='block_1_118' title="bbox 1046 2534 1869 2575">
    <p class='ocr_par' dir='ltr' id='par_1_118' title="bbox 1046 2534 1869 2575">
     <span class='ocr_line' id='line_1_119' title="bbox 1046 2534 1869 2575; baseline 0 -12"><span class='ocrx_word' id='word_1_854' title='bbox 1046 2535 1115 2575; x_wconf 77' lang='grc' dir='ltr'>ἐρεῖς</span> <span class='ocrx_word' id='word_1_855' title='bbox 1137 2535 1180 2563; x_wconf 82' lang='grc' dir='ltr'><strong>καὶ</strong></span> <span class='ocrx_word' id='word_1_856' title='bbox 1200 2535 1325 2574; x_wconf 70' lang='grc' dir='ltr'>θεότητα,</span> <span class='ocrx_word' id='word_1_857' title='bbox 1355 2535 1400 2563; x_wconf 68' lang='grc' dir='ltr'>’ίονα</span> <span class='ocrx_word' id='word_1_858' title='bbox 1423 2536 1462 2574; x_wconf 80' lang='grc' dir='ltr'>μὴ</span> <span class='ocrx_word' id='word_1_859' title='bbox 1477 2534 1519 2564; x_wconf 81' lang='grc' dir='ltr'><strong>διὰ</strong></span> <span class='ocrx_word' id='word_1_860' title='bbox 1539 2537 1569 2564; x_wconf 72' lang='grc' dir='ltr'><strong>το</strong></span> <span class='ocrx_word' id='word_1_861' title='bbox 1599 2539 1648 2569; x_wconf 81' lang='grc' dir='ltr'>τῆς</span> <span class='ocrx_word' id='word_1_862' title='bbox 1670 2536 1750 2569; x_wconf 78' lang='grc' dir='ltr'><strong>αὗτής</strong></span> <span class='ocrx_word' id='word_1_863' title='bbox 1767 2535 1869 2575; x_wconf 68' lang='grc' dir='ltr'>φύσεως</span> 
     </span>
    </p>
   </div>
   <div class='ocr_carea' id='block_1_119' title="bbox 1045 2579 1870 2620">
    <p class='ocr_par' dir='ltr' id='par_1_119' title="bbox 1045 2579 1870 2620">
     <span class='ocr_line' id='line_1_120' title="bbox 1045 2579 1870 2620; baseline -0.001 -12"><span class='ocrx_word' id='word_1_864' title='bbox 1045 2581 1094 2614; x_wconf 66' lang='grc' dir='ltr'>τὴν</span> <span class='ocrx_word' id='word_1_865' title='bbox 1121 2580 1197 2619; x_wconf 76' lang='grc' dir='ltr'>ἅγίαν</span> <span class='ocrx_word' id='word_1_866' title='bbox 1225 2580 1296 2609; x_wconf 76' lang='grc' dir='ltr'>εἶναι</span> <span class='ocrx_word' id='word_1_867' title='bbox 1323 2579 1431 2619; x_wconf 65' lang='grc' dir='ltr'>Τριᾶδα,</span> <span class='ocrx_word' id='word_1_868' title='bbox 1461 2581 1494 2608; x_wconf 76' lang='grc' dir='ltr'><strong>τα</strong></span> <span class='ocrx_word' id='word_1_869' title='bbox 1529 2580 1707 2620; x_wconf 73' lang='grc' dir='ltr'>ποορῥηθὲντα</span> <span class='ocrx_word' id='word_1_870' title='bbox 1736 2591 1776 2608; x_wconf 87' lang='grc' dir='ltr'><strong>σοι</strong></span> <span class='ocrx_word' id='word_1_871' title='bbox 1803 2580 1870 2608; x_wconf 78' lang='grc' dir='ltr'>ἀκο-</span> 
     </span>
    </p>
   </div>
   <div class='ocr_carea' id='block_1_120' title="bbox 1045 2624 1870 2665">
    <p class='ocr_par' dir='ltr' id='par_1_120' title="bbox 1045 2624 1870 2665">
     <span class='ocr_line' id='line_1_121' title="bbox 1045 2624 1870 2665; baseline -0.001 -12"><span class='ocrx_word' id='word_1_872' title='bbox 1045 2624 1196 2659; x_wconf 78' lang='grc' dir='ltr'>λουθήσειεν</span> <span class='ocrx_word' id='word_1_873' title='bbox 1211 2624 1296 2654; x_wconf 73' lang='grc' dir='ltr'>ἄτοπα</span> <span class='ocrx_word' id='word_1_874' title='bbox 1314 2632 1320 2639; x_wconf 80' lang='grc'><em>”</em></span> <span class='ocrx_word' id='word_1_875' title='bbox 1346 2625 1438 2659; x_wconf 73' lang='grc' dir='ltr'>ἐπειδὴ</span> <span class='ocrx_word' id='word_1_876' title='bbox 1467 2626 1516 2665; x_wconf 74' lang='grc' dir='ltr'><strong>γὰρ</strong></span> <span class='ocrx_word' id='word_1_877' title='bbox 1545 2626 1558 2654; x_wconf 84' lang='grc' dir='ltr'>δ</span> <span class='ocrx_word' id='word_1_878' title='bbox 1590 2627 1648 2658; x_wconf 78' lang='grc' dir='ltr'><strong>Υἱὸς</strong></span> <span class='ocrx_word' id='word_1_879' title='bbox 1679 2626 1794 2656; x_wconf 56' lang='lat' dir='ltr'><strong>adnuo;</strong></span> <span class='ocrx_word' id='word_1_880' title='bbox 1835 2624 1870 2652; x_wconf 80' lang='grc' dir='ltr'>ὢν</span> 
     </span>
    </p>
   </div>
   <div class='ocr_carea' id='block_1_121' title="bbox 1046 2669 1871 2708">
    <p class='ocr_par' dir='ltr' id='par_1_121' title="bbox 1046 2669 1871 2708">
     <span class='ocr_line' id='line_1_122' title="bbox 1046 2669 1871 2708; baseline 0 -11"><span class='ocrx_word' id='word_1_881' title='bbox 1046 2669 1072 2703; x_wconf 78' lang='grc' dir='ltr'><strong>ἐξ</strong></span> <span class='ocrx_word' id='word_1_882' title='bbox 1086 2670 1169 2699; x_wconf 76' lang='grc' dir='ltr'>αἰτίου</span> <span class='ocrx_word' id='word_1_883' title='bbox 1184 2670 1285 2705; x_wconf 80' lang='grc' dir='ltr'>Πιτρὸς</span> <span class='ocrx_word' id='word_1_884' title='bbox 1301 2670 1364 2701; x_wconf 76' lang='grc' dir='ltr'>Θεὸς</span> <span class='ocrx_word' id='word_1_885' title='bbox 1389 2670 1460 2698; x_wconf 83' lang='grc' dir='ltr'>ἐστιν</span> <span class='ocrx_word' id='word_1_886' title='bbox 1488 2670 1519 2698; x_wconf 78' lang='grc' dir='ltr'>ἐκ</span> <span class='ocrx_word' id='word_1_887' title='bbox 1534 2674 1610 2706; x_wconf 86' lang='grc' dir='ltr'>Θεοῦ,</span> <span class='ocrx_word' id='word_1_888' title='bbox 1628 2671 1649 2698; x_wconf 71' lang='lat' dir='ltr'><strong>si</strong></span> <span class='ocrx_word' id='word_1_889' title='bbox 1663 2673 1703 2707; x_wconf 83' lang='grc' dir='ltr'>τῷ</span> <span class='ocrx_word' id='word_1_890' title='bbox 1730 2669 1804 2708; x_wconf 83' lang='grc' dir='ltr'>λόγῳ</span> <span class='ocrx_word' id='word_1_891' title='bbox 1822 2672 1871 2703; x_wconf 78' lang='grc' dir='ltr'><strong>τῆς</strong></span> 
     </span>
    </p>
   </div>
   <div class='ocr_carea' id='block_1_122' title="bbox 1044 2713 1874 2754">
    <p class='ocr_par' dir='ltr' id='par_1_122' title="bbox 1044 2713 1874 2754">
     <span class='ocr_line' id='line_1_123' title="bbox 1044 2713 1874 2754; baseline -0.001 -12"><span class='ocrx_word' id='word_1_892' title='bbox 1044 2714 1214 2745; x_wconf 69' lang='grc' dir='ltr'>δποστάσεως</span> <span class='ocrx_word' id='word_1_893' title='bbox 1242 2713 1330 2744; x_wconf 84' lang='grc' dir='ltr'>αἴτιός</span> <span class='ocrx_word' id='word_1_894' title='bbox 1371 2714 1440 2742; x_wconf 75' lang='grc' dir='ltr'>ἐστιν</span> <span class='ocrx_word' id='word_1_895' title='bbox 1478 2715 1490 2742; x_wconf 81' lang='grc' dir='ltr'>ὁ</span> <span class='ocrx_word' id='word_1_896' title='bbox 1535 2716 1636 2754; x_wconf 70' lang='grc' dir='ltr'>Πατὴρ,</span> <span class='ocrx_word' id='word_1_897' title='bbox 1671 2715 1761 2748; x_wconf 77' lang='grc' dir='ltr'>ὥσπερ</span> <span class='ocrx_word' id='word_1_898' title='bbox 1793 2713 1823 2741; x_wconf 65' lang='grc' dir='ltr'><strong>ἂν</strong></span> <span class='ocrx_word' id='word_1_899' title='bbox 1854 2716 1874 2742; x_wconf 64' lang='grc' dir='ltr'>εἴ</span> 
     </span>
    </p>
   </div>
  </div>
