1967 3071
46 166 97 200 881

540 167 760 202 REFUTATIO
781 169 887 200 LIBRI
910 169 1066 201 GEORGII
1087 171 1230 202 CYPRII.

1668 169 1725 204 882

45 234 133 274 λογελς
155 235 199 263 καὶ
227 236 385 274 γεννητικὴν
419 238 462 265 καὶ
490 236 671 277 προϐλητικὴν
692 237 741 271 τὴν
769 247 821 265 τοις

956 244 962 264 l
980 235 1140 266 essentiam
1157 244 1293 266 asserere
1319 244 1379 266 non
1404 235 1528 275 refugis.
1545 235 1654 268 Contra
1669 236 1732 268 haec

47 290 93 312 την
107 278 193 318 λέγειν
208 279 296 308 οὒσίαν
311 282 357 309 οὒκ
384 280 532 319 ἀναϐάλλῃ,
566 283 614 311 Καὶ
642 283 707 321 πρὸς
736 286 817 310 ταῦτα
832 281 862 309 οὗ

48 324 125 360 μόνον
160 323 232 353 οὗδὲν
260 326 341 363 ἡμεῖς
368 325 549 365 ἀντιλέγομεν,
579 326 647 355 ἀλλὰ
675 328 718 355 καὶ
749 337 862 366 συμφω-

49 372 139 406 νοῦμεν
161 371 204 398 καὶ
239 370 416 410 συντιθέμεθα,
448 371 554 400 Ἐκεῖνο
583 370 610 400 δὲ
639 371 787 410 βουλόμεθα
817 382 862 399 σου

50 415 153 452 μαθεῖν,
175 414 198 442 εἰ
227 414 300 452 μόνῳ
320 418 358 452 τῷ
381 416 473 455 Πιτρὶ,
503 415 626 453 οῧμενουν
647 417 691 444 καὶ
718 423 776 448 τοῖς
805 414 863 443 λοι-

51 463 112 489 ποῖς
133 459 186 486 τῶν
220 460 369 498 προσώπων
391 460 440 489 τὴν
465 459 523 496 μετ’
539 459 692 498 ἰδιωμάτων
713 461 799 490 οὒσίαν
829 461 864 492 εἰς

49 500 162 536 δήλωσιν
186 503 354 536 ὑποστάσεως
376 504 527 544 ἆφορίζειςς
551 506 579 534 Εἰ
601 506 649 542 μὲν
671 506 720 545 γὰρ
742 505 784 533 ἐπὶ
812 505 865 542 μά-

50 558 85 583 νῳ
98 549 135 583 τῷ
149 548 230 586 Πατρὶ
257 549 273 582 ἡ
306 548 365 586 μετ’
395 548 543 586 ἰδιωμάτων
572 549 646 578 οὖσία
673 551 763 589 σαφῶς
796 549 866 588 παρέ

49 601 88 619 σοι
104 591 183 625 δηλοτ
197 592 246 626 τὴν
260 593 419 633 ὑποστάσιν,
444 596 469 622 αἱ
497 594 593 623 πολλαί
608 606 636 622 σε
664 597 717 622 τῶν
733 598 866 633 πατρικῶν

49 640 154 676 γραφῶν
176 636 336 675 ψευδόμενον
372 637 570 679 ἆπελέγξουσιν,
593 639 660 667 οὕτω
687 640 731 667 καὶ
747 639 788 667 ἐπὶ
810 641 868 668 Υἱοῦ

48 682 91 709 καὶ
112 682 154 710 ἐπὶ
174 683 324 715 Πνεύματος
352 683 401 716 τὴν
433 682 491 721 μετ’
520 683 668 721 ἰδιωμάτων
695 685 792 717 ταύτην
824 686 864 713 οὔ·

48 727 106 755 σίαν
119 726 254 766 λέγουσαι,
278 728 315 759 ὡς
342 728 384 756 ἐπὶ
413 730 525 768 Πατρὸς.
549 728 576 755 εἴ
600 739 638 765 τῳ
665 729 704 766 μὴ
729 729 864 767 παρέργως

49 770 136 799 ὶκεῖνο
164 771 371 811 ἀναγινώσκεται
393 776 438 801 τοῦ
462 777 648 810 Δαμασκηνοῦ,
678 775 720 804 τὸ,
747 785 759 801 ιι
777 768 864 802 ιὈταν

49 816 97 855 γὰρ
127 816 245 851 ἐννοήσω
286 818 347 854 μίαν
370 820 421 845 τῶν
457 819 637 854 ὑποστάσεων,
665 817 765 846 τέλειον
801 819 865 846 Θεὸν

47 861 124 889 αὑτὸν
145 860 218 900 οἴδα,
241 860 341 889 τελείαν
367 863 465 893 οὖα-ίαν,
484 876 496 891 ι
525 863 573 891 Καὶ
588 863 619 891 αὖ
633 864 663 891 τὸ
682 867 726 892 τοῦ
748 863 865 902 μεγάλου

903 278 977 309 nihil
993 289 1046 310 nos
1063 280 1357 320 opponimus,verum
1372 280 1400 310 in
1417 280 1463 311 his
1475 285 1503 310 et
1517 281 1735 312 concordamus

904 327 934 354 et
961 333 1115 355 assensum
1146 325 1322 364 prmbemus.
1351 325 1425 355 Illud
1457 335 1544 365 porro
1574 335 1591 356 a
1619 330 1647 357 te
1669 326 1738 356 edo-

904 369 964 398 ceri
981 370 1171 408 cupimus,an
1188 371 1241 401 soli
1260 370 1414 407 Putri,non
1431 379 1500 400 vero
1516 370 1581 401 aliis
1599 371 1736 410 personis

905 414 1063 445 essentiam
1072 425 1138 445 cum
1152 415 1383 455 proprietatibus
1394 415 1427 445 ad
1437 415 1634 447 denotandam
1647 416 1738 456 hypo-

906 461 1007 491 stasim
1040 462 1189 492 vindicas?
1205 461 1321 492 Etenim
1338 462 1362 491 si
1379 461 1408 491 in
1436 462 1498 491 solo
1529 463 1613 492 Patrc
1628 471 1735 492 essen-

907 505 947 535 tia
964 515 1030 536 cum
1044 507 1275 546 proprietatibus
1291 507 1386 546 palam
1402 506 1479 546 apud
1506 509 1533 536 te
1554 506 1734 546 hypostasim

908 554 999 587 notat,
1018 551 1157 591 pleraque
1176 552 1291 581 Patrum
1309 551 1418 590 scripta
1435 555 1462 581 te
1478 551 1626 581 mendacii
1650 551 1736 581 lalsi-

911 595 1034 634 talisque
1047 595 1451 635 convincent,qu:esimiliter
1467 602 1494 626 et
1512 595 1548 625 (le
1564 595 1637 625 Filio
1655 599 1683 626 et
1699 596 1738 627 de

911 637 1021 677 Spiritu
1048 640 1123 670 hanc
1139 650 1206 670 cum
1225 640 1456 680 proprietatibus
1471 640 1633 670 essentiam
1651 649 1735 680 anque

909 688 996 724 atque
1012 685 1048 714 de
1064 686 1148 715 Patre
1162 685 1291 724 tradunt,
1310 684 1338 714 ni
1354 684 1438 724 quasi
1461 684 1540 714 aliud
1568 693 1659 722 agens
1674 684 1734 715 Da-

907 729 1108 759 mascenicum
1126 729 1197 760 illud
1211 729 1374 759 versaveris
1392 739 1398 758 :
1419 742 1429 755 ι
1447 729 1519 760 Cum
1537 729 1617 760 enim
1630 739 1737 760 conce-

907 782 977 813 pero
986 783 1073 804 uuam
1087 784 1120 804 ex
1138 773 1524 814 liypostasibus,perl‘ectum
1534 774 1628 804 Deum
1639 774 1736 813 ipsum

906 819 1213 858 agnosco,perfectam
1227 818 1538 850 essentiain.-Etiltud
1552 819 1738 858 magniBasi-

907 861 950 894 lii:
959 875 968 890 α
977 864 1075 894 Donec
1087 868 1235 899 tacent,ne
1246 868 1273 894 te
1290 863 1554 900 lateat,secuudam
1563 865 1737 894 saeculorum

50 904 195 942 Βασιλείου,
212 907 253 940 τὸ,
279 917 291 933 α
315 901 391 938 ιἸΞως
421 906 444 934 δ’
473 907 504 935 ἅν
531 911 661 947 σκοπῶσι,
686 908 724 945 μὴ
739 901 826 936 λανθα.

961 908 1059 947 igeniti
1071 909 1229 939 essentiam
1240 908 1350 939 facere.
1360 921 1369 935 ι
1382 907 1504 939 Necnon
1517 910 1614 947 magni
1625 908 1737 947 Grego-

48 960 136 980 τωσαν
164 949 284 990 δευτέραν
304 951 405 980 αἰώνων
434 952 484 985 τὴν
510 955 555 980 τοῦ
584 955 745 991 Μονογενοῦς
779 953 866 981 οὒσίαν

48 995 188 1032 τιθέμενοι.
218 1007 229 1023 α
256 996 304 1024 Καὶ
338 995 416 1024 πάλιν
444 997 473 1024 τὸ
505 1000 551 1025 τοῦ
580 996 698 1036 μεγάλου
727 997 868 1037 Γρηγορίου

48 1040 90 1074 τὸ,
111 1052 123 1068 α
142 1038 218 1074 Φυῆἦ
233 1040 264 1069 σὺ
285 1040 421 1079 γέννησιν,
436 1040 482 1069 ἵνα
504 1041 541 1078 μή
566 1053 590 1070 τι
618 1042 688 1079 πάθῃ
715 1042 779 1074 Θεὸς
795 1043 808 1070 ὃ
831 1042 868 1080 μὴ

49 1085 175 1124 πάσχων,
193 1083 264 1124 Ἐγὼ
278 1083 305 1113 δὲ
327 1084 455 1125 φοϐοῦμαι
477 1086 525 1120 τὴν
550 1086 643 1123 κτίσιν,
674 1086 719 1115 ἵνα
751 1087 789 1124 μὴ
805 1087 868 1115 Θεὸν

49 1128 174 1158 ἀπολέσω
186 1128 228 1157 διὰ
249 1132 298 1163 τῆς
320 1128 418 1169 ὕϐρεως
443 1131 487 1159 καὶ
516 1133 564 1164 τῆς
586 1130 674 1160 ἀδίκοῦ
701 1131 866 1171 κατατομῆς,

48 1174 66 1208 ἢ
81 1175 129 1203 τὸν
152 1176 210 1203 Υἱὸν
225 1174 327 1212 τέμνων
349 1175 402 1204 ἀπὸ
415 1180 461 1205 τοῦ
483 1176 595 1215 Πατρός,
610 1176 628 1210 ἢ
657 1176 709 1205 ἅπὸ
730 1177 777 1205 τοῦ
809 1178 869 1204 Υἱοῦ

47 1219 95 1253 τὴν
117 1219 206 1248 οὗσίαν
228 1219 274 1248 τοῦ
289 1220 452 1257 Πνεύματος.
472 1232 483 1249 ι
503 1221 531 1249 Ei
564 1220 592 1248 δὲ
613 1220 681 1261 δέχῃ
697 1221 746 1259 μὲν
760 1221 803 1249 καὶ
819 1221 867 1249 αὖ·

47 1265 93 1296 τὸς
115 1265 198 1298 αὐτὴν
219 1265 267 1298 τὴν
288 1269 334 1293 τοῦ
355 1266 456 1304 Πατρὸς
486 1267 601 1294 νοεῖσθαι
629 1267 784 1302 υπόστασιν,
808 1265 870 1294 ὅταν

47 1310 78 1337 τὸ
100 1309 163 1337 ὅλον
193 1310 269 1338 τοῦτο
290 1310 358 1347 μετὰ
383 1314 427 1339 τοῦ
454 1309 660 1350 προσδιορισμοῦ
679 1311 697 1345 ἡ
725 1310 797 1339 οὐσία
825 1315 871 1340 τοῦ

48 1355 109 1383 fio-3
124 1353 246 1393 λέγηται,
263 1355 306 1383 καὶ
334 1355 415 1389 αὑτὴν
432 1355 481 1389 ¹ιὴν
502 1359 548 1384 τοῦ
576 1356 726 1393 Πνεύματος
755 1357 870 1384 νοεῖσθαι

49 1399 207 1437 ὑπόστασιν,
231 1398 293 1427 ὅταν
319 1401 348 1428 τὸ
378 1399 439 1428 ὅλον
453 1405 530 1430 τοῦτο
553 1401 619 1438 μετὰ
646 1405 691 1430 τοῦ
720 1399 870 1439 προσδιορι-

48 1447 118 1481 σμοῦ
139 1444 157 1478 ἡ
178 1447 224 1472 τοῦ
245 1444 397 1482 Πνεύματος
422 1445 494 1473 οὐσία
522 1445 630 1484 ὶέγηται
648 1456 655 1462 ι
679 1445 748 1482 μόνῃ
776 1444 802 1472 δὲ
837 1448 870 1483 τῇ

48 1492 93 1517 τοῦ
131 1492 234 1529 Πατρος
271 1490 341 1525 οὖνίᾳ
368 1490 398 1517 τὸ
438 1491 590 1528 γεννητικὸν
625 1490 669 1518 καὶ
695 1488 871 1529 προϐλητικὸν

48 1534 192 1573 ἀφορίζεις.
229 1534 304 1564 Ἀλλ’
337 1535 444 1563 ἐνταῦθα
494 1536 625 1575 γραφικήν
651 1546 708 1563 τινα
750 1534 792 1563 ἐπὶ
833 1536 873 1571 τῷ

49 1581 101 1607 τῶν
131 1579 256 1608 τοιούτων
278 1578 428 1617 ἰδιωμάτων
457 1579 596 1619 ἆφορισμῳ
622 1579 793 1617 ἆπαιτηθήσῃ
822 1581 871 1613 τὴν

47 1627 206 1666 μαρτυρίαν.
229 1626 265 1655 Τὸ
284 1626 333 1665 γὰρ
368 1627 507 1665 γενητικδν
537 1626 607 1664 μόνῃ
635 1637 668 1664 τῃ
696 1630 741 1654 τοῦ
769 1626 870 1665 Πατρὸς

47 1672 193 1700 ὑποστάσει
240 1671 458 1710 ὁμολογουμένως
493 1671 651 1711 ἀφώρισται,
702 1672 744 1699 καὶ
800 1674 871 1700 πᾶσα

47 1718 140 1758 γραφὴ
176 1718 234 1756 περὶ
269 1721 321 1746 τῶν
364 1720 401 1754 τῷ
436 1718 518 1756 Πατρὶ
544 1717 655 1746 ἐνόντων
688 1718 871 1746 ὑποστατικῶν

46 1761 201 1800 ἰδιωμάτων
237 1760 450 1799 διαλαμϐάνοῑωα
477 1761 554 1790 τοῦτο
591 1763 735 1796 συνίστησι.
767 1763 803 1791 Τὸ
844 1761 871 1789 δὲ

47 1806 230 1847 προϐλητικὸν
263 1806 383 1845 οὖδεμίαν
418 1806 483 1839 ἕξεις
512 1805 647 1839 ἀποδεῖξαὶ
676 1807 778 1846 γραφὴν
800 1808 874 1845 μόνῳ

46 1859 85 1892 τῷ
102 1855 186 1888 Πατρὶ
210 1854 403 1892 ἀπονέμουσαν,
428 1853 455 1882 εἴ
477 1864 506 1893 γε
533 1857 586 1881 πᾶν
613 1854 643 1881 τὸ
672 1854 701 1882 ἐκ
723 1855 825 1894 Πατρὺς
840 1852 872 1882 δι’

47 1903 110 1929 Υἷού
169 1899 305 1939 εἰρημένον
346 1899 458 1932 ἑνότητα
506 1898 568 1938 οὒχὶ
607 1897 728 1938 διαίρεσιν
772 1899 877 1938 Πατρὸς

46 1946 187 1980 συνίστησι
225 1945 269 1974 καὶ
297 1945 367 1974 Υἱοῦ.
399 1942 545 1983 Προϐολεὺς
589 1942 616 1971 δὲ
658 1943 699 1972 διὰ
743 1944 800 1972 1⁸ἱοῦ
828 1943 874 1972 τοῦ

45 1994 125 2032 ἁγίου
155 1991 342 2031 τεθεολόγηται
373 1991 523 2028 Πνεύματος
538 1991 552 2018 ὃ
579 1990 671 2029 Πατὴρ
687 1998 694 2005 ⁸
723 1991 769 2019 οὒκ
801 1990 875 2030 ἔχεις

46 2038 171 2072 πάντως,
208 2036 258 2064 κᾶν
299 2036 321 2064 εὶ
357 2035 434 2075 μυρία
462 2035 552 2073 κάμῃς
589 2038 675 2063 πᾶσαν
721 2036 876 2063 θεόπευστον

45 2082 199 2123 ἀνιχνεύων
241 2080 348 2121 Γραφὴν
370 2081 406 2112 εἰς
441 2081 490 2113 τὴν
525 2082 575 2113 τῆς
597 2082 726 2119 πατρικῆς
757 2080 875 2108 ὑποστά-

44 2138 116 2160 σεως
137 2125 257 2159 ἰδιότητα
272 2125 459 2165 ἆφοριζόμενον
479 2125 564 2164 εὑρεῖν
588 2125 618 2153 τὸ
639 2124 828 2163 προϐλητικόν,
848 2125 875 2153 Εἰ

44 2173 96 2212 γὰρ
110 2169 188 2200 τοῦτ’
202 2170 247 2210 ἦν,
270 2172 317 2200 οὒκ
339 2169 370 2197 ἂν
395 2169 425 2198 ἐκ
452 2171 501 2203 τῆς
534 2169 620 2201 οὖσίας
649 2173 695 2198 τοῦ
716 2170 817 2208 Πατρὸς
846 2170 877 2198 τὸ

44 2217 159 2254 Πνεῦμα
180 2214 337 2255 λεγόμενον,
364 2216 395 2243 ὶκ
415 2215 464 2247 τῆς
494 2216 582 2247 οὐσίας
610 2214 718 2252 ὶλέγετο
740 2215 783 2242 καὶ
805 2217 874 2246 Υἱοῧ,

45 2263 90 2296 Μὴ
109 2262 164 2300 γὰρ
180 2271 226 2297 μοι
241 2261 284 2288 καὶ
313 2258 392 2288 πάλιν
422 2260 454 2287 τὰ
473 2258 557 2287 λεπτᾶ
579 2259 668 2287 ἐκεῖνα
695 2258 756 2298 λέγε
771 2260 876 2297 νοήμα-

42 2319 90 2344 τα,
116 2309 154 2345 τῇ
176 2305 224 2344 μὲν
246 2308 291 2333 τοῦ
317 2304 418 2342 Πατρὸς
444 2304 517 2340 οὐσία
541 2305 572 2332 τὸ
592 2303 768 2332 ὲνυπόστατον
794 2315 875 2343 χαρι-

42 2353 177 2391 ζόμενος,
196 2350 261 2378 επὰν
275 2349 306 2377 ἐκ
335 2352 384 2382 τῆς
400 2352 446 2377 τοῦ
466 2349 569 2387 Πατρὸς
598 2349 685 2381 οὗσίας
714 2349 744 2376 τὸ
772 2350 877 2385 Πνεῦμα

42 2399 75 2425 τὸ
92 2397 176 2435 ἅγιον
199 2394 310 2433 λέγηται
328 2416 336 2424 .
351 2395 381 2422 τὸ
406 2392 433 2421 δὲ
455 2393 485 2421 ἐκ
505 2395 554 2426 τῆς
584 2393 671 2425 οὖσίας
692 2394 737 2421 τοῦ
756 2393 816 2421 Υἰοῦ
838 2393 880 2421 διὰ

44 2443 76 2470 τὸ
92 2443 146 2475 τῆς
174 2439 261 2471 οὐσίας
286 2438 381 2467 ἐ-ιιαίον
417 2437 608 2475 διατεινομένος
630 2437 762 2476 λέγεσθαι,
793 2437 882 2478 ὥσπερ

42 2487 76 2515 ἂν
93 2487 117 2514 εἰ
144 2485 189 2513 καὶ
219 2483 369 2522 διῃρημένη
404 2485 453 2516 τῆς
488 2486 534 2511 τοῦ
574 2484 633 2512 Υἰοῠ
659 2483 829 2514 ὑποστάσεως
864 2484 880 2517 ἡ

42 2533 129 2561 αξιτοῦ
154 2531 272 2558 ὶννοεῖτο
298 2528 383 2557 οὐσία.
415 2522 508 2560 ’Ἃπαξ
536 2527 585 2567 γὰρ
613 2527 717 2559 οἰκείοις
745 2526 879 2565 διωμολο-

41 2576 145 2616 γηχὼς
163 2573 265 2615 χείλεσι
279 2573 328 2607 τὴν
351 2571 409 2611 μετ’
434 2571 582 2609 ἰδιωμάτων
611 2572 700 2600 οὖσίαν
727 2571 879 2606 δηλωτικὴν

41 2623 144 2658 σαφῶς
160 2618 328 2650 ὑποστάσεως
359 2618 443 2654 εἶναι,
473 2618 519 2646 οὒκ
547 2616 622 2656 ἔχεις
650 2617 820 2656 ἃρνῆσασθαι,
839 2617 878 2654 μὴ

42 2669 93 2696 τὸν
138 2665 199 2693 Υἱὺν
227 2662 304 2691 αὐτόν
338 2663 457 2691 νοεῖσθαι
502 2663 591 2690 οὐσίαν
633 2661 734 2695 δηλαδὴ
782 2662 877 2690 ἐνυπά-

42 2721 161 2740 στατον.
179 2708 241 2737 ὅταν
262 2719 302 2739 τις
317 2707 347 2735 ἐκ
368 2707 416 2741 τῆς
442 2706 531 2738 οὖσίις
559 2707 604 2735 τοῦ
631 2708 691 2735 Υἱοῦ
713 2708 743 2736 τὸ
771 2708 876 2745 Πνεῦμα

43 2756 123 2785 εἶναι
140 2753 208 2793 λέγῃ
225 2754 255 2781 τὸ
270 2753 356 2791 ἅγιον.
373 2753 402 2780 Εἰ
426 2750 448 2779 δ’
471 2751 526 2789 οὖν,
542 2751 610 2780 ἀλλὰ
631 2763 655 2780 τι
680 2752 807 2790 ἀνακύψει
822 2763 878 2780 πα-

43 2801 88 2830 λιν
113 2799 207 2837 ἕτερον
222 2798 332 2826 ἄτοπον.
356 2798 377 2824 εἰ
398 2795 439 2824 διὰ
460 2797 490 2824 τὸ
518 2797 580 2833 μίαν
595 2797 666 2825 εἶναι
680 2797 728 2831 τὴν
755 2801 800 2826 τοῦ
819 2798 880 2825 Υῐοῠ

46 2847 93 2874 καὶ
141 2845 243 2883 [ἰατρὸς
280 2842 368 2871 οὐσίαν
397 2843 427 2869 εκ
453 2843 502 2874 τῆς
525 2841 625 2880 ἀμφοῖν
653 2842 738 2873 οὺσῖας
761 2841 879 2880 λέγεσθαι

909 953 945 983 rii
964 963 971 981 :
992 965 1005 981 α
1023 953 1133 983 Ηοιτρε
1149 957 1178 983 tu
1208 952 1444 992 generationem,
1472 962 1509 983 ne
1525 953 1594 993 quid
1609 953 1739 993 patiatur

909 996 1000 1034 Deus,
1017 998 1067 1037 qui
1083 1007 1141 1028 non
1158 1001 1286 1037 patitur:
1301 997 1366 1037 ipse
1376 997 1487 1027 hoi'reo
1504 1001 1682 1033 creaturam,
1700 1006 1738 1028 ne

910 1043 1004 1072 Deum
1023 1051 1075 1082 per
1086 1041 1410 1082 injuriametinjustam
1421 1041 1585 1073 sectionem
1601 1042 1738 1082 perdam,

910 1091 961 1117 aut
976 1087 1082 1118 Filium
1099 1095 1205 1117 secans
1219 1096 1235 1116 a
1251 1085 1350 1122 Patre,
1377 1091 1427 1117 aut
1441 1095 1458 1115 a
1473 1085 1548 1118 Filio
1576 1087 1736 1118 essentiam

913 1131 1067 1172 Spiritus:
1082 1131 1164 1167 Quod
1179 1131 1205 1162 si
1221 1135 1250 1161 tu
1267 1140 1385 1172 quoque
1402 1131 1495 1170 ipsam
1512 1131 1579 1163 Filii
1596 1132 1736 1172 hyposta-

910 1177 966 1207 sim
979 1175 1147 1214 intelligere
1158 1185 1217 1206 non
1231 1176 1423 1215 refugisxum
1436 1176 1591 1207 hoctotum
1605 1176 1739 1216 praescri-

912 1226 961 1261 pto
979 1221 1066 1252 etiam
1079 1220 1167 1257 Filio,
1184 1221 1313 1251 essentia
1324 1220 1523 1251 Filiidicitur:
1538 1221 1672 1260 etipsum
1686 1221 1737 1252 in-

912 1266 1047 1306 telligere
1064 1265 1192 1305 Spiritus
1206 1265 1400 1305 hypostasim,
1412 1275 1478 1296 cum
1496 1267 1551 1296 hoc
1566 1270 1658 1296 totum
1670 1276 1737 1298 cum

913 1310 1138 1351 prazscriptione
1149 1310 1289 1349 Spiritus,
1317 1310 1447 1340 essentia
1473 1310 1601 1350 Spiritus
1616 1311 1738 1350 dicitur,

913 1356 969 1387 soli
985 1365 1053 1386 vero
1069 1355 1163 1387 Patris
1176 1354 1312 1385 essentia:
1324 1359 1354 1385 et
1368 1363 1514 1395 generare
1529 1359 1557 1386 et
1573 1356 1739 1395 producere

913 1400 1051 1438 ascribis;
1063 1406 1267 1430 verumtamen
1281 1409 1333 1439 pro
1344 1400 1448 1429 harum
1465 1399 1677 1440 proprietatum
1689 1400 1741 1431 de-

914 1445 1122 1475 terminatione
1130 1445 1240 1483 scripto
1249 1444 1355 1474 tradita
1364 1444 1523 1474 auctoritas
1531 1448 1691 1483 poscetura
1699 1449 1739 1477 te.

914 1489 1046 1530 Namque
1061 1489 1223 1529 generandi
1243 1489 1285 1519 vis
1301 1489 1355 1519 soli
1371 1489 1465 1519 Patris
1482 1489 1641 1529 hypostasi,
1658 1489 1739 1529 quod

914 1535 943 1565 in
961 1535 1096 1565 confesso
1112 1534 1189 1574 apud
1205 1543 1310 1564 omnes
1325 1538 1383 1570 est,
1395 1533 1571 1574 vindicatur,
1587 1538 1616 1564 et
1629 1534 1741 1574 scripta

914 1579 1265 1619 omniadehypostaticis
1282 1578 1513 1618 proprietatibus
1535 1580 1616 1610 Patri
1645 1579 1739 1610 inhae-

913 1624 1048 1655 rentibus
1075 1624 1227 1654 tractantia
1253 1624 1308 1653 hoc
1337 1623 1525 1654 contirmant.
1551 1623 1739 1654 Producendi

912 1678 982 1700 vero
1000 1669 1058 1699 vim
1075 1669 1129 1699 soli
1147 1668 1224 1699 Patri
1239 1667 1361 1698 attribui
1376 1668 1490 1698 nullum
1513 1677 1643 1708 unquam
1659 1668 1740 1698 scri-

914 1718 995 1754 ptum
1009 1713 1036 1744 id
1054 1722 1192 1744 asserens
1209 1712 1395 1753 produxeris;
1406 1713 1430 1743 si
1446 1712 1590 1752 quidquid
1605 1722 1638 1744 ex
1654 1713 1741 1744 Patre

915 1767 969 1799 per
985 1758 1090 1789 Filium
1104 1757 1223 1794 dicitur,
1241 1758 1393 1794 unionem,
1412 1766 1471 1787 non
1487 1757 1663 1788 divisionem
1681 1758 1740 1789 Pa-

918 1803 970 1834 tris
986 1807 1014 1834 et
1031 1803 1096 1834 Filii
1113 1802 1252 1832 insinuat.
1269 1801 1434 1833 Productor
1454 1810 1522 1832 vero
1554 1811 1606 1842 per
1632 1802 1742 1834 Filium

916 1848 1010 1879 sancti
1024 1847 1151 1888 Spiritus
1165 1849 1252 1879 Pater
1266 1857 1283 1877 a
1298 1847 1444 1887 theologis
1453 1847 1636 1878 decernitur.
1654 1846 1742 1878 Nullo

917 1895 1006 1925 modo
1023 1893 1259 1924 invenerisJicet
1281 1893 1455 1923 innumeros
1471 1893 1587 1924 labores
1602 1902 1744 1933 suscepe-

915 1939 967 1975 ris,
995 1939 1163 1968 uuiversam
1193 1937 1334 1968 divinitus
1361 1937 1535 1978 inspiratam
1559 1937 1744 1978 Scripturam

917 1983 1131 2024 pervestigans,
1159 1982 1324 2022 producedi
1349 1983 1406 2012 vim
1434 1987 1565 2023 paternae
1580 1982 1745 2023 hypostasis

918 2028 1095 2068 proprietati
1110 2026 1303 2066 assignarild
1317 2027 1465 2067 siquidem
1477 2027 1501 2057 si
1510 2027 1743 2067 esset,Spiritus,

917 2072 967 2112 qui
985 2082 1019 2102 ex
1036 2072 1166 2103 essentia
1183 2071 1278 2102 Patris
1306 2071 1426 2109 dicitur,
1454 2080 1487 2102 ex
1518 2071 1648 2102 essentia
1677 2071 1746 2102 Filii

919 2127 977 2148 non
994 2116 1195 2148 diceretur.Et
1210 2126 1247 2147 ne
1264 2116 1337 2147 mihi
1349 2125 1454 2148 rursus
1462 2116 1588 2147 subtiles
1599 2116 1666 2147 illas
1681 2125 1747 2156 spe-

920 2162 1087 2193 culationes
1113 2162 1256 2201 inculces,
1291 2161 1384 2192 Patris
1414 2161 1534 2202 quidem
1552 2161 1689 2192 essentiae
1714 2161 1745 2192 in

888 2198 1068 2247 I’hypostasi
1085 2216 1151 2237 esse
1168 2198 1315 2246 tribuens,
1333 2216 1399 2236 cum
1423 2198 1465 2236 ἐκ
1495 2206 1627 2236 essentia
1649 2205 1747 2237 Patris

919 2251 1184 2292 Spirituszsanctus
1199 2251 1353 2285 asseritur;
1370 2250 1512 2290 Spiritum
1527 2259 1599 2280 vero
1627 2259 1661 2280 ex
1691 2259 1744 2280 es-

920 2298 1015 2326 sentia
1031 2296 1098 2326 Filii
1114 2296 1151 2326 ob
1173 2304 1264 2326 unum
1292 2296 1429 2325 essentize
1454 2294 1513 2325 dici
1539 2294 1747 2332 contendens;

920 2342 1004 2382 quasi
1017 2351 1085 2371 vero
1101 2345 1237 2381 separata
1254 2340 1321 2371 Filii
1344 2339 1493 2380 hypostasi
1517 2339 1648 2370 essentia
1665 2339 1747 2370 illius

924 2386 1150 2426 intelligeretur.
1165 2385 1299 2425 Namque
1315 2394 1381 2415 cum
1398 2385 1492 2414 semel
1510 2383 1639 2424 propriis
1655 2383 1744 2414 labiis

923 2431 1017 2462 fassus
1031 2431 1245 2468 sis,essentiam
1263 2440 1330 2460 cum
1346 2429 1578 2470 proprietatibus
1595 2429 1681 2469 plane
1693 2428 1746 2469 hy-

924 2477 1063 2516 postasim
1079 2477 1232 2511 denotare,
1252 2485 1310 2506 non
1339 2480 1423 2516 potes
1440 2475 1528 2505 modo
1552 2475 1668 2505 inﬁcias
1689 2474 1745 2513 ire,

924 2523 1029 2553 Filium
1043 2521 1140 2562 ipsum
1155 2525 1245 2551 totum
1260 2530 1318 2551 non
1335 2520 1473 2560 intelligi,
1489 2520 1648 2550 essentiam
1663 2519 1748 2550 scili-

921 2572 967 2598 cet
983 2576 1048 2597 cum
1062 2566 1222 2606 hypostasi,
1238 2575 1304 2596 cum
1322 2565 1389 2606 quis
1405 2575 1439 2596 ex
1456 2564 1586 2596 essentia
1601 2564 1656 2596 Fili
1676 2563 1744 2605 Spi-

919 2612 1008 2643 ritum
1025 2616 1159 2642 sanctum
1173 2619 1237 2641 esse
1253 2610 1372 2642 dixerit.
1390 2611 1442 2642 Sin
1459 2609 1676 2648 minus,saltem
1700 2609 1748 2640 hic

919 2658 999 2688 aliud
1016 2666 1120 2687 rursus
1139 2655 1253 2686 orietur
1267 2655 1479 2696 absurdum,si
1497 2659 1653 2696 propterea
1667 2654 1748 2695 quod

920 2712 979 2733 una
996 2706 1040 2732 est
1057 2700 1186 2732 essentia
1197 2701 1292 2732 Patris
1309 2707 1336 2732 et
1349 2701 1468 2741 Filii,ex
1483 2702 1635 2740 utriusque
1647 2708 1749 2730 essen-

921 2749 960 2779 tia
976 2748 1035 2778 dici
1050 2746 1192 2786 Spiritum
1209 2747 1355 2788 quispiam
1372 2746 1546 2784 asseruerit,
1563 2745 1636 2776 ratio
1649 2747 1746 2788 coget,

921 2803 955 2825 ex
983 2795 1098 2823 suamet
1127 2792 1255 2822 essentia
1283 2791 1426 2832 Spiritum
1455 2799 1574 2831 quoque
1589 2798 1666 2820 esse.
1682 2787 1747 2820 Una

922 2837 1070 2880 siquidem
1090 2839 1134 2868 est
1148 2845 1217 2867 cum
1235 2846 1280 2875 ea,
1300 2846 1364 2878 quae
1378 2835 1471 2867 Patris
1486 2835 1591 2866 etFilii
1602 2837 1657 2864 est.
1671 2832 1707 2863 Et
1721 2832 1746 2862 si
