1967 3071
186 107 243 142 881

726 111 833 144 JOAN.
856 112 968 144 VEGGI
988 110 1045 143 GP.
1068 112 1327 145 PATRIARGM

1812 114 1866 148 888

185 184 286 206 rerum
302 176 434 207 omnium
450 176 512 208 Deo
527 175 628 211 habet,
645 185 748 208 rursus
759 178 926 218 sejungitur
940 187 992 218 pro
1015 201 1018 206 λ

1120 180 1204 208 αἰτίαν
1230 183 1280 214 τῆς
1317 179 1450 214 ὑπάρξεως
1479 181 1509 210 ἐκ
1535 183 1582 210 τοῦ
1623 185 1689 212 Θεοῦ
1724 186 1776 211 τῶν
1803 181 1866 210 ὅλων

187 221 321 261 prietate,
333 221 410 261 quod
437 230 495 251 non
521 221 562 251 uti
588 220 763 260 Unigenitus
779 232 813 253 ex
831 224 917 254 Patre
934 222 1007 253 sub-

187 265 272 296 sistit.
301 270 329 296 et
345 265 421 305 quod
439 275 492 305 per
507 266 602 304 ipsum
620 267 726 298 Filium
753 272 888 307 apparet,
905 277 1008 298 rursus

186 318 204 341 a
219 315 366 347 creatura,
382 319 448 350 quat
463 310 499 341 ab
510 310 668 350 Unigenito
684 312 830 344 subsistit.
849 313 925 352 quod
950 313 1006 343 ali-

188 364 275 395 quam
303 364 368 385 cum
398 355 450 386 illo
475 356 715 387 communionem
737 357 849 388 habere
865 356 1006 397 Spiritum

188 399 484 440 existimemus,quod
510 409 543 431 ex
571 401 656 432 Patre
671 411 723 441 per
737 402 844 433 Filium
857 407 1009 442 appareat,

187 447 216 475 et
230 453 326 484 neque
342 444 606 483 immutari,neque
622 446 743 477 dissolvi
761 452 856 487 potest
872 446 1009 487 Spiritus,

186 497 202 519 a
217 493 354 519 creatura
368 489 536 528 dirimatur,
553 503 567 518 υ
585 491 696 531 optime
710 492 896 529 Comprobat,
910 502 963 523 nos
978 492 1008 523 in

187 533 300 564 duabus
315 534 410 564 causis
422 544 456 566 ex
472 537 560 566 Patre
576 535 700 567 laudatis
716 537 812 568 Patris
821 537 923 567 etFilii
941 546 1011 568 con-

186 587 320 609 servasse
333 579 711 612 communionemEtenini
728 582 751 612 si
766 583 794 612 in
813 581 914 612 mundi
927 582 1011 621 opili-

187 623 233 653 cio
249 632 439 654 communem
456 634 574 655 causam
588 626 850 662 Filiushabet,non
861 627 936 666 quod
952 637 1010 657 una

187 666 275 698 simul
293 672 434 707 operatur
448 668 478 698 in
494 669 606 709 aliquo,
624 675 653 700 et
667 670 750 710 quasi
776 671 914 710 suppleat
929 671 1008 710 quod

186 711 217 742 in
229 721 329 742 rerum
346 721 434 742 causa
450 713 480 743 in
498 714 582 744 Patre
596 714 785 745 desideratur
803 740 809 746 .
827 715 913 745 Pater
929 716 1009 746 enim

187 756 298 787 nullius
312 756 460 796 indigens,
479 767 568 790 causa
582 763 785 789 creaturarum
812 759 941 800 perfecta
955 759 1010 790 ab-

1048 223 1122 263 ’ἐχειν
1149 224 1299 264 ἆιρίσταται,
1328 225 1408 254 πάλιν
1435 230 1474 263 τῷ
1501 225 1634 263 ἱδιλζοντι,
1667 226 1693 255 ἰν
1732 230 1770 264 τῷ
1803 227 1866 264 μήτε

1049 272 1199 308 μονογενῶς
1228 269 1258 298 ἐκ
1286 274 1332 299 τοῦ
1375 272 1478 310 Πατρὸς
1512 271 1672 309 ὑποστῆναι,
1709 272 1752 300 καὶ
1779 271 1805 299 ἒν
1831 273 1867 307 τῷ

1048 312 1082 340 δι’
1112 314 1189 342 αὐτοῦ
1219 315 1265 342 τοῦ
1298 316 1358 343 Υἱοῦ
1384 315 1541 355 πεφηνέναι,
1572 315 1652 343 πάλιν
1679 314 1706 344 δὲ
1735 318 1783 349 τῆς
1811 320 1866 342 κτί-

1051 368 1119 390 σεως
1147 357 1189 386 διὰ
1223 362 1269 387 τοῦ
1291 363 1452 398 Μονογενοῦς
1493 360 1656 396 ὑποστάσης,
1694 361 1730 392 ὡς
1772 360 1803 388 ἂν
1831 360 1868 397 μὴ

1051 403 1193 436 κοινότητα
1220 415 1279 432 τινα
1327 405 1392 444 πρὸς
1433 405 1530 438 ταύτην
1579 404 1653 444 ἔχειν
1696 406 1806 443 νομισθῇ
1838 404 1868 431 τὸ

1051 448 1157 484 Πνεῦμα
1171 447 1199 474 ἐν
1219 450 1257 484 τῷ
1278 447 1308 476 ἑκ
1335 452 1381 477 τοῦ
1403 450 1505 488 Πατρὸς
1535 448 1576 476 διὰ
1597 453 1643 477 τοῦ
1673 451 1733 478 Υἱοῦ
1758 448 1869 488 πεφηνέ-

1051 502 1104 530 ναι,
1135 491 1162 519 ἐν
1184 496 1221 529 τῷ
1243 492 1363 532 ἀτρέπτῳ
1397 494 1439 522 καὶ
1467 493 1637 522 ἅναλλοιώτιυ
1661 495 1704 522 καὶ
1732 492 1870 532 ἆπροσδεεῖ

1051 534 1206 576 διακρίνεται
1235 538 1266 565 τὸ
1295 541 1401 575 Πνεῦμα
1430 538 1482 566 ἀπὸ
1517 541 1566 572 τῆς
1605 538 1725 575 κτίσεως,
1744 550 1757 566 ι

1051 591 1127 614 στητι
1155 581 1243 613 καλῶς
1264 583 1337 620 ἡμᾶς
1360 583 1404 611 καὶ
1425 583 1467 611 ἐπ’
1498 583 1658 622 ἀμφοτέραις
1691 590 1752 614 ταῖς
1781 583 1870 613 αἰτίαις

1050 624 1086 652 δι’
1117 627 1176 653 riu)
1203 626 1233 654 ἐκ
1259 631 1305 655 τοῦ
1327 628 1428 666 Πατρὸς
1456 627 1606 666 εἰρημέναις
1634 629 1664 655 τὸ
1703 631 1748 656 τοῦ
1774 628 1870 666 Πατρὸς

1050 670 1094 697 καὶ
1115 671 1174 698 Υἱοῦ
1200 672 1315 710 τηρῆσαι
1340 671 1496 711 ἀδιαίρετον,
1528 673 1556 700 Ei.
1578 673 1627 711 γὰρ
1653 673 1683 700 τὸ
1705 672 1757 700 ἀπὸ
1775 672 1872 711 Πατρός

1051 713 1196 752 ἀδιαίρετον
1236 715 1277 744 ἐπὶ
1320 716 1368 750 τῆς
1417 715 1609 756 δημιουργικῆς
1645 716 1703 756 ἔχει
1749 717 1832 749 αἰτίας
1859 717 1873 743 ὀ

1059 759 1130 798 Υἱὸς,
1145 760 1196 798 οὔχ
1211 759 1250 788 ὅτι
1266 767 1387 800 συνεργεῖ
1412 761 1480 788 κατά
1508 772 1545 800 τι,
1573 762 1617 789 καὶ
1645 762 1705 790 οῖον
1727 760 1875 800 ἀναπληροῖ

1808 538 1871 566 συνὲ-

187 801 341 841 solutaque
358 806 425 833 est:
443 803 495 833 sed
517 804 594 843 quod
626 804 755 834 essentia
780 811 943 845 naturaque
968 805 1010 834 illi

1113 803 1155 831 ἐπὶ
1239 807 1291 832 τῶν
1320 805 1401 833 ὄντων
1438 805 1506 841 αἰτίᾳ
1543 804 1633 837 ἀτελὲς
1676 810 1722 835 τοῦ
1748 805 1874 844 Πατρός·

187 846 366 886 conjunctus
382 850 436 884 est,
454 847 503 887 qui
521 857 573 887 per
588 848 683 889 ipsum
712 858 815 879 creare
844 850 905 879 vult
927 858 1010 889 qua:-

1103 847 1171 879 νδεὲς
1206 848 1256 887 γὰρ
1285 850 1328 877 καὶ
1363 849 1464 878 τέλειον
1499 853 1552 878 τῶν
1579 850 1728 888 κτίσματων
1761 850 1846 878 αἴτιον
1862 851 1876 878 ὁ

185 898 304 930 cunque
320 896 470 929 creantur,
487 892 579 923 multo
603 893 697 932 magis
715 893 745 924 in
772 894 899 924 naturali
923 903 1012 924 causa

189 935 318 976 Spiritus
342 937 419 968 hanc
445 937 690 969 communionem
721 938 899 978 possidebit,
930 939 955 969 si
982 943 1012 970 et

187 980 251 1020 ipse
261 980 389 1017 Spiritus
399 990 451 1022 per
465 982 568 1012 Filium
583 983 759 1014 naturaliter
772 983 916 1014 emittitur
925 993 941 1014 a
953 984 1011 1015 Pa-

187 1028 243 1056 tre.
265 1024 301 1055 Et
326 1035 380 1056 nos
396 1026 484 1066 plane
500 1036 552 1067 pro
563 1027 625 1066 jam
651 1027 738 1058 dictis
763 1032 930 1068 susceptam
953 1028 1010 1058 ob-

183 1069 385 1109 jurgationem
413 1071 548 1111 quaaruli,
566 1077 594 1102 et
619 1072 740 1111 jocandi
763 1081 829 1102 cum
853 1072 1012 1104 dicacitate

188 1114 312 1145 studiosi
329 1115 381 1145 viri
395 1115 474 1147 hunc
490 1116 520 1146 in
534 1115 655 1146 modum
672 1117 874 1156 reprimimus.
892 1118 927 1147 At
950 1118 1012 1157 ipse

188 1158 260 1199 quid
279 1159 339 1190 Deo
363 1159 393 1189 in
413 1160 510 1191 l‘uturo
529 1161 643 1200 judicio
659 1166 687 1192 et
703 1170 780 1192 nunc
801 1163 853 1192 Dei
870 1161 1013 1192 Eaclesize

187 1203 392 1244 respondebit.
408 1205 478 1235 dum
496 1205 594 1245 ipsum
610 1210 743 1237 sanctutn
762 1205 877 1236 Patrem
900 1207 1013 1246 Nysse-

188 1257 258 1280 num
276 1257 371 1280 causae
386 1259 422 1280 ex
439 1249 526 1281 Patre.
543 1251 610 1282 Filii
636 1255 665 1281 et
688 1251 814 1290 Spiritus
851 1251 1013 1282 discrimen

187 1298 323 1334 apertum
339 1293 550 1325 decernentem
575 1296 732 1335 comperit,
750 1305 815 1326 cum
841 1295 912 1326 dicit
930 1308 942 1323 α
962 1297 1012 1327 Fi—

189 1337 261 1370 lium
279 1339 400 1379 quidem
414 1334 565 1380 contigue,
575 1334 719 1381 Spiritum
735 1350 803 1371 vero
819 1350 852 1371 ex
871 1350 916 1377 eo,
935 1341 1013 1381 quod

189 1384 326 1423 contigue
342 1391 400 1424 ρει,
417 1393 451 1415 ex
466 1386 551 1416 Patre
566 1385 692 1421 causari.
707 1395 718 1410 ι
737 1391 766 1416 et
777 1386 852 1416 hanc
868 1386 1014 1416 dill'eren-

190 1429 259 1460 tiam
276 1429 435 1469 improbat,
463 1434 492 1460 et
507 1430 589 1470 quasi
607 1440 623 1460 a
639 1430 750 1460 nullius
775 1430 926 1469 dignitatis
954 1431 1015 1462 viro

189 1474 380 1514 pronuntiata
394 1479 485 1514 esset,
502 1475 592 1505 veluti
607 1475 740 1515 spuriam
756 1474 842 1505 obelo
857 1475 965 1515 signat,
987 1480 1016 1506 et

190 1518 233 1550 sic
243 1521 381 1558 contigue
393 1523 422 1550 et
436 1519 609 1551 immediate
625 1529 658 1550 ex
676 1519 772 1557 Patre,
790 1520 832 1550 uti
850 1525 878 1550 et
893 1520 1012 1552 Filium.

189 1563 334 1603 Spiritum
351 1572 416 1594 esse
432 1565 464 1602 (ο
480 1564 610 1603 linguam
635 1564 767 1596 audaciae
793 1565 923 1604 plenam,
950 1574 1016 1605 quae

191 1608 301 1640 similia
315 1607 441 1641 blaterat
452 1609 476 1650 ι)
491 1608 649 1641 decernit?

233 1744 285 1777 Η.
300 1744 415 1776 Invadit
429 1744 537 1776 iterum
562 1753 617 1775 nos
633 1744 837 1775 contentiosus
862 1743 930 1781 iste,
947 1744 1018 1775 dum

191 1789 320 1820 dicimus
342 1789 416 1820 nihil
442 1789 512 1821 inde
538 1789 605 1820 novi
621 1789 716 1829 sequi,
739 1789 764 1819 si
789 1789 841 1829 qui
857 1789 947 1819 vitam
965 1799 1017 1829 pro

193 1833 306 1874 Spiritu
324 1838 425 1865 sancto
440 1834 603 1875 accipiunt,
620 1833 786 1865 secundum
813 1843 910 1864 causae
924 1834 1017 1864 ratio-

191 1888 261 1911 nem
283 1879 460 1919 intelligant,
478 1888 544 1910 cum
562 1879 627 1910 fons
654 1879 719 1909 vitae
740 1879 832 1910 Filius
857 1883 1017 1920 asseratur,

193 1924 271 1965 quod
291 1933 345 1965 per
363 1924 471 1956 Filium
488 1933 522 1955 ex
538 1923 627 1955 Patre
651 1933 741 1955 causa
765 1924 897 1964 Spiritus
919 1923 975 1960 sit;
993 1927 1023 1954 et

191 1969 304 2001 fontem
323 1969 389 2009 ipse
406 1969 473 2000 vita;
487 1969 673 2009 unigenitum
700 1968 752 2000 Dei
768 1968 899 2000 Verbum
926 1968 1021 1998 inter-

193 2018 325 2056 pretans,
339 2013 417 2055 quod
435 2014 520 2046 nobis
535 2013 665 2054 peccatis
677 2013 842 2044 demortuis
857 2022 945 2043 causa
957 2013 1022 2044 vitae

192 2059 262 2096 fuit,
278 2059 372 2090 instar
386 2059 482 2091 ﬂuxus
496 2058 628 2090 fluminis
644 2058 783 2089 omnibus
795 2058 825 2088 in
841 2057 937 2098 ipsum
955 2066 1020 2088 cre-

193 2103 346 2145 dentibus,
358 2104 450 2135 veluti
465 2112 482 2134 a
497 2103 578 2134 fonte
593 2112 609 2134 a
621 2105 719 2144 seipso
729 2111 793 2133 eam
806 2103 1022 2142 emittens,non

1052 893 1143 932 Πατήρ
1160 901 1166 908 '
1198 892 1258 922 ἀλλ’
1300 893 1340 922 ὅτι
1388 893 1447 922 κατ’
1488 895 1574 922 οὐσίαν
1615 896 1659 922 καὶ
1701 895 1775 935 φύειν
1805 894 1877 930 αῦτῷ

1053 935 1166 977 ἥνωται,
1213 936 1386 977 δημιουργεῖν
1414 937 1447 966 δι’
1476 941 1553 968 αὐτοῦ
1593 939 1627 966 τά
1653 938 1879 978 δημιουργούμενα

1052 980 1167 1019 θέλοντι,
1194 981 1286 1020 πολλῳ
1315 982 1396 1011 πλέον
1425 983 1468 1011 ἐπὶ
1496 985 1545 1017 τῆς
1575 986 1687 1023 φυσικῆς
1723 984 1806 1015 αἰτίας
1835 987 1881 1011 τοῦ

1054 1026 1206 1064 Πνεύματος
1234 1028 1264 1055 τὸ
1305 1031 1422 1055 τοιοῦτον
1452 1027 1502 1060 ἕξει
1546 1027 1702 1067 ιῖιδιαίρετον⁹
1736 1027 1794 1067 εἴγε
1835 1028 1880 1056 καὶ

1054 1070 1117 1098 αὐτὸ
1133 1071 1164 1099 τὸ
1194 1075 1299 1101 Πνεῦμα
1328 1076 1375 1101 τοῦ
1407 1073 1466 1100 Υἱοῦ
1494 1075 1608 1112 φυσικῶς
1638 1072 1710 1100 ἐπτιν
1739 1071 1881 1109 ἐκπεμπό-

1054 1126 1132 1152 μενον
1149 1117 1178 1144 ἑκ
1194 1117 1307 1155 [ἰατρὸς.
1335 1117 1384 1145 Καὶ
1419 1117 1500 1154 ἡμεῖς
1527 1116 1575 1153 μὲν
1603 1116 1672 1145 οὕτω
1700 1117 1748 1149 τὴν
1765 1116 1808 1144 ἐπὶ
1823 1124 1882 1147 τοῖς

1053 1160 1166 1198 ῥηθείσιν
1195 1161 1334 1194 ἐπίπληξιν
1355 1164 1401 1189 τοῦ
1430 1161 1649 1202 φιλοτκώμμονος
1678 1160 1769 1200 ἀνδρὸς
1810 1162 1881 1189 ἀπο-

1071 1215 1076 1220 ⁸
1135 1204 1163 1222 γι
1292 1207 1302 1215 .--
1374 1205 1393 1214 ’μ
1515 1207 1520 1214 .
1589 1208 1600 1213 η
1625 1205 1636 1215 ν
1708 1209 1719 1214 ..
1785 1205 1801 1213 Α

1054 1207 1243 1242 σκευαηομεθι,
1267 1210 1348 1238 Ou:ch
1371 1216 1398 1233 οε
1429 1206 1453 1234 τί
1481 1217 1523 1234 και
1546 1210 1604 1242 Θεῳ
1626 1217 1651 1234 εν
1686 1217 1724 1243 τῳ
1757 1205 1882 1243 με1.λοντι

1054 1247 1230 1289 δικαιωτηρίῳ
1265 1251 1307 1279 καὶ
1341 1254 1375 1288 τῇ
1410 1250 1556 1287 Ἐκκλησία
1583 1254 1648 1279 Θεοῦ
1676 1254 1718 1278 νῦν
1745 1250 1883 1289 ἀπολογῆ-

1055 1304 1139 1330 σεται,
1166 1296 1211 1322 τὸν
1241 1295 1319 1323 αὒτὸν
1354 1297 1426 1324 θεῖον
1455 1296 1558 1335 Πατέρα
1587 1296 1632 1324 τὸν
1661 1296 1766 1328 Νύσσης
1796 1297 1826 1323 τὸ
1856 1295 1885 1323 ὲκ

1056 1339 1158 1378 Πατρὸς
1174 1340 1289 1368 αἷτιατὸν
1321 1341 1379 1368 Υἱοῦ
1400 1350 1428 1368 τε
1463 1341 1506 1368 καὶ
1542 1341 1692 1377 Πνεὸματος
1723 1340 1759 1372 εἰς
1788 1339 1884 1380 διαφο-

1056 1383 1102 1419 ρὰν
1139 1384 1264 1423 εὑρίσκων
1300 1384 1481 1412 ἀποτᾶττοντα
1509 1383 1652 1423 πρόδηλον,
1683 1384 1709 1412 ἐν
1738 1388 1777 1421 τῷ
1809 1396 1823 1412 ιι
1841 1386 1887 1412 τὸν

1058 1427 1106 1464 μὲν
1134 1430 1193 1456 Υἱὸν
1221 1432 1373 1468 προσεχως,
1401 1430 1432 1457 τὸ
1461 1428 1488 1456 δὲ
1518 1432 1624 1467 Πνεῦμα
1655 1428 1697 1456 διὰ
1717 1432 1763 1457 τοῦ
1784 1440 1887 1468 προσε-

1057 1475 1118 1511 χῶς
1160 1473 1275 1501 αἰτιατὸν
1301 1485 1314 1500 ι
1351 1473 1488 1512 θεολογεῖν
1521 1473 1551 1502 ἐκ
1580 1474 1692 1513 Πατρὸς,
1717 1474 1760 1501 καὶ
1787 1475 1888 1507 ταύτην

1058 1516 1156 1545 ἀθετῶν
1178 1517 1228 1551 τὴν
1256 1517 1392 1557 διαφορὰν,
1422 1518 1466 1546 καὶ
1495 1519 1531 1551 ὡς
1573 1519 1643 1557 παρὰ
1672 1521 1717 1546 τοῦ
1735 1521 1788 1545 τῶν
1811 1517 1888 1546 οῦδε-

1059 1561 1102 1592 νός
1141 1560 1218 1594 ἀξίων
1246 1562 1372 1600 ῥηθεῖσαν
1408 1561 1570 1598 διοϐελίζων,
1612 1563 1656 1591 καὶ
1675 1562 1759 1590 οὕτω
1786 1574 1889 1602 προσε-

1060 1605 1119 1645 χῶς
1133 1607 1176 1634 καὶ
1192 1606 1297 1644 ἀμέσως
1321 1607 1451 1635 εἶναικαὶ
1485 1608 1515 1635 τὸ
1538 1610 1642 1644 Πνεῦμα
1669 1607 1698 1635 ἐκ
1726 1610 1772 1635 τοῦ
1786 1609 1890 1645 Πατρὸς

1061 1651 1097 1682 ὡς
1126 1650 1203 1679 αὐτὸν
1232 1652 1277 1679 τὸν
1309 1653 1369 1680 Υἱὸν
1401 1651 1534 1692 (γλώττης
1569 1652 1686 1691 θρασέως
1713 1653 1746 1681 τὰ
1777 1655 1890 1680 τοιαῦτα

1060 1694 1243 1734 φθεγγομένης
1262 1695 1283 1735 ί)
1301 1696 1535 1736 ἀποφαινόμενος

1103 1739 1147 1770 ιδ’.
1186 1740 1339 1780 Ἐπιφύεται
1375 1741 1454 1769 πάλιν
1489 1742 1558 1779 ἡμῖν
1586 1742 1600 1769 ό
1621 1740 1752 1782 φιλαίτιος
1784 1741 1892 1780 λέγουσι

1061 1784 1144 1822 μηδὲν
1159 1786 1248 1813 καινὸν
1271 1786 1354 1821 εἶναι,
1382 1787 1403 1814 εἰ
1417 1792 1476 1817 τοῖς
1504 1786 1554 1819 τὴν
1569 1786 1640 1821 ζωὴν
1667 1786 1702 1818 είς
1731 1787 1762 1814 τὸ
1784 1788 1894 1823 Πνεὶμα

1060 1831 1091 1858 τὸ
1118 1829 1193 1869 ἂγιον
1221 1828 1415 1867 ἐκλαμϐανουοι
1443 1831 1511 1859 κατὰ
1531 1831 1576 1858 τὸν
1605 1833 1654 1864 τῆς
1683 1831 1766 1863 αἰτίας
1782 1831 1893 1864 νοηθείη

1062 1873 1142 1913 λόγον
1169 1875 1245 1913 πηγὴ
1273 1877 1345 1910 ζωῆς
1372 1876 1385 1903 ό
1426 1876 1486 1907 Υἱὸς
1515 1875 1664 1914 εἰρημένος,
1692 1875 1731 1903 ὃτι
1767 1874 1811 1903 διὰ
1847 1880 1894 1905 τοῦ

1068 1920 1127 1947 Υἳοῦ
1152 1919 1181 1947 ἐκ
1217 1919 1320 1959 Πατρός
1355 1920 1426 1947 ὶστιν
1462 1920 1531 1948 αἰτία
1566 1923 1613 1948 τοῦ
1648 1920 1800 1956 Πνεόματος
1819 1927 1826 1934 ⁸
1850 1920 1895 1948 καὶ

1063 1964 1155 2002 πηγὴν
1170 1967 1242 2000 ζωῆς
1272 1963 1350 1996 αὐτὸς
1377 1965 1422 1993 τὸν
1453 1967 1585 2004 μονογενῆ
1615 1964 1660 1992 τοῦ
1684 1967 1749 1992 Θεοῦ
1777 1963 1893 2003 ἐξηγού-

1064 2019 1143 2046 μενος
1172 2009 1270 2048 Λόγον,
1308 2009 1349 2037 ὅτι
1391 2011 1439 2043 τῆς
1468 2010 1521 2037 ἀπὸ
1549 2011 1597 2043 τῆς
1648 2009 1778 2048 ἁμαρτίας
1815 2019 1893 2037 νενε-

1064 2053 1208 2094 κρωμένοις
1224 2054 1291 2092 ἡμῖν
1317 2053 1406 2085 αἴτιος
1435 2053 1533 2088 ὑπῆρξε
1561 2057 1646 2091 ζωῆς,
1683 2054 1813 2091 ποταμίου
1835 2053 1895 2092 ῥεύ-

1065 2109 1149 2136 ματος
1172 2098 1246 2132 δίκην
1279 2105 1338 2130 τοῖς
1367 2100 1403 2131 είς
1440 2098 1520 2127 «trav
1550 2099 1698 2127 πιστεύουσι
1727 2101 1820 2134 πᾶσιν,
1858 2099 1894 2130 ὡς

194 2142 345 2190 agnoscit,
355 2148 434 2190 quod
446 2149 512 2189 ipse
525 2148 616 2186 dicat,
629 2142 726 2188 neque
738 2148 776 2178 de
788 2147 895 2187 quibus
903 2151 1018 2178 statuat.

1103 2144 1117 2171 ὸ
1137 2144 1230 2182 πηγῆς
1253 2143 1346 2172 ἑαυτοῦ
1369 2144 1493 2182 πτ,γάσας
1522 2144 1615 2178 αἰπήν.
1653 2142 1730 2171 Ἀλλ’
1758 2143 1806 2171 ουκ
1820 2142 1895 2171 οἶδεν

193 2193 255 2226 Nos
269 2194 348 2226 enim
363 2194 434 2225 dum
450 2193 645 2228 asseruimus,
657 2192 731 2223 nihil
747 2201 814 2223 esse
830 2191 896 2222 novi
913 2191 1024 2222 fontem

193 2240 271 2277 vita,
289 2239 454 2271 secundum
470 2238 548 2279 quod
565 2247 619 2279 per
635 2237 741 2269 Filium
759 2237 887 2278 Spiritus
899 2240 954 2275 est,
972 2235 1023 2268 Fi—

193 2284 273 2316 lium
287 2283 412 2324 intelligi
427 2283 464 2315 ab
477 2283 525 2320 iis,
536 2283 586 2324 qui
597 2282 686 2313 vitam
697 2281 872 2322 inSpiritum
888 2285 1024 2312 sanctum

194 2330 341 2367 referunt,
371 2338 430 2360 non
454 2333 615 2370 propterea
645 2336 767 2368 prorsus
793 2327 822 2357 in
837 2325 1025 2366 probavimus

195 2375 283 2407 etiam
302 2373 414 2405 fontem
429 2373 497 2404 vita;
512 2372 696 2413 unigenitum
708 2371 902 2403 DeiVerbum
913 2371 1024 2402 dictum

195 2419 300 2457 fuisse,
316 2418 394 2460 quod
410 2417 448 2449 ob
464 2422 585 2459 peccata
607 2416 778 2448 immortuis
792 2425 881 2447 causa
903 2415 968 2455 ipse
982 2419 1027 2446 est

195 2464 275 2504 vitae,
288 2472 323 2495 ex
336 2463 436 2504 seipso
449 2462 589 2494 omnibus
603 2471 668 2493 eam
684 2461 836 2493 emillens.
853 2461 964 2491 Verum
977 2459 1026 2490 hic

197 2507 260 2540 suis
275 2507 467 2539 sermonibus
480 2507 628 2545 inserens,
649 2520 662 2535 α
680 2505 755 2537 nihil
772 2505 838 2537 novi
850 2514 915 2536 esse
930 2513 1027 2545 neque

198 2552 236 2586 ab
247 2561 303 2584 usu
318 2552 540 2594 Scripturarum
555 2551 699 2589 alienum,
717 2552 740 2581 si
765 2550 899 2592 spiritale
914 2549 1025 2580 donum

200 2598 351 2639 equivoce
375 2596 504 2638 Spiritus
533 2601 654 2628 sanctus
680 2600 812 2634 vocetur,
829 2600 860 2627 et
877 2594 1024 2625 actionem

199 2642 359 2684 aliquando
374 2641 561 2683 agentis,sibi
576 2649 685 2673 nomen
699 2641 868 2672 adsciscere
878 2639 1025 2677 videatur,

200 2687 242 2721 uti
257 2687 329 2718 solis
343 2687 497 2729 splendor,
520 2690 550 2717 et
565 2686 666 2717 lumen
682 2695 889 2727 saepenumero
906 2684 989 2724 solis,
1010 2696 1023 2712 ι

200 2733 330 2776 proferat
354 2731 441 2764 nobis
469 2731 647 2776 Scripturas
664 2730 893 2776 exposcentibus
909 2738 1026 2776 eorum

200 2773 266 2821 qua
276 2778 341 2820 ipse
355 2776 438 2819 dicit,
455 2785 514 2808 non
529 2785 596 2808 esse
611 2774 883 2815 alienum,gratiam
899 2773 1028 2815 Spiritus

1067 2187 1139 2220 ὅπως
1175 2188 1222 2216 οῦκ
1249 2187 1306 2216 οἶδε
1334 2188 1359 2216 τί
1394 2188 1478 2227 λέγει,
1501 2189 1544 2216 καὶ
1580 2189 1638 2228 περὶ
1687 2188 1764 2216 τίνων
1801 2186 1894 2216 διαϐε-

1067 2231 1198 2264 ϐαιοῦται,
1241 2229 1336 2271 Ἡμεῖς
1363 2233 1413 2272 γὰρ
1451 2232 1536 2269 μηδὲν
1564 2233 1698 2272 εἶρηκότες
1733 2239 1804 2260 εῖναι
1834 2243 1896 2260 κειι⁵

1066 2279 1110 2306 νόν
1132 2278 1224 2318 πηγὴν
1246 2281 1329 2316 ζωῆς,
1359 2278 1427 2307 κατὰ
1448 2279 1478 2306 τὸ
1499 2277 1533 2305 δι’
1563 2279 1623 2306 fio-3
1644 2279 1674 2306 τὸ
1704 2280 1821 2314 Πνεῦμα,
1850 2278 1896 2308 τὸν

1073 2324 1132 2352 ι’ίὸν
1168 2323 1330 2363 ἐκληφθῆναι
1358 2330 1416 2356 τοῖς
1442 2323 1492 2356 τὴν
1517 2323 1589 2358 ζωὴν
1619 2324 1655 2354 εἰς
1683 2324 1714 2351 τὸ
1738 2326 1846 2359 Πνεῦμα
1867 2323 1898 2350 τὸ

1066 2367 1142 2407 ἅγιον
1171 2367 1393 2406 ἓκλαμϐάνουσιν,
1431 2369 1478 2398 οὒκ
1508 2368 1675 2406 ἠθετήκαμεν
1715 2368 1823 2400 πάντως
1868 2369 1899 2395 τὸ

1066 2414 1110 2442 καὶ
1125 2414 1217 2453 πηγὴν
1233 2416 1304 2449 ζωῆς
1332 2414 1377 2442 τὸν
1406 2415 1536 2452 μονογενῆ
1557 2416 1604 2441 τοῦ
1631 2417 1696 2441 Θεοῦ
1719 2413 1804 2451 Λόγον
1820 2413 1900 2451 εἰρῆ-

1067 2460 1124 2486 σθαι
1153 2457 1195 2487 διὰ
1230 2459 1260 2486 τὸ
1289 2465 1346 2490 τοῖς
1373 2457 1426 2486 ἀπὸ
1450 2457 1499 2492 τῆς
1526 2457 1655 2498 ἁμαρτίας
1690 2456 1900 2496 νενεκρωμένοις

1067 2503 1157 2532 αἶ’τιαν
1179 2505 1257 2533 αὑτὸν
1286 2504 1418 2543 ὺπάρχεεν
1450 2505 1533 2541 ζωῆς,
1563 2502 1589 2535 ἐξ
1617 2503 1709 2532 ἑαυτοῦ
1737 2508 1796 2532 τοῖς
1834 2505 1903 2530 πᾶσι

1068 2549 1166 2582 ταύτην
1181 2550 1342 2588 πηγάζοντα.
1363 2547 1444 2579 Οὗτος
1473 2546 1500 2574 δὲ
1526 2546 1568 2575 διὰ
1597 2547 1679 2584 μέσου
1703 2550 1756 2575 τῶν
1771 2547 1904 2575 τοιούτων

1069 2594 1147 2622 αὐτοῦ
1169 2593 1270 2632 λόγων,
1296 2604 1310 2620 ¢
1330 2591 1411 2631 μηδὲν
1436 2592 1526 2620 καινὸν
1543 2592 1612 2619 εἶναι
1628 2603 1641 2618 iv
1673 2591 1771 2630 λέγων,
1792 2602 1805 2618 ι
1832 2589 1905 2629 μηδέ

1067 2640 1116 2673 τῆς
1131 2643 1184 2667 τῶν
1211 2642 1319 2679 Γραφῶν
1344 2637 1480 2670 συνηθεάς
1509 2635 1659 2676 ἀλλότριον,
1691 2636 1736 2664 ἐὰν
1762 2636 1793 2664 τὸ
1818 2646 1908 2664 πνευ-

1068 2685 1181 2722 ματικὸν
1198 2684 1319 2724 χάρισμα
1349 2682 1424 2721 ἅγιοι
1451 2682 1600 2719 ὁμωνύμως
1631 2684 1736 2718 Πνεῦμα
1761 2679 1907 2718 καλεῖται,

1068 2729 1112 2757 καὶ
1146 2729 1195 2762 τὴν
1224 2727 1356 2767 ἐνέργειαν
1385 2726 1454 2754 ἔστιν
1497 2726 1541 2754 ὅτε
1576 2725 1733 2754 οἰκειοῦσθαι
1777 2725 1828 2754 τοῦ
1858 2725 1910 2759 τὴν

1069 2774 1237 2813 ἐνεργοῦντος
1274 2772 1370 2806 κλῆσιν
1403 2770 1626 2809 ἀποφαινόμενος,
1657 2771 1693 2802 ὡς
1729 2771 1773 2798 καὶ
1803 2770 1821 2803 ἡ
1861 2775 1912 2799 τοῦ
