1967 3071
56 120 102 151 941

629 124 675 155 DE
700 124 844 155 UNIONE
868 123 1095 154 ECCLESIARU
1102 123 1140 153 Μ.

1675 119 1734 152 942

57 190 112 225 σθη,
139 187 196 216 ἀλλ’
224 190 314 218 ἑαυτὸν
337 190 455 221 κενώσας
485 192 527 218 καὶ
556 191 638 230 μέχρι
653 189 745 219 δούλου
761 202 833 230 μορφπ

962 198 994 220 er
1010 193 1121 226 noster,
1139 198 1198 219 non
1215 188 1262 226 iis,
1280 188 1309 218 in
1325 187 1433 228 quibus
1444 197 1497 218 sua
1509 187 1648 218 Ecclesia
1665 195 1735 227 pace

56 233 101 265 τὴν
125 232 232 262 κένωσιν
253 235 380 274 ὑποστὰς,
410 235 476 274 πρὸς
507 236 598 264 ἑαυτὸν
628 235 735 263 εἵλκυσε
763 236 794 263 τὸ
820 245 871 263 πε-

56 276 215 315 πλανημένον
241 279 332 319 ἡμῶν⁷
370 280 412 307 καὶ
449 279 662 319 ἡλλοτριωμένον
695 283 748 308 τῶν
769 280 871 319 ἀνθρώο

56 333 108 349 πων
134 322 206 361 γένος
225 332 232 339 ⁶
264 324 332 353 οὕτω
353 325 396 352 καὶ
424 325 438 352 ὁ
458 325 579 362 μιμητὴς
601 325 711 364 ἐκείνου,
728 326 741 353 ὸ
757 335 874 362 πνευμα-

56 367 127 400 τικὴς
155 367 228 405 ἡμῶν
252 370 352 408 πατὴρ,
376 371 426 409 οὐχ
443 370 488 401 οἷς
499 370 516 403 ἦ
532 368 591 398 καθ’
606 370 698 398 ἑαυτὸν
728 368 873 402 Ἐκκλησία

56 411 85 438 τὸ
105 412 234 450 εἷρηναῗον
264 414 343 453 εἶχεν
364 413 519 451 ἡσμὲνισεν,
550 414 618 442 ἀλλὰ
646 413 688 442 διὰ
714 417 766 442 τῶν
788 415 874 442 αὒτῶν

56 456 144 492 τιμίων
170 458 364 497 τοποτηρητῶν
401 457 524 492 διανέστη
552 459 595 487 καὶ
623 459 695 496 ἡμᾶς
724 457 874 495 ἐπισκέψα-

55 501 122 529 σθαι.
140 511 150 528 ι
178 502 225 530 Καὶ
247 502 314 539 μετᾶ
329 513 388 530 τινα
409 505 458 535 τῆς
480 503 597 541 ὁμιλίας,
613 504 650 536 ὡς
666 505 680 531 ὸ
701 501 874 543 καρδηνὰλιος

56 544 147 584 Πέτρος
168 544 194 573 ἂν
217 545 292 584 μέσῳ
319 547 365 575 τοῦ
396 547 465 587 ἱεροῦ
495 547 595 576 ἐκείνου
624 547 752 586 ουλλόγου
779 546 874 586 ἐνεφά-

55 599 108 616 νισε
139 589 170 617 τὰ
198 591 271 630 ωαρὰ
305 595 351 619 τοῦ
386 591 534 630 ἀγιωτάτου
563 593 660 621 πάππα
691 591 813 620 Ἰωάννου
833 593 872 627 τῷ

55 635 145 670 Φωτίῳ
166 633 305 675 σταλέντα,
328 636 377 670 τὴν
397 636 587 676 ἀρχιερατικὴν
612 647 681 676 φημι
709 635 818 671 στολὴν,
842 636 872 663 τὸ

55 676 199 718 ὠμόφορον,
228 680 259 707 τὸ
285 681 438 720 στιχάριον,
465 682 495 709 τὸ
523 680 664 721 φελώνιον,
692 681 736 709 καὶ
764 681 797 708 τὰ
812 691 873 708 σαν-

56 720 140 759 δάλια,
166 724 270 756 Φώτιος
300 725 362 753 εἶπε
379 733 387 740 ·
416 735 427 753 α
451 720 562 762 Χριστὸς
584 727 598 754 ὁ
615 728 679 757 Θεὸς
700 726 778 763 ἡμῶν
793 724 871 765 νεφέ-

55 765 112 799 λαις
138 767 181 795 τὸν
225 770 333 808 οὐρανὸν
377 768 556 809 περιϐάλλων,
585 771 629 798 καὶ
663 781 712 803 την
741 769 871 808 ἡμετέραν

54 810 126 849 φύσιν
159 812 343 852 ἆναχωνεῦσαι
382 816 426 843 καὶ
452 817 563 854 καθᾶραι
590 814 792 852 στολισάμενοε,
822 816 872 843 ουδ’

53 856 97 887 τὸς
118 857 159 884 τὸν
191 856 313 898 ἀδελφὸν,
337 859 380 886 καὶ
404 858 615 899 συλλειτουργὸν,
638 860 682 888 καὶ
696 859 873 896 πνευματικὸν

54 899 161 939 πατέρα,
182 902 226 929 καὶ
247 901 273 930 ἒν
299 906 337 939 τῷ
364 903 473 942 παρόντι
502 904 550 941 βίῳ
571 904 684 943 φρουρὰν
714 903 808 931 ἄσυλον
830 903 873 931 καὶ

54 945 180 983 σωτηρίαν
209 946 313 986 ἀσφαλῆ
341 947 472 985 στολίσαι,
510 949 559 976 κάν
579 952 618 985 τῷ
646 947 770 986 μέλλοντι
798 948 872 975 αἱῶνι

52 989 97 1017 τὸν
118 991 244 1029 νυμφικὸν
283 991 433 1030 περιϐαλὼν
460 995 575 1032 χιτῶνα,
608 992 678 1025 ἄξιον
713 995 759 1020 τοῦ
788 1003 874 1029 μακα-

52 1032 105 1071 ρίου
126 1032 222 1064 ἐκείνου
249 1039 388 1075 νυμφῶνος
423 1037 565 1070 ἀναδείξαι,
583 1049 597 1065 ι
631 1035 711 1065 [MDC
742 1036 808 1065 ἅττα
828 1037 872 1064 καὶ

52 1077 125 1117 ἔτερα
151 1077 191 1107 διὰ
217 1079 301 1117 μέσου
336 1084 388 1109 τῶν
418 1084 465 1115 τῆς
496 1082 600 1121 εἰρήνης
622 1080 730 1110 συνόδου
757 1092 871 1120 πρακτι-

52 1125 106 1150 κῶν
132 1123 242 1156 Φώτιως
279 1124 400 1166 εἴρηκεν,
430 1126 456 1158 ἐξ
499 1125 535 1154 ὧν
571 1127 694 1154 ἁπάντων
722 1126 872 1154 συνίσταται

51 1166 115 1206 ὅπερ
137 1168 150 1195 ὸ
170 1167 249 1207 λόγος
276 1169 414 1203 ἀποδεῖξαι
449 1171 586 1210 προέθετο,
616 1170 680 1210 ὅπερ
707 1170 762 1198 ἐστὶ
783 1170 812 1198 τὸ
839 1170 872 1198 τὰ

49 1211 121 1255 ’μαρὰ
141 1213 244 1242 Φωτίου
270 1213 419 1248 λαληθεντα
446 1226 474 1243 τε
489 1216 533 1243 καὶ
545 1215 698 1255 πραχθέντα
725 1215 793 1243 κατὰ
821 1216 871 1247 τῆς

53 1252 206 1293 Ῥωμαῖκῆς
235 1256 398 1292 Ἐκκλησίας
427 1260 519 1291 κακίας
554 1260 624 1287 εἶναι
648 1260 799 1298 γεννήματα
828 1259 872 1286 καὶ

49 1301 214 1340 κικοχάρτου
243 1302 349 1331 ἐκτόκια
364 1303 458 1342 ἔριδος,
485 1304 538 1333 Κᾶν
560 1308 622 1343 γοῦν
637 1304 676 1341 μὴ
705 1304 749 1332 καὶ
776 1303 870 1332 πλείο-

50 1354 93 1375 νος
122 1344 170 1373 ἔδει
186 1350 256 1379 τινὸς
282 1348 318 1379 εἷς
339 1349 503 1388 παράστασιν
518 1349 622 1385 τούτου,
639 1347 699 1376 ἀλλ’
722 1346 758 1376 ἵν’
774 1348 804 1376 ἐκ
818 1358 870 1376 πε-

50 1389 164 1427 ριουσίας
186 1390 241 1424 ἕξει
268 1393 299 1420 τὸ
320 1393 415 1431 κράτος
442 1395 456 1422 ὁ
477 1397 554 1422 τοῦτο
583 1393 752 1433 παραστῆσαι
774 1391 872 1432 προθέ-

49 1444 129 1471 μενος
143 1434 235 1474 λόγος,
262 1437 306 1465 καὶ
335 1444 407 1470 τρεῖς
435 1441 488 1466 τῶν
516 1442 562 1467 τοῦ
590 1438 693 1466 Φωτίου
720 1436 867 1465 ἐπιστολῶν

46 1481 130 1513 πικῆς
157 1479 310 1518 ἠξιωμένων
340 1478 476 1521 Ῥωμαίων
505 1482 677 1515 ἀπολυθείσας
713 1483 781 1519 μετὰ
807 1482 857 1515 τὴν

46 1522 116 1556 λιξεὶ
136 1527 352 1566 καταπρωθῆναι
368 1527 477 1558 ἐνταῦθα
499 1527 658 1568 διέγνωμεν.

914 238 943 264 et
958 234 1168 274 tranquillitate
1183 232 1347 272 fruebatur,
1364 235 1521 263 contentus
1542 231 1664 270 fuit,sed
1682 241 1734 272 per

913 287 982 310 suos
1008 278 1199 309 honorandos
1228 277 1463 308 locumtenentes
1489 276 1652 313 excitatus,
1680 284 1734 306 nos

913 333 1031 364 quoque
1045 323 1204 354 visitavit.»
1212 325 1248 354 Et
1263 326 1328 362 post
1343 331 1435 361 pauca
1447 320 1527 352 illius
1544 329 1733 361 congressus.

914 377 980 398 cum
996 367 1156 398 cardinalis
1172 366 1274 397 Petrus
1290 366 1318 396 in
1336 365 1476 396 sacrailla
1491 365 1733 406 congregatione,

915 422 980 453 quae
994 422 1011 442 a
1026 411 1213 443 sanctissimo
1229 412 1341 442 Joanne
1358 419 1481 441 munera
1506 411 1610 442 Photio
1634 410 1734 441 mitte-

915 457 1032 494 bantur,
1044 456 1239 487 archieratica
1255 464 1361 495 nempe
1372 455 1556 491 indumenta,
1573 455 1736 495 homopbo-

916 502 1006 540 rium,
1019 502 1202 537 sticharium,
1220 501 1383 541 paenulam,
1397 505 1425 531 et
1438 500 1570 531 sandalia
1584 501 1737 541 exposuis-

917 551 973 582 set.
993 547 1114 578 Photius
1143 546 1240 577 dixit:
1262 557 1275 574 ‹
1292 545 1410 576 Christe
1440 546 1520 576 Deus
1548 550 1660 583 noster,
1686 544 1736 585 qui

911 591 1018 622 coelum
1035 591 1164 622 nubibus
1179 589 1396 626 circumvolvis,
1414 594 1442 620 et
1453 593 1588 621 naturam
1604 593 1736 620 nostram

912 636 948 666 ad
964 635 1202 672 reconﬂandum,
1226 634 1511 675 expurgandumque
1534 633 1736 674 assumpsisti,

912 685 943 711 tu
958 681 1040 711 fratri
1055 685 1085 711 et
1099 680 1316 715 comministro,
1342 684 1368 710 et
1386 679 1534 719 spirituali
1561 679 1637 710 Patri
1666 687 1736 709 nos-

912 729 958 756 tro
970 730 1061 757 tutam
1080 724 1245 756 custodiam
1263 728 1291 755 et
1306 733 1440 755 securam
1462 723 1589 754 salutem
1615 722 1735 761 exhibe,

913 775 942 801 et
957 770 986 800 in
1002 770 1100 800 t‘nturo
1111 769 1218 800 saeculo
1235 768 1358 809 nuptiali
1370 772 1451 799 veste
1472 767 1620 805 indutum,
1638 767 1737 798 beati-

913 814 995 844 illius
1010 814 1127 844 thalami
1144 813 1264 853 dignum
1281 813 1416 844 ostende.
1434 824 1446 839 ιι
1463 812 1499 843 Et
1512 811 1652 852 pleraque
1666 811 1735 848 alia,

885 854 902 879 Β
915 868 982 889 cum
1007 857 1209 889 celebraretur
1232 857 1282 888 illa
1299 857 1439 897 synodus,
1469 856 1665 888 interlocutus
1681 860 1736 887 est.

914 902 1028 939 Quibus
1043 902 1182 933 omnibus
1193 902 1396 938 confirmatur,
1410 901 1487 942 quod
1505 901 1597 931 oratio
1613 901 1738 932 demon-

913 951 1007 978 strare
1020 951 1224 987 proposuerat,
1242 947 1321 977 dicta
1338 955 1446 986 nempe
1462 947 1562 976 omnia
1588 946 1735 986 factaque,

913 1002 979 1032 quae
994 992 1135 1023 adversus
1147 992 1310 1023 Romanam
1327 990 1490 1022 Ecclesiam
1502 989 1624 1021 Photius
1634 990 1739 1021 eﬂ'udit

913 1046 947 1068 ac
964 1036 1084 1067 molitus
1100 1035 1358 1076 est,improbitatis
1373 1035 1494 1075 fetus,et
1505 1034 1590 1065 malis
1602 1034 1736 1074 gauden-

914 1081 952 1112 tis
967 1081 1089 1111 abortus
1104 1080 1206 1111 fuisse.
1231 1079 1314 1110 Licet
1330 1079 1428 1120 itaque
1443 1079 1484 1110 nil
1501 1079 1576 1110 ultra
1592 1079 1735 1118 exigatur,

913 1125 949 1156 ad
962 1125 992 1156 id
1009 1124 1206 1165 probandum,
1223 1129 1254 1155 ut
1271 1129 1368 1154 tamen
1382 1120 1650 1155 abundantioribus
1665 1133 1736 1165 pro—

914 1169 1205 1209 bationibuspleuius
1213 1169 1499 1209 contirmetur,quod
1509 1168 1602 1199 oratio
1615 1168 1738 1200 demon-

913 1215 1066 1245 strandum
1083 1215 1112 1244 in
1123 1223 1156 1245 se
1171 1218 1353 1253 Susceperat,
1372 1218 1432 1244 tres
1446 1223 1480 1244 ex
1496 1213 1650 1245 Photianis
1661 1214 1738 1254 epis-

913 1259 987 1289 tolas
999 1259 1036 1289 ad
1052 1259 1197 1299 quosdam
1224 1268 1259 1289 eo
1275 1258 1418 1298 temporis
1434 1258 1665 1289 occidentalium
1687 1267 1736 1289 se-

912 1303 994 1334 dium
1012 1303 1131 1334 Latinos
1146 1303 1302 1343 episcopos
1314 1302 1409 1340 datas,
1434 1305 1588 1342 postquam
1605 1302 1668 1342 ipse
1683 1311 1737 1342 pa-

912 1347 1062 1378 triarchali
1093 1348 1200 1377 throno
1230 1346 1385 1377 restitutus
1410 1351 1466 1383 est,
1486 1351 1519 1377 ut
1542 1346 1657 1386 jacent,
1676 1346 1738 1377 suis

912 1392 1012 1423 verbis
1024 1392 1071 1422 hic
1085 1391 1224 1430 digerere
1240 1391 1407 1423 statuimus.

889 1439 955 1476 πρὸς
984 1448 1056 1469 τινας
1078 1440 1130 1465 τῶν
1162 1435 1222 1466 κατ’
1251 1437 1338 1465 ἐκεῖνο
1366 1441 1457 1476 καιροῦ
1485 1434 1609 1475 καθέδρας
1625 1436 1737 1465 ἐπισκο-

885 1483 964 1512 αὒτοῦ
1000 1483 1064 1521 πρὸς
1094 1482 1138 1510 τόν
1168 1482 1361 1521 πατριαρχικὸν
1392 1480 1482 1519 θρόνον
1509 1478 1638 1509 ὶπένοδον
1655 1481 1737 1509 αὖτο-

88 1607 123 1660 βι
137 1613 203 1648 post
232 1611 375 1660 epistolas
385 1612 422 1643 ad
437 1612 582 1660 Marinum
599 1611 812 1660 Castellapum,
842 1611 1042 1660 Gaudericum
1058 1611 1257 1660 vetiternum,
1287 1614 1316 1641 et
1331 1610 1520 1660 Zacchariam
1549 1610 1736 1660 Anagninum

45 1654 215 1695 episcopos,
232 1664 307 1696 quos
321 1657 377 1689 sibi
392 1658 562 1697 consiliare,
592 1662 623 1689 et
636 1657 668 1688 in
683 1657 845 1689 amicitiam
872 1657 1002 1694 trahere,
1021 1661 1050 1688 et
1076 1657 1133 1688 sibi
1148 1656 1261 1687 amicos
1276 1664 1451 1686 conservare
1466 1654 1622 1692 incumbit,
1639 1655 1737 1686 subdit

46 1700 167 1731 Veccus
182 1711 190 1732 :

88 1788 201 1814 ’τοιαῦτα
229 1785 314 1825 λέγων
354 1790 398 1816 καὶ
440 1789 547 1829 γράφων
585 1789 730 1828 εὑρίσκεται
765 1788 864 1817 Φώτιος

961 1787 1068 1818 Similia
1083 1791 1142 1817 tum
1157 1786 1194 1817 de
1210 1786 1276 1824 ipso
1288 1785 1468 1826 Joanne,qui
1482 1795 1517 1816 eo
1534 1789 1668 1825 tempore
1679 1785 1737 1817 Ec-

43 1830 114 1867 μετὰ
149 1830 195 1862 τὰς
224 1831 337 1864 σπονδὰς
372 1834 416 1861 καὶ
444 1833 612 1872 καταλλαγὰς
639 1833 704 1873 ὑπὲρ
739 1843 767 1860 τε
792 1832 871 1861 abso-3

41 1874 171 1919 Ἰωάννου
199 1880 246 1905 τοῦ
273 1877 310 1908 εἷς
350 1877 468 1918 κεφαλὴν
510 1877 695 1919 εὖρισκομένου
724 1877 784 1906 τότε
821 1877 869 1910 ἰἧς

41 1919 104 1954 πρὶν
133 1917 353 1960 δυσφημουμὲνης
369 1922 433 1962 παρ’
461 1917 544 1951 αὖτοῦὟ
562 1919 716 1960 Ῥωμαϊκῆς
753 1920 869 1955 Ἐκκλη-

40 1963 114 2002 cia-1,
147 1965 228 2005 μέχρι
257 1968 300 1994 καὶ
332 1967 453 1999 ἀσεϐείας
481 1970 575 2007 αὐτῆς,
604 1967 669 2006 ὑπὲρ
696 1977 725 1994 τε
753 1966 805 1994 τῶν
833 1967 869 1997 εἰς

40 2006 115 2045 μέλη
145 2008 325 2048 λογιζομένων
354 2013 432 2046 αὖτῆς
460 2013 613 2041 ἐπισκόπων
644 2007 781 2049 Ῥωμαίων
799 2018 806 2025 “
844 2009 870 2042 ἐξ

38 2052 80 2081 ὧν
110 2052 235 2082 ἁπάντων
267 2056 281 2083 ὁ
309 2055 388 2095 λόγος
414 2058 445 2085 τὸ
481 2056 583 2088 ἐντελὲς
605 2059 651 2084 τοῦ
672 2055 766 2084 οἰκείου
788 2055 870 2094 ἐπαγ-

38 2096 179 2141 γέλματος
207 2098 383 2138 ἀποδέδωκεν,
407 2101 471 2141 ὅπερ
498 2102 530 2135 ἦν
552 2102 582 2129 τὸ
603 2102 787 2139 παραστῆσαιι·
810 2110 869 2136 μηδ

38 2139 117 2170 Savo:
148 2141 230 2171 ἄλλου
255 2142 358 2178 δεήσειν
383 2149 422 2183 τῷ
449 2139 596 2185 έῦγνώμονι
628 2146 757 2183 ἀκροατῇ,
780 2144 797 2178 ἢ
820 2145 870 2181 μό-

131 2187 248 2226 ἱστορίαις
276 2190 314 2221 εἰς
340 2190 371 2218 τὸ
398 2189 550 2231 διαγνῶναι⁷
578 2191 615 2222 ὡς
651 2189 738 2227 μάτην
761 2189 805 2217 καὶ
826 2187 870 2216 ἐπ’

37 2229 135 2267 οὐδενὶ,
172 2231 274 2272 εὐλόγῳ
316 2235 341 2262 αἱ
377 2229 548 2268 Ἐκκλησίαί
575 2233 705 2268 ἀλλήλαις
745 2237 869 2263 τοσοῦτον

37 2275 144 2314 χρόνον
159 2275 392 2315 ἆκπεπολίμωντο.

911 1833 1009 1864 clesiae
1024 1833 1177 1872 Romanae,
1193 1831 1229 1862 ab
1242 1831 1346 1862 eodem
1360 1830 1478 1862 miseris
1494 1830 1590 1861 modis
1600 1830 1738 1862 diffama-

911 1881 958 1912 ιω,
974 1877 1173 1917 etimpietatis
1186 1875 1274 1906 etiam
1291 1875 1417 1905 crimine
1432 1879 1538 1906 notata
1555 1880 1646 1914 caput
1661 1879 1737 1914 erat,

911 1925 972 1952 tum
989 1922 1026 1952 de
1043 1921 1190 1961 episcopis
1205 1920 1327 1959 Latinis,
1354 1919 1404 1960 qui
1429 1919 1564 1950 membra
1592 1919 1672 1950 illius
1687 1928 1738 1951 re-

913 1965 1102 2006 putabantur,
1118 1966 1221 1996 dicens
1237 1969 1266 1995 et
1277 1963 1414 1994 scribens
1430 1968 1496 2004 post
1512 1963 1623 1994 {hedera
1638 1968 1667 1995 et
1687 1965 1736 1995 in-

912 2010 1014 2041 ducias
1029 2009 1150 2042 Photius
1163 2009 1355 2049 comperitur.
1373 2007 1488 2044 Quibus
1501 2007 1642 2038 omnibus
1667 2017 1734 2039 ora-

911 2056 962 2093 tio,
980 2055 1057 2095 quod
1074 2054 1261 2094 promiserat,
1279 2052 1394 2090 integre
1409 2052 1603 2092 absoluteque
1621 2052 1736 2092 persol-

909 2099 967 2137 vit;
984 2103 1049 2129 erat
1065 2102 1162 2129 autem
1181 2096 1353 2137 itl,probare
1368 2096 1506 2133 aaditori,
1525 2096 1613 2126 modo
1634 2105 1737 2136 aequus

911 2148 1000 2180 esset,
1015 2143 1095 2173 nullo
1111 2143 1169 2174 alio
1180 2151 1254 2182 opus
1269 2150 1347 2180 esse,
1363 2149 1452 2181 quam
1469 2140 1532 2171 sola
1558 2140 1682 2171 historia
1695 2141 1733 2172 ad

910 2187 1154 2224 discernendum,
1171 2185 1261 2226 gratis
1278 2189 1306 2216 et
1321 2185 1435 2225 absque
1458 2184 1519 2216 ulla
1547 2193 1647 2220 causa,
1671 2194 1736 2225 quae

909 2232 1016 2263 rationi
1045 2235 1243 2262 consentanea
1270 2230 1368 2267 fuerit,
1386 2228 1538 2261 Ecclesias
1564 2229 1643 2260 inter
1670 2237 1736 2260 sese

910 2285 965 2318 per
979 2281 1022 2308 tot
1033 2285 1127 2308 annos
1151 2276 1318 2306 simultates
1342 2278 1431 2314 atque
1455 2273 1628 2305 inimicitias
1645 2281 1734 2305 exer-

910 2330 1019 2353 cmsse.
