1967 3071
233 145 294 178 943

782 142 890 174 JOAN.
913 140 1022 174 VECCI
1043 139 1100 172 GP.
1123 139 1380 172 ΡΑΤΒΙΑΒΟΗΑΕ

1853 143 1902 175 944

704 283 1108 358 JOANNIS
1173 284 1449 356 VECCI

910 414 965 445 ΟΡ.
992 414 1247 447 ΡΑΤΒΙΑΒΟΗᾸΕ

517 514 851 569 EPISTULA
896 513 989 566 AD
1035 512 1363 566 JOANNEM
1410 513 1635 567 PAPAM

601 627 687 664 Cum
710 626 949 676 professionne
969 624 1049 662 ﬁdei
1067 630 1102 661 et
1122 623 1356 671 recognitione
1376 625 1558 673 primatus.

799 719 893 760 (Apud
908 717 1012 754 Mansi,
1031 717 1145 749 Concil.
1162 722 1234 748 tom.
1252 717 1366 749 XXIV.)

269 861 464 894 Snnctissimo
481 865 512 892 et
524 859 696 892 beatissimo
713 867 827 889 summo
840 857 971 897 pontiﬁci
983 866 1052 897 apo-
1061 862 1082 886 Α
1133 856 1322 897 thuomodo
1332 856 1452 897 quidem
1466 863 1570 897 potens
1582 862 1735 888 etsanctns
1750 856 1910 887 moderator

229 907 342 939 stolicze
356 905 437 937 sedis
460 906 570 937 veteris
596 905 709 940 Romae,
727 906 756 934 et
770 901 931 933 universali
958 910 1051 941 papae,

229 951 350 983 domino
365 949 484 987 Joanni,
495 951 625 981 Joannes
641 947 830 978 miseratione
845 946 945 976 divina
960 945 1051 986 patri-

230 996 320 1027 archa
333 994 679 1035 Constantinopolitanus
695 993 796 1024 Romae
812 1000 974 1025 novamum
986 999 1053 1020 om-

234 1040 265 1071 ni
280 1045 381 1071 nostra
391 1043 578 1070 sacrosancta
589 1037 700 1078 synodo
710 1036 840 1068 debitam
856 1035 1054 1066 reverentiam

230 1090 339 1116 nostrae
353 1083 544 1125 obedientia,
559 1093 594 1115 ac
604 1081 828 1114 inclinationem
846 1085 876 1111 et
886 1080 1054 1111 orationum

232 1128 475 1170 postulationem.

272 1172 494 1213 l’rincipiiboni
505 1172 648 1212 optimum
659 1179 724 1202 esse
735 1169 979 1208 ﬁnem,omnibus
989 1168 1042 1199 abs

235 1227 293 1259 que
314 1217 405 1248 dubio
420 1217 500 1248 clare
516 1219 608 1257 patet.
623 1216 761 1256 thuare
776 1224 848 1252 non,
864 1223 930 1245 cum
950 1222 1056 1244 «omne

232 1263 343 1293 donum
352 1261 514 1302 perlectum
523 1262 680 1292 desursnm
688 1260 736 1297 sit,
748 1259 936 1290 descendens
946 1267 962 1289 a
971 1260 1055 1288 Patre

230 1307 376 1338 luminum
393 1307 403 1328 ¹
418 1306 430 1337 ‘!
454 1307 517 1338 Hoc
546 1314 703 1345 concesso,
720 1313 906 1344 consequens
922 1307 967 1334 est
987 1311 1054 1333 cre-

230 1352 362 1384 diomne
379 1351 560 1393 principium
575 1351 780 1391 cujuscunque
806 1350 851 1380 rei
872 1349 984 1389 optime
1006 1348 1056 1378 in-

230 1397 343 1429 choatae
358 1406 374 1427 a
389 1397 490 1427 divino
506 1396 650 1437 pendere,
667 1394 805 1434 consilio,
823 1398 852 1424 et
869 1398 989 1434 propter
1000 1393 1055 1424 hoc

230 1441 403 1473 necessario
419 1441 476 1472 tale
493 1439 671 1481 principium
688 1439 718 1470 in
735 1439 822 1470 ﬁnem
838 1438 977 1469 desinere
993 1438 1055 1477 glo-

1095 905 1194 932 noster
1208 901 1262 941 (3),
1279 911 1346 932 cum
1373 901 1515 933 divinitus
1529 902 1697 941 germinalo
1713 911 1798 932 ramo
1810 902 1853 941 (4)
1870 910 1909 931 ra-

1095 945 1181 986 dicis,
1208 955 1304 986 sacro,
1329 946 1453 985 potenti,
1469 950 1498 977 et
1520 951 1620 977 sancto
1651 950 1751 976 nostro
1776 946 1907 976 modera-

1095 993 1171 1027 tore,
1191 990 1447 1021 conﬁrmationem
1462 991 1671 1022 ecclesiasticae
1683 990 1804 1020 unionis
1816 990 1845 1020 in
1861 989 1911 1019 ﬁde

1097 1035 1226 1075 perfecta
1246 1039 1274 1065 et
1287 1035 1424 1075 diligenti
1447 1036 1625 1066 certitudine
1641 1036 1790 1074 fecerunt,
1812 1033 1909 1074 poterit

1097 1089 1221 1110 noscere
1233 1079 1359 1110 maxima
1375 1079 1514 1118 sanctitas
1538 1085 1635 1111 vestra
1649 1085 1676 1111 et
1693 1078 1729 1109 ab
1750 1078 1838 1118 ipsis,
1855 1088 1910 1118 qum

1096 1123 1131 1154 ad
1154 1126 1246 1164 ipsam
1275 1123 1441 1161 mittuntur,
1465 1124 1570 1155 litteris
1594 1124 1733 1164 potentiae
1745 1132 1821 1163 sum,
1837 1122 1907 1153 etab

1097 1169 1293 1199 instrumento
1306 1169 1542 1207 juramentorum
1555 1170 1699 1199 factorum
1717 1167 1871 1208 peripsos.
1886 1171 1911 1196 et

1096 1213 1132 1244 ab
1146 1213 1193 1247 iis.
1211 1222 1276 1252 qua:
1289 1213 1458 1253 apostolicze
1471 1214 1552 1244 sedis
1568 1213 1662 1244 nuntii
1677 1221 1730 1243 ore
1743 1217 1831 1242 tenus
1841 1211 1911 1242 divi-

1096 1257 1143 1288 nis
1157 1257 1278 1288 auribus
1302 1262 1405 1288 veslrze
1426 1258 1623 1289 insonuerunt
1643 1256 1820 1288 sanctitatis.
1839 1256 1909 1292 Quo-

1097 1302 1185 1332 modo
1200 1311 1317 1341 quoque
1334 1312 1387 1332 nos
1399 1302 1490 1333 robur
1500 1301 1821 1343 praestamus,etﬁnem
1833 1310 1911 1341 appo-

1097 1346 1194 1377 nimus
1211 1346 1338 1385 glorioso
1353 1347 1498 1387 prineipio
1512 1346 1682 1387 hujusmodi
1708 1345 1812 1386 operis
1831 1345 1911 1376 unio-

1097 1391 1154 1427 nis,
1172 1391 1367 1431 poteritsciue
1380 1397 1475 1422 vestra
1491 1402 1507 1422 a
1520 1394 1580 1424 Deo
1595 1390 1747 1431 magniﬁca
1768 1390 1911 1425 sanctitas,

1098 1439 1126 1465 ct
1141 1445 1157 1465 a
1173 1435 1324 1466 volumine
1341 1436 1515 1476 synodicali,
1545 1436 1623 1477 quod
1649 1435 1706 1466 sibi
1731 1434 1910 1470 ostendetur,

229 1487 355 1531 riosum.
372 1485 458 1522 Quod
485 1479 564 1516 enim
580 1479 598 1515 εἰ
610 1486 671 1516 Deo
696 1484 773 1531 bene
798 1483 969 1531 inchoatum
980 1485 1052 1531 “est,
1066 1505 1085 1531 Β
1097 1479 1173 1520 quod
1189 1480 1340 1531 linumilitas
1356 1487 1456 1512 nostra
1470 1491 1537 1512 cum
1555 1486 1614 1512 toto
1628 1490 1711 1512 sacro
1736 1479 1833 1519 ipsius
1849 1489 1911 1510 con-

229 1530 379 1572 quomodo
396 1539 455 1561 non
467 1530 579 1570 optime
594 1528 801 1560 terminabitur
815 1525 1053 1572 annilianteDeo,

233 1571 320 1617 quale
335 1575 405 1616 quid
422 1574 530 1605 factum
547 1577 636 1611 est,et
652 1582 742 1613 super
758 1572 847 1617 iis,de
861 1571 968 1612 quibus
976 1580 1055 1601 nunc

231 1616 416 1661 propositum
430 1623 474 1650 est
485 1618 571 1649 nobis
585 1618 696 1653 dicere,
711 1627 728 1647 o
743 1616 875 1648 divinum
892 1621 922 1647 et
937 1624 1053 1646 sacrum

230 1663 336 1706 caput?
359 1662 432 1694 Nam
447 1662 648 1693 ecclesiastica
665 1661 778 1693 unione
789 1660 920 1692 feliciter
935 1660 1054 1700 incepta

232 1703 367 1748 tempore
383 1707 477 1738 felicis
493 1706 643 1737 memoriae
658 1705 821 1736 beatissimi
838 1704 919 1735 illius
935 1704 991 1734 viri
1015 1703 1052 1744 (si

231 1758 330 1784 tamen
341 1752 447 1788 virum,
464 1755 493 1782 et
508 1760 566 1781 non
581 1751 732 1790 angelum,
747 1749 846 1780 vocari
874 1753 990 1789 oportet
1005 1749 1049 1779 fe-

232 1798 319 1828 licem
334 1796 430 1833 illum,
448 1794 667 1826 sanctissimum
683 1803 786 1834 papam
811 1793 959 1824 decimum
975 1793 1052 1824 dici-

234 1851 300 1873 mus
314 1841 554 1881 Gregorium),ad
565 1839 770 1880 gloriosiorem
784 1839 873 1870 ﬁnem
892 1839 948 1879 (t),
964 1847 1053 1879 quam

235 1887 270 1918 ad
282 1887 378 1927 ipsam
388 1885 526 1916 videlicet
539 1884 679 1915 unionem
688 1893 821 1915 summus
832 1883 974 1914 Dominus
986 1892 1054 1914 con-

235 1930 393 1962 summavit
408 1931 437 1961 in
453 1929 572 1966 diebus,
587 1929 617 1959 in
633 1928 742 1969 quibus
755 1928 790 1959 ad
807 1928 946 1958 decorem
963 1937 1054 1968 apos-

235 1975 332 2007 tolicae
346 1975 471 2014 sedis,et
483 1973 730 2004 illuminationem
748 1972 934 2013 perspicuam
951 1971 1054 2002 ﬁrma-

235 2020 327 2051 menti
342 2018 516 2050 universalis
533 2018 682 2056 Ecclesiae,
712 2027 777 2054 vos,
807 2017 927 2047 nomine
953 2016 1058 2056 gratiae

236 2064 420 2096 nominatum
439 2062 495 2104 (2),
521 2062 600 2093 Deus
625 2061 762 2102 eligendo
787 2061 948 2092 constituit.
974 2059 1056 2096 Quod

236 2109 356 2150 quidem
371 2108 540 2148 apostolicae
552 2106 631 2138 sedis
641 2106 736 2137 nuntii
745 2104 1059 2150 reverendissimi,sci-

1097 1529 1184 1555 ventu
1200 1524 1326 1556 ﬁrmavit
1342 1528 1371 1556 et
1394 1525 1544 1557 roboravit
1568 1523 1841 1565 subscriptionibus
1856 1533 1911 1555 ma-

1096 1569 1247 1619 nualibus,
1265 1579 1328 1610 quae
1345 1569 1423 1611 apud
1450 1581 1504 1602 nos
1528 1571 1658 1611 vigorem
1685 1571 1911 1612 obtinentjura-

1096 1617 1201 1655 menti.

1135 1657 1228 1689 Habet
1244 1661 1366 1700 insuper
1379 1670 1504 1692 noscere
1520 1665 1549 1692 et
1562 1661 1599 1692 ab
1615 1661 1733 1702 iis,quze
1747 1662 1777 1692 in
1792 1670 1913 1703 praesen-

1094 1705 1204 1746 scripto
1215 1705 1374 1745 specialius
1386 1715 1439 1736 nos
1450 1706 1585 1737 dicemus
1595 1707 1774 1738 omnimode.
1782 1717 1811 1747 pi
1820 1706 1913 1737 aeben-

1095 1752 1138 1780 tes
1148 1755 1250 1781 vestrae
1265 1751 1432 1791 apostolica:
1441 1750 1586 1781 sanctitati
1596 1750 1808 1782 cerlitudinem
1818 1758 1914 1782 nostra:

1094 1794 1130 1824 ad
1147 1795 1339 1836 apostolicam
1357 1795 1460 1826 sedem
1475 1796 1769 1836 purae,perl‘ectaeque
1777 1795 1914 1827 obedien-

1096 1841 1154 1871 tiw.
1180 1839 1312 1871 Dicimus
1340 1839 1433 1880 enim,
1459 1840 1514 1870 sub
1543 1840 1668 1872 testibus
1690 1840 1750 1871 Deo
1767 1839 1914 1879 ctangclis

1096 1885 1187 1915 verba
1203 1884 1439 1924 facientes,quod
1450 1894 1539 1915 omne
1547 1885 1676 1916 schisma
1687 1885 1765 1916 inter
1773 1883 1914 1916 Ecclesias

1098 1928 1162 1966 Dei,
1177 1929 1285 1960 veteris
1300 1930 1403 1961 Romae
1417 1929 1531 1960 scilicet
1547 1934 1575 1960 et
1594 1939 1675 1961 nova;
1701 1933 1824 1966 nostrae,
1848 1929 1914 1960 male

1098 1974 1298 2005 introductum
1315 1974 1345 2004 in
1365 1974 1517 2005 stionem
1533 1973 1773 2011 Christianitatis,
1790 1971 1914 2014 asperni-

1099 2028 1163 2048 mus
1179 2023 1208 2048 et
1221 2018 1392 2059 abjicimus;
1408 2023 1437 2049 et
1452 2018 1635 2059 praecordiali
1650 2019 1806 2059 nil‘ectu,et
1819 2028 1853 2049 ex
1865 2021 1914 2049 tota

1099 2063 1198 2093 anima
1224 2064 1306 2102 prius
1330 2063 1427 2103 ipsum
1452 2065 1646 2104 deponentes.
1665 2073 1718 2103 per
1733 2063 1875 2103 linguam,
1891 2064 1914 2092 et

1100 2108 1188 2144 labia,
1205 2113 1234 2138 et
1250 2108 1425 2148 prolativum
1440 2113 1572 2138 nostrum
1584 2117 1765 2144 sermonem,
1784 2109 1871 2139 etiam
1888 2106 1913 2136 in

236 2149 305 2185 licet
320 2154 427 2185 fratres
440 2152 535 2183 nostri
551 2156 581 2183 et
595 2152 763 2192 coepiscopi
779 2149 910 2182 Jacobus
925 2149 1087 2190 Ferenti-C
1100 2153 1239 2193 praesenti
1255 2153 1366 2194 scripto
1381 2152 1475 2193 ipsum
1491 2152 1683 2192 abnegamus,
1710 2156 1739 2183 et
1761 2152 1913 2183 ecclesias.

235 2208 291 2230 nus
311 2203 340 2230 et
353 2197 513 2231 Gaufridus
527 2195 731 2236 Taurinensis,
749 2199 779 2226 et
806 2195 843 2225 de
862 2194 922 2225 Deo
935 2199 1057 2235 accepto

237 2243 343 2275 ordine
359 2242 585 2284 praedicatorum
610 2239 827 2284 religiosissimi
843 2239 936 2269 nostri
951 2239 1058 2270 fratres

237 2282 395 2329 Raynonus
407 2287 488 2327 prior
503 2284 710 2322 Viterbiensis,
728 2288 757 2329 et
772 2282 876 2329 Salvus
892 2283 985 2314 lector
997 2284 1057 2329 Lu-

236 2327 328 2364 canus
353 2336 458 2362 vestrae
485 2329 649 2362 sanctitatis
673 2328 856 2360 orationibus
878 2327 1056 2368 prosperati,

236 2380 436 2418 pervenerunt
451 2375 488 2406 ad
504 2378 634 2412 sanctos,
649 2378 679 2405 et
694 2372 915 2418 potentissimos
940 2378 1057 2403 nostros

239 2417 456 2457 moderatores,
483 2424 513 2451 et
534 2419 572 2450 ad
598 2423 728 2449 nostram
753 2417 1007 2454 humilitatem,et
1021 2417 1057 2447 ad

235 2474 382 2506 eam,quze
395 2464 476 2504 apud
491 2473 545 2494 nos
560 2464 682 2494 inventa
693 2467 738 2494 est
752 2470 867 2493 sacram
883 2465 913 2491 et
926 2464 1058 2492 sanctam

236 2505 380 2550 synodum
392 2509 527 2540 relictam
542 2508 578 2538 ab
593 2507 788 2538 universitate
805 2514 917 2545 magna;
941 2505 1056 2545 synodi,

235 2549 301 2595 quae
315 2553 391 2594 apud
409 2562 462 2583 nos
477 2551 563 2593 paulo
579 2556 646 2582 ante
662 2551 757 2582 fuerat
780 2551 929 2595 celebrata
945 2558 952 2580 :
971 2549 1058 2595 dictae

235 2593 444 2630 ecclesiasticae
459 2596 579 2628 unionis
593 2596 755 2634 inchoatio,
768 2598 889 2625 auctore
900 2593 972 2630 Deo,
984 2593 1056 2624 abs-

235 2652 292 2684 que
309 2643 425 2674 defectu
438 2642 496 2672 ﬁne
513 2649 653 2681 prospero
669 2642 874 2671 consummata
885 2642 942 2669 est.

277 2731 284 2749 ¹
308 2725 412 2765 Jacob,
432 2735 453 2767 ι,
475 2727 523 2758 17.

278 2814 323 2854 (t)
336 2811 432 2854 μορυς
448 2815 617 2854 corruptus.

275 2848 319 2894 (Ξ)
336 2851 398 2884 Hoc
413 2858 457 2885 est
471 2848 602 2886 Joannis
617 2853 750 2883 nomine.
763 2848 859 2881 Hann.

1100 2198 1187 2228 ticam
1204 2207 1306 2238 pacem
1322 2201 1350 2228 et
1365 2198 1519 2234 unitatem,
1533 2202 1562 2228 et
1578 2197 1734 2237 primatum
1750 2195 1914 2237 apostolica

1099 2243 1178 2274 sedis
1202 2243 1388 2282 conﬁtemur,
1411 2241 1663 2282 recognoscimus,
1685 2246 1875 2281 acceptamus
1889 2244 1915 2269 et

1098 2292 1203 2328 sponte
1218 2287 1398 2327 suscipimus
1411 2296 1417 2318 :
1429 2291 1458 2317 et
1469 2287 1504 2316 ad
1514 2286 1607 2326 ipsius
1618 2285 1825 2316 obedientiam
1835 2292 1914 2324 spon-

1100 2332 1179 2363 tanei
1194 2332 1358 2368 venientes,
1375 2337 1469 2362 ratum
1487 2330 1611 2370 habere(
1625 2334 1653 2361 et
1667 2338 1848 2361 conservare
1863 2328 1914 2358 im-

1099 2377 1242 2408 mu:abile
1253 2376 1451 2417 promittimus
1465 2381 1494 2407 et
1508 2375 1680 2412 asserimus,
1699 2379 1729 2406 et
1742 2384 1793 2406 eas
1808 2381 1914 2415 praero-

1099 2421 1219 2461 gativas,
1233 2431 1298 2462 qua:
1313 2431 1330 2452 a
1345 2420 1491 2461 principio
1506 2424 1574 2451 ante
1589 2419 1720 2450 schisma
1735 2418 1915 2458 praestaban-

1101 2471 1132 2497 tu
1147 2466 1316 2505 apostolicae
1327 2465 1391 2496 sedi
1405 2465 1441 2496 ab
1457 2465 1525 2501 illis,
1543 2464 1593 2504 qui
1609 2473 1662 2504 pro
1679 2468 1826 2503 tompore,
1844 2471 1915 2502 pon-

1100 2511 1189 2542 tiﬁcio
1201 2511 1231 2541 in
1244 2510 1498 2550 Constantinopoli
1526 2509 1738 2548 fungebantur,
1763 2507 1878 2546 integra
1892 2510 1918 2536 et

1098 2554 1278 2585 inviolabilia
1288 2551 1915 2595 promittimusconservare.Scltismaenim,

1099 2599 1177 2640 quod
1192 2599 1222 2630 in
1238 2600 1335 2630 medio
1351 2598 1529 2634 intercessit,
1546 2598 1650 2628 intimo
1665 2596 1764 2628 cordis
1774 2597 1883 2628 affectu
1892 2599 1918 2625 et

1100 2648 1159 2674 tota
1174 2644 1266 2675 animi
1281 2643 1431 2674 voluntate
1457 2646 1662 2683 asperneutes,
1679 2642 1916 2681 compaginamus

1143 2808 1183 2851 ,3)
1198 2811 1325 2842 Michael
1339 2812 1411 2851 imp.

1141 2849 1184 2890 (ι)
1201 2851 1276 2882 Cum
1292 2848 1463 2884 Andronico
1478 2849 1539 2880 ﬁlio
1555 2849 1643 2880 etiam
1657 2848 1846 2887 imperatam.
