1967 3071
234 135 291 167 947

235 206 264 234 et
278 201 415 233 essentiae
438 199 505 231 Filii
526 199 665 240 proprius
688 203 745 236 est,
763 203 793 231 et
807 209 867 231 non
883 203 964 230 extra
985 199 1062 229 hanc

236 246 402 288 procedens
418 245 448 276 in
465 244 738 276 esse.Naturalium
755 244 836 276 enim
853 242 1061 275 bonorumDei

237 287 267 324 et
281 291 375 323 Patris
386 289 588 321 essentialiter
599 289 746 320 exsistens
754 289 846 320 Filius
856 287 1061 319 communica-

235 341 293 375 tor,
312 334 402 366 habet
415 334 575 374 Spiritum,
588 333 664 364 sicut
679 343 756 364 unus
771 334 898 374 quisque
912 337 1061 372 nostrum,

236 379 389 421 proprium
407 379 435 410 in
451 378 551 419 seipso
562 378 720 410 continens
734 378 885 418 spiritum,
903 382 930 408 et
946 376 1061 408 exinti-

237 425 294 456 mis
304 423 469 455 visceribus
484 423 519 453 ad
538 427 621 454 extra
637 423 789 464 profundit
814 422 923 462 ipsum.
941 424 1064 461 Propter

237 469 315 510 quod
341 473 370 499 et
393 467 592 507 corporaliter
607 468 705 507 ipsum
721 467 876 508 discipulis
893 465 1062 505 insulilavit,

239 514 308 555 quia
323 512 517 552 inspiratione
527 512 594 543 Filii
603 511 745 552 Spiritum
756 512 935 550 novimus,et
943 519 1063 542 sensum

239 557 351 590 Christi
374 557 517 598 Spiritum
535 566 600 588 esse
615 557 651 587 ab
668 556 812 597 Apostolo
835 556 932 587 edocti
948 564 1062 586 sumus.

241 603 327 635 Unde
335 611 422 633 unam
432 610 498 632 esse
505 601 680 632 catholicam
692 605 858 632 etsanctam
871 600 1063 641 apostolicam

240 647 405 679 Ecclesiam
422 646 611 686 conﬁtentes,
629 646 658 676 in
674 655 732 686 qua
754 655 845 676 unum
862 646 949 676 datur
963 643 1063 684 bapti-

241 701 316 730 sma,
331 695 360 722 et
369 700 438 722 vere
455 690 593 721 remissio
609 690 742 721 omnium
753 694 955 730 peccatorum,
969 688 1064 719 tribus

241 735 388 777 personis,
401 735 516 766 scilicet
532 734 623 772 Patri,
639 739 668 765 et
682 734 802 771 Filio,et
817 734 939 774 Spiritui
949 737 1062 771 sancto,

239 782 270 812 in
287 781 396 822 quibus
410 779 483 811 etad
496 789 569 820 quas
581 788 723 819 personas
738 778 1064 820 baptizamur,gloriam

240 824 490 861 referimus,sicut
509 824 560 855 uni
576 824 653 855 Deo:
669 828 698 855 et
711 824 790 864 ipsas
807 829 866 854 tres
881 833 948 854 esse
958 832 1065 862 cogno-

240 875 359 902 scentes
375 878 624 910 personas,unum
636 869 728 900 Deum
741 869 976 908 omnipotentem
988 868 1066 907 ipsas

240 915 460 955 cognoscimus,
491 918 640 954 totamqae
656 913 686 944 in
702 912 844 944 Trinitate
872 913 1013 943 deitatem
1031 921 1065 942 eo

241 959 637 996 essentialem,coteternam.
653 956 1067 998 etcoornnipotentem;unius

242 1003 408 1045 dignitatis,
423 1003 511 1034 unius
527 1002 677 1043 potentiae,
693 1002 782 1033 unius
796 1001 965 1037 voluntatis,
980 1000 1068 1031 unius

241 1047 434 1089 operationis,
450 1047 596 1087 singulam
613 1051 723 1078 sanctae
739 1046 893 1077 Trinitatis
908 1054 1066 1086 personam

245 1095 338 1125 Deum
353 1093 521 1132 plenum,et
533 1091 698 1132 perfectum
711 1092 918 1132 praedicantes,
931 1094 961 1121 et
972 1089 1066 1120 conﬁ-

244 1142 353 1170 tentes.
370 1137 406 1168 Et
421 1137 460 1167 ita
471 1136 640 1174 credentes,
657 1136 779 1176 gloriam
796 1136 950 1166 offerimus
977 1134 1066 1171 Patri,

244 1182 368 1223 gloriam
380 1181 533 1212 offerimus
542 1181 627 1219 Filio,
640 1181 765 1220 gloriam
777 1181 930 1212 offerimus
944 1180 1069 1221 Spiritui

244 1230 357 1259 sancto.
388 1225 544 1257 Credimus
568 1235 667 1256 veram
695 1225 946 1256 resurrectionem
963 1230 1070 1256 nostra:

244 1271 447 1312 carnis,quam
461 1273 489 1301 in
506 1271 645 1311 praesenti
661 1271 717 1301 vita
731 1274 927 1310 gestamus,et
942 1270 1068 1301 futuram

245 1317 345 1354 vitam,
364 1320 516 1353 aeternam,
533 1319 708 1355 perpetuam
728 1319 945 1355 exspectamus.
962 1314 1070 1346 Credi-

247 1369 313 1392 mus
328 1360 415 1392 etiam
431 1360 528 1401 ipsum
542 1363 570 1391 et
587 1369 678 1390 unum
691 1361 784 1391 Deum
796 1364 945 1390 auctorem
967 1368 1033 1390 esse
1043 1360 1072 1390 et

246 1403 785 1445 Dominumomnipotentem.Veteris
794 1403 1071 1435 etNoviTestamen-

248 1451 280 1491 ti,
294 1449 506 1491 prophetarum
518 1453 547 1480 et
558 1448 758 1489 apostolorum
772 1457 779 1479 :
794 1448 970 1479 inTrinitate
981 1458 1073 1479 unum

247 1494 397 1535 cognitum
413 1493 506 1525 Deum
534 1493 746 1524 benedicentes
770 1503 848 1524 nunc
871 1497 900 1524 et
915 1493 944 1524 in
954 1494 1072 1524 saecula.

247 1539 354 1570 Amen.
372 1538 409 1570 Et
424 1539 480 1569 hoc
491 1537 612 1578 quidem
625 1547 718 1578 usque
732 1538 762 1568 in
778 1541 904 1568 tantum.

288 1583 331 1614 Ex
346 1592 404 1624 quo
420 1587 518 1614 autem
534 1587 637 1613 sancta
652 1583 786 1614 Romana
800 1582 934 1613 Ecclesia
956 1586 1076 1622 propter

250 1628 387 1659 diversos
402 1635 531 1667 errores,
557 1637 574 1658 a
593 1627 774 1666 quibusdam
790 1636 826 1658 ex
843 1627 1019 1666 ignorantia,
1037 1627 1074 1657 ab

251 1672 318 1704 aliis
333 1681 369 1703 ex
386 1671 498 1702 malitia
513 1671 711 1711 introductos,
723 1671 798 1703 dicit
809 1676 839 1703 et
856 1671 995 1711 praedicat
1011 1680 1074 1708 eos,

251 1717 300 1758 qui
317 1720 382 1756 post
394 1715 575 1756 baptismum
592 1715 621 1746 in
638 1720 759 1756 peccata
782 1715 932 1756 labuntur,
950 1725 1007 1746 non
1023 1724 1074 1746 re-

252 1759 455 1801 baptizandos,
473 1760 525 1790 sed
543 1768 595 1800 per
605 1768 705 1791 veram
723 1760 929 1798 paenitentiam
952 1769 1073 1790 suorum

251 1814 339 1846 posse
354 1805 497 1845 consequi
514 1805 629 1835 veniam
647 1809 846 1845 peccatorum,
859 1809 887 1835 et
897 1805 923 1835 si
937 1813 1006 1835 vere
1015 1814 1074 1845 pa:-

251 1850 380 1881 nilentes
391 1849 421 1879 in
437 1849 579 1880 charitate
601 1849 796 1884 decesserint.
808 1856 967 1888 antequam
980 1849 1076 1889 dignis

252 1894 434 1936 ptenitentite
448 1894 592 1926 fructibus
602 1895 638 1925 de
651 1895 821 1926 commissis
835 1894 1033 1925 satisfecerint
1048 1899 1077 1925 et

252 1939 490 1975 omissis,eorum
501 1939 617 1970 animas
627 1939 658 1969 in
669 1939 736 1980 igne
746 1939 906 1979 purgatorii
919 1944 984 1980 post
994 1949 1075 1970 mor-

252 1988 312 2015 tem
329 1984 463 2023 purgari;
477 1988 506 2014 et
529 1984 566 2014 ad
590 1993 691 2024 pinnas
718 1983 891 2024 hujusmodi
905 1984 1078 2014 revelandas

253 2028 398 2069 prodesse
413 2028 450 2059 iis
465 2028 598 2060 ﬁdelium
617 2028 747 2059 vivorum
757 2028 907 2069 suffragia,
924 2028 1077 2059 Missarum

253 2072 368 2105 scilicet
382 2073 541 2111 sacriﬁcia,
559 2073 720 2112 orationes,
742 2073 945 2113 eleemosynas
969 2076 997 2103 et
1022 2072 1080 2103 alia

255 2118 376 2159 pietatis
391 2117 502 2156 ofﬁcia,
518 2127 583 2158 qua:
599 2127 616 2148 a
630 2117 768 2148 fidelibus
780 2117 845 2148 ﬁeri
864 2121 1080 2148 consueverunt

254 2163 421 2195 secundum
446 2163 589 2194 Ecclesiae
616 2162 763 2200 instituta;
782 2166 810 2193 et
826 2162 944 2192 illorum
960 2162 1078 2202 quidem

254 2208 381 2245 animas,
407 2217 471 2248 quae
497 2212 564 2248 post
578 2216 695 2238 sacrum
711 2207 890 2247 baptismum
910 2210 1082 2246 susceptum

255 2252 369 2284 nullam
386 2252 509 2284 omnlno
525 2251 640 2292 peccati
653 2251 797 2282 maculam
813 2251 1007 2286 incurrerinl.
1018 2250 1085 2281 illas

257 2297 361 2334 etiam,
378 2306 444 2337 quae
459 2301 525 2336 post
536 2296 717 2337 baptismum
732 2295 875 2326 maculam
889 2296 998 2335 peccati
1012 2304 1086 2325 con-

258 2346 422 2382 traxerunt,
437 2341 483 2372 vel
498 2341 529 2372 in
545 2341 606 2373 suis
616 2344 774 2372 manentes
788 2340 965 2381 corporibus
974 2339 1018 2370 vel
1030 2339 1088 2370 eis-

258 2385 326 2417 dem
345 2390 453 2423 exutae,
470 2385 547 2416 sicut
557 2386 697 2425 superius
705 2385 816 2415 dictum
828 2391 885 2422 est,
898 2388 967 2414 sunt
982 2393 1089 2424 purga-

258 2433 307 2466 ιω,
324 2439 390 2460 mox
406 2430 436 2460 in
448 2430 570 2461 caeleste
584 2439 708 2470 regnum
719 2429 813 2469 recipi
831 2439 838 2459 :
852 2429 970 2460 illorum
986 2434 1083 2459 autem

257 2473 386 2510 animas,
402 2475 453 2514 qui
468 2483 535 2504 cum
559 2474 678 2505 mortali
704 2478 838 2515 peccato.
855 2473 900 2504 vel
927 2482 994 2505 cum
1022 2473 1085 2504 solo

256 2518 395 2558 originali
412 2519 574 2556 decedunt,
592 2528 659 2550 mox
675 2519 705 2549 in
720 2519 871 2550 infernum
889 2518 1085 2555 descendere,

258 2562 354 2604 pcenis
381 2562 550 2603 disparibus
573 2563 750 2605 puniendas;
777 2568 805 2594 et
829 2563 908 2603 quod
933 2561 1088 2593 nihilomi-

258 2617 315 2639 nus
329 2607 360 2638 in
376 2607 426 2639 die
437 2607 547 2648 judicii
577 2617 683 2639 omnes
705 2609 843 2639 homines
866 2611 934 2639 ante
960 2606 1087 2638 tribunal

258 2651 368 2684 Christi
383 2661 450 2684 cum
465 2651 528 2683 suis
543 2652 721 2693 corporibus
735 2652 964 2693 comparebunt,
981 2651 1085 2682 reddi-

302 2736 346 2778 (5)
361 2736 431 2769 Erat
444 2736 509 2768 sine
525 2736 616 2769 dubio
646 2736 757 2776 Graece,
789 2737 834 2766 καὶ
862 2738 921 2769 τοὺς
951 2736 1011 2770 ἑξῆς
1035 2738 1087 2775 γά-

259 2777 336 2819 μα’-κ,
353 2778 409 2810 hoc
424 2782 480 2816 est,
497 2781 525 2810 et
540 2781 754 2818 consequentes
769 2777 904 2818 nuptias.

773 132 879 165 JOAN.
903 131 1014 164 VECCI
1033 129 1089 161 ΟΡ.
1113 130 1370 164 ΡΑΤΒΙΑΒΩΗιΕ

1858 133 1906 165 948

1073 207 1093 226 Α
1104 199 1164 231 turi
1179 201 1216 231 de
1231 201 1314 231 factis
1332 201 1460 241 propriis
1476 202 1632 233 rationem:
1646 201 1784 243 quoniam
1802 201 1907 241 quidem

1102 248 1203 275 sancta
1219 245 1353 276 Ecclesia
1368 245 1501 276 Romana
1516 247 1557 277 sic
1572 246 1644 277 dicit
1657 251 1685 277 et
1697 245 1909 286 praedicat,reci-

1103 288 1201 328 pimus
1218 289 1278 320 ham
1295 295 1324 321 et
1340 290 1528 330 conﬁtemur,
1545 291 1684 331 quoniam
1697 289 1909 321 sanctorumPa-

1105 337 1183 364 trum
1198 334 1306 365 divinae
1321 335 1475 374 scriptura:
1489 335 1726 374 ipsa'continent.

1145 378 1217 409 Cum
1225 384 1323 410 autem
1338 384 1442 409 iterum
1454 389 1519 410 cum
1530 379 1740 420 suprascriptis
1749 383 1847 410 sancta
1856 388 1913 418 apo-

1105 423 1208 454 stolica
1232 424 1366 455 Ecclesia
1392 423 1524 455 Romana
1540 423 1611 454 dicit
1636 428 1664 454 et
1689 424 1912 464 praedicat,un

1105 471 1218 507 septem
1231 473 1298 498 sunt
1313 469 1515 499 ecclesiastica
1535 473 1733 503 sacramenta,
1752 467 1912 507 baptismus,

1106 512 1143 542 de
1158 521 1213 552 qeo
1227 513 1339 544 dictum
1354 518 1397 544 est
1413 522 1513 553 supra;
1530 519 1748 543 sacramentum
1768 511 1914 542 conﬁrma-

1107 556 1287 597 tionis,quod
1300 567 1354 598 per
1365 567 1468 588 manus
1480 558 1701 598 impositionem
1717 556 1849 596 episcopi
1860 565 1915 586 con.

1105 601 1203 632 ferunt
1218 602 1408 633 chrismando
1424 608 1555 640 renatos;
1572 602 1758 642 pmnitentia,
1776 600 1915 632 eucharis-

1108 645 1159 685 tia,
1175 651 1393 677 sacramentum
1411 647 1537 686 ordinis,
1554 646 1915 677 matrimoniumetextre-

1108 699 1154 720 ma
1182 691 1292 727 unctio,
1317 700 1381 730 qua:
1403 690 1566 721 secundum
1587 691 1750 721 doctrinam
1768 690 1803 721 Β.
1830 689 1916 720 Jacobi

1105 734 1326 766 inﬁrmantibus
1354 735 1508 766 exhibetur
1524 745 1530 767 ε
1560 735 1686 766 dicimus
1701 739 1728 765 et
1743 735 1781 766 de
1794 734 1830 764 iis
1849 735 1914 764 haec:

1106 779 1289 819 Baptismum
1318 780 1490 820 recipimus,
1518 784 1547 810 et
1568 781 1754 816 confitemur,
1783 779 1859 809 sicut
1879 787 1916 807 sr-

1108 824 1238 854 cundum
1261 825 1496 856 conﬁrmationis
1522 829 1753 858 sacramentum.
1771 824 1843 854 licet
1857 822 1917 862 apud

1079 889 1096 913 Β
1108 868 1270 900 Ecclesiam
1287 869 1447 900 Romanam
1472 879 1524 909 per
1539 869 1760 909 impositionem
1795 877 1918 899 manuum

1108 913 1162 943 soli
1176 913 1308 952 episcopi
1320 913 1474 944 conferant
1489 914 1678 944 chrismando
1695 917 1830 952 renatos,
1857 911 1919 949 apud

1109 961 1266 988 nosaulcm
1287 958 1501 989 indifferenter
1515 958 1627 998 praelati
1639 962 1668 988 et
1682 956 1852 997 presbyteri
1877 956 1919 986 hoc

1110 1002 1240 1033 faciunt:
1258 1007 1354 1033 tamen
1372 1012 1425 1033 nos
1452 1013 1516 1034 eam
1532 1012 1598 1043 quae
1614 1004 1767 1033 haectenus
1790 1001 1865 1041 apud
1881 1009 1920 1030 nos

1110 1047 1230 1077 obtenta
1245 1047 1299 1078 fuit
1312 1048 1507 1084 consuetudo,
1525 1048 1553 1078 in
1570 1047 1633 1086 ipsa
1649 1046 1844 1077 ordinatione
1862 1054 1920 1075 con-

1111 1098 1271 1132 servantes,
1289 1093 1367 1133 quod
1383 1102 1400 1123 a
1416 1093 1547 1123 Romana
1562 1092 1696 1123 Ecclesia
1707 1100 1801 1131 super
1812 1091 1874 1128 ipsa
1884 1090 1920 1122 sit,

1111 1137 1325 1168 sanctificatum
1341 1143 1369 1168 et
1386 1137 1577 1177 perfectivum
1594 1146 1660 1167 esse
1675 1136 1923 1166 conﬁtemuri‘te-

1111 1181 1266 1212 nitentiam
1283 1186 1311 1213 et
1322 1182 1416 1222 ipsam
1432 1182 1645 1222 ampla-tentes
1660 1180 1844 1211 conﬁtemur
1856 1185 1924 1210 etre-

1112 1226 1469 1265 cipimus.Eucbaristiam
1486 1230 1515 1256 et
1529 1226 1626 1266 ipsum
1642 1230 1864 1256 sacramentum
1877 1222 1924 1253 Eu-

1113 1271 1328 1311 charistiaz,per
1339 1275 1470 1301 sanctam
1482 1270 1646 1301 Ecclesiam
1658 1270 1828 1301 Romanam
1836 1278 1868 1299 ex
1877 1276 1924 1305 azy-

1115 1325 1161 1345 mu
1179 1325 1254 1355 pane
1270 1316 1448 1353 confectum,
1477 1315 1642 1346 secundum
1666 1313 1760 1354 ipsius
1791 1313 1924 1353 antiquam

1114 1361 1358 1392 consaetudinem
1374 1370 1428 1401 per
1442 1361 1538 1401 ipsam
1552 1361 1695 1390 hactenus
1709 1357 1924 1393 veneratam,si-

1115 1406 1226 1436 militer
1239 1406 1408 1446 illud,quod
1421 1415 1472 1446 per
1486 1415 1539 1436 nos
1550 1405 1706 1436 conﬁcitur
1721 1408 1924 1434 sacramentum

1114 1450 1244 1482 dicimus
1259 1460 1326 1482 esse
1339 1450 1538 1487 indistanter;
1556 1449 1712 1480 credentes
1728 1453 1757 1479 et
1774 1458 1831 1479 nos
1848 1448 1926 1487 ip5um

1115 1504 1247 1535 azymum
1266 1505 1370 1535 panem
1388 1495 1418 1525 in
1432 1495 1496 1535 ipso
1523 1504 1606 1525 sacro
1625 1493 1722 1525 ofﬁcio
1747 1491 1926 1524 Eucharistia‘

1084 1552 1104 1578 α
1117 1549 1184 1572 vere
1196 1540 1482 1571 stranssubstantiari
1494 1540 1523 1570 in
1534 1538 1763 1579 corpusDomini
1777 1537 1926 1568 nostrilesu

1117 1585 1270 1621 Christi,et
1285 1585 1386 1615 vinum
1397 1584 1427 1614 in
1443 1584 1617 1624 sanguinem
1631 1584 1696 1622 ejus
1711 1591 1765 1622 per
1776 1591 1859 1612 suam
1872 1590 1927 1611 san-

1117 1629 1240 1660 ctissimi
1254 1629 1382 1669 Spiritus
1393 1629 1529 1659 virtutem
1543 1633 1572 1659 et
1583 1627 1806 1668 operationem;
1829 1637 1845 1657 a
1861 1624 1930 1656 nobis

1117 1674 1225 1705 iterum
1242 1683 1276 1704 ex
1292 1674 1468 1704 fermentata
1485 1673 1653 1703 confectum
1671 1681 1756 1712 pane.
1772 1679 1929 1702 sacramen-

1117 1723 1178 1748 tum
1194 1718 1283 1749 etiam
1300 1718 1371 1748 illud
1388 1716 1698 1755 cognoscirnus.Quod
1715 1720 1744 1745 et
1761 1723 1930 1746 conservan-

1117 1767 1160 1793 tes
1174 1763 1278 1792 sicuta
1295 1761 1440 1801 principio
1457 1761 1542 1792 nobis
1560 1761 1698 1791 traditum
1713 1771 1719 1789 z
1737 1760 1890 1790 credimus
1900 1758 1930 1788 si-

1118 1807 1335 1847 militeripsum
1349 1816 1454 1846 panem
1470 1815 1540 1837 vere
1557 1805 1835 1836 transsubslantiari
1847 1804 1875 1834 in
1885 1811 1932 1833 cur-

1118 1861 1182 1892 pus,
1203 1855 1231 1882 et
1243 1853 1340 1882 vinum
1358 1856 1387 1882 et
1403 1851 1578 1891 sanguinem
1608 1849 1727 1880 Domini
1750 1849 1851 1879 nostri
1879 1848 1931 1878 Jesu

1116 1896 1224 1928 Christi
1240 1905 1293 1936 per
1308 1896 1486 1926 sanctissimi
1503 1895 1672 1934 Spiritus,ut
1685 1893 1799 1923 dictum
1817 1897 1872 1931 est,
1888 1891 1932 1921 vir-

1116 1944 1205 1972 tutcm
1224 1945 1252 1971 et
1270 1940 1486 1980 operationem.
1519 1941 1744 1970 Sacramentum
1771 1937 1935 1980 ordinisret

1120 1985 1217 2026 ipsum
1233 1979 1444 2025 amplectentes
1456 1985 1633 2015 conﬁtemur
1648 1988 1677 2012 et
1691 1982 1870 2022 recipimus.
1886 1979 1933 2011 lla-

1121 2029 1306 2066 trimoniutn,
1324 2029 1362 2060 de
1377 2039 1435 2069 quo
1452 2033 1532 2059 tenet
1560 2028 1624 2068 ipsa
1650 2027 1784 2058 Ecclesia
1804 2027 1934 2057 Romana.

1120 2074 1199 2115 quod
1215 2084 1270 2105 nec
1287 2083 1363 2104 unus
1378 2074 1421 2104 vir
1438 2073 1538 2113 plures
1564 2081 1670 2103 uxores
1699 2071 1800 2107 simul,
1821 2079 1875 2100 nec
1895 2077 1937 2098 una

1123 2118 1231 2150 mulier
1243 2119 1332 2149 simul
1346 2118 1459 2148 habere
1476 2117 1655 2157 permittitur
1671 2115 1773 2156 plures
1790 2115 1884 2148 viros;
1899 2122 1938 2142 so-

1092 2163 1185 2194 Dluta
1213 2173 1282 2194 vero
1307 2164 1371 2202 lege
1399 2162 1581 2193 matrimonii
1607 2170 1660 2201 per
1679 2165 1807 2190 mortem
1834 2158 1942 2189 alterius

1125 2209 1296 2250 conjugum,
1313 2210 1469 2249 secundas,
1483 2214 1512 2239 et
1522 2208 1635 2244 tertias,
1654 2212 1684 2238 et
1709 2207 1821 2237 deinde
1838 2205 1943 2250 nuptias

1128 2247 1259 2294 legitime
1275 2254 1364 2284 factas
1381 2254 1419 2292 (5)
1436 2247 1602 2284 successive
1622 2252 1719 2282 licitas
1735 2260 1804 2281 esse
1830 2250 1910 2284 dicit,
1924 2247 1943 2275 si

1129 2293 1375 2339 impedimentum
1395 2298 1586 2334 canonicum,
1601 2301 1630 2327 et
1645 2304 1734 2326 causa
1749 2295 1808 2326 alia
1825 2304 1883 2325 non
1898 2293 1943 2323 ob-

1130 2343 1408 2382 sislatzrecipimus
1431 2342 1536 2373 eodem
1567 2341 1667 2377 modo,
1684 2341 1766 2371 etde
1781 2340 1850 2379 ipso
1876 2339 1943 2370 idem

1131 2388 1258 2419 dicimus
1269 2387 1493 2419 nosExtremam
1509 2386 1679 2418 unctionem
1694 2385 1783 2415 etiam
1796 2384 1892 2424 ipsam
1905 2391 1943 2413 rr-

1127 2432 1265 2472 cipimus,
1281 2432 1419 2463 similiter
1445 2441 1510 2462 cum
1526 2430 1603 2470 aliis,
1620 2438 1685 2470 quae
1696 2433 1726 2459 et
1739 2438 1756 2458 a
1775 2429 1866 2459 nobis
1881 2429 1943 2457 cele-

1128 2477 1210 2508 brata
1217 2476 1379 2517 eptapapad
1385 2485 1431 2506 um
1438 2476 1476 2515 (ti)
1484 2475 1662 2506 nominatur.
1672 2475 1692 2504 U
1699 2482 1770 2503 num
1780 2482 1814 2502 su
1821 2472 1943 2517 minutim

1129 2515 1263 2552 dicamus
1275 2515 1367 2552 {cum
1384 2520 1447 2550 haec
1463 2519 1562 2550 omnia
1574 2519 1617 2549 sic
1634 2522 1840 2556 veneretur,et
1856 2515 1943 2556 praedi

1131 2570 1178 2597 cet
1190 2566 1268 2597 dicta
1283 2569 1384 2596 sancta
1399 2564 1532 2595 Ecclesia
1545 2563 1688 2601 Romana,
1701 2561 1856 2592 credimus
1870 2566 1897 2591 ct
1908 2559 1943 2589 di-

1131 2611 1237 2647 cimus,
1252 2609 1330 2651 quod
1346 2618 1426 2644 vere,
1445 2608 1574 2639 ﬁdeliter
1586 2612 1614 2638 et
1629 2606 1793 2637 orthodoxe
1817 2606 1905 2635 docet
1927 2610 1943 2632 cf

1130 2655 1271 2696 praedicat
1286 2655 1349 2695 ipsa
1373 2657 1473 2684 sancta
1495 2652 1625 2684 Ecclesia
1641 2652 1794 2683 Romana:
1817 2654 1914 2680 tamen
1928 2657 1941 2677 e

1173 2740 1215 2779 (ϐ)
1231 2739 1300 2770 Cor.
1316 2737 1494 2770 euchwleum
1508 2737 1581 2769 Nam
1600 2737 1702 2769 Greece
1712 2734 1868 2774 εδχέλαιωι.
