1958 3081
93 153 165 187 1061

551 154 598 186 DE
621 150 873 186 PROCICSSIONE
896 156 925 186 S.
948 151 1124 186 SPIRITUS
1146 151 1257 184 ORAT.
1282 153 1303 183 l.

1708 153 1783 185 106‘2

85 226 131 253 καὶ
154 236 216 265 φασι
243 224 325 262 μηδὲν
367 225 508 264 τυγχάνειν
545 225 589 252 σὺν
618 227 652 262 τῇ
682 223 815 262 παρούσῃ,
845 222 1033 260 μηδὲΑηυηρ
1051 221 1116 261 pala

1012 231 1033 252 te
1051 221 1146 261 palam
1174 219 1334 260 explodunt
1352 229 1358 251 :
1375 225 1569 261 asseruntque
1601 229 1696 261 neque
1721 221 1783 260 jam

84 270 134 302 τᾶς
171 272 223 297 τῶν
246 268 486 308 ἀναγεγραμμένων
518 269 643 309 χρήσεων
665 267 770 300 πλείους
793 270 857 307 πρὸς
886 268 916 295 το

85 315 261 352 προκείμενον
278 324 284 330 ·
321 312 360 342 ὅτι
377 313 416 350 μὴ
439 314 469 341 τὸ
489 315 559 341 εἶναι
584 313 702 349 ταύταις,
726 313 743 346 ἢ
771 313 802 340 τὸ
830 312 915 352 ὑπάρ-

85 370 148 399 χειν
177 359 264 397 ῥητῶς
287 359 451 396 πρόσκειται.
483 361 522 395 Τῇ
551 358 600 395 μὲν
621 357 671 397 γὰρ
699 358 730 384 τὸ
759 357 915 396 πεφηνέναι,

85 410 149 436 ταῖς
178 402 204 430 δὲ
233 404 263 431 τὸ
306 402 466 441 ἐκλάμπειν,
499 402 599 442 ἑτέραις
628 403 658 430 τὸ
693 402 854 442 προχετσθαί
886 412 914 430 τε

88 449 134 476 καὶ
158 447 309 488 ἐκχεῐσθαι,
348 454 409 480 ταῖς
445 446 504 486 μετ’
535 448 613 479 αὑτὰς
642 448 672 475 τὸ
699 447 850 486 προίεσθαι,
881 450 915 485 τῇ

89 491 117 520 δὲ
149 493 180 520 τὸ
215 492 400 532 προέρχεσθαι,
447 491 494 520 καί
541 492 624 530 ταύτῃ
673 493 703 519 τὸ
737 491 915 529 ἐκπέμπεσθαι

88 537 160 575 παρὰ
181 539 233 565 τῶν
263 536 343 575 ἕγίων
365 536 572 574 ἆπονενέμηται,
604 537 708 565 Τούεων
723 535 745 564 δ’
768 535 840 564 οὐδὲν
868 536 917 569 τὴν

88 580 198 620 ὕπαρξιν
243 582 366 618 σημαίνει
404 581 450 610 106
493 581 654 619 Πνεύματος,

89 626 175 662 τούτῳ
205 625 375 660 καταλλήλον
392 635 399 642 ·

695 581 804 609 ἕκαστον
832 580 858 608 δὲ
888 582 919 609 τί)

428 627 460 654 τὸ
489 625 635 666 πεφηνέναι
666 626 715 659 τὴν
744 626 823 654 αὒτοῦ
857 626 921 665 πρὸς

89 670 163 706 ἡμῖὶς
186 670 311 710 ἒκζρανσιν
331 680 336 685 ·
360 671 391 698 τὸ
434 670 579 708 ἐκλάμπειν
615 670 665 704 τὴν
695 671 731 701 εὶς
752 671 797 698 τὸν
820 670 922 708 κόσμον

91 714 205 753 ἆῤῥήτοο
226 715 320 743 τούτου
356 716 522 755 φωταύγειαν
542 724 548 730 '
587 716 617 743 τὸ
639 716 799 755 προχεῖσθαι
823 726 851 743 τε
873 716 916 743 καὶ

90 759 231 798 ἐκχετσθαι
260 760 310 792 τὴν
351 763 403 788 τῶν
446 760 622 800 χαρισμάτων
649 760 728 789 αότοῠ
749 766 807 791 τοῖς
837 760 917 792 ἀξίοις

89 803 219 841 διανομήν
238 812 244 819 ·
276 805 307 832 τὸ
328 805 479 844 προίεσθαι,
513 805 578 843 πρὶς
617 803 643 832 δὲ
669 805 713 832 καὶ
741 805 917 844 προέρχεσθαι

89 847 141 881 τὴν
165 848 192 875 ὲν
215 849 282 885 ἡμῖν
305 850 384 878 αὐτοῦ
413 850 481 876 θείαν
513 848 649 877 ὲπέλευσιν
667 856 674 864 '
698 850 729 877 τὸ
758 848 785 876 δὲ
813 848 917 886 ἒκπὲμ-

91 893 185 920 πεσθιι
220 893 270 926 τὴν
309 893 402 921 τούτου
442 900 499 926 τοτς
545 893 679 930 μαθηταῖς
715 893 919 932 ἒπαγγελθεῖσαν

91 937 164 974 παρὰ
186 942 233 966 τοῦ
269 940 396 977 Σωτῆρος
432 937 582 973 ἀποστολήν
601 948 607 954 ·
638 937 654 966 ἃ
691 938 776 966 πάντα
805 937 846 966 διὰ
875 941 920 965 τοῦ

94 981 155 1008 Υἷοῦ
196 984 352 1020 γεγενῆσθαι
394 983 563 1022 πιστεύομεν,
602 981 714 1020 μηδενὸς
751 985 836 1012 αὑτῶν
870 982 918 1015 τὴν

93 1029 138 1054 τοῦ
194 1027 346 1064 Πνεόματος
388 1027 564 1064 σημαίνοντος
607 1026 725 1066 ὕπαρξιν.
755 1029 803 1056 Καὶ
838 1028 919 1055 ταῦτα

95 1069 143 1107 μὲν
171 1071 254 1111 οὗτοι⁷
285 1072 354 1109 μήτε
383 1072 442 1110 περὶ
476 1072 513 1099 ὦν
542 1071 713 1100 διατείνονται
745 1073 775 1100 τὸ
797 1072 919 1111 παράπαν

81 1115 282 1156 γινώσκοντες,
309 1118 353 1144 καὶ
381 1117 428 1148 τὰς
452 1116 548 1153 μεταξὺ
588 1118 635 1144 106
667 1128 695 1145 τε
726 1116 841 1156 μεγάλου
865 1121 918 1144 Βα-

95 1159 205 1197 σιλείου,
235 1162 278 1189 καὶ
305 1162 352 1189 106
385 1161 453 1189 θείου
488 1164 591 1201 Πιτρὸς
629 1160 781 1190 Ἀθανασίου
817 1162 919 1200 ῥήσεις,

97 1204 124 1231 ὲν
146 1206 189 1236 αἷς
224 1206 255 1232 τὸ
283 1205 354 1233 εἶναι
396 1205 549 1245 πρόσκειται
578 1206 732 1244 κακούργως
763 1206 919 1244 ἀποκρυψά-

99 1258 184 1285 μενοι.
215 1249 274 1288 Περὶ
302 1250 351 1289 γὰρ
377 1252 427 1283 τῆς
449 1250 557 1288 πρώτης
596 1250 716 1288 οὐδαμῶς
758 1249 921 1290 διαφέρεσθαι

99 1291 156 1320 δέον
183 1294 264 1330 ἡμᾶς,
295 1295 331 1327 ὡς
361 1293 493 1322 ὰπολύτου
521 1294 658 1332 κειμένης,
689 1295 732 1323 καὶ
759 1294 821 1334 δίχα
851 1295 921 1326 τινὸς

99 1336 169 1369 ὅλως
197 1338 326 1376 ῥήματος,
357 1339 378 1366 εἰ
407 1340 450 1367 καὶ
478 1338 584 1377 δυνάμει
607 1339 654 1367 κὰν
682 1340 763 1378 ταύτῃ
791 1340 822 1367 τὸ
842 1339 923 1378 ὑπάρ-

99 1393 160 1422 χειν
189 1383 243 1410 ἐστι
266 1384 333 1411 κατὰ
361 1384 422 1416 τοὺς
451 1385 509 1424 περὶ
539 1388 620 1412 ταῦτα
648 1382 746 1413 δεινοὺς
775 1384 923 1423 ἀναγκαίως

100 1427 241 1465 νοούμενον
265 1427 337 1466 "tuo:
366 1428 437 1457 οὗτοι
474 1428 522 1465 μὲν
557 1427 599 1456 διὰ
637 1431 689 1456 τῶν
711 1428 836 1457 τοιούτων
874 1428 923 1462 τὴν

101 1472 196 1500 οἷκείαν
246 1473 357 1511 γνώμην
399 1473 569 1511 παρέστησαν
586 1481 594 1488 θ
632 1473 686 1512 ἐγὼ
714 1472 741 1501 δὲ
770 1479 827 1505 τοῖς
862 1471 922 1500 δια-

959 267 1109 297 laudatum
1123 265 1322 296 lestunouium
1339 274 1435 304 neque
1451 266 1592 305 majorem
1605 270 1717 305 partem
1730 276 1783 296 eo-

958 320 1035 344 rum.
1054 320 1119 351 quae
1134 320 1223 350 supra
1236 310 1323 340 allata
1339 314 1418 346 sunt,
1433 310 1592 350 quidquam
1609 311 1644 340 ad
1672 320 1781 350 propo-

959 357 1046 387 situm
1064 356 1161 386 facere
1177 354 1255 395 quod
1277 354 1306 384 in
1322 354 1381 384 illis
1407 364 1504 395 neque
1520 363 1593 391 esse,
1617 364 1712 394 neque
1727 364 1782 386 ear-

958 401 1064 432 sistere
1081 399 1253 430 nominatim
1272 399 1450 439 proferatur,
1470 399 1519 429 uni
1548 399 1694 439 siquidem
1712 399 1782 430 illud

957 454 1115 485 apparere.
1134 444 1199 474 aliis
1226 443 1352 479 elucere,
1369 443 1434 473 aliis
1452 444 1599 483 pro/undi
1614 449 1641 474 et
1657 444 1782 484 effundi,

960 489 1109 520 nonnuliis
1122 489 1281 529 prateuiru
1296 493 1323 518 et
1337 489 1494 528 progredi,
1509 493 1537 518 et
1552 493 1700 529 postremo
1715 489 1784 520 huic

960 535 1056 566 emitti
1066 545 1082 564 a
1094 533 1204 564 sanctis
1217 533 1381 573 appositum
1395 537 1449 564 est.
1463 532 1573 563 Horum
1584 543 1651 563 vero
1670 534 1782 564 nullum

961 578 1088 619 Spiritus
1104 577 1375 617 exsi-teutiam,sed
1390 579 1714 619 unumquodque,un
1727 579 1783 609 sibi

961 623 1123 663 respondet
1145 628 1173 653 et
1188 632 1350 662 congruum
1368 627 1422 663 est,
1441 623 1586 662 signiﬁcat
1603 635 1609 652 :
1627 632 1782 663 apparere,

964 668 1041 698 illius
1052 667 1088 698 ad
1105 678 1158 698 nos
1174 667 1401 707 apparitionem;
1412 667 1538 707 elucere,
1553 667 1631 697 illius
1646 668 1675 698 in
1693 672 1782 698 terra-

959 723 1024 744 rum
1041 712 1143 743 orbem
1168 712 1396 743 inenarrabilem
1422 711 1669 742 illuminalionem
1685 721 1691 744 :
1708 721 1780 753 pro—

957 758 1047 798 fundi
1061 763 1091 788 et
1106 757 1380 798 eﬂ'undi_dottorun1
1396 757 1476 787 illius
1488 766 1557 796 erga
1570 756 1675 795 dignos
1685 757 1785 788 distri-

960 803 1125 839 butionem;
1139 802 1175 832 ad
1192 802 1438 842 hwe,provenire,
1452 802 1782 842 etprogredi,diviuum

962 847 1039 878 illius
1055 847 1083 878 in
1101 856 1154 877 uos
1168 847 1338 885 adventum;
1352 847 1448 877 emitti
1471 846 1589 877 tandem
1607 847 1686 877 illius
1710 857 1783 888 apo-

960 892 1044 922 stolis
1060 901 1075 922 e
1090 891 1241 922 Salvatore
1263 891 1436 931 promissam
1455 891 1707 932 missionem,quas
1717 901 1781 922 om-

960 937 1009 967 nia
1025 946 1077 977 per
1088 936 1206 966 Fillium
1231 939 1343 975 patrata
1363 945 1429 966 esse
1454 935 1615 973 credimus,
1632 945 1699 966 cum
1715 937 1783 967 nul-

961 980 1021 1011 lum
1039 982 1143 1010 horum
1157 980 1285 1020 Spiritus
1298 981 1499 1011 exsistentiam
1518 984 1606 1011 notat.
1625 980 1660 1012 Et
1673 981 1702 1011 hi
1715 981 1783 1022 qui-

961 1024 1028 1056 dem
1042 1025 1115 1064 hzec,
1133 1034 1247 1059 eorum,
1270 1024 1307 1054 de
1322 1024 1428 1064 quibus
1453 1024 1645 1062 contendunt,
1664 1035 1784 1065 prorsus

961 1069 1100 1110 ignari,et
1109 1069 1196 1100 dictis
1207 1069 1325 1100 interea
1335 1069 1431 1108 magni
1443 1068 1542 1099 Basilii
1552 1073 1579 1100 et
1589 1069 1682 1101 divini
1693 1071 1784 1101 Patris

961 1114 1114 1146 Athanasii
1138 1114 1303 1154 digestis,in
1322 1114 1429 1154 quibus
1444 1122 1507 1145 esse
1531 1113 1701 1154 adjunctum
1728 1119 1782 1153 est,

963 1159 1110 1190 malitiose
1125 1159 1242 1190 silentio
1259 1159 1396 1190 involutis
1409 1168 1415 1188 :
1430 1168 1557 1199 namque
1569 1159 1605 1190 de
1616 1159 1710 1200 primo
1720 1161 1784 1191 nul-

963 1204 984 1235 li
998 1204 1121 1234 dubium
1144 1213 1209 1234 esse
1224 1203 1324 1240 debet,
1342 1203 1411 1234 licet
1426 1203 1559 1234 absolute
1572 1205 1716 1244 prolatum
1735 1206 1783 1243 sit,

963 1252 991 1279 et
1006 1248 1116 1288 absque
1128 1247 1186 1278 ullo
1205 1257 1326 1288 prorsus
1342 1247 1550 1282 verbo,virtute
1565 1248 1710 1289 siquidem
1723 1259 1785 1280 ver-

963 1292 1032 1323 bum
1063 1293 1220 1327 exsislere,
1247 1292 1391 1329 continet,
1419 1296 1450 1322 ut
1473 1293 1522 1332 qui
1546 1292 1576 1323 in
1599 1294 1688 1324 rebus
1703 1294 1786 1324 hisce

964 1336 1086 1367 exerciti
1097 1341 1175 1374 sunt,
1189 1342 1219 1367 et
1231 1336 1419 1376 perspicaces
1432 1336 1611 1375 intelligunt.
1629 1337 1664 1368 Et
1680 1338 1709 1368 hi
1734 1349 1786 1378 per

965 1381 1074 1413 similia
1087 1382 1235 1422 propriam
1262 1381 1439 1411 sententiam
1467 1390 1642 1422 expressere
1660 1394 1666 1411 :
1684 1393 1784 1413 verum

965 1435 1019 1465 ego
1030 1430 1092 1465 jam
1108 1426 1214 1465 allatis,
1233 1430 1261 1456 et
1277 1435 1342 1466 quae
1365 1426 1415 1456 illa
1428 1425 1660 1466 subsequuntur,
1678 1437 1785 1467 super-

964 1471 1083 1511 addam,
1095 1480 1203 1511 nempe
1215 1472 1611 1510 erumpere,scaturire,etsi
1624 1472 1694 1510 quid
1705 1472 1785 1502 aliud

101 1516 224 1556 ληφθεῖσι
254 1517 414 1557 προστίθημι
435 1519 480 1546 καὶ
504 1517 588 1546 τᾶλλα
609 1518 642 1546 τὰ
669 1518 769 1550 τούτοις
791 1518 951 1555 ὶπόμενα,0
964 1515 1061 1546 simile
1089 1516 1116 1546 ul

1012 1517 1061 1546 iile
1089 1516 1198 1556 ubique
1223 1515 1252 1546 in
1281 1515 1388 1546 divinis
1416 1515 1578 1555 Scripturis
1603 1522 1723 1556 accepta
1748 1519 1786 1548 de

101 1562 131 1589 τὸ
155 1560 306 1597 ἆναϐλύζειν
336 1560 449 1602 δηλαδὴ,
479 1563 510 1590 1‘0
536 1563 677 1602 πηγάζειν,
700 1563 743 1591 καὶ
767 1561 794 1590 εἴ
821 1562 846 1590 τί
874 1573 923 1599 περ

103 1605 190 1645 ἕτερον
218 1605 321 1647 ὅμοιον,
352 1606 419 1646 ἅπερ
459 1610 598 1647 πανταχοῦ
629 1611 678 1641 τῆς
721 1607 790 1639 θείας
817 1608 923 1647 Γραφῆς

103 1650 144 1679 ἐπὶ
165 1654 212 1679 τοῦ
245 1652 396 1689 Πνεύματος
426 1652 570 1691 εὒρίσκεται
608 1651 794 1689 λαμϐανόμενα
811 1661 819 1669 ⁸
842 1655 924 1680 ταῦτα

102 1696 188 1725 πάντα
212 1696 261 1730 τὴν
287 1697 364 1724 αὺτοῦ
393 1695 489 1730 δηλοῦν
517 1696 604 1736 λέγων
624 1696 732 1736 ὕπαρξιν
749 1707 756 1714 ·
784 1696 827 1725 καὶ
848 1700 925 1725 10610

103 1740 271 1781 δειχθήσεται
293 1742 361 1769 κατὰ
390 1742 421 1769 τὸ
448 1741 584 1774 παντελῶς
608 1740 797 1781 ἁναμφίϐολον,
829 1740 854 1774 ἐξ
888 1743 925 1769 ὤν

104 1785 197 1826 συχνοί
224 1789 278 1814 τῶν
306 1786 399 1825 ἁγίων,
428 1786 493 1814 κάπὶ
532 1789 581 1820 τῆς
611 1786 641 1815 ἐκ
663 1788 763 1826 Πατρὶις
794 1784 925 1826 ὑπάρξεως

103 1834 149 1859 τοῦ
175 1831 236 1858 Υἱοῦ
263 1831 311 1862 τὰς
339 1833 460 1864 τοιαύτας
496 1832 584 1871 φωνὰς
606 1830 810 1871 παρειλήφασιν,
833 1831 871 1859 ὧν
899 1831 924 1858 αἱ

104 1875 192 1914 ῥήσεις
242 1876 335 1915 μικρὸν
368 1875 474 1916 ὕστερον
518 1875 606 1904 ἐνθάδε
647 1876 920 1916 καταστρωθήσοιται.

104 1923 154 1949 Νῦν
183 1919 210 1947 δὲ
236 1919 303 1953 τέως
333 1921 376 1949 καὶ
402 1925 456 1949 τῶν
482 1921 723 1961 ἀναγεγραμμένων
748 1922 776 1949 ἓν
804 1924 853 1958 μιᾷ
874 1932 924 1949 τινι

104 1965 228 2005 χρήσεων
250 1966 281 1992 τὸ
309 1965 427 1994 τοιοῦτον
448 1966 539 2004 δρᾶται
566 1969 626 1997 τοῦς
655 1965 685 1994 οὒ
700 1964 837 2005 παρέργως
859 1965 923 1993 ἀνα-

105 2009 289 2048 γινώσκουσιν.
312 2010 348 2038 Τὸ
375 2010 424 2049 γὰρ
451 2009 596 2047 ἐκλάμπειν
624 2011 638 2038 ὁ
660 2010 764 2043 Νύσσης
780 2009 923 2048 Γρηγόριος

103 2054 228 2094 πρότεροί
256 2055 300 2082 επὶ
327 2055 373 2083 106
402 2056 474 2090 Υἱοῦ,
511 2055 555 2083 καὶ
591 2055 650 2083 τότε
678 2054 789 2087 δεόντως
817 2054 859 2083 ἐπὶ
879 2057 925 2082 τοῦ

105 2101 257 2137 Πνεύματος
298 2099 424 2138 τέθεικεν,
465 2099 511 2128 ἵνα
557 2103 644 2128 πᾶσαν
676 2099 824 2138 ἀντιλογίας
853 2100 923 2127 ἁπο-

104 2143 197 2182 κλείσῃ
217 2150 274 2175 τοῖς
306 2143 418 2184 φιλὲρισι
447 2144 588 2184 πρόφασιν.
611 2145 648 2174 06
676 2145 725 2184 γὰρ
740 2143 772 2178 δὴ
789 2144 854 2173 κάπὶ
881 2145 926 2172 106

105 2190 166 2217 Υἱοῦ
195 2189 226 2216 τὸ
255 2189 359 2228 ψυχρὸν
388 2189 473 2217 αὐτῶν
507 2190 595 2217 ἐκεῖνο
631 2190 720 2227 νόημα
747 2189 838 2229 χώραν
860 2188 960 2232 ἕξεινι)

105 2235 195 2264 ποσῶς
238 2233 425 2270 νομισθήσεται
467 2241 525 2266 τοῖς
562 2237 615 2262 τῶν
643 2233 780 2273 ἀκροατῶν
810 2233 927 2272 ἐπιγνώ-

106 2288 195 2315 μοσιν,
221 2275 331 2318 ’Λφίημι
360 2277 409 2317 γὰρ
425 2277 524 2318 λέγειν,
556 2277 596 2307 ὅτι
625 2279 670 2307 καὶ
697 2279 728 2306 τὸ
754 2280 928 2318 προχεῖσθαι,

106 2324 149 2352 καὶ
191 2324 222 2352 τὸ
275 2323 456 2362 ἱκπέμπεσθαι
476 2348 482 2355 ,
512 2324 688 2365 προσκείμενα
731 2336 789 2353 τινα
828 2325 930 2356 τούτοις

104 2369 216 2410 ἔχοντα,
239 2373 315 2399 τοῦτο
343 2371 392 2409 μὲν
426 2371 457 2399 τὸ
484 2370 588 2408 ἆῒδίως,
611 2371 699 2400 ἐκεῖνο
727 2370 754 2400 δὲ
773 2373 800 2400 τὸ
815 2374 931 2412 φυσικῶς

105 2416 149 2443 καὶ
191 2414 324 2447 οὗσιωδῶς
370 2415 418 2448 τὰς
458 2415 579 2455 ῥηθείσας
623 2416 722 2448 ἐννοίας
771 2417 871 2445 τούτων
905 2418 935 2446 οὗ

104 2459 311 2501 παραδέχονται.
355 2463 416 2493 Πῶς
458 2462 508 2501 γὰρ
551 2462 581 2489 τὸ
610 2463 716 2500 Πνεῦμα
744 2465 862 2502 φυσικῶς
891 2463 936 2491 καὶ

105 2504 236 2537 οὓσιωδῶς
261 2506 445 2545 προχεόμενον
467 2506 510 2534 ἐπὶ
547 2506 601 2535 τῶν
629 2507 806 2546 χαρισμάτων
826 2506 934 2547 ληφθή-

965 1560 1076 1600 Spiritu
1093 1561 1304 1600 reperiuntur;
1319 1565 1433 1591 astreus
1459 1561 1509 1592 illa
1529 1562 1627 1592 omnia
1642 1561 1720 1592 illius
1733 1571 1785 1593 ex-

966 1605 1128 1636 sislentiam
1146 1609 1307 1635 conuolare
1325 1610 1373 1636 :et
1391 1605 1447 1636 hoc
1468 1605 1507 1635 ita
1525 1615 1590 1635 esse
1601 1605 1713 1646 absque
1729 1606 1787 1636 ullo

966 1648 1056 1681 dubio
1073 1649 1338 1686 demonstrabitur,
1354 1660 1420 1680 cum
1438 1650 1571 1690 plerique
1587 1650 1682 1680 sancti
1701 1651 1788 1681 hasce

966 1703 1052 1725 voces
1067 1694 1103 1725 de
1119 1694 1185 1725 Filii
1200 1704 1235 1725 ex
1260 1693 1345 1724 Patre
1368 1694 1539 1725 exsistentia
1568 1694 1788 1735 usurpaverint,

966 1748 1089 1779 quorum
1106 1739 1184 1769 dicta
1200 1739 1284 1779 paulo
1301 1739 1433 1779 posthac
1450 1739 1553 1770 eadem
1569 1739 1704 1770 oratione
1720 1739 1787 1770 des-

966 1783 1242 1815 cribentur.Verum
1255 1793 1333 1814 nunc
1349 1783 1468 1814 interim
1484 1784 1514 1814 iu
1529 1793 1587 1814 uno
1606 1793 1640 1814 ex
1651 1784 1714 1824 jam
1735 1785 1789 1815 ad—

967 1828 1064 1860 ductis
1080 1829 1257 1860 testimoniis
1269 1830 1380 1860 clarum
1392 1833 1514 1870 apparet
1533 1829 1604 1866 illis,
1616 1829 1666 1869 qui
1683 1829 1792 1860 similia

966 1883 1025 1904 non
1038 1879 1150 1905 temere
1161 1881 1191 1905 et
1209 1875 1407 1915 iutelligenter
1422 1874 1682 1906 versant.Elucere
1704 1884 1790 1905 nam-

967 1928 1024 1959 que
1036 1918 1184 1960 Nysseuus
1194 1919 1352 1959 Gregorius
1369 1920 1452 1960 prius
1467 1919 1503 1950 de
1521 1919 1607 1956 Filio,
1625 1924 1685 1950 tum
1703 1919 1791 1950 dein-

966 1973 1047 2004 ceps,
1062 1964 1104 1994 uti
1121 1974 1173 2005 par
1187 1969 1261 2005 erat,
1286 1965 1323 1995 de
1345 1964 1456 2004 Spiritu
1482 1965 1589 2004 posuit,
1618 1969 1648 1994 ut
1672 1973 1792 1994 omnem

966 2009 1210 2040 contradictionis
1221 2019 1321 2040 ansam
1338 2009 1532 2040 conteutiosis
1548 2009 1792 2049 eriperet.Neque

966 2054 1044 2084 enim
1057 2054 1086 2084 in
1103 2054 1176 2084 Filio
1188 2054 1327 2094 frigidum
1342 2063 1443 2085 eorum
1456 2053 1612 2084 consilium
1631 2055 1726 2084 locum
1744 2054 1792 2083 ul-

967 2101 995 2132 ιο
1011 2098 1097 2128 modo
1114 2099 1224 2129 habere
1238 2099 1274 2129 ab
1301 2098 1393 2138 {equis
1406 2097 1568 2128 lectoribus
1592 2097 1789 2137 reputabitur.

967 2142 1110 2174 Praeterea
1117 2142 1263 2183 siquidem
1273 2143 1417 2179 dicere,et
1426 2142 1718 2182 profundi,etemitti
1727 2152 1794 2172 cum

969 2187 1084 2218 adnexa
1094 2187 1152 2218 sibi
1163 2187 1307 2218 nonnulla
1321 2187 1488 2228 praeferant,
1502 2187 1558 2218 hoc
1570 2187 1690 2228 quidem
1702 2191 1793 2218 aeter-

970 2241 1020 2273 ne,
1036 2232 1109 2263 illud
1125 2242 1195 2264 vero
1211 2233 1405 2268 naturaliter,
1431 2236 1460 2263 et
1474 2232 1687 2265 essentialirer,
1702 2232 1796 2263 dictas

972 2277 1145 2308 eorumdem
1160 2277 1352 2317 cogitationes
1366 2286 1425 2307 non
1441 2277 1611 2309 admittere.
1637 2276 1699 2312 Qua
1717 2276 1796 2307 enim

971 2321 1217 2362 ratioueSpiritus
1232 2321 1408 2352 naturaliter
1423 2326 1451 2352 et
1462 2321 1660 2352 essentialiter
1674 2321 1796 2356 ell'usus,

975 2366 1012 2397 de
1025 2366 1112 2397 donis
1133 2366 1310 2407 accipietur?
1328 2367 1363 2398 Et
1378 2366 1527 2406 quomodo
1543 2373 1653 2397 aeterne
1673 2366 1799 2396 emissus

976 2411 1013 2442 de
1027 2410 1169 2442 missione
1184 2410 1381 2451 intelligetur?
1399 2410 1455 2441 Sed
1473 2410 1535 2441 hzec
1554 2410 1707 2451 quidemiu
1722 2414 1801 2441 tran-

976 2457 1046 2493 situ,
1075 2465 1140 2496 quw
1151 2456 1189 2487 de
1203 2455 1379 2487 adversariis
1395 2455 1487 2486 multo
1500 2455 1617 2486 roboris
1644 2454 1800 2486 intervallo

976 2502 1128 2534 victoriam
1151 2502 1229 2533 ferre
1246 2505 1393 2542 poterunt.

105 2560 176 2578 σετιι
194 2559 202 2585 ς
220 2552 281 2582 Πῶς
299 2549 326 2578 δὲ
342 2551 385 2578 καὶ
399 2549 491 2583 ἀϊδίως
508 2545 713 2589 ἐκπεμπόμενον
729 2550 771 2579 ἐπὶ
787 2554 836 2585 τῆς
852 2545 1003 2584 ἀποστολῆς
1026 2548 1184 2582 νοηθήσεται
1202 2557 1209 2587 ς
1228 2547 1300 2581 Πλην
1322 2550 1402 2575 ταῦτα
1425 2546 1474 2584 μὲν
1505 2547 1572 2575 κατᾶ
1602 2545 1727 2586 παροδον,
1751 2545 1799 2576 κᾶν

105 2595 126 2623 εἰ
139 2605 154 2622 τ
163 2595 193 2622 ὗν
215 2595 373 2623 ὑπεναντίων
387 2596 432 2623 καὶ
447 2595 515 2624 οὕτω
529 2598 614 2635 κρατῇ
631 2595 698 2624 κατὰ
719 2595 823 2630 πολλὴν
837 2595 988 2635 περιουσίαν
1004 2593 1150 2631 δυνάμεως.

146 2634 190 2671 ιθ’,
224 2634 299 2673 "Han
327 2638 354 2667 δὲ
380 2641 424 2668 καὶ
451 2640 498 2672 τὰς
526 2643 579 2669 τῶν
609 2640 691 2679 ἁγίων
720 2641 781 2690 περὶ
792 2643 846 2669 τῶν
860 2634 929 2681 προ-

1012 2638 1060 2669 19.
1079 2637 1136 2668 Sed
1151 2636 1212 2676 jam
1229 2641 1398 2667 sanctorum
1413 2635 1450 2666 ile
1462 2635 1611 2676 praedictis
1628 2635 1802 2666 testimonia

105 2684 252 2724 λεχθέντων
281 2684 395 2713 ἐκθεῖναι
424 2685 514 2724 ῥήσεις
551 2687 598 2715 οὒκ
624 2679 803 2725 ἄκαιρονξ¹0
818 2679 930 2725 μὲνγὰρ
971 2691 1116 2724 apponere

1012 2691 1122 2724 ponere
1148 2691 1206 2712 non
1225 2681 1456 2722 iuopportunum
1492 2680 1592 2711 fuerit.
1621 2679 1802 2711 Inconcussa

108 2727 267 2768 ἆκρᾶδαντος
317 2727 411 2761 στῦλος
438 2729 488 2764 τῆς
524 2729 686 2763 Ἐκκλησίας
731 2728 886 2761 Ἀθανάσιος
915 2731 929 2758 ὁ
973 2728 1052 2759 enim
1068 2726 1116 2758 Εει

1012 2728 1052 2758 im
1068 2726 1209 2763 Ecclesia:
1221 2725 1359 2757 columna
1371 2735 1492 2765 magnus
1507 2725 1697 2763 Athanasius,
1716 2733 1802 2763 cujus

107 2773 201 2813 μέγας,
228 2773 258 2801 οὗ
288 2772 404 2802 πλεῖστα
439 2774 472 2801 τὰ
496 2774 560 2814 ὑπὲρ
588 2774 641 2802 τῶν
676 2775 758 2814 ὀρθῶν
786 2773 926 2814 δογμάτων
969 2782 1022 2814 pro
1048 2771 1116 2802 recti

1012 2783 1022 2803 3
1048 2771 1138 2802 rectis
1153 2770 1341 2809 dogmatibus
1357 2771 1500 2811 pleraque
1515 2774 1674 2801 narrantur
1702 2773 1802 2800 certa-

105 2817 287 2856 παλαίσματα,
323 2820 372 2852 τῆς
412 2817 542 2851 εὒσιῦιίας
570 2819 584 2847 ὁ
612 2825 735 2859 γενναῖος
776 2818 926 2858 ἀγωνιστὴς
969 2817 1060 2858 mina,
1078 2826 1114 2856 ge

1013 2827 1060 2858 ua,
1078 2825 1241 2856 generosus
1257 2815 1374 2856 pietatis
1388 2815 1501 2846 athleta
1530 2819 1558 2845 et
1583 2817 1799 2855 propugnator,
