1958 3081
66 78 162 117 1077-

531 84 580 115 DE
601 83 854 116 PROGESSIONE
876 83 905 114 S.
929 82 1105 114 SPIRITUS
1125 82 1238 114 ORAT.
1263 83 1285 114 Ι.

1675 82 1752 121 10⁵18

61 158 142 187 τερον
186 149 248 179 ἔνιοι
284 154 337 179 τῶν
384 150 634 181 ἆποδυσπετούντων
676 155 834 188 συνεπιζητο

984 148 1046 180 odsi
1059 148 1223 180 secundum
1247 158 1283 180 ex
1309 149 1380 187 illis,
1394 149 1446 190 qui
1470 153 1576 180 cuncta
1590 149 1757 191 fastidiunt,

61 193 138 230 αὐτῷ
154 195 183 222 «.a
205 194 272 233 μηδὲ
287 194 412 235 χελιδόνα
426 197 486 234 μίαν
512 196 557 236 ἔαρ
584 198 673 225 ποιεῖν
699 198 883 236 παροιμιακῶς

61 236 245 277 ἐπιλέγοντες,
263 239 327 279 ὅπερ
342 240 388 269 οὒκ
400 241 452 269 ὰπὸ
478 241 576 281 τρόπου
603 241 704 273 τούτοις
733 241 788 270 ἐστί
804 250 811 258 ·
827 251 886 269 τοι·

60 284 134 311 οὗτοι
157 284 207 323 γὰρ
228 285 276 318 τὴν
303 285 413 324 γνώμην
441 287 511 314 οὗτοι
538 289 823 326 καταναισχυντοῦντες
845 286 889 314 καὶ

58 331 115 356 τῶν
152 327 196 356 διὰ
215 340 243 357 τε
272 329 351 369 λόγου
378 331 421 359 καὶ
442 330 578 363 πολιτείας
599 330 665 369 ὕψος
698 330 775 363 ἀξίων
805 329 890 364 αἰδοῦς

58 373 103 401 καὶ
135 372 301 411 σεϐάσματος
318 384 326 394 ο
349 375 510 413 νηψᾶτωσαν
541 377 604 415 γούν
632 376 680 413 ὀψὲ
711 379 745 414 τῇ
785 375 887 412 καρδίᾳ,

59 418 154 446 καὶτὸ
178 423 223 448 τοῦ
243 418 334 458 ἀνδρὸς
350 419 494 459 μεγαλεῖον
516 421 560 449 ἰπὶ
586 432 615 449 τε
644 420 720 461 σοφίᾳ
745 421 790 448 καὶ
814 419 887 458 λαμ-

60 461 179 501 πρότητι
194 463 251 502 βίου
271 465 482 500 κατανοήσαντες
500 473 509 481 ·
541 465 583 497 εἷς
611 465 662 504 γὰρ
690 466 765 496 οὗτος
780 464 887 494 πολλῶν

58 507 105 534 επὶ
142 510 222 535 πᾶσιν
258 507 377 541 ἀντάξιος
394 519 402 526 ·
435 509 462 538 ἒν
504 509 664 548 μεταμελείᾳ
692 515 738 539 τοῦ
767 509 887 549 χαλεποῦ

57 551 156 581 τούτου
184 552 280 591 τρόπου
304 553 479 591 γενέσθωσαν,
511 555 696 586 πιστεύσαντες
723 553 885 586 ἀδιστάκτως

57 602 120 628 τοῖς
145 595 236 636 λόγοις
251 597 338 630 αὑτοῦ,
363 599 406 626 καὶ
433 599 471 636 μὴ
494 598 627 635 δεηθέντες
653 598 734 627 ἄλλου
761 599 833 630 τινος
849 599 885 631 εἷς

56 639 214 678 βεϐαίωσιν,
237 641 309 674 ὅπως
326 641 406 675 nunc
435 643 523 672 ἔσοιτο
542 645 642 676 τούτοις
672 646 736 676 Θεὸς
751 645 778 673 ἒν
799 644 886 682 ἡμέρᾳ

55 684 107 718 τῆς
123 686 246 723 κρίσεως.
278 685 335 715 Ἰνα
361 686 388 715 δὲ
419 688 458 726 μὴ
486 687 547 727 δόξῃ
575 689 627 717 τισὶ
661 690 768 718 τοιαῦτα
797 688 884 728 λέγειν

54 730 142 766 ἡμᾶς,
166 731 203 761 ὡς
231 731 325 769 ἑτέρων
361 731 524 771 ἀποροῦντας
550 734 593 765 εἷς’
616 734 664 768 τὴν
702 734 761 772 περὶ
792 734 883 763 τούτου

56 774 202 813 μαρτυρίαν
223 775 266 803 καί
302 775 435 810 σᾶστασιν,
472 778 486 805 ὁ
515 779 684 815 Δαμασκόθεν
713 779 793 819 σοφὸς
821 777 882 806 Ἰω-

57 809 154 853 άννης,
169 820 183 847 ὁ
198 819 271 858 πάσῃ
286 819 432 859 διαπρέψας
457 821 537 861 ἀρετῇ
555 809 606 851 ’καὶ
633 822 720 862 λόγων
749 809 882 854 παντοίοις
896 809 913 833 Β

57 863 233 902 χαρίσμασιν,
271 864 378 893 imae:
413 866 457 894 καὶ
498 866 572 900 οὗτος
613 867 804 907 παραληφθεὶς,
833 868 882 901 τὴν

56 908 146 936 αὐτῶν
175 907 333 948 ἀμφιϐολίαν
355 908 438 950 λύσει,
467 911 510 939 καὶ
531 912 561 939 τὸ
582 912 752 950 ζητούμενον.
776 907 831 945 1’ος
854 912 881 939 ἐν

55 955 94 988 τῷ
109 953 169 991 περὶ
203 953 278 981 θείων
311 954 448 992 ὀνομάτων
483 955 627 995 κεφαλαίῳ,
657 957 693 985 Τὸ
719 955 746 984 δὲ
776 956 881 994 Πνεῦμα

55 996 86 1023 τὸ
126 995 215 1036 ἅγιον,
252 996 370 1035 εἴρηκεν,
413 1000 429 1032 ἦ
471 999 646 1039 ἑκῳαντορικὴ
693 1005 740 1030 τοῦ
773 1001 879 1041 κρυφίου

54 1043 104 1073 τῆς
134 1041 264 1074 θαότητος
300 1041 409 1090 δύναμ’
448 1048 495 1073 τοῦ
541 1046 654 1084 Πατρὸς,
706 1044 736 1073 ἔκ
777 1046 878 1084 Πατρὺς

53 1084 109 1114 ἐστι
147 1084 181 1113 δι’
210 1087 270 1115 Υἱοῦ
304 1084 512 1126 ὶκπορῖυομένη,
537 1090 574 1121 ὡς
603 1089 687 1126 οἶδεν,
725 1091 755 1118 οὗ
780 1101 878 1129 γεννη-

54 1133 108 1162 τίῦς
125 1140 134 1148 ’
171 1129 212 1159 διὰ
237 1132 281 1160 καὶ
311 1135 417 1170 Πνεῦμα
448 1133 535 1172 ἅγιον.
567 1135 647 1166 Οὗτος
677 1135 720 1162 καὶ
743 1134 823 1163 πάλιν
852 1135 878 1163 ἐν

55 1177 93 1211 τῷ
122 1175 204 1215 αὖτῳ,
235 1177 270 1205 Τὸ
320 1179 425 1215 Πνεῦμα
468 1179 527 1207 ὶ¹ἷοῦ
561 1179 678 1216 Πνεῦμα,
703 1179 755 1219 οὔχ
789 1180 826 1211 ὡς
853 1179 879 1212 ἱΞ

55 1220 145 1259 αὖτοῦ,
182 1219 242 1248 ἀλλ’
271 1222 307 1253 ὡς
342 1221 375 1249 δι’
412 1222 490 1250 αὐτοῦ
519 1222 548 1251 ἐκ
585 1226 632 1251 τοῦ
661 1225 762 1262 Πατρὸς
795 1224 878 1252 ἐκπο-

54 1264 207 1302 ρευόμενον,
244 1264 312 1294 οῖδα
340 1269 384 1294 νῦν
418 1267 455 1298 ὡς
483 1268 506 1295 οἱ
533 1266 639 1299 πλείους
666 1271 719 1296 τῶν
738 1267 878 1296 ἀντιδιατι-

54 1308 171 1346 θεμένων
185 1310 255 1347 ἡμῖν
276 1311 306 1338 τὸ
334 1309 375 1338 διὰ
388 1316 434 1341 τοῦ
456 1311 516 1339 Υἱοῦ
547 1311 711 1351 παριδόντες,
744 1313 837 1347 ἐπειδὴ
853 1324 878 1342 τι

54 1354 98 1381 καῖ
134 1355 256 1392 βοηθείας
290 1355 405 1384 ἐντεῦθεν
434 1358 481 1385 οὒκ
507 1357 610 1398 ἔχουσι,
634 1357 733 1395 μᾶλλον
756 1358 805 1396 μὲν
834 1359 878 1387 οὖν

51 1400 91 1434 τῷ
125 1401 256 1439 προφανεῖ
290 1405 335 1430 τοῦ
362 1400 442 1440 λόγου
477 1402 520 1429 καὶ
563 1401 784 1443 καταϐάλλονται,
812 1405 877 1443 πρὸς

51 1443 112 1482 τὴν,
140 1444 187 1471 οὒκ
214 1443 240 1477 ἐξ
275 1445 363 1486 αὺτοῦ,
393 1447 483 1486 φωνὴν
520 1445 734 1488 ὰποϐλὲπῳσιν,
754 1449 875 1488 ἀφορμὴν

926 194 1061 224 nonnulli
1074 197 1251 234 exposcunt,
1268 203 1355 224 unam
1368 194 1561 224 hirundinem
1573 204 1623 226 ver
1634 202 1694 225 non
1705 195 1756 225 fa-
1773 202 1776 207 '

928 247 998 269 cere
1010 238 1283 276 admurmurantes,
1297 238 1374 278 quod
1387 247 1445 269 non
1458 243 1684 278 praetermorem
1701 248 1755 270 eo-

931 282 1068 314 rnmdem
1085 286 1140 320 est,
1158 282 1201 313 sic
1218 282 1298 312 enim
1314 282 1361 312 isti
1372 282 1495 312 animati
1511 287 1589 319 sunt,
1607 287 1638 313 ut
1650 287 1677 313 et
1688 292 1754 314 ser-

933 336 1033 364 mone,
1051 330 1079 357 et
1094 327 1159 358 vitae
1174 327 1301 357 instituti
1330 327 1511 358 sublimitate
1526 327 1634 368 dignis,
1651 328 1681 358 in
1699 328 1755 359 ho-

931 379 1005 401 nore
1021 375 1050 401 et
1063 371 1232 402 reverentia
1247 371 1351 402 haberi
1377 372 1582 409 ﬂoccifaciant,
1616 376 1644 402 et
1659 372 1688 403 in
1703 382 1755 403 eos

930 414 1119 455 impudenter
1131 415 1364 446 debacchentur.
1394 416 1531 448 Redeant
1560 417 1660 457 itaque
1676 427 1755 448 nunc

929 460 1048 491 tandem
1065 460 1100 490 ad
1113 469 1146 490 se
1155 465 1184 490 et
1210 460 1241 490 in
1257 465 1368 491 rectam
1391 461 1542 502 semitam,
1568 466 1598 492 et
1617 462 1672 492 viri
1688 471 1754 493 ma-

928 504 1113 543 gnitudinem
1130 509 1190 534 tum
1203 504 1349 545 doctrina,
1363 509 1425 535 tum
1437 505 1501 537 vitae
1511 506 1626 537 ratione
1643 506 1752 546 praelu-

928 548 1024 579 cidam
1043 550 1185 588 (namque
1204 549 1230 579 is
1257 559 1333 580 unus
1344 555 1400 588 est,
1422 550 1471 590 qui
1487 551 1646 581 multorum
1659 551 1755 581 instar

928 593 958 623 in
975 593 1114 623 omnibus
1129 602 1194 624 esse
1209 594 1314 633 possit)
1326 595 1539 634 concipientes,
1569 595 1604 626 ab
1615 595 1752 635 improbo

928 646 1127 678 perversoque
1140 638 1237 668 studio
1250 638 1287 668 ad
1303 638 1419 678 frugem
1435 639 1587 679 applicent
1601 641 1749 678 animum,

927 683 1039 722 absque
1049 683 1108 712 ulla
1116 683 1300 714 hmsitatione
1309 683 1397 713 dictis
1408 684 1489 715 illius
1500 685 1591 715 fidem
1605 685 1748 716 adhiben-

924 730 979 764 te=,
1010 727 1135 757 nilultra
1158 726 1193 757 ad
1216 727 1395 758 sententiam
1428 729 1659 760 conﬁrmandam
1673 739 1750 770 quae-

925 775 1072 805 rentes.ut
1082 772 1219 811 proprius
1229 771 1370 802 illisDeus
1379 772 1416 802 sit
1424 772 1454 802 in
1465 773 1512 803 die
1521 773 1701 813 judicii.Sed
1712 784 1749 806 ne

924 815 1073 855 aliquibus
1081 815 1350 846 videamursimilia
1356 817 1579 857 etfari,quasiad
1586 818 1674 858 hujus
1681 828 1748 850 con-

923 859 1122 890 ﬁrmationem
1153 864 1182 890 et
1204 860 1489 892 demonstrationem
1505 862 1570 893 aliis
1587 863 1748 894 auctorita-

924 903 1002 935 tibus
1011 904 1422 941 destituamur,Damascenus
1430 906 1748 948 sapiensJoannes,qui

922 948 1061 979 virtutum
1069 948 1267 987 omnigcnere
1278 949 1389 986 ﬂoruit,
1407 951 1475 980 etin
1491 951 1659 991 omnigenis
1675 961 1744 983 ser-

922 1001 1043 1022 monum
1051 993 1154 1032 gratiis
1161 993 1286 1023 multum
1295 994 1504 1034 processit,hic
1513 1001 1748 1037 assumptus,eo-

919 1037 1055 1068 rumdem
1065 1037 1187 1067 dubium
1197 1046 1231 1069 ac
1250 1039 1445 1078 quiestionem
1469 1040 1620 1071 dissolvat.
1637 1041 1692 1072 Hic
1707 1041 1745 1073 de

920 1082 1028 1112 divinis
1036 1081 1208 1113 nominibus
1215 1083 1311 1122 capite
1318 1083 1400 1115 dixit:
1413 1085 1549 1123 Spiritus
1559 1090 1660 1117 autem
1670 1095 1744 1117 san-

920 1130 999 1166 ctus,
1014 1126 1152 1157 revelant
1158 1131 1302 1167 mysteria
1313 1128 1456 1164 Deitatis,
1470 1130 1566 1161 virtus
1576 1131 1691 1169 Patris,
1708 1141 1747 1163 ex

920 1171 1015 1202 Patre
1023 1175 1067 1202 est
1069 1180 1126 1216 per
1135 1172 1249 1202 Filium
1255 1174 1467 1213 procedensmt
1473 1176 1542 1206 scit:
1550 1184 1612 1206 non
1621 1185 1746 1216 genera-

921 1215 1014 1259 tionis
1026 1215 1125 1252 modo,
1136 1220 1358 1257 proptereaque
1373 1223 1402 1249 et
1416 1218 1552 1259 Spiritus
1560 1215 1693 1252 sanctus.
1709 1220 1745 1252 Et

920 1258 1138 1290 denuoibitlem
1153 1271 1160 1290 :
1173 1261 1311 1300 Spiritus
1321 1262 1395 1293 Filii
1404 1258 1554 1303 Spiritus,
1573 1273 1634 1295 non
1646 1266 1693 1296 uti
1705 1274 1745 1297 ex

921 1303 998 1343 ipso,
1011 1304 1062 1334 sed
1069 1308 1104 1334 ut
1112 1313 1166 1343 per
1175 1307 1274 1344 ipsum
1285 1314 1303 1336 α
1313 1305 1410 1338 Patre
1418 1309 1593 1348 procedens.
1607 1308 1657 1340 Sat
1667 1310 1741 1347 scio,

921 1352 1090 1379 nostrorum
1100 1348 1339 1394 adversariorum
1349 1352 1494 1392 potiorem
1504 1358 1619 1393 partem
1628 1354 1679 1384 illo
1686 1363 1743 1394 per

919 1393 1032 1424 Filium
1042 1393 1189 1432 neglecto,
1206 1403 1274 1425 cum
1283 1395 1352 1427 inde
1374 1397 1433 1427 sibi
1445 1407 1532 1438 opem
1552 1398 1605 1429 feri
1622 1393 1741 1429 nonivi-

918 1438 1019 1479 deant,
1032 1439 1103 1479 quin
1116 1439 1213 1479 potius
1226 1440 1360 1472 claritate
1370 1443 1519 1473 sermonis
1537 1442 1738 1483 disjiciantur.

49 1487 197 1520 ὑποθέσεως
223 1489 321 1523 ταύτην
351 1493 462 1524 ποιῆσαι
496 1490 696 1527 σπουδὶζοντες.
728 1486 822 1530 Ἠμεϊς

965 1484 1044 1514 illam
1056 1493 1157 1514 vocem
1185 1493 1246 1516 non
1257 1495 1294 1517 ex
1304 1486 1370 1526 ipso
1392 1486 1524 1518 animum
1537 1487 1737 1526 intendentes,

50 1533 108 1571 περὶ
124 1533 172 1570 μὲν
197 1534 301 1564 τούτου.
329 1535 416 1567 καθὼς
444 1536 593 1576 εὶρήκειμεν
623 1536 732 1576 ἄνωθεν,
763 1539 790 1567 ἐν
817 1539 873 1577 ὶδιῳ

49 1577 125 1614 τόπῳ
142 1576 261 1610 διεξιέναι
296 1580 484 1620 πειρασόμεθα,
515 1582 559 1610 καὶ
585 1582 652 1610 κατά
681 1583 786 1624 σχολὴν
805 1592 811 1600 ”
830 1590 872 1614 νῦν

49 1620 77 1649 δὲ
112 1624 161 1655 τῆς
183 1622 336 1655 ἆκολουθῗας
371 1628 422 1653 τῶν
452 1624 604 1665 λεγομένων
626 1620 744 1668 ἐχόμεθα
771 1629 820 1663 τὴν
844 1630 871 1657 ἐν

51 1666 164 1713 χρήσεσι
200 1674 341 1708 γραφικαϊς
368 1668 402 1696 δι’
432 1671 492 1698 Υἱού
514 1672 584 1711 παρὰ
616 1666 718 1711 uti:sz
748 1673 876 1713 ἐκπόρευ-

51 1722 91 1738 σιν
120 1710 224 1740 ita-tiro
275 1723 283 1729 ·
341 1712 354 1722 ’⁷
450 1715 460 1731 ³
524 1710 557 1727 ’ν
589 1717 617 1733 ’⁵
675 1710 678 1711 7
722 1718 731 1733 λ
775 1719 781 1729 ’
816 1710 820 1713 Ι

136 1734 146 1744 ,
169 1734 174 1738 .
195 1734 208 1747 ,
225 1723 294 1744 ντες.
319 1718 394 1742 Orno
429 1727 476 1752 μιν
507 1727 551 1744 ουν
572 1728 642 1745 ουιοι
665 1717 748 1755 μηδ;ν
770 1718 875 1752 αξιοπι-

51 1756 122 1789 στίας
150 1755 344 1790 ἐλλελοιπότες,
377 1758 422 1786 ἅτε
459 1759 526 1788 πολὺ
574 1762 605 1789 τὸ
646 1762 810 1802 ὑπερϐάλλον
847 1765 873 1794 ἐν

50 1800 130 1829 ἅπασι
157 1808 217 1833 τοῖς
238 1802 306 1830 κατὰ
335 1804 399 1831 Θεὸν
428 1805 627 1845 προτερώμασιν
656 1806 777 1847 ἔχοντες,
801 1808 873 1849 Ἐγὼ

48 1843 74 1872 δε
97 1846 139 1873 καὶ
163 1846 249 1885 τρίτον
277 1849 325 1876 οὒκ
346 1848 452 1882 ὀκνήσω
479 1858 659 1890 παραγαγεῖν.
682 1852 744 1881 Τίνα
759 1843 871 1890 τοῦτονς

47 1890 98 1918 Τὸν
118 1890 149 1918 τα
165 1895 256 1930 πρῶτα
278 1891 390 1932 φέροντα
416 1896 463 1927 τῆς
484 1898 537 1923 τῶν
560 1895 684 1935 Πατὲρων
706 1899 814 1937 χορείας
835 1900 872 1931 ὡς

47 1934 165 1984 ἀληθῶς,
203 1939 256 1964 τῶν
284 1938 333 1968 τὴν
362 1939 552 1976 οἱκουμενικὴν
581 1934 698 1979 ἑϐδόμην
707 1934 872 1984 συνγκροτη-

48 1978 148 2007 σάντων
184 1980 261 2020 ἁγίαν
295 1981 413 2020 σύνοδον,
447 1984 496 2018 τὴν
518 1985 586 2014 κατᾶ
608 1986 717 2015 Νίκαιαν
741 1978 872 2018 συστᾶσαν

49 2025 78 2052 το
112 2023 241 2065 δεύτερον,
278 2027 315 2058 ὡς
345 2026 374 2055 ἄν
408 2035 468 2060 τοῖς
489 2030 557 2058 κατὰ
586 2032 697 2070 Χριστὸν
730 2033 791 2065 τοὺς
813 2034 873 2062 κατ’

49 2069 136 2098 ἐκεῖνο
157 2075 249 2110 καιροῦ
290 2072 391 2104 πάντας
427 2077 540 2102 νικῶντα
567 2074 793 2115 πλεονεκτήμασι,
830 2079 873 2106 καὶ

50 2112 91 2141 διὰ
125 2118 205 2143 ταῦτα
232 2120 377 2149 τηνικαῦτα
411 2117 460 2152 τῆς
501 2118 691 2156 βασιλευούσης
713 2121 792 2155 τῆσδε
820 2126 872 2151 τῶν

915 1528 1248 1568 argumentisuiansam
1264 1530 1335 1561 inde
1359 1531 1492 1563 studiose
1517 1533 1738 1573 recipere.Nos

914 1581 1002 1612 porro
1019 1574 1057 1603 de
1072 1573 1138 1613 hoc,
1152 1578 1184 1604 ut
1198 1583 1290 1614 supra
1303 1576 1470 1614 innuimus,
1492 1576 1521 1607 in
1535 1578 1654 1618 proprio
1670 1579 1734 1610 loco

914 1622 942 1648 et
954 1627 1007 1658 per
1017 1618 1108 1648 otium
1133 1623 1258 1650 tractare
1278 1620 1473 1652 conabimur:
1498 1631 1576 1653 nunc
1604 1631 1674 1654 vero
1689 1623 1738 1654 di-

919 1663 1080 1693 cendorum
1092 1664 1180 1694 seriei
1195 1664 1365 1696 insistentes
1376 1666 1597 1706 processionem
1609 1677 1643 1698 ex
1655 1669 1739 1700 Patre

919 1717 972 1747 per
986 1707 1105 1746 Filium,
1123 1717 1188 1749 quas
1202 1708 1232 1739 in
1248 1710 1359 1750 scripto
1374 1711 1488 1742 traditis
1512 1712 1736 1745 auctoritatibus

915 1753 964 1794 sit,
980 1753 1194 1786 examinemus.
1205 1756 1254 1787 Sic
1270 1766 1339 1797 ergo
1352 1758 1561 1798 bi,quorumin
1575 1759 1632 1789 [ide
1646 1759 1735 1790 rebus

914 1799 1101 1829 concilianda
1117 1800 1208 1831 multa
1221 1802 1379 1834 auctoritas
1395 1807 1449 1841 est,
1467 1813 1535 1834 cum
1550 1803 1738 1835 abundanter

913 1844 1128 1884 afﬂuenterque
1165 1854 1235 1885 erga
1276 1846 1371 1878 Deum
1414 1848 1505 1879 rebus
1544 1848 1621 1879 bene
1647 1849 1737 1888 gestis

914 1888 1125 1919 inclarescant.
1139 1891 1200 1930 Ego
1211 1899 1299 1931 porro
1320 1897 1349 1922 et
1366 1894 1484 1924 tertium
1496 1893 1526 1923 in
1542 1893 1674 1923 medium
1691 1894 1737 1924 af-

915 1933 993 1978 ferre
1009 1943 1067 1964 non
1081 1935 1258 1967 cunctabor.
1276 1937 1348 1973 Quis
1364 1937 1411 1968 hic
1424 1938 1513 1968 fuerit
1525 1938 1538 1968 Υ
1551 1938 1608 1974 Qui
1623 1937 1735 1978 primas

914 1977 992 2008 inter
1006 1987 1109 2008 eorum
1126 1980 1243 2010 Patrum
1256 1985 1362 2012 coetum
1373 1982 1439 2020 fert,
1455 1983 1505 2022 qui
1520 1977 1735 2013 mcuménicam

915 2022 1071 2062 septimam
1098 2025 1240 2063 synodum
1273 2031 1445 2066 coegerunt,
1476 2027 1583 2058 Nicaea:
1605 2026 1736 2057 secundo

915 2072 1135 2107 congregatam,
1151 2073 1180 2099 et
1194 2070 1244 2110 qui
1260 2070 1442 2102 facinoribus
1464 2081 1517 2112 pro
1534 2071 1651 2102 Christo
1667 2071 1734 2101 edi—

915 2112 951 2142 tis
967 2121 1002 2143 eo
1019 2117 1153 2153 tempore
1163 2125 1267 2146 omnes
1279 2117 1661 2157 superavit,proptereaque
1672 2120 1733 2147 tum

50 2157 152 2186 πόλεων
180 2159 373 2200 ὰρχιιρατικῶς
402 2165 608 2201 προϊστάμενον,
637 2165 682 2194 τὸν
709 2168 781 2195 θετον
801 2166 823 2195 λε

960 2157 1245 2206 giiehujusce_urbis
1263 2162 1369 2200 praesul
1390 2162 1567 2192 constitutus
1583 2166 1636 2197 est,
1655 2161 1733 2192 divi-

50 2203 187 2243 Ταράσιον,
226 2204 254 2237 ὅς
290 2205 317 2233 ἐν
348 2209 382 2239 τῇ
403 2207 468 2246 πρὸς
496 2209 556 2242 τοὺς
580 2209 718 2249 ἀρχιερεῖς
746 2212 790 2239 καὶ
810 2203 871 2244 τοῦς

49 2247 141 2280 ἄλλους
170 2249 246 2282 ὄντας
281 2254 328 2278 τοῦ
368 2251 490 2290 βήματος
520 2247 725 2294 Ἀλεξανδρείας,
766 2254 870 2285 Ἀντιο-

49 2293 134 2332 χείας,
157 2294 200 2321 καὶ
221 2297 270 2328 τῆς
300 2295 375 2334 ἁγίας
409 2296 514 2330 ’πόλεως
543 2298 684 2338 ἐπιστολῇ,
716 2300 815 2334 ταύτην
830 2299 869 2338 δὲ,

48 2337 98 2376 πρὸ
112 2341 156 2366 τοῦ
170 2337 329 2378 συλλεγῆναι
357 2341 417 2372 τοὺς
453 2343 490 2373 εἷς
531 2343 581 2377 τὴν
610 2346 735 2383 ρηθεϊσαν
764 2337 869 2374 σύνοδον

50 2382 261 2421 ἀπαντήσαντας,
307 2385 372 2424 πρὸς
412 2387 474 2419 τοὺς
520 2386 721 2426 διειλημμένους
765 2390 869 2429 γράψας

51 2425 204 2467 ἐξέπεμψεν,
227 2427 369 2469 ὁμολογίας
404 2432 485 2460 τύπον
505 2431 667 2473 ἐπέχουσαν,
690 2434 757 2471 μετὰ
785 2434 871 2462 πολλὰ

51 2470 94 2498 καί
125 2470 185 2498 τάδε
213 2473 315 2511 φησίν⁸
341 2476 389 2503 Καὶ
417 2476 454 2508 εἰς
475 2477 506 2505 τὸ
528 2481 633 2515 Πνεῦμα
667 2479 698 2506 τὺ
735 2478 810 2518 ἆῖγιον
840 2480 871 2507 τὸ

53 2514 81 2543 ἐκ
113 2520 157 2544 τοῦ
193 2518 294 2557 Πατρὸς
323 2517 356 2546 δι’
380 2521 439 2548 Υἱοῦ
487 2514 706 2563 ἐκπορευόμενον,
735 2514 779 2551 καὶ
807 2524 869 2553 αὐτὸ

53 2560 114 2588 Θεὸν
144 2561 219 2607 ἐἶναι
247 2563 451 2607 γνωριγζόμενον,
483 2560 557 2601 "nar,
585 2569 630 2595 καὶ
656 2560 778 2607 Πατέρων
806 2567 868 2596 ὅλον

51 2604 222 2652 θετον-ἔσμδν
243 2610 296 2634 τῶν
325 2606 474 2647 λεγομένων
501 2612 693 2652 παρηγάγομεν
721 2604 865 2652 μάρτυρας.

52 2650 85 2678 0-3
111 2650 158 2690 γὰρ
182 2649 215 2684 δὴ
237 2653 270 2688 τῇ
305 2653 422 2692 παρούσῃ
452 2654 512 2694 δόξῃ
541 2649 625 2694 μόνος
646 2649 730 2690 οὗτος
759 2649 789 2685 ἐκ
807 2649 868 2686 ’τοῦ

50 2696 143 2728 ταύτην
171 2695 240 2723 οὕτω
262 2696 399 2735 κηρύττειν
434 2699 539 2738 ὁριῖιταιιξΙ
555 2703 757 2741 προσκείμενος,
800 2701 868 2730 ἀλλὰ

50 2740 91 2767 καὶ
105 2739 197 2771 πάντες
222 2739 326 2777 ἁπλῶς,
357 2743 422 2782 πρὸς
451 2748 495 2776 οὖς
524 2739 582 2780 τὴν
595 2739 735 2786 εἰρημένην
757 2746 867 2775 ἐπιστο-

913 2201 1299 2243 num,inquam,Tarasium,
1311 2206 1336 2236 is
1347 2206 1383 2236 ad
1398 2207 1538 2246 praesules
1546 2211 1575 2237 et
1588 2206 1660 2237 alios
1675 2206 1735 2236 Be-

913 2246 983 2276 mati
993 2246 1200 2290 inscrvientes,
1211 2250 1410 2290 Alexandriae,
1426 2251 1602 2288 Antiochiae,
1621 2255 1651 2282 et
1664 2260 1735 2281 san-

913 2291 1056 2322 ctaeurbis
1068 2293 1204 2333 epistola,
1220 2304 1308 2335 quem
1326 2296 1376 2327 ille
1404 2301 1561 2337 antequam
1589 2296 1619 2326 in
1642 2304 1734 2326 unum

912 2337 1116 2374 convenirent,
1127 2338 1178 2378 qui
1187 2339 1295 2370 dictam
1303 2341 1446 2380 synodum
1456 2341 1657 2379 celebrarunt,
1675 2340 1734 2371 for-

913 2391 990 2412 mam
1001 2382 1198 2415 confessionis
1216 2394 1277 2416 suae
1300 2386 1502 2417 continentem
1523 2386 1652 2426 scripslt,
1670 2389 1736 2426 post

915 2428 1005 2459 multa
1020 2429 1083 2459 haec
1093 2439 1212 2470 quoque
1219 2431 1300 2462 addit
1311 2441 1317 2463 :
1330 2433 1370 2463 Et
1383 2433 1417 2463 in
1432 2432 1585 2473 Spiritum
1595 2436 1734 2467 sanctum

912 2482 950 2504 ex
961 2473 1052 2505 Patre
1062 2483 1118 2514 per
1132 2475 1246 2506 Filium
1253 2477 1461 2517 prooedentem
1472 2481 1500 2508 et
1518 2478 1570 2518 qui
1583 2478 1660 2509 Deus
1671 2486 1736 2509 esse

912 2520 1111 2559 cognosoitur.
1120 2519 1135 2551 J
1139 2530 1185 2550 am
1197 2525 1227 2551 et
1236 2521 1354 2552 Patrum
1365 2521 1497 2553 divinum
1509 2523 1658 2563 integrum
1669 2532 1733 2554 cce-

911 2568 971 2594 tum
994 2568 1101 2596 testem
1128 2565 1275 2596 dictorum
1295 2566 1497 2606 producimus.
1523 2567 1625 2609 Neque
1655 2568 1733 2601 enim

911 2608 1048 2648 praesenti
1061 2609 1194 2649 opinioni
1205 2610 1287 2642 solus
1298 2611 1374 2652 ipso,
1391 2612 1469 2652 quod
1484 2622 1549 2644 eam
1562 2613 1606 2645 sic
1622 2613 1732 2654 pradi—

909 2657 966 2694 cat,
983 2653 1119 2699 addictus
1128 2655 1253 2693 videtur,
1271 2657 1324 2687 sed
1347 2666 1453 2688 omnes
1462 2667 1514 2689 ore
1525 2668 1598 2697 uno,
1609 2653 1646 2690 ad
1660 2668 1734 2699 quos

910 2698 1064 2738 epistolam
1077 2701 1250 2742 transmisit,
1265 2711 1332 2732 cum
1356 2702 1400 2733 illi
1424 2711 1489 2734 eam
1500 2698 1686 2742 admiserint,
1704 2707 1735 2735 et

910 2743 1047 2784 plurimis
1056 2744 1193 2776 laudibus
1206 2750 1376 2778 exornatam
1389 2748 1571 2780 remiserint.
1587 2750 1732 2780 Praeterea
