1958 3081
155 123 165 155 l
171 122 230 156 O87

723 121 985 154 CONSTANTINI
1007 123 1284 157 MELITENIOTIE

1770 123 1844 155 1088

148 189 211 220 sole
222 193 408 225 emanant,et
424 197 529 219 manus
544 196 580 219 ex
593 196 722 228 corpore
737 186 803 218 duas
818 197 951 220 enascun

1059 192 1185 232 ι’ἶτχουσι,
1201 194 1245 221 καὶ
1266 199 1358 234 χεῖρες
1381 194 1411 222 ἐκ
1437 194 1482 222 τοῦ
1511 192 1636 231 σώματος
1658 191 1703 220 δύο
1733 202 1844 221 συναναυ

152 238 210 274 tur,
228 238 257 264 et
274 233 303 264 in
324 233 370 264 his
390 241 478 263 unam
507 241 663 271 separans,
691 231 722 263 in
742 232 876 273 utrisque
893 233 977 265 facile

153 287 247 310 unum
261 277 374 318 absque
389 277 447 308 alio
456 276 696 314 consideravero,
708 286 776 307 eum
793 286 851 308 non
868 287 977 309 neces-

152 322 230 354 sario
245 323 395 354 attrahant
410 321 440 351 in
456 321 504 352 his
514 320 665 360 omnibus,
678 330 744 362 quae
759 321 790 352 in
802 331 978 364 unaquaque

152 367 230 398 serie
247 366 383 406 neglecta
399 370 480 399 sunt.
494 365 604 397 Verum
616 365 652 396 de
671 365 745 396 Filio
757 366 909 406 etSpiritu
920 368 977 399 alio

154 416 199 443 ter
214 415 270 442 est.
288 412 354 443 Non
378 414 476 451 potest
492 419 616 451 prorsus
644 409 740 442 Filius
754 410 893 451 intelligi,
921 412 979 443 nisi

153 466 221 488 eum
238 465 273 489 eo
289 465 348 488 una
360 455 524 487 adducatur
535 454 674 495 Spiritus,
696 464 752 486 nec
763 455 820 486 nisi
832 465 889 487 una
905 466 978 488 con-

149 502 274 542 junctus
290 504 320 532 et
332 500 455 531 minime
466 504 621 540 separatus
634 509 651 530 a
665 499 740 531 Filio
752 499 895 539 Spiritus.
910 500 978 532 Sic-

154 547 196 578 uti
212 550 241 578 et
255 546 294 577 de
323 555 462 577 sermone
479 549 509 576 et
529 545 600 576 ﬂatu
616 554 714 575 sermo
730 549 786 583 est,
803 554 869 584 qua;
881 550 981 578 nostra

157 595 269 628 sunt,et
280 600 341 631 prae
355 590 421 621 aliis
435 599 452 621 a
464 591 526 622 Deo
539 589 692 620 instructis
702 589 839 621 Patribus
849 590 880 621 in
892 590 981 621 rebus

153 635 330 676 tbeologicis
347 634 510 676 symbolice
525 640 718 675 usurpantur,
738 643 864 674 quorum
887 643 979 666 unum

155 691 209 723 per
223 681 361 717 alterum,
374 680 498 720 spiritus
507 688 616 720 nempe
631 687 685 719 per
699 688 868 710 sermonem
883 680 980 719 palam

156 736 191 758 ex
199 730 298 757 mente
309 723 643 766 progrediturﬁndeque
649 723 888 763 conjunctionem
897 724 982 755 unio-

156 779 285 811 nemque
301 774 426 811 utraque
441 768 605 808 possident.
619 767 717 804 Quare
724 768 851 809 Spiritus
859 773 981 800 sanctus

1019 236 1151 275 φύονται·
1190 237 1238 265 κᾶν
1279 238 1385 270 ταύταις
1425 238 1474 271 την
1507 237 1569 275 μίαν
1603 236 1771 271 ἀποστήσας,
1800 235 1848 264 καὶ

1018 279 1077 308 κατ’
1107 279 1254 320 ἄμφότερον
1281 282 1399 322 εὐχερῶς
1432 282 1491 322 ἔχω
1519 284 1568 315 τῆς
1595 281 1680 314 ἄλλης
1694 281 1756 308 ἄνευ
1782 279 1846 307 ἑπό-

1019 326 1124 365 ψισθαι,
1173 325 1212 360 μὴ
1257 326 1488 366 συνεφελκομένων
1533 325 1683 365 ἀναγκαίως
1717 325 1745 353 sv
1780 327 1846 352 πᾶσι

1020 369 1120 402 τούτοις
1154 373 1207 398 τῶν
1236 370 1293 399 καθ’
1328 371 1442 404 ὶκάστην
1476 382 1521 409 μοι
1557 370 1711 410 συστοιχίαν
1733 367 1845 397 ἀπολει-

1020 413 1136 454 φθέντων
1192 413 1381 453 μηδοπωσοῦν.
1434 416 1496 445 Ἐπὶ
1537 415 1564 443 δὲ
1606 418 1652 443 τοῦ
1698 415 1760 444 Υἱοῦ
1801 413 1846 441 καὶ

1020 462 1066 487 τοῦ
1107 459 1271 498 Πνεύματος,
1314 462 1363 490 οῦκ
1402 459 1473 488 ἴστιν
1513 459 1582 492 ὅλως
1624 460 1670 488 τὸν
1698 460 1757 487 Υἱὸν
1783 457 1848 491 voi-

1021 513 1076 539 σαι,
1120 504 1159 541 μὴ
1213 505 1245 532 τὸ
1298 505 1405 542 Πνεῦμα
1446 505 1671 544 συνεπαγόμενον,
1715 501 1773 532 οῦδὲ
1816 502 1848 530 τὸ

1022 550 1127 585 Πνεῦμα
1155 549 1286 588 θεωρῆσαι
1315 550 1354 587 μὴ
1373 553 1411 587 τῷ
1440 551 1492 587 Υἱῷ
1520 548 1688 587 συνημμένον
1715 546 1845 586 ἂδιεχῶς,

1021 591 1111 631 ὥσπερ
1142 593 1206 621 κάπὶ
1234 597 1280 622 τοῦ
1315 593 1376 634 παρ’
1410 595 1478 628 ἡμῖν
1506 593 1586 633 λόγω
1626 593 1670 621 καὶ
1696 592 1846 629 πνεύματος

1021 639 1073 665 τῶν
1101 637 1145 665 καὶ
1173 637 1273 674 μᾶλλον
1301 645 1359 670 τοῖς
1388 638 1524 678 θεοσόφοις
1563 639 1616 666 τῶν
1651 636 1775 676 Πττέρων
1805 635 1848 663 ἐπὶ

1021 683 1071 714 τῆς
1100 680 1236 720 θεολογίας
1278 682 1488 721 λαμϐανομένων
1529 681 1697 720 συμϐολικῶς
1715 688 1722 696 ⁸
1750 682 1788 708 ὠν
1817 680 1848 707 τὸ

1022 724 1110 765 ἕτερον
1135 725 1178 754 διὰ
1199 732 1244 756 τοῦ
1266 727 1367 767 ἐτέρου,
1399 727 1517 756 τουτέστι
1546 729 1576 756 τὸ
1598 730 1701 764 πνεῦμα
1731 724 1773 754 διὰ
1802 728 1848 752 τοῦ

1022 769 1102 810 λόγου
1129 771 1247 811 πρόεισιν
1276 772 1392 812 ἇναργῶς
1414 772 1444 801 ἐκ
1478 776 1525 801 τοῦ
1546 777 1601 809 νοῦ,
1631 770 1768 800 κάντεῦθεν
1804 769 1848 796 καὶ

155 826 215 847 non
231 815 407 854 intelligitur
436 823 495 845 una
523 822 590 844 cum
607 812 694 850 Filio,
712 813 790 853 quod
806 813 895 844 simul
911 823 946 844 cu

1059 826 1069 842 v
1114 814 1296 856 ἀλληλουχίαν
1339 816 1483 846 πλουτοῦσι
1518 817 1561 845 καὶ
1602 816 1652 850 τὴν
1693 814 1846 854 σ)νείφειαν.

156 871 192 893 eo
214 869 250 892 ex
271 860 356 891 Patre
378 858 513 896 exsistit;
541 857 586 888 sic
613 857 692 888 enim
709 861 738 888 et
753 857 783 888 in
800 858 858 888 illis
875 858 979 898 primis

155 904 325 946 conjugstis
349 913 408 934 uno
431 905 582 944 assumpto
599 906 775 942 sequeretur
787 907 815 933 et
830 903 976 934 alterum:

157 950 246 981 simul
272 948 353 980 enim
370 957 404 979 ex
435 947 555 988 proprio
584 946 731 987 principio
747 951 871 988 utraque
897 951 978 979 sunt.

157 994 242 1027 Nunc
257 1003 327 1025 vero
356 1002 405 1024 res
426 992 515 1024 aliter
539 1000 572 1022 se
596 990 696 1028 habet,
725 991 803 1032 quod
819 1001 911 1022 unum
928 1001 982 1032 per

158 1039 238 1070 aliud
255 1047 377 1079 prorsus
397 1046 456 1068 non
484 1039 539 1067 est.
569 1035 660 1075 Igitur
672 1035 881 1075 inseparabilis
896 1041 941 1067 est
964 1045 981 1067 a

156 1083 232 1115 Filio
247 1083 376 1123 Spiritus
404 1085 535 1117 sanctus,
565 1079 642 1120 quod
669 1089 723 1121 per
745 1081 841 1120 ipsum
857 1089 874 1111 a
894 1082 981 1113 Patre

159 1127 360 1159 exsistentiam
367 1124 728 1162 habet.Quemadmodum
736 1125 823 1156 etiam
834 1126 981 1157 humanus

160 1174 247 1204 ﬂatus
257 1181 274 1202 a
285 1175 384 1202 mente
394 1180 447 1212 per
457 1178 627 1201 sermonem
647 1169 810 1209 egreditur.
825 1169 908 1201 Licet
918 1170 981 1202 hac

156 1226 275 1259 quoque
289 1215 462 1256 gravissime
472 1214 660 1249 dissentiant.
670 1223 726 1245 nec
737 1214 796 1245 ullo
808 1215 896 1245 modo
904 1224 980 1246 con-

157 1258 279 1293 veniant
290 1266 429 1302 tanquam
440 1268 506 1300 qua;
514 1258 626 1299 absque
633 1259 782 1299 hypostasi
795 1259 916 1291 sunt.Et
927 1268 979 1290 so-

155 1308 228 1339 lutio
245 1315 375 1347 praesens
389 1304 482 1346 aequis
493 1302 678 1335 auditoribus
693 1303 812 1334 abunde
823 1303 924 1335 fuerit.

158 1355 314 1385 ἆπεοικότα.
345 1350 470 1381 Ἐνταῦθα
506 1361 551 1387 μοι
573 1349 616 1377 καὶ
645 1349 679 1377 τὰ
705 1351 753 1387 τῇς
782 1349 917 1389 παρούσης
945 1349 1094 1390 ἆκρούντως
1134 1357 1193 1383 τοῖς

158 1401 257 1432 λύσεως
262 1423 270 1431 .

195 1445 245 1476 29.
262 1443 336 1476 Cum
355 1451 421 1473 vero
436 1439 529 1472 semel
554 1438 591 1470 ad
614 1447 768 1470 sermones
782 1438 819 1469 de
835 1439 978 1479 exemplis

1023 854 1111 888 ’Ὥστε
1133 861 1178 888 καὶ
1205 862 1235 888 τὸ
1262 861 1368 899 Πνεῦμα
1384 862 1415 890 τὸ
1436 862 1515 901 ἅγιον
1529 862 1561 889 οῦ
1574 867 1723 889 συννοεϊται
1737 862 1776 895 τῷ
1797 859 1849 894 Γίῷ

1022 903 1063 932 δια
1091 905 1121 932 τὸ
1142 905 1322 946 συνυπάρχειν
1351 907 1422 943 αύτῷ
1448 906 1520 946 παρὰ
1548 906 1594 934 τοῦ
1610 905 1710 944 Πατρὸς
1727 911 1734 919 ⁸
1752 904 1770 937 ἦ
1799 903 1849 941 γὰρ

1022 948 1053 976 ἂν
1084 949 1149 977 κάπὶ
1185 950 1238 978 τῶν
1273 951 1386 990 πρώτων
1414 950 1520 979 ἐκείνων
1553 952 1682 989 σοζυγιῶν
1709 953 1756 978 τοῦ
1790 947 1848 979 ἰνὸς

1022 991 1222 1031 λαμϐανομένου
1249 993 1438 1027 συνηκολούθει
1468 995 1511 1023 καὶ
1537 995 1568 1022 τὸ
1592 992 1685 1022 λοιπόν
1702 1001 1710 1010 ·
1727 991 1784 1030 ἅμα
1798 992 1848 1030 γὰρ

1024 1037 1056 1066 ὶκ
1086 1040 1135 1071 τῆς
1165 1039 1262 1070 οἰκείας
1289 1039 1376 1079 ἀρχῆς
1406 1039 1450 1067 καὶ
1477 1039 1623 1079 ἀμφότερα.
1654 1041 1706 1066 Νῦν
1733 1035 1761 1064 δὲ
1796 1035 1848 1075 οὺχ

1022 1082 1091 1110 οὕτω
1108 1089 1115 1097 ⁸
1146 1083 1252 1115 πάντως
1280 1082 1321 1111 ὅτι
1337 1084 1376 1118 μὴ
1391 1083 1432 1111 διὰ
1448 1088 1494 1113 τοῦ
1521 1083 1609 1122 ἑτέρου
1630 1083 1661 1110 τὸ
1692 1081 1780 1120 ἕτερον
1794 1080 1847 1108 πέ-

1023 1137 1115 1167 φυκεν.
1151 1129 1250 1157 Οὐκοῦν
1291 1128 1441 1168 ἀχώριστον
1463 1131 1509 1156 τοῦ
1545 1129 1604 1156 Ποῦ
1625 1127 1655 1155 τὸ
1684 1129 1792 1164 Πνεῦμα
1817 1125 1848 1153 τὸ

1021 1171 1110 1210 ἅγιον,
1132 1171 1172 1200 ὄτι
1187 1171 1218 1200 δι’
1237 1173 1316 1201 αὑτοῦ
1343 1184 1393 1206 την
1420 1172 1528 1212 ὕπαρξιν
1549 1172 1608 1212 ’έχιι
1622 1171 1693 1210 παρα
1720 1170 1823 1210 Πατρδς
1841 1179 1846 1184 ·

1021 1216 1057 1247 ὡς
1091 1217 1136 1244 καὶ
1163 1218 1193 1245 τὸ
1219 1221 1266 1246 τοῦ
1285 1217 1422 1257 ἀνθρώπου
1452 1220 1555 1255 πνεῦμα
1571 1217 1642 1255 παρὰ
1665 1215 1712 1244 τοῦ
1732 1219 1778 1244 νοῦ
1804 1215 1847 1244 διὰ

1020 1263 1066 1289 τοῦ
1093 1259 1174 1300 λόγου
1201 1261 1386 1302 προέρχεται·
1426 1261 1476 1290 κᾶν
1497 1261 1537 1290 ὅτι
1566 1260 1682 1298 μάλιστα
1710 1260 1778 1289 πολὺ
1800 1257 1847 1289 καὶ

1019 1306 1101 1333 ταῦτα
1122 1307 1152 1334 τὸ
1180 1305 1349 1346 ἆπεμφαῐνον
1385 1307 1524 1347 αὐχοῦσιν,
1547 1306 1583 1338 ὡς
1611 1305 1782 1334 ἀνυπόστατα
1803 1310 1849 1337 καὶ

1237 1352 1386 1392 εὐγνώμοσι
1424 1354 1477 1381 τῶν
1519 1350 1657 1389 ἀκροατῶν
1686 1349 1847 1378 ἂποκέδοται

1059 1435 1110 1471 κθ’.
1130 1441 1205 1471 Ἐπεὶ
1236 1441 1259 1470 δ’
1288 1441 1356 1475 ἆπαξ
1385 1443 1421 1475 εἷς
1446 1442 1506 1474 τοῦς
1528 1441 1657 1480 περὶτῶν
1679 1437 1849 1478 ὑποδειγμά-

156 1494 259 1521 nostra
274 1488 368 1519 oratio
385 1492 543 1527 progressa
555 1488 610 1523 est,
627 1492 686 1514 non
696 1482 749 1514 abs
764 1491 797 1513 re
811 1482 901 1514 fuerit
915 1483 951 1514 ill:

1059 1499 1072 1514 ν
1100 1486 1194 1526 λόγους
1224 1487 1402 1525 κατέστημεν,
1430 1485 1513 1515 καλὸν
1539 1485 1570 1514 ἂν
1586 1484 1632 1518 εἴη
1656 1485 1699 1513 καὶ
1725 1484 1758 1512 τα
1787 1484 1849 1522 περὶ

155 1544 222 1576 qua),
230 1533 344 1564 scilicet
355 1532 384 1563 in
397 1529 525 1576 propriis
532 1527 755 1576 commentariis
767 1527 977 1576 pietatisinsti-

156 1572 270 1611 tutores
280 1588 314 1610 ac
340 1574 475 1616 magistri
499 1577 690 1613 usurparunt,
711 1572 753 1603 uti
765 1577 845 1611 sunt,
859 1573 891 1604 in
905 1581 977 1604 exa-

155 1634 223 1656 men
247 1623 408 1658 adducere,
439 1618 519 1660 quod
549 1617 624 1649 forte
647 1617 815 1657 legentibus
841 1627 978 1657 percom—

154 1669 275 1700 modum
304 1666 401 1698 cadet.
432 1663 559 1696 Oculum
575 1662 747 1702 quemdam,
765 1666 792 1692 et
807 1663 936 1703 fontem,
951 1666 979 1694 et

153 1714 294 1753 ﬂuvium,
318 1719 441 1750 magnus
456 1708 628 1753 Gregorius,
645 1707 693 1738 cui
709 1716 725 1738 a
741 1707 891 1753 theologia
907 1716 981 1753 cog-

154 1751 264 1789 nomen
277 1759 332 1795 est,
349 1753 484 1785 oratione
494 1752 531 1782 de
540 1751 651 1791 Spiritu
663 1755 765 1782 sancto
776 1751 827 1791 ait,
838 1752 980 1783 conside-

154 1802 235 1834 ναυί.
252 1800 287 1832 Et
301 1801 364 1831 haec
378 1808 413 1830 ex
437 1797 504 1828 aliis
526 1796 576 1837 qui
602 1799 670 1826 ante
685 1796 782 1835 ipsum
798 1796 980 1836 claruerunt,

154 1856 221 1878 cum
235 1856 268 1878 ex
275 1843 518 1887 plicassehsicuti
529 1843 599 1873 item
610 1845 748 1887 testatur,
762 1843 850 1873 oculo
859 1842 980 1883 quidem

157 1886 285 1928 Patrem,
299 1891 373 1922 fonti
384 1887 596 1925 Filium,ﬂuvio
608 1886 750 1927 Spiritum
763 1893 900 1918 sanctum
914 1896 982 1927 pro-

157 1937 294 1976 portione
309 1935 435 1977 quadam
459 1932 643 1974 respondere
665 1940 804 1977 assensus
819 1935 884 1969 est;
912 1932 982 1963 licet

156 1981 214 2012 alio
230 1976 326 2013 modo,
340 1981 403 2012 haec
432 1979 535 2010 eadem
552 1985 655 2008 rursus
671 1976 817 2013 vitaverit,
834 1977 982 2008 reveritus

157 2026 298 2066 primum,
313 2035 351 2057 ne
365 2024 396 2056 in
411 2023 564 2056 divinitate
581 2022 704 2060 ﬂuxum,
722 2021 891 2052 ﬁrmitatem
910 2021 979 2052 nul-

157 2072 215 2102 lam
226 2071 405 2108 habentem;
422 2068 598 2107 secundum,
624 2066 667 2097 uti
678 2066 730 2097 illa
747 2075 871 2097 numero
886 2076 978 2097 unum

156 2120 237 2153 sunt,
255 2115 294 2147 ita
309 2119 339 2146 et
354 2115 529 2146 Trinitatem
546 2121 638 2143 unum
659 2120 726 2142 esse
746 2110 980 2151 suspicaremur.

1019 1531 1131 1567 τούτων,
1159 1531 1207 1560 ὅοα
1233 1530 1335 1565 δηλαδή
1371 1537 1429 1562 τοῖς
1459 1530 1567 1562 οἰκείοις
1582 1529 1799 1568 -ωγγράμμασιν
1824 1530 1848 1556 οἱ

1019 1578 1068 1609 τῆς
1098 1574 1229 1607 εὐσεϐείας
1251 1576 1357 1609 ὶξετπον
1399 1575 1570 1616 στοιχειωταὶ
1605 1575 1649 1603 καὶ
1676 1572 1843 1613 διδάσκαλοι³

1019 1620 1136 1660 καθάπερ
1165 1620 1231 1658 ἐστι,
1268 1620 1418 1658 διεξελθεῖν,
1459 1620 1527 1652 ἴσως
1568 1619 1599 1648 ὶκ
1637 1619 1736 1647 τούτων
1764 1617 1848 1646 πλέον

1021 1664 1052 1692 ἂν
1080 1675 1104 1692 τι
1132 1664 1234 1703 γένοιτο
1255 1672 1314 1698 τοῖς
1330 1665 1534 1705 ὶντυγχανουτιν
1559 1663 1665 1704 ὄφελος.
1696 1661 1850 1702 Ὀφθαλμόν

1021 1719 1079 1736 τινα
1107 1709 1152 1737 καὶ
1186 1709 1290 1749 πηγὴν,
1327 1710 1371 1739 καὶ
1407 1709 1540 1748 ποταμὸν,
1576 1709 1590 1736 ὁ
1621 1708 1703 1746 μέγας
1739 1709 1758 1734 Γ
1760 1707 1848 1746 ρηγό-

1023 1764 1077 1792 ριος
1106 1754 1119 1781 ὁ
1135 1756 1184 1787 τῆς
1205 1753 1342 1794 θεολογίας
1371 1753 1510 1791 ἔπώιυμος
1538 1752 1565 1781 ἐν
1586 1756 1624 1790 τῷ
1647 1752 1706 1791 περὶ
1720 1751 1850 1788 Πνεύμα-

1022 1809 1067 1830 τος
1090 1809 1181 1837 φησιν,
1211 1799 1351 1834 ἐνενόησα,
1381 1800 1425 1827 καὶ
1451 1802 1533 1827 ταῦτα
1561 1797 1621 1826 κατ’
1646 1796 1742 1828 ἄλλους
1756 1795 1850 1834 ἀπαγ-

1024 1842 1112 1882 γιίλας
1139 1845 1192 1872 τῶν
1209 1844 1260 1883 πρὸ
1288 1845 1378 1880 αὑτοῦ,
1409 1844 1495 1874 καθὼς
1524 1843 1602 1874 αὐτὸς
1625 1843 1701 1873 οὗτος
1731 1839 1851 1880 διαμαρ-

1022 1888 1136 1927 τύρεται,
1163 1888 1200 1925 τῷ
1232 1882 1284 1925 μὶν
1305 1889 1351 1916 τὸν
1377 1888 1492 1927 Πατέρα,
1512 1890 1546 1926 τῇ
1567 1886 1595 1914 δὲ
1618 1887 1664 1914 τὸν
1689 1885 1746 1913 Tib»
1762 1888 1801 1921 τῷ
1822 1882 1851 1912 δὲ

1022 1933 1052 1961 τὸ
1076 1936 1184 1969 Πνεῦμα
1211 1934 1242 1961 τὸ
1268 1932 1343 1972 ἅγιον
1372 1932 1510 1972 ἀναλόγως
1546 1931 1620 1971 ἔχειν
1642 1929 1776 1964 συνέθετο,
1799 1927 1850 1957 κᾶν

1022 1978 1044 2005 si
1071 1978 1168 2017 τρόπον
1196 1977 1283 2018 ἕτερον
1324 1978 1357 2006 τὰ
1391 1978 1450 2017 περὶ
1488 1977 1588 2005 τούτων
1623 1975 1694 2006 αὖθις
1723 1972 1846 2013 ὶξὲφυγε,

1021 2021 1106 2054 δείσας
1132 2025 1223 2060 πρῶτα
1245 2023 1293 2060 μὲν
1319 2023 1358 2060 μὴ
1381 2023 1453 2061 ῥύσιν
1476 2022 1536 2050 τινὰ
1563 2020 1688 2053 θεότητος
1716 2018 1849 2047 ὑποπτεύ-

1022 2078 1121 2105 σωμεν,
1145 2067 1236 2095 στάσιν
1250 2068 1289 2105 μὴ
1312 2066 1438 2108 ἔχουσαν,
1468 2065 1586 2105 δεύτερον
1608 2064 1637 2093 δὲ
1665 2065 1695 2092 τὸ
1720 2063 1748 2091 ’ἄν
1775 2062 1850 2091 εἶναι

1022 2112 1071 2145 τὴν
1100 2110 1208 2152 Τριαδα,
1227 2105 1346 2151 καθάπερ
1368 2112 1458 2140 ὶχιῖνα
1484 2114 1523 2148 τῷ
1544 2109 1657 2149 ἆριθμῷ.
1687 2107 1792 2138 Τούτων
1822 2105 1852 2134 δὲ

156 2160 216 2191 Sed
229 2159 367 2191 absurdis
376 2159 459 2190 hisce
469 2156 602 2198 rejectis,
615 2154 738 2195 reliquis
749 2154 899 2194 omnibus,
916 2165 951 2195 qu

1059 2168 1077 2183 ιν
1106 2157 1212 2185 ἀτόπων
1237 2156 1444 2196 ὑπεξῃρημένων
1484 2159 1537 2184 πᾶν
1569 2154 1635 2183 ἄλλο
1669 2152 1851 2192 θεωρούμενον

156 2205 187 2236 in
205 2205 263 2236 illis
290 2203 530 2242 considerantur,
560 2209 715 2232 assensum
747 2199 883 2239 praebuit.
899 2199 981 2231 Hanc

157 2259 212 2288 ego
224 2249 530 2289 similiterimaginem
542 2253 711 2281 assumens,
722 2243 799 2284 quod
814 2253 847 2275 ex
859 2244 908 2275 illa
917 2245 983 2275 col-

155 2295 259 2334 ligitur
271 2292 448 2335 explanabo.
464 2289 734 2335 Quemadmodum.
745 2289 861 2335 dicens.
877 2289 982 2321 ﬂuvius

157 2333 191 2371 ei
207 2340 294 2372 oculo
310 2333 364 2380 per
377 2338 488 2369 fontem
500 2335 674 2370 eﬂ'unditur.
688 2334 727 2380 ita
739 2339 768 2365 et
778 2333 908 2380 Spiritus
917 2343 982 2380 san-

156 2388 221 2415 ctus
236 2393 270 2414 es
284 2377 370 2415 Patre
387 2392 441 2424 per
453 2381 561 2414 Filium
575 2378 774 2424 progreditur.
785 2377 897 2424 Rursus
908 2389 915 2410 :
925 2378 982 2424 So-

155 2429 212 2459 lem
227 2429 332 2459 animo
341 2423 473 2468 concepi,
492 2424 696 2458 divinissimus
707 2423 754 2454 hic
770 2424 858 2455 Pater
871 2423 909 2455 de
926 2423 982 2455 iis-

157 2473 225 2503 dem
242 2473 271 2503 in
287 2472 392 2503 eadem
408 2471 543 2503 oratione
554 2468 772 2509 complectitur,
781 2471 808 2499 et
818 2468 984 2505 radium,et

155 2517 268 2549 lumen.
285 2517 369 2549 Licet
380 2516 437 2547 alio
449 2516 537 2546 modo
553 2514 633 2546 illico
650 2513 760 2545 dictum
777 2512 983 2554 declinaverit,

158 2561 285 2602 primum
298 2561 460 2599 timens,ne
469 2559 716 2600 compositionem
727 2557 855 2598 aliquam
870 2564 981 2590 naturae

157 2605 364 2647 incompositae
392 2605 639 2645 intelligeremus,
668 2603 795 2634 alterum
811 2612 849 2634 ne
864 2604 980 2635 Patrem

157 2650 254 2682 solum
267 2651 417 2691 hypostasi
427 2650 584 2681 donemus.
595 2649 885 2689 Hisutinonintegre
895 2648 984 2680 dictis

159 2694 408 2735 omissis,reliqua
418 2694 519 2725 omnia
531 2694 668 2734 imaginis
679 2694 811 2727 admisit.
824 2694 856 2726 Id
866 2703 984 2736 quoque

160 2745 190 2774 et
200 2750 255 2782 ego
265 2740 426 2772 admittens
436 2738 700 2781 exemplum,quod
712 2739 783 2772 inde
795 2739 986 2771 demonstra-

1025 2200 1051 2228 ἓν
1077 2207 1135 2233 τοῖς
1161 2201 1290 2233 τοιούτοις
1319 2202 1483 2240 προσήκατο.
1514 2201 1619 2234 Ταύτην
1640 2198 1765 2228 ὡσαύτως
1781 2196 1852 2225 ἀπο·

1024 2245 1170 2286 δεχόμενος
1205 2245 1279 2286 κάγὼ
1305 2245 1355 2279 τὴν
1377 2246 1475 2283 εἰκόνα,
1498 2246 1530 2274 τὸ
1551 2243 1577 2277 li
1602 2245 1684 2276 αὐτῆς
1704 2241 1853 2281 διατρανὼς

1025 2291 1201 2329 συναγόμενον
1219 2298 1227 2306 '
1259 2285 1378 2331 “UO’RIP,
1411 2290 1509 2330 λέγων,
1536 2291 1551 2318 ὁ
1584 2288 1705 2325 ποταμὸς
1746 2286 1778 2315 ιιι
1805 2286 1854 2314 τοῦ

1024 2334 1160 2375 ὀφθαλμοῦ
1199 2343 1344 2376 προχεῖται
1371 2335 1415 2364 διὰ
1457 2335 1506 2369 τῆς
1539 2333 1640 2374 πηγῆςΙ
1664 2332 1733 2361 οὕτω
1753 2332 1798 2359 καὶ
1818 2332 1853 2360 τὸ

1026 2383 1131 2418 Πνεῦμα
1166 2381 1197 2408 τὸ
1217 2380 1293 2420 ἅγιον
1314 2381 1345 2409 ἐκ
1365 2384 1411 2410 τοῦ
1433 2380 1536 2420 Πατρὸς
1558 2378 1600 2407 διὰ
1620 2381 1667 2407 τοῦ
1686 2377 1853 2416 Μονογενοὴ

1024 2431 1173 2464 προχωρεῖ.
1190 2424 1272 2452 Πάλιν
1289 2433 1297 2440 ’
1327 2420 1429 2454 ΗΗλιον
1457 2423 1630 2462 ἐνεθυμήθην,
1652 2423 1667 2450 ὃ
1691 2420 1774 2452 πολὺς
1801 2421 1851 2449 οὗ·

1024 2480 1067 2501 τις
1097 2470 1130 2497 τὰ
1154 2471 1215 2497 θεῖα
1251 2470 1341 2509 Πατὴρ
1382 2470 1442 2509 περὶ
1470 2472 1524 2497 τῶν
1551 2469 1636 2498 αὐτῶν
1659 2466 1686 2495 iv
1707 2476 1746 2502 τῳ
1776 2466 1852 2502 αῦτῷ

1025 2513 1207 2552 διαλαμϐάνει,
1248 2515 1293 2543 καὶ
1324 2515 1432 2552 ἀκτῖνα,
1472 2514 1517 2542 καὶ
1553 2516 1608 2553 φῶς
1625 2520 1633 2527 ’
1674 2510 1724 2539 κᾶν
1761 2509 1852 2542 ἄλλως

1022 2559 1094 2591 εὒῶς
1122 2560 1169 2588 τὸν
1194 2558 1274 2598 λόγον
1313 2558 1453 2594 ἐξέκλινεν,
1491 2557 1519 2586 ἕν
1554 2557 1602 2595 μὲν
1634 2555 1772 2592 πτοηθεὶς,
1811 2554 1852 2592 μὴ

1024 2604 1139 2632 σύνθεσίν
1167 2615 1191 2632 τι
1200 2615 1225 2632 ,ἀ
1246 2604 1385 2633 ἆσυνθὲτου
1413 2602 1514 2644 ῳύσεως
1543 2602 1731 2638 ἐπινοήσωμεν
1749 2608 1756 2616 ’
1789 2599 1852 2628 ἴτε-

1025 2659 1068 2688 ρον
1098 2647 1137 2686 δὲ,
1168 2649 1207 2686 μὴ
1234 2649 1278 2676 τὸν
1313 2643 1424 2688 Πατέρα
1450 2648 1498 2686 μὲν
1523 2647 1728 2683 ῦποστήσωμεν,
1767 2643 1852 2673 τῶνδε

1025 2694 1131 2726 πάντως
1153 2692 1199 2721 ἅτε
1227 2697 1316 2725 κακῶς
1338 2693 1458 2734 ἐχόντων
1485 2691 1680 2728 ἀπελαθέντων,
1696 2688 1783 2717 τᾶλλα
1818 2690 1853 2718 τὰ

1026 2739 1125 2768 τούτων
1178 2737 1282 2767 ἅπαντα
1337 2733 1508 2779 παρεδέξατο.
1561 2740 1642 2767 Τοῦτο
1702 2733 1852 2774 προσιέμε-
