  <div class='ocr_page' id='page_1' title='image "/cluster/home/n/w/nwhite01/storage/ocr_20150623/141/njp.32101010942868/557.png"; bbox 0 0 1958 3081; ppageno 0'>
   <div class='ocr_carea' id='block_1_1' title="bbox 202 81 280 114">
    <p class='ocr_par' dir='ltr' id='par_1_1' title="bbox 202 81 280 114">
     <span class='ocr_line' id='line_1_1' title="bbox 202 81 280 114; baseline 0.013 -1"><span class='ocrx_word' id='word_1_1' title='bbox 202 81 280 114; x_wconf 81' lang='grc'><strong>1103</strong></span> 
     </span>
    </p>
   </div>
   <div class='ocr_carea' id='block_1_2' title="bbox 761 83 1320 118">
    <p class='ocr_par' dir='ltr' id='par_1_2' title="bbox 761 83 1320 118">
     <span class='ocr_line' id='line_1_2' title="bbox 761 83 1320 118; baseline 0.004 -3"><span class='ocrx_word' id='word_1_2' title='bbox 761 83 1007 116; x_wconf 83' lang='lat' dir='ltr'><strong>CONSTANTIN</strong></span> <span class='ocrx_word' id='word_1_3' title='bbox 1011 83 1024 114; x_wconf 88' lang='grc' dir='ltr'><strong>Ι</strong></span> <span class='ocrx_word' id='word_1_4' title='bbox 1045 83 1216 117; x_wconf 86' lang='lat' dir='ltr'><strong>MELITEN</strong></span> <span class='ocrx_word' id='word_1_5' title='bbox 1220 85 1320 118; x_wconf 63' lang='lat' dir='ltr'><strong>IOTJE</strong></span> 
     </span>
    </p>
   </div>
   <div class='ocr_carea' id='block_1_3' title="bbox 1820 82 1888 115">
    <p class='ocr_par' dir='ltr' id='par_1_3' title="bbox 1820 82 1888 115">
     <span class='ocr_line' id='line_1_3' title="bbox 1820 82 1888 115; baseline -0.044 0"><span class='ocrx_word' id='word_1_6' title='bbox 1820 82 1888 115; x_wconf 81' lang='grc' dir='ltr'><strong>11οι</strong></span> 
     </span>
    </p>
   </div>
   <div class='ocr_carea' id='block_1_4' title="bbox 199 148 972 192">
    <p class='ocr_par' dir='ltr' id='par_1_4' title="bbox 199 148 972 190">
     <span class='ocr_line' id='line_1_4' title="bbox 199 148 972 190; baseline -0.001 -10"><span class='ocrx_word' id='word_1_7' title='bbox 199 148 236 180; x_wconf 91' lang='lat' dir='ltr'><strong>Et</strong></span> <span class='ocrx_word' id='word_1_8' title='bbox 249 148 307 181; x_wconf 85' lang='lat' dir='ltr'><strong>hoc</strong></span> <span class='ocrx_word' id='word_1_9' title='bbox 325 149 367 180; x_wconf 99' lang='lat' dir='ltr'><strong>uti</strong></span> <span class='ocrx_word' id='word_1_10' title='bbox 382 149 455 181; x_wconf 84' lang='lat' dir='ltr'><strong>ordo</strong></span> <span class='ocrx_word' id='word_1_11' title='bbox 472 149 580 180; x_wconf 67' lang='lat' dir='ltr'><strong>divina</strong></span> <span class='ocrx_word' id='word_1_12' title='bbox 605 152 720 181; x_wconf 71' lang='lat' dir='ltr'><strong>naturae</strong></span> <span class='ocrx_word' id='word_1_13' title='bbox 744 149 972 190; x_wconf 66' lang='lat' dir='ltr'><strong>congruentissir</strong></span> 
     </span>
    </p>
   </div>
   <div class='ocr_carea' id='block_1_5' title="bbox 1116 148 1889 192">
    <p class='ocr_par' dir='ltr' id='par_1_5' title="bbox 1116 151 1889 192">
     <span class='ocr_line' id='line_1_5' title="bbox 1116 151 1889 192; baseline -0.001 -13"><span class='ocrx_word' id='word_1_14' title='bbox 1116 153 1154 179; x_wconf 71' lang='lat' dir='ltr'><strong>ito</strong></span> <span class='ocrx_word' id='word_1_15' title='bbox 1183 152 1250 180; x_wconf 80' lang='grc' dir='ltr'>κατὰ</span> <span class='ocrx_word' id='word_1_16' title='bbox 1270 151 1342 184; x_wconf 80' lang='grc' dir='ltr'>τάξιν</span> <span class='ocrx_word' id='word_1_17' title='bbox 1365 155 1403 189; x_wconf 87' lang='grc' dir='ltr'>τῷ</span> <span class='ocrx_word' id='word_1_18' title='bbox 1429 152 1484 188; x_wconf 82' lang='grc' dir='ltr'>θείᾳ</span> <span class='ocrx_word' id='word_1_19' title='bbox 1513 152 1587 192; x_wconf 78' lang='grc' dir='ltr'>φύσει</span> <span class='ocrx_word' id='word_1_20' title='bbox 1617 152 1721 183; x_wconf 79' lang='grc' dir='ltr'>πάντως</span> <span class='ocrx_word' id='word_1_21' title='bbox 1749 151 1889 190; x_wconf 73' lang='grc' dir='ltr'>προσήκου-</span> 
     </span>
    </p>
   </div>
   <div class='ocr_carea' id='block_1_6' title="bbox 199 193 1033 235">
    <p class='ocr_par' dir='ltr' id='par_1_6' title="bbox 199 193 1033 235">
     <span class='ocr_line' id='line_1_6' title="bbox 199 193 1033 235; baseline -0.001 -10"><span class='ocrx_word' id='word_1_22' title='bbox 199 195 340 234; x_wconf 88' lang='lat' dir='ltr'><strong>postulat.</strong></span> <span class='ocrx_word' id='word_1_23' title='bbox 356 193 439 226; x_wconf 84' lang='lat' dir='ltr'><strong>Ordo</strong></span> <span class='ocrx_word' id='word_1_24' title='bbox 455 195 567 225; x_wconf 88' lang='lat' dir='ltr'><strong>etenim</strong></span> <span class='ocrx_word' id='word_1_25' title='bbox 584 194 691 235; x_wconf 87' lang='lat' dir='ltr'><strong>aliquis</strong></span> <span class='ocrx_word' id='word_1_26' title='bbox 712 199 758 226; x_wconf 85' lang='lat' dir='ltr'><strong>est</strong></span> <span class='ocrx_word' id='word_1_27' title='bbox 779 195 868 226; x_wconf 86' lang='lat' dir='ltr'><strong>etiam</strong></span> <span class='ocrx_word' id='word_1_28' title='bbox 885 195 915 227; x_wconf 91' lang='lat' dir='ltr'><strong>in</strong></span> <span class='ocrx_word' id='word_1_29' title='bbox 932 194 1033 225; x_wconf 89' lang='lat' dir='ltr'><strong>Trini-</strong></span> 
     </span>
    </p>
   </div>
   <div class='ocr_carea' id='block_1_7' title="bbox 201 238 1034 281">
    <p class='ocr_par' dir='ltr' id='par_1_7' title="bbox 201 238 1034 281">
     <span class='ocr_line' id='line_1_7' title="bbox 201 238 1034 281; baseline 0.001 -12"><span class='ocrx_word' id='word_1_30' title='bbox 201 242 271 279; x_wconf 80' lang='lat' dir='ltr'><strong>tate,</strong></span> <span class='ocrx_word' id='word_1_31' title='bbox 288 249 346 279; x_wconf 92' lang='lat' dir='ltr'><strong>quo</strong></span> <span class='ocrx_word' id='word_1_32' title='bbox 361 240 453 270; x_wconf 89' lang='lat' dir='ltr'><strong>Pater</strong></span> <span class='ocrx_word' id='word_1_33' title='bbox 481 238 753 281; x_wconf 80' lang='lat' dir='ltr'><strong>anteUnigenitum,</strong></span> <span class='ocrx_word' id='word_1_34' title='bbox 771 240 950 279; x_wconf 77' lang='lat' dir='ltr'><strong>Unigenitus</strong></span> <span class='ocrx_word' id='word_1_35' title='bbox 967 243 1034 270; x_wconf 88' lang='lat' dir='ltr'><strong>ante</strong></span> 
     </span>
    </p>
   </div>
   <div class='ocr_carea' id='block_1_8' title="bbox 198 283 1034 325">
    <p class='ocr_par' dir='ltr' id='par_1_8' title="bbox 198 283 1034 325">
     <span class='ocr_line' id='line_1_8' title="bbox 198 283 1034 325; baseline 0.001 -11"><span class='ocrx_word' id='word_1_36' title='bbox 198 283 341 323; x_wconf 80' lang='lat' dir='ltr'><strong>Spiritum</strong></span> <span class='ocrx_word' id='word_1_37' title='bbox 355 283 549 324; x_wconf 74' lang='lat' dir='ltr'><strong>intelligitur,</strong></span> <span class='ocrx_word' id='word_1_38' title='bbox 562 283 632 314; x_wconf 87' lang='lat' dir='ltr'><strong>licet</strong></span> <span class='ocrx_word' id='word_1_39' title='bbox 647 285 725 315; x_wconf 84' lang='lat' dir='ltr'><strong>hunc</strong></span> <span class='ocrx_word' id='word_1_40' title='bbox 739 294 857 325; x_wconf 89' lang='lat' dir='ltr'><strong>quoque</strong></span> <span class='ocrx_word' id='word_1_41' title='bbox 873 285 1034 316; x_wconf 85' lang='lat' dir='ltr'><strong>adversarii</strong></span> 
     </span>
    </p>
   </div>
   <div class='ocr_carea' id='block_1_9' title="bbox 197 328 1035 360">
    <p class='ocr_par' dir='ltr' id='par_1_9' title="bbox 197 328 1035 360">
     <span class='ocr_line' id='line_1_9' title="bbox 197 328 1035 360; baseline 0.002 -2"><span class='ocrx_word' id='word_1_42' title='bbox 197 332 345 359; x_wconf 82' lang='lat' dir='ltr'><strong>conantur</strong></span> <span class='ocrx_word' id='word_1_43' title='bbox 360 328 623 359; x_wconf 87' lang='lat' dir='ltr'><strong>evertere.Dicunt</strong></span> <span class='ocrx_word' id='word_1_44' title='bbox 634 329 714 360; x_wconf 89' lang='lat' dir='ltr'><strong>enim</strong></span> <span class='ocrx_word' id='word_1_45' title='bbox 729 338 788 360; x_wconf 90' lang='lat' dir='ltr'><strong>non</strong></span> <span class='ocrx_word' id='word_1_46' title='bbox 798 339 863 360; x_wconf 86' lang='lat' dir='ltr'><strong>esse</strong></span> <span class='ocrx_word' id='word_1_47' title='bbox 874 329 1035 360; x_wconf 77' lang='lat' dir='ltr'><strong>admitten-</strong></span> 
     </span>
    </p>
   </div>
   <div class='ocr_carea' id='block_1_10' title="bbox 199 372 1032 415">
    <p class='ocr_par' dir='ltr' id='par_1_10' title="bbox 199 372 1032 415">
     <span class='ocr_line' id='line_1_10' title="bbox 199 372 1032 415; baseline 0 -11"><span class='ocrx_word' id='word_1_48' title='bbox 199 372 272 404; x_wconf 88' lang='lat' dir='ltr'><strong>dum</strong></span> <span class='ocrx_word' id='word_1_49' title='bbox 288 372 317 403; x_wconf 92' lang='lat' dir='ltr'><strong>in</strong></span> <span class='ocrx_word' id='word_1_50' title='bbox 344 374 406 405; x_wconf 87' lang='lat' dir='ltr'><strong>Deo</strong></span> <span class='ocrx_word' id='word_1_51' title='bbox 421 373 571 411; x_wconf 86' lang='lat' dir='ltr'><strong>ordinem,</strong></span> <span class='ocrx_word' id='word_1_52' title='bbox 589 378 618 404; x_wconf 85' lang='lat' dir='ltr'><strong>et</strong></span> <span class='ocrx_word' id='word_1_53' title='bbox 638 374 737 414; x_wconf 79' lang='lat' dir='ltr'><strong>lingua</strong></span> <span class='ocrx_word' id='word_1_54' title='bbox 762 384 854 405; x_wconf 85' lang='lat' dir='ltr'><strong>aurea</strong></span> <span class='ocrx_word' id='word_1_55' title='bbox 876 374 1032 415; x_wconf 74' lang='lat' dir='ltr'><strong>praeditum</strong></span> 
     </span>
    </p>
   </div>
   <div class='ocr_carea' id='block_1_11' title="bbox 197 418 1033 459">
    <p class='ocr_par' dir='ltr' id='par_1_11' title="bbox 197 418 1033 459">
     <span class='ocr_line' id='line_1_11' title="bbox 197 418 1033 459; baseline 0.001 -11"><span class='ocrx_word' id='word_1_56' title='bbox 197 418 348 449; x_wconf 85' lang='lat' dir='ltr'><strong>sermonis</strong></span> <span class='ocrx_word' id='word_1_57' title='bbox 362 418 411 450; x_wconf 90' lang='lat' dir='ltr'><strong>sui</strong></span> <span class='ocrx_word' id='word_1_58' title='bbox 426 418 592 458; x_wconf 85' lang='lat' dir='ltr'><strong>adjutorem</strong></span> <span class='ocrx_word' id='word_1_59' title='bbox 608 424 777 456; x_wconf 83' lang='lat' dir='ltr'><strong>assumunt,</strong></span> <span class='ocrx_word' id='word_1_60' title='bbox 791 420 840 459; x_wconf 91' lang='lat' dir='ltr'><strong>qui</strong></span> <span class='ocrx_word' id='word_1_61' title='bbox 853 419 882 449; x_wconf 94' lang='lat' dir='ltr'><strong>in</strong></span> <span class='ocrx_word' id='word_1_62' title='bbox 902 428 955 449; x_wconf 84' lang='lat' dir='ltr'><strong>sua</strong></span> <span class='ocrx_word' id='word_1_63' title='bbox 978 419 1033 449; x_wconf 92' lang='lat' dir='ltr'><strong>ho-</strong></span> 
     </span>
    </p>
   </div>
   <div class='ocr_carea' id='block_1_12' title="bbox 197 461 1034 503">
    <p class='ocr_par' dir='ltr' id='par_1_12' title="bbox 197 461 1034 503">
     <span class='ocr_line' id='line_1_12' title="bbox 197 461 1034 503; baseline 0.002 -11"><span class='ocrx_word' id='word_1_64' title='bbox 197 461 292 500; x_wconf 89' lang='lat' dir='ltr'><strong>milia,</strong></span> <span class='ocrx_word' id='word_1_65' title='bbox 310 472 400 503; x_wconf 87' lang='lat' dir='ltr'><strong>quam</strong></span> <span class='ocrx_word' id='word_1_66' title='bbox 416 463 467 494; x_wconf 91' lang='lat' dir='ltr'><strong>ille</strong></span> <span class='ocrx_word' id='word_1_67' title='bbox 483 463 586 494; x_wconf 87' lang='lat' dir='ltr'><strong>habuit</strong></span> <span class='ocrx_word' id='word_1_68' title='bbox 602 463 632 494; x_wconf 92' lang='lat' dir='ltr'><strong>in</strong></span> <span class='ocrx_word' id='word_1_69' title='bbox 648 464 760 496; x_wconf 84' lang='lat' dir='ltr'><strong>dictum</strong></span> <span class='ocrx_word' id='word_1_70' title='bbox 773 463 1034 495; x_wconf 78' lang='lat' dir='ltr'><strong>Abraami-«Pone</strong></span> 
     </span>
    </p>
   </div>
   <div class='ocr_carea' id='block_1_13' title="bbox 197 508 1032 548">
    <p class='ocr_par' dir='ltr' id='par_1_13' title="bbox 197 508 1032 548">
     <span class='ocr_line' id='line_1_13' title="bbox 197 508 1032 548; baseline -0.001 -10"><span class='ocrx_word' id='word_1_71' title='bbox 197 515 325 539; x_wconf 88' lang='lat' dir='ltr'><strong>manum</strong></span> <span class='ocrx_word' id='word_1_72' title='bbox 340 512 425 539; x_wconf 89' lang='lat' dir='ltr'><strong>tuam</strong></span> <span class='ocrx_word' id='word_1_73' title='bbox 436 511 470 539; x_wconf 90' lang='lat' dir='ltr'><strong>in</strong></span> <span class='ocrx_word' id='word_1_74' title='bbox 484 508 590 548; x_wconf 87' lang='lat' dir='ltr'><strong>femur</strong></span> <span class='ocrx_word' id='word_1_75' title='bbox 603 509 851 546; x_wconf 50' lang='lat' dir='ltr'><strong>interimit-hisce</strong></span> <span class='ocrx_word' id='word_1_76' title='bbox 863 508 961 539; x_wconf 88' lang='lat' dir='ltr'><strong>verbis</strong></span> <span class='ocrx_word' id='word_1_77' title='bbox 971 508 1032 539; x_wconf 90' lang='lat' dir='ltr'><strong>uti-</strong></span> 
     </span>
    </p>
   </div>
   <div class='ocr_carea' id='block_1_14' title="bbox 198 552 1034 593">
    <p class='ocr_par' dir='ltr' id='par_1_14' title="bbox 198 552 1034 593">
     <span class='ocr_line' id='line_1_14' title="bbox 198 552 1034 593; baseline 0.001 -11"><span class='ocrx_word' id='word_1_78' title='bbox 198 555 262 583; x_wconf 92' lang='lat' dir='ltr'><strong>tur:</strong></span> <span class='ocrx_word' id='word_1_79' title='bbox 279 552 398 584; x_wconf 80' lang='lat' dir='ltr'><strong>Dicitur</strong></span> <span class='ocrx_word' id='word_1_80' title='bbox 412 553 493 584; x_wconf 86' lang='lat' dir='ltr'><strong>enim</strong></span> <span class='ocrx_word' id='word_1_81' title='bbox 523 553 631 585; x_wconf 82' lang='lat' dir='ltr'><strong>habere</strong></span> <span class='ocrx_word' id='word_1_82' title='bbox 658 554 794 585; x_wconf 78' lang='lat' dir='ltr'><strong>Trinitas</strong></span> <span class='ocrx_word' id='word_1_83' title='bbox 808 553 955 593; x_wconf 87' lang='lat' dir='ltr'><strong>ordinem,</strong></span> <span class='ocrx_word' id='word_1_84' title='bbox 972 562 1034 584; x_wconf 85' lang='lat' dir='ltr'><strong>non</strong></span> 
     </span>
    </p>
   </div>
   <div class='ocr_carea' id='block_1_15' title="bbox 198 597 1031 639">
    <p class='ocr_par' dir='ltr' id='par_1_15' title="bbox 198 597 1031 639">
     <span class='ocr_line' id='line_1_15' title="bbox 198 597 1031 639; baseline 0.001 -12"><span class='ocrx_word' id='word_1_85' title='bbox 198 597 278 637; x_wconf 79' lang='lat' dir='ltr'><strong>quod</strong></span> <span class='ocrx_word' id='word_1_86' title='bbox 292 598 476 630; x_wconf 76' lang='lat' dir='ltr'><strong>inordinata</strong></span> <span class='ocrx_word' id='word_1_87' title='bbox 489 601 540 636; x_wconf 84' lang='lat' dir='ltr'><strong>sit,</strong></span> <span class='ocrx_word' id='word_1_88' title='bbox 556 599 610 630; x_wconf 89' lang='lat' dir='ltr'><strong>sed</strong></span> <span class='ocrx_word' id='word_1_89' title='bbox 625 600 706 639; x_wconf 87' lang='lat' dir='ltr'><strong>quod</strong></span> <span class='ocrx_word' id='word_1_90' title='bbox 719 608 815 639; x_wconf 87' lang='lat' dir='ltr'><strong>supra</strong></span> <span class='ocrx_word' id='word_1_91' title='bbox 832 598 970 629; x_wconf 80' lang='lat' dir='ltr'><strong>ordinem</strong></span> <span class='ocrx_word' id='word_1_92' title='bbox 981 599 1031 629; x_wconf 84' lang='lat' dir='ltr'><strong>sit.</strong></span> 
     </span>
    </p>
   </div>
   <div class='ocr_carea' id='block_1_16' title="bbox 199 640 1032 683">
    <p class='ocr_par' dir='ltr' id='par_1_16' title="bbox 199 640 1032 683">
     <span class='ocr_line' id='line_1_16' title="bbox 199 640 1032 683; baseline 0.001 -11"><span class='ocrx_word' id='word_1_93' title='bbox 199 640 262 673; x_wconf 81' lang='lat' dir='ltr'><strong>Hoc</strong></span> <span class='ocrx_word' id='word_1_94' title='bbox 272 641 372 682; x_wconf 85' lang='lat' dir='ltr'><strong>itaque</strong></span> <span class='ocrx_word' id='word_1_95' title='bbox 389 647 592 683; x_wconf 87' lang='lat' dir='ltr'><strong>proponentes</strong></span> <span class='ocrx_word' id='word_1_96' title='bbox 607 644 757 683; x_wconf 79' lang='lat' dir='ltr'><strong>propriam</strong></span> <span class='ocrx_word' id='word_1_97' title='bbox 773 643 945 683; x_wconf 88' lang='lat' dir='ltr'><strong>opinionem</strong></span> <span class='ocrx_word' id='word_1_98' title='bbox 963 652 1032 673; x_wconf 91' lang='lat' dir='ltr'><strong>cor—</strong></span> 
     </span>
    </p>
   </div>
   <div class='ocr_carea' id='block_1_17' title="bbox 198 686 1032 729">
    <p class='ocr_par' dir='ltr' id='par_1_17' title="bbox 198 686 1032 729">
     <span class='ocr_line' id='line_1_17' title="bbox 198 686 1032 729; baseline 0.002 -13"><span class='ocrx_word' id='word_1_99' title='bbox 198 686 343 717; x_wconf 88' lang='lat' dir='ltr'><strong>roborare</strong></span> <span class='ocrx_word' id='word_1_100' title='bbox 359 687 554 725; x_wconf 83' lang='lat' dir='ltr'><strong>contendunt,</strong></span> <span class='ocrx_word' id='word_1_101' title='bbox 572 688 615 719; x_wconf 88' lang='lat' dir='ltr'><strong>uti</strong></span> <span class='ocrx_word' id='word_1_102' title='bbox 630 688 680 729; x_wconf 88' lang='lat' dir='ltr'><strong>qui</strong></span> <span class='ocrx_word' id='word_1_103' title='bbox 695 687 787 719; x_wconf 87' lang='lat' dir='ltr'><strong>divini</strong></span> <span class='ocrx_word' id='word_1_104' title='bbox 816 687 911 718; x_wconf 88' lang='lat' dir='ltr'><strong>Patris</strong></span> <span class='ocrx_word' id='word_1_105' title='bbox 939 688 1032 718; x_wconf 90' lang='lat' dir='ltr'><strong>semel</strong></span> 
     </span>
    </p>
   </div>
   <div class='ocr_carea' id='block_1_18' title="bbox 200 731 1034 773">
    <p class='ocr_par' dir='ltr' id='par_1_18' title="bbox 200 731 1034 773">
     <span class='ocr_line' id='line_1_18' title="bbox 200 731 1034 773; baseline 0.004 -11"><span class='ocrx_word' id='word_1_106' title='bbox 200 731 386 771; x_wconf 87' lang='lat' dir='ltr'><strong>propositum</strong></span> <span class='ocrx_word' id='word_1_107' title='bbox 401 731 587 771; x_wconf 84' lang='lat' dir='ltr'><strong>ignorarunt,</strong></span> <span class='ocrx_word' id='word_1_108' title='bbox 614 742 713 773; x_wconf 85' lang='lat' dir='ltr'><strong>neque</strong></span> <span class='ocrx_word' id='word_1_109' title='bbox 735 732 795 763; x_wconf 88' lang='lat' dir='ltr'><strong>illis</strong></span> <span class='ocrx_word' id='word_1_110' title='bbox 812 741 878 773; x_wconf 70' lang='lat' dir='ltr'><strong>quaz</strong></span> <span class='ocrx_word' id='word_1_111' title='bbox 892 742 952 763; x_wconf 91' lang='lat' dir='ltr'><strong>non</strong></span> <span class='ocrx_word' id='word_1_112' title='bbox 969 738 1034 772; x_wconf 89' lang='lat' dir='ltr'><strong>post</strong></span> 
     </span>
    </p>
   </div>
   <div class='ocr_carea' id='block_1_19' title="bbox 202 775 1033 817">
    <p class='ocr_par' dir='ltr' id='par_1_19' title="bbox 202 775 1033 817">
     <span class='ocr_line' id='line_1_19' title="bbox 202 775 1033 817; baseline 0 -11"><span class='ocrx_word' id='word_1_113' title='bbox 202 775 295 807; x_wconf 81' lang='lat' dir='ltr'><strong>multa</strong></span> <span class='ocrx_word' id='word_1_114' title='bbox 308 777 398 807; x_wconf 87' lang='lat' dir='ltr'><strong>verba</strong></span> <span class='ocrx_word' id='word_1_115' title='bbox 413 777 562 817; x_wconf 81' lang='lat' dir='ltr'><strong>edisserit,</strong></span> <span class='ocrx_word' id='word_1_116' title='bbox 591 777 722 808; x_wconf 84' lang='lat' dir='ltr'><strong>animum</strong></span> <span class='ocrx_word' id='word_1_117' title='bbox 752 777 956 808; x_wconf 82' lang='lat' dir='ltr'><strong>adverterunt.</strong></span> <span class='ocrx_word' id='word_1_118' title='bbox 978 776 1033 807; x_wconf 89' lang='lat' dir='ltr'><strong>Hic</strong></span> 
     </span>
    </p>
   </div>
   <div class='ocr_carea' id='block_1_20' title="bbox 1076 195 1891 236">
    <p class='ocr_par' dir='ltr' id='par_1_20' title="bbox 1076 195 1891 236">
     <span class='ocr_line' id='line_1_20' title="bbox 1076 195 1891 236; baseline -0.005 -10"><span class='ocrx_word' id='word_1_119' title='bbox 1076 206 1135 226; x_wconf 73' lang='grc' dir='ltr'>σαν.</span> <span class='ocrx_word' id='word_1_120' title='bbox 1164 195 1239 228; x_wconf 79' lang='grc' dir='ltr'>Τάξις</span> <span class='ocrx_word' id='word_1_121' title='bbox 1267 197 1317 236; x_wconf 79' lang='grc' dir='ltr'>γὰρ</span> <span class='ocrx_word' id='word_1_122' title='bbox 1347 197 1384 228; x_wconf 75' lang='grc' dir='ltr'><strong>τίς</strong></span> <span class='ocrx_word' id='word_1_123' title='bbox 1414 199 1469 225; x_wconf 62' lang='grc' dir='ltr'>ἔστι</span> <span class='ocrx_word' id='word_1_124' title='bbox 1498 197 1546 225; x_wconf 73' lang='grc' dir='ltr'>κᾶν</span> <span class='ocrx_word' id='word_1_125' title='bbox 1577 199 1610 234; x_wconf 82' lang='grc' dir='ltr'><strong>τῇ</strong></span> <span class='ocrx_word' id='word_1_126' title='bbox 1639 195 1738 235; x_wconf 80' lang='grc' dir='ltr'>Τριάδι,</span> <span class='ocrx_word' id='word_1_127' title='bbox 1765 195 1891 229; x_wconf 73' lang='grc' dir='ltr'>καθ’ἣνὸ</span> 
     </span>
    </p>
   </div>
   <div class='ocr_carea' id='block_1_21' title="bbox 1077 239 1891 280">
    <p class='ocr_par' dir='ltr' id='par_1_21' title="bbox 1077 239 1891 280">
     <span class='ocr_line' id='line_1_21' title="bbox 1077 239 1891 280; baseline 0 -14"><span class='ocrx_word' id='word_1_128' title='bbox 1077 239 1125 276; x_wconf 71' lang='grc' dir='ltr'>μὲν</span> <span class='ocrx_word' id='word_1_129' title='bbox 1149 240 1240 278; x_wconf 78' lang='grc' dir='ltr'>Πατὴρ</span> <span class='ocrx_word' id='word_1_130' title='bbox 1261 244 1307 269; x_wconf 84' lang='grc' dir='ltr'>τοῦ</span> <span class='ocrx_word' id='word_1_131' title='bbox 1337 245 1515 280; x_wconf 78' lang='grc' dir='ltr'>Μονογενοῦς,</span> <span class='ocrx_word' id='word_1_132' title='bbox 1546 241 1621 271; x_wconf 82' lang='grc' dir='ltr'>οὗτος</span> <span class='ocrx_word' id='word_1_133' title='bbox 1650 239 1678 268; x_wconf 79' lang='grc' dir='ltr'><strong>δὲ</strong></span> <span class='ocrx_word' id='word_1_134' title='bbox 1714 242 1891 279; x_wconf 75' lang='grc' dir='ltr'>προθεωρεῐται</span> 
     </span>
    </p>
   </div>
   <div class='ocr_carea' id='block_1_22' title="bbox 1074 285 1891 324">
    <p class='ocr_par' dir='ltr' id='par_1_22' title="bbox 1074 285 1891 324">
     <span class='ocr_line' id='line_1_22' title="bbox 1074 285 1891 324; baseline -0.001 -12"><span class='ocrx_word' id='word_1_135' title='bbox 1074 287 1121 312; x_wconf 70' lang='grc' dir='ltr'>τοῦ</span> <span class='ocrx_word' id='word_1_136' title='bbox 1143 285 1308 322; x_wconf 75' lang='grc' dir='ltr'>Πνεύματος,</span> <span class='ocrx_word' id='word_1_137' title='bbox 1331 286 1378 313; x_wconf 76' lang='grc' dir='ltr'><strong>κᾶν</strong></span> <span class='ocrx_word' id='word_1_138' title='bbox 1407 286 1522 324; x_wconf 60' lang='grc' dir='ltr'>ἐειαιρεῖν</span> <span class='ocrx_word' id='word_1_139' title='bbox 1553 285 1708 324; x_wconf 68' lang='grc' dir='ltr'><strong>ἐπιχειρῶσι</strong></span> <span class='ocrx_word' id='word_1_140' title='bbox 1738 285 1780 312; x_wconf 74' lang='grc' dir='ltr'>καὶ</span> <span class='ocrx_word' id='word_1_141' title='bbox 1803 285 1891 316; x_wconf 81' lang='grc' dir='ltr'>ταύτην</span> 
     </span>
    </p>
   </div>
   <div class='ocr_carea' id='block_1_23' title="bbox 1075 327 1890 368">
    <p class='ocr_par' dir='ltr' id='par_1_23' title="bbox 1075 327 1890 368">
     <span class='ocr_line' id='line_1_23' title="bbox 1075 327 1890 368; baseline 0 -13"><span class='ocrx_word' id='word_1_142' title='bbox 1075 328 1098 356; x_wconf 80' lang='grc' dir='ltr'><strong>οἱ</strong></span> <span class='ocrx_word' id='word_1_143' title='bbox 1128 329 1323 366; x_wconf 70' lang='grc' dir='ltr'>ἀνθιστάμενοι,</span> <span class='ocrx_word' id='word_1_144' title='bbox 1354 330 1421 358; x_wconf 80' lang='grc' dir='ltr'>Φασὶ</span> <span class='ocrx_word' id='word_1_145' title='bbox 1447 331 1496 368; x_wconf 79' lang='grc' dir='ltr'>γὰρ</span> <span class='ocrx_word' id='word_1_146' title='bbox 1525 330 1564 367; x_wconf 80' lang='grc' dir='ltr'>μὴ</span> <span class='ocrx_word' id='word_1_147' title='bbox 1585 328 1641 357; x_wconf 80' lang='grc' dir='ltr'>δεῖν</span> <span class='ocrx_word' id='word_1_148' title='bbox 1663 329 1707 357; x_wconf 61' lang='grc' dir='ltr'><strong>ἰπὶ</strong></span> <span class='ocrx_word' id='word_1_149' title='bbox 1736 332 1801 357; x_wconf 79' lang='grc' dir='ltr'>Θεου</span> <span class='ocrx_word' id='word_1_150' title='bbox 1827 327 1890 360; x_wconf 68' lang='grc' dir='ltr'>τάξιν</span> 
     </span>
    </p>
   </div>
   <div class='ocr_carea' id='block_1_24' title="bbox 1075 371 1887 413">
    <p class='ocr_par' dir='ltr' id='par_1_24' title="bbox 1075 371 1887 413">
     <span class='ocr_line' id='line_1_24' title="bbox 1075 371 1887 413; baseline -0.002 -13"><span class='ocrx_word' id='word_1_151' title='bbox 1075 372 1209 412; x_wconf 74' lang='grc' dir='ltr'>δέχεσθαι,</span> <span class='ocrx_word' id='word_1_152' title='bbox 1238 374 1282 401; x_wconf 88' lang='grc' dir='ltr'><strong>καὶ</strong></span> <span class='ocrx_word' id='word_1_153' title='bbox 1317 374 1363 402; x_wconf 78' lang='grc' dir='ltr'><strong>τὸν</strong></span> <span class='ocrx_word' id='word_1_154' title='bbox 1405 377 1519 413; x_wconf 75' lang='grc' dir='ltr'>χρυσοῦν</span> <span class='ocrx_word' id='word_1_155' title='bbox 1555 374 1603 407; x_wconf 83' lang='grc' dir='ltr'><strong>τὴν</strong></span> <span class='ocrx_word' id='word_1_156' title='bbox 1632 373 1752 412; x_wconf 76' lang='grc' dir='ltr'>γλῶτταν</span> <span class='ocrx_word' id='word_1_157' title='bbox 1781 371 1887 411; x_wconf 69' lang='grc' dir='ltr'>προϐάλ-</span> 
     </span>
    </p>
   </div>
   <div class='ocr_carea' id='block_1_25' title="bbox 1075 416 1891 458">
    <p class='ocr_par' dir='ltr' id='par_1_25' title="bbox 1075 416 1891 458">
     <span class='ocr_line' id='line_1_25' title="bbox 1075 416 1891 458; baseline -0.001 -13"><span class='ocrx_word' id='word_1_158' title='bbox 1075 416 1164 446; x_wconf 69' lang='grc' dir='ltr'>λονται</span> <span class='ocrx_word' id='word_1_159' title='bbox 1192 421 1238 446; x_wconf 80' lang='grc' dir='ltr'>τοῦ</span> <span class='ocrx_word' id='word_1_160' title='bbox 1267 416 1347 457; x_wconf 86' lang='grc' dir='ltr'>λόγου</span> <span class='ocrx_word' id='word_1_161' title='bbox 1375 418 1473 447; x_wconf 84' lang='grc' dir='ltr'>τούτων</span> <span class='ocrx_word' id='word_1_162' title='bbox 1504 418 1652 458; x_wconf 76' lang='grc' dir='ltr'>ἐπίκουρον,</span> <span class='ocrx_word' id='word_1_163' title='bbox 1675 418 1704 450; x_wconf 80' lang='grc' dir='ltr'>ὃς</span> <span class='ocrx_word' id='word_1_164' title='bbox 1732 417 1759 445; x_wconf 74' lang='grc' dir='ltr'>ἐν</span> <span class='ocrx_word' id='word_1_165' title='bbox 1775 420 1821 455; x_wconf 81' lang='grc' dir='ltr'>μιᾶ</span> <span class='ocrx_word' id='word_1_166' title='bbox 1846 420 1891 444; x_wconf 85' lang='grc' dir='ltr'>τῶν</span> 
     </span>
    </p>
   </div>
   <div class='ocr_carea' id='block_1_26' title="bbox 1075 461 1892 501">
    <p class='ocr_par' dir='ltr' id='par_1_26' title="bbox 1075 461 1892 501">
     <span class='ocr_line' id='line_1_26' title="bbox 1075 461 1892 501; baseline -0.001 -11"><span class='ocrx_word' id='word_1_167' title='bbox 1075 461 1186 499; x_wconf 77' lang='grc' dir='ltr'><strong>ὁμιλιῶν</strong></span> <span class='ocrx_word' id='word_1_168' title='bbox 1214 465 1303 499; x_wconf 76' lang='grc' dir='ltr'>αὐτοῦ,</span> <span class='ocrx_word' id='word_1_169' title='bbox 1330 466 1364 501; x_wconf 82' lang='grc' dir='ltr'><strong>τῇ</strong></span> <span class='ocrx_word' id='word_1_170' title='bbox 1390 463 1426 495; x_wconf 82' lang='grc' dir='ltr'>εἷς</span> <span class='ocrx_word' id='word_1_171' title='bbox 1442 464 1471 491; x_wconf 79' lang='grc' dir='ltr'>τὸ</span> <span class='ocrx_word' id='word_1_172' title='bbox 1493 463 1573 497; x_wconf 70' lang='grc' dir='ltr'>ῥητὸν</span> <span class='ocrx_word' id='word_1_173' title='bbox 1588 466 1634 490; x_wconf 81' lang='grc' dir='ltr'>τοῦ</span> <span class='ocrx_word' id='word_1_174' title='bbox 1656 461 1776 501; x_wconf 78' lang='grc' dir='ltr'>Ἀϐραὰμ</span> <span class='ocrx_word' id='word_1_175' title='bbox 1802 463 1830 490; x_wconf 80' lang='grc' dir='ltr'>τὸ</span> <span class='ocrx_word' id='word_1_176' title='bbox 1850 461 1892 489; x_wconf 76' lang='grc' dir='ltr'><strong>λέ-</strong></span> 
     </span>
    </p>
   </div>
   <div class='ocr_carea' id='block_1_27' title="bbox 1074 507 1890 547">
    <p class='ocr_par' dir='ltr' id='par_1_27' title="bbox 1074 507 1890 547">
     <span class='ocr_line' id='line_1_27' title="bbox 1074 507 1890 547; baseline -0.002 -13"><span class='ocrx_word' id='word_1_177' title='bbox 1074 518 1133 545; x_wconf 91' lang='grc' dir='ltr'>γον,</span> <span class='ocrx_word' id='word_1_178' title='bbox 1159 518 1173 534; x_wconf 68' lang='grc' dir='ltr'><strong>α</strong></span> <span class='ocrx_word' id='word_1_179' title='bbox 1204 507 1253 540; x_wconf 74' lang='grc' dir='ltr'><strong>Θὲς</strong></span> <span class='ocrx_word' id='word_1_180' title='bbox 1286 508 1335 541; x_wconf 78' lang='grc' dir='ltr'>τὴν</span> <span class='ocrx_word' id='word_1_181' title='bbox 1375 508 1456 547; x_wconf 73' lang='grc' dir='ltr'>χεῖρά</span> <span class='ocrx_word' id='word_1_182' title='bbox 1490 519 1538 536; x_wconf 89' lang='grc' dir='ltr'><strong>σου</strong></span> <span class='ocrx_word' id='word_1_183' title='bbox 1561 507 1603 535; x_wconf 71' lang='grc' dir='ltr'><strong>ἐπὶ</strong></span> <span class='ocrx_word' id='word_1_184' title='bbox 1625 507 1669 534; x_wconf 78' lang='grc' dir='ltr'><strong>τὸν</strong></span> <span class='ocrx_word' id='word_1_185' title='bbox 1691 507 1777 546; x_wconf 85' lang='grc' dir='ltr'>μηρόν</span> <span class='ocrx_word' id='word_1_186' title='bbox 1799 518 1856 546; x_wconf 83' lang='grc' dir='ltr'>μου,</span> <span class='ocrx_word' id='word_1_187' title='bbox 1879 517 1890 532; x_wconf 77' lang='grc' dir='ltr'>ι</span> 
     </span>
    </p>
   </div>
   <div class='ocr_carea' id='block_1_28' title="bbox 1075 550 1893 590">
    <p class='ocr_par' dir='ltr' id='par_1_28' title="bbox 1075 550 1893 590">
     <span class='ocr_line' id='line_1_28' title="bbox 1075 550 1893 590; baseline -0.001 -11"><span class='ocrx_word' id='word_1_188' title='bbox 1075 550 1162 590; x_wconf 75' lang='grc' dir='ltr'>ῥητῶς</span> <span class='ocrx_word' id='word_1_189' title='bbox 1190 550 1258 579; x_wconf 61' lang='grc' dir='ltr'>οὕτω</span> <span class='ocrx_word' id='word_1_190' title='bbox 1285 551 1405 584; x_wconf 73' lang='grc' dir='ltr'><strong>διέξεισιν</strong></span> <span class='ocrx_word' id='word_1_191' title='bbox 1425 561 1431 567; x_wconf 93' lang='grc'><strong>·</strong></span> <span class='ocrx_word' id='word_1_192' title='bbox 1460 552 1572 590; x_wconf 74' lang='grc' dir='ltr'>Λέγεται</span> <span class='ocrx_word' id='word_1_193' title='bbox 1609 552 1658 590; x_wconf 84' lang='grc' dir='ltr'>γὰρ</span> <span class='ocrx_word' id='word_1_194' title='bbox 1685 550 1758 590; x_wconf 79' lang='grc' dir='ltr'>ἔχειν</span> <span class='ocrx_word' id='word_1_195' title='bbox 1786 551 1853 583; x_wconf 65' lang='grc' dir='ltr'>τάξιν</span> <span class='ocrx_word' id='word_1_196' title='bbox 1879 551 1893 583; x_wconf 77' lang='grc' dir='ltr'>ἡ</span> 
     </span>
    </p>
   </div>
   <div class='ocr_carea' id='block_1_29' title="bbox 1075 593 1892 635">
    <p class='ocr_par' dir='ltr' id='par_1_29' title="bbox 1075 593 1892 635">
     <span class='ocr_line' id='line_1_29' title="bbox 1075 593 1892 635; baseline -0.004 -11"><span class='ocrx_word' id='word_1_197' title='bbox 1075 596 1165 634; x_wconf 83' lang='grc' dir='ltr'>Τριὰς,</span> <span class='ocrx_word' id='word_1_198' title='bbox 1202 597 1254 635; x_wconf 69' lang='grc' dir='ltr'><strong>οὐχ</strong></span> <span class='ocrx_word' id='word_1_199' title='bbox 1283 597 1319 628; x_wconf 87' lang='grc' dir='ltr'>ὡς</span> <span class='ocrx_word' id='word_1_200' title='bbox 1349 595 1474 633; x_wconf 69' lang='grc' dir='ltr'>ἄτακτος,</span> <span class='ocrx_word' id='word_1_201' title='bbox 1511 594 1571 624; x_wconf 81' lang='grc' dir='ltr'><strong>ἀλλ’</strong></span> <span class='ocrx_word' id='word_1_202' title='bbox 1607 596 1642 628; x_wconf 80' lang='grc' dir='ltr'>ὡς</span> <span class='ocrx_word' id='word_1_203' title='bbox 1678 595 1749 627; x_wconf 74' lang='grc' dir='ltr'>τάξιν</span> <span class='ocrx_word' id='word_1_204' title='bbox 1778 593 1892 634; x_wconf 74' lang='grc' dir='ltr'><strong>ὕπερὸαὲ-</strong></span> 
     </span>
    </p>
   </div>
   <div class='ocr_carea' id='block_1_30' title="bbox 1075 641 1894 681">
    <p class='ocr_par' dir='ltr' id='par_1_30' title="bbox 1075 641 1894 681">
     <span class='ocr_line' id='line_1_30' title="bbox 1075 641 1894 681; baseline -0.001 -13"><span class='ocrx_word' id='word_1_205' title='bbox 1075 651 1165 671; x_wconf 82' lang='grc' dir='ltr'>νουσα.</span> <span class='ocrx_word' id='word_1_206' title='bbox 1191 644 1273 669; x_wconf 78' lang='grc' dir='ltr'>Τοῦτο</span> <span class='ocrx_word' id='word_1_207' title='bbox 1311 641 1393 670; x_wconf 79' lang='grc' dir='ltr'>το¹νυν</span> <span class='ocrx_word' id='word_1_208' title='bbox 1423 642 1494 670; x_wconf 78' lang='grc' dir='ltr'>οὗτοι</span> <span class='ocrx_word' id='word_1_209' title='bbox 1525 641 1704 681; x_wconf 78' lang='grc' dir='ltr'><strong>προτείνοντες</strong></span> <span class='ocrx_word' id='word_1_210' title='bbox 1733 641 1783 671; x_wconf 72' lang='grc' dir='ltr'><strong>τὴν</strong></span> <span class='ocrx_word' id='word_1_211' title='bbox 1805 641 1894 668; x_wconf 75' lang='grc' dir='ltr'>οἰκείαν</span> 
     </span>
    </p>
   </div>
   <div class='ocr_carea' id='block_1_31' title="bbox 1075 683 1894 722">
    <p class='ocr_par' dir='ltr' id='par_1_31' title="bbox 1075 683 1894 722">
     <span class='ocr_line' id='line_1_31' title="bbox 1075 683 1894 722; baseline 0 -10"><span class='ocrx_word' id='word_1_212' title='bbox 1075 683 1149 717; x_wconf 78' lang='grc' dir='ltr'>δόξαν</span> <span class='ocrx_word' id='word_1_213' title='bbox 1190 688 1317 719; x_wconf 78' lang='grc' dir='ltr'>συστῆσαι</span> <span class='ocrx_word' id='word_1_214' title='bbox 1362 684 1561 722; x_wconf 72' lang='grc' dir='ltr'><strong>σπουδάζουσιν,</strong></span> <span class='ocrx_word' id='word_1_215' title='bbox 1605 685 1649 715; x_wconf 74' lang='grc' dir='ltr'><strong>ἅτε</strong></span> <span class='ocrx_word' id='word_1_216' title='bbox 1685 686 1730 714; x_wconf 70' lang='grc' dir='ltr'><strong>τὸν</strong></span> <span class='ocrx_word' id='word_1_217' title='bbox 1761 685 1807 713; x_wconf 71' lang='grc' dir='ltr'><strong>του</strong></span> <span class='ocrx_word' id='word_1_218' title='bbox 1833 685 1894 712; x_wconf 75' lang='grc' dir='ltr'>θείου</span> 
     </span>
    </p>
   </div>
   <div class='ocr_carea' id='block_1_32' title="bbox 1074 729 1894 769">
    <p class='ocr_par' dir='ltr' id='par_1_32' title="bbox 1074 729 1894 769">
     <span class='ocr_line' id='line_1_32' title="bbox 1074 729 1894 769; baseline 0 -12"><span class='ocrx_word' id='word_1_219' title='bbox 1074 730 1176 764; x_wconf 77' lang='grc' dir='ltr'>Πατρὸς</span> <span class='ocrx_word' id='word_1_220' title='bbox 1202 730 1321 763; x_wconf 79' lang='grc' dir='ltr'>καθάπαξ</span> <span class='ocrx_word' id='word_1_221' title='bbox 1350 732 1449 759; x_wconf 82' lang='grc' dir='ltr'>σκοπὸν</span> <span class='ocrx_word' id='word_1_222' title='bbox 1485 730 1674 769; x_wconf 76' lang='grc' dir='ltr'><strong>ἀγνοήσαντες,</strong></span> <span class='ocrx_word' id='word_1_223' title='bbox 1714 729 1782 767; x_wconf 78' lang='grc' dir='ltr'>μηδὲ</span> <span class='ocrx_word' id='word_1_224' title='bbox 1817 740 1894 767; x_wconf 83' lang='grc' dir='ltr'>προσ-</span> 
     </span>
    </p>
   </div>
   <div class='ocr_carea' id='block_1_33' title="bbox 1074 774 1894 814">
    <p class='ocr_par' dir='ltr' id='par_1_33' title="bbox 1074 774 1894 814">
     <span class='ocr_line' id='line_1_33' title="bbox 1074 774 1894 814; baseline -0.001 -12"><span class='ocrx_word' id='word_1_225' title='bbox 1074 775 1185 814; x_wconf 71' lang='grc' dir='ltr'>σχόντες</span> <span class='ocrx_word' id='word_1_226' title='bbox 1216 782 1275 806; x_wconf 74' lang='grc' dir='ltr'>τοῖς</span> <span class='ocrx_word' id='word_1_227' title='bbox 1297 775 1382 812; x_wconf 83' lang='grc' dir='ltr'>τούτῳ</span> <span class='ocrx_word' id='word_1_228' title='bbox 1414 776 1517 814; x_wconf 77' lang='grc' dir='ltr'>ῥηθεῖσι</span> <span class='ocrx_word' id='word_1_229' title='bbox 1547 775 1606 811; x_wconf 82' lang='grc' dir='ltr'>μετ’</span> <span class='ocrx_word' id='word_1_230' title='bbox 1621 776 1649 803; x_wconf 71' lang='grc' dir='ltr'>οὒ</span> <span class='ocrx_word' id='word_1_231' title='bbox 1677 774 1774 805; x_wconf 73' lang='grc' dir='ltr'>πολλὰ,</span> <span class='ocrx_word' id='word_1_232' title='bbox 1797 775 1894 813; x_wconf 71' lang='grc' dir='ltr'>Προϊὼν</span> 
     </span>
    </p>
   </div>
   <div class='ocr_carea' id='block_1_34' title="bbox 198 819 971 861">
    <p class='ocr_par' dir='ltr' id='par_1_34' title="bbox 198 820 971 861">
     <span class='ocr_line' id='line_1_34' title="bbox 198 820 971 861; baseline 0 -10"><span class='ocrx_word' id='word_1_233' title='bbox 198 820 280 851; x_wconf 85' lang='lat' dir='ltr'><strong>enim</strong></span> <span class='ocrx_word' id='word_1_234' title='bbox 296 821 479 861; x_wconf 88' lang='lat' dir='ltr'><strong>procedente</strong></span> <span class='ocrx_word' id='word_1_235' title='bbox 507 822 643 853; x_wconf 86' lang='lat' dir='ltr'><strong>oratione</strong></span> <span class='ocrx_word' id='word_1_236' title='bbox 669 822 761 853; x_wconf 90' lang='lat' dir='ltr'><strong>dicit:</strong></span> <span class='ocrx_word' id='word_1_237' title='bbox 779 821 885 861; x_wconf 80' lang='lat' dir='ltr'><strong>Itaque</strong></span> <span class='ocrx_word' id='word_1_238' title='bbox 910 821 971 852; x_wconf 84' lang='lat' dir='ltr'><strong>divi</strong></span> 
     </span>
    </p>
   </div>
   <div class='ocr_carea' id='block_1_35' title="bbox 1120 819 1893 861">
    <p class='ocr_par' dir='ltr' id='par_1_35' title="bbox 1138 819 1893 860">
     <span class='ocr_line' id='line_1_35' title="bbox 1138 819 1893 860; baseline 0 -14"><span class='ocrx_word' id='word_1_239' title='bbox 1138 820 1188 858; x_wconf 66' lang='grc' dir='ltr'>γὰρ</span> <span class='ocrx_word' id='word_1_240' title='bbox 1204 820 1278 851; x_wconf 62' lang='grc' dir='ltr'>οὗτος</span> <span class='ocrx_word' id='word_1_241' title='bbox 1307 821 1396 860; x_wconf 68' lang='grc' dir='ltr'>αὐτὸς,</span> <span class='ocrx_word' id='word_1_242' title='bbox 1424 820 1522 848; x_wconf 64' lang='grc' dir='ltr'><strong>Οὔκοῦν</strong></span> <span class='ocrx_word' id='word_1_243' title='bbox 1545 821 1562 854; x_wconf 77' lang='grc' dir='ltr'><strong>ἡ</strong></span> <span class='ocrx_word' id='word_1_244' title='bbox 1592 819 1641 856; x_wconf 73' lang='grc' dir='ltr'>μὲν</span> <span class='ocrx_word' id='word_1_245' title='bbox 1663 819 1714 847; x_wconf 80' lang='grc' dir='ltr'>τῶν</span> <span class='ocrx_word' id='word_1_246' title='bbox 1741 820 1815 847; x_wconf 74' lang='grc' dir='ltr'>θείων</span> <span class='ocrx_word' id='word_1_247' title='bbox 1835 819 1893 846; x_wconf 81' lang='grc' dir='ltr'><strong>ὑπο-</strong></span> 
     </span>
    </p>
   </div>
   <div class='ocr_carea' id='block_1_36' title="bbox 198 864 1032 907">
    <p class='ocr_par' dir='ltr' id='par_1_36' title="bbox 198 864 1032 907">
     <span class='ocr_line' id='line_1_36' title="bbox 198 864 1032 907; baseline 0 -11"><span class='ocrx_word' id='word_1_248' title='bbox 198 864 377 906; x_wconf 83' lang='lat' dir='ltr'><strong>hypostases</strong></span> <span class='ocrx_word' id='word_1_249' title='bbox 389 866 463 897; x_wconf 81' lang='lat' dir='ltr'><strong>ordo</strong></span> <span class='ocrx_word' id='word_1_250' title='bbox 477 866 652 898; x_wconf 82' lang='lat' dir='ltr'><strong>discernens</strong></span> <span class='ocrx_word' id='word_1_251' title='bbox 666 867 769 907; x_wconf 80' lang='lat' dir='ltr'><strong>dignis</strong></span> <span class='ocrx_word' id='word_1_252' title='bbox 780 867 941 897; x_wconf 80' lang='lat' dir='ltr'><strong>inualescit</strong></span> <span class='ocrx_word' id='word_1_253' title='bbox 954 875 961 896; x_wconf 75' lang='grc' dir='ltr'>ε</span> <span class='ocrx_word' id='word_1_254' title='bbox 979 864 1032 905; x_wconf 86' lang='lat' dir='ltr'><strong>qui</strong></span> 
     </span>
    </p>
   </div>
   <div class='ocr_carea' id='block_1_37' title="bbox 200 911 1032 950">
    <p class='ocr_par' dir='ltr' id='par_1_37' title="bbox 200 911 1032 950">
     <span class='ocr_line' id='line_1_37' title="bbox 200 911 1032 950; baseline -0.001 -9"><span class='ocrx_word' id='word_1_255' title='bbox 200 913 407 942; x_wconf 80' lang='lat' dir='ltr'><strong>ueronaturas</strong></span> <span class='ocrx_word' id='word_1_256' title='bbox 421 911 564 942; x_wconf 76' lang='lat' dir='ltr'><strong>discernit</strong></span> <span class='ocrx_word' id='word_1_257' title='bbox 579 912 612 942; x_wconf 88' lang='lat' dir='ltr'><strong>in</strong></span> <span class='ocrx_word' id='word_1_258' title='bbox 627 915 733 942; x_wconf 88' lang='lat' dir='ltr'><strong>sancta</strong></span> <span class='ocrx_word' id='word_1_259' title='bbox 747 911 893 942; x_wconf 86' lang='lat' dir='ltr'><strong>Trinitate</strong></span> <span class='ocrx_word' id='word_1_260' title='bbox 904 919 1032 950; x_wconf 84' lang='lat' dir='ltr'><strong>prorsus</strong></span> 
     </span>
    </p>
   </div>
   <div class='ocr_carea' id='block_1_38' title="bbox 202 955 1031 996">
    <p class='ocr_par' dir='ltr' id='par_1_38' title="bbox 202 955 1031 996">
     <span class='ocr_line' id='line_1_38' title="bbox 202 955 1031 996; baseline 0 -11"><span class='ocrx_word' id='word_1_261' title='bbox 202 955 490 995; x_wconf 81' lang='lat' dir='ltr'><strong>rejicitur.Naturas</strong></span> <span class='ocrx_word' id='word_1_262' title='bbox 501 956 600 996; x_wconf 83' lang='lat' dir='ltr'><strong>itaque</strong></span> <span class='ocrx_word' id='word_1_263' title='bbox 611 956 832 987; x_wconf 85' lang='lat' dir='ltr'><strong>discernentem</strong></span> <span class='ocrx_word' id='word_1_264' title='bbox 845 955 982 986; x_wconf 85' lang='lat' dir='ltr'><strong>ordinem</strong></span> <span class='ocrx_word' id='word_1_265' title='bbox 1001 955 1031 986; x_wconf 91' lang='lat' dir='ltr'><strong>in</strong></span> 
     </span>
    </p>
   </div>
   <div class='ocr_carea' id='block_1_39' title="bbox 205 997 1030 1040">
    <p class='ocr_par' dir='ltr' id='par_1_39' title="bbox 205 997 1030 1040">
     <span class='ocr_line' id='line_1_39' title="bbox 205 997 1030 1040; baseline 0.001 -11"><span class='ocrx_word' id='word_1_266' title='bbox 205 997 352 1031; x_wconf 86' lang='lat' dir='ltr'><strong>Triuitate</strong></span> <span class='ocrx_word' id='word_1_267' title='bbox 368 1009 384 1030; x_wconf 84' lang='lat' dir='ltr'><strong>a</strong></span> <span class='ocrx_word' id='word_1_268' title='bbox 399 1002 509 1031; x_wconf 85' lang='lat' dir='ltr'><strong>sanctis</strong></span> <span class='ocrx_word' id='word_1_269' title='bbox 520 1001 606 1040; x_wconf 87' lang='lat' dir='ltr'><strong>rejici</strong></span> <span class='ocrx_word' id='word_1_270' title='bbox 622 1001 788 1040; x_wconf 77' lang='lat' dir='ltr'><strong>declarans,</strong></span> <span class='ocrx_word' id='word_1_271' title='bbox 807 1000 921 1030; x_wconf 90' lang='lat' dir='ltr'><strong>divinas</strong></span> <span class='ocrx_word' id='word_1_272' title='bbox 937 1001 1030 1040; x_wconf 78' lang='lat' dir='ltr'><strong>hypo-</strong></span> 
     </span>
    </p>
   </div>
   <div class='ocr_carea' id='block_1_40' title="bbox 204 1044 1032 1084">
    <p class='ocr_par' dir='ltr' id='par_1_40' title="bbox 204 1044 1032 1084">
     <span class='ocr_line' id='line_1_40' title="bbox 204 1044 1032 1084; baseline 0.002 -10"><span class='ocrx_word' id='word_1_273' title='bbox 204 1048 298 1075; x_wconf 86' lang='lat' dir='ltr'><strong>stases</strong></span> <span class='ocrx_word' id='word_1_274' title='bbox 309 1044 530 1075; x_wconf 87' lang='lat' dir='ltr'><strong>discernentem</strong></span> <span class='ocrx_word' id='word_1_275' title='bbox 546 1045 606 1076; x_wconf 90' lang='lat' dir='ltr'><strong>illis</strong></span> <span class='ocrx_word' id='word_1_276' title='bbox 621 1045 693 1084; x_wconf 86' lang='lat' dir='ltr'><strong>ipsis</strong></span> <span class='ocrx_word' id='word_1_277' title='bbox 704 1045 871 1076; x_wconf 70' lang='lat' dir='ltr'><strong>innotuisse</strong></span> <span class='ocrx_word' id='word_1_278' title='bbox 887 1045 1032 1077; x_wconf 82' lang='lat' dir='ltr'><strong>decernit.</strong></span> 
     </span>
    </p>
   </div>
   <div class='ocr_carea' id='block_1_41' title="bbox 206 1088 1034 1130">
    <p class='ocr_par' dir='ltr' id='par_1_41' title="bbox 206 1088 1034 1130">
     <span class='ocr_line' id='line_1_41' title="bbox 206 1088 1034 1130; baseline 0 -11"><span class='ocrx_word' id='word_1_279' title='bbox 206 1088 320 1125; x_wconf 86' lang='lat' dir='ltr'><strong>Quibus</strong></span> <span class='ocrx_word' id='word_1_280' title='bbox 335 1089 458 1120; x_wconf 90' lang='lat' dir='ltr'><strong>omnino</strong></span> <span class='ocrx_word' id='word_1_281' title='bbox 473 1090 515 1120; x_wconf 88' lang='lat' dir='ltr'><strong>uti</strong></span> <span class='ocrx_word' id='word_1_282' title='bbox 532 1090 701 1130; x_wconf 78' lang='lat' dir='ltr'><strong>expurgatis</strong></span> <span class='ocrx_word' id='word_1_283' title='bbox 717 1100 770 1120; x_wconf 88' lang='lat' dir='ltr'><strong>sua</strong></span> <span class='ocrx_word' id='word_1_284' title='bbox 786 1089 917 1120; x_wconf 83' lang='lat' dir='ltr'><strong>Trinitas</strong></span> <span class='ocrx_word' id='word_1_285' title='bbox 946 1098 1034 1120; x_wconf 81' lang='lat' dir='ltr'><strong>reve-</strong></span> 
     </span>
    </p>
   </div>
   <div class='ocr_carea' id='block_1_42' title="bbox 205 1133 1035 1175">
    <p class='ocr_par' dir='ltr' id='par_1_42' title="bbox 205 1133 1035 1175">
     <span class='ocr_line' id='line_1_42' title="bbox 205 1133 1035 1175; baseline 0 -11"><span class='ocrx_word' id='word_1_286' title='bbox 205 1133 324 1173; x_wconf 85' lang='lat' dir='ltr'><strong>lavit,ut</strong></span> <span class='ocrx_word' id='word_1_287' title='bbox 335 1134 433 1174; x_wconf 83' lang='lat' dir='ltr'><strong>magni</strong></span> <span class='ocrx_word' id='word_1_288' title='bbox 444 1134 573 1174; x_wconf 80' lang='lat' dir='ltr'><strong>theologi</strong></span> <span class='ocrx_word' id='word_1_289' title='bbox 583 1133 717 1175; x_wconf 81' lang='lat' dir='ltr'><strong>Gregorii</strong></span> <span class='ocrx_word' id='word_1_290' title='bbox 732 1134 830 1165; x_wconf 90' lang='lat' dir='ltr'><strong>verbis</strong></span> <span class='ocrx_word' id='word_1_291' title='bbox 845 1139 922 1174; x_wconf 86' lang='lat' dir='ltr'><strong>utar,</strong></span> <span class='ocrx_word' id='word_1_292' title='bbox 938 1133 988 1174; x_wconf 89' lang='lat' dir='ltr'><strong>qui</strong></span> <span class='ocrx_word' id='word_1_293' title='bbox 1005 1134 1035 1164; x_wconf 91' lang='lat' dir='ltr'><strong>in</strong></span> 
     </span>
    </p>
   </div>
   <div class='ocr_carea' id='block_1_43' title="bbox 205 1178 1036 1216">
    <p class='ocr_par' dir='ltr' id='par_1_43' title="bbox 205 1178 1036 1216">
     <span class='ocr_line' id='line_1_43' title="bbox 205 1178 1036 1216; baseline 0.001 -7"><span class='ocrx_word' id='word_1_294' title='bbox 205 1178 337 1209; x_wconf 86' lang='lat' dir='ltr'><strong>secunda</strong></span> <span class='ocrx_word' id='word_1_295' title='bbox 351 1178 487 1210; x_wconf 80' lang='lat' dir='ltr'><strong>oratione</strong></span> <span class='ocrx_word' id='word_1_296' title='bbox 498 1179 536 1210; x_wconf 88' lang='lat' dir='ltr'><strong>de</strong></span> <span class='ocrx_word' id='word_1_297' title='bbox 548 1181 624 1210; x_wconf 79' lang='lat' dir='ltr'><strong>Pace</strong></span> <span class='ocrx_word' id='word_1_298' title='bbox 634 1179 754 1211; x_wconf 86' lang='lat' dir='ltr'><strong>scribit:</strong></span> <span class='ocrx_word' id='word_1_299' title='bbox 772 1179 819 1209; x_wconf 89' lang='lat' dir='ltr'><strong>Ita</strong></span> <span class='ocrx_word' id='word_1_300' title='bbox 829 1183 974 1216; x_wconf 82' lang='lat' dir='ltr'><strong>tenemus,</strong></span> <span class='ocrx_word' id='word_1_301' title='bbox 990 1181 1036 1210; x_wconf 85' lang='lat' dir='ltr'><strong>ita</strong></span> 
     </span>
    </p>
   </div>
   <div class='ocr_carea' id='block_1_44' title="bbox 205 1223 1035 1265">
    <p class='ocr_par' dir='ltr' id='par_1_44' title="bbox 205 1223 1035 1265">
     <span class='ocr_line' id='line_1_44' title="bbox 205 1223 1035 1265; baseline -0.001 -10"><span class='ocrx_word' id='word_1_302' title='bbox 205 1225 405 1265; x_wconf 74' lang='lat' dir='ltr'><strong>Sentimus,ut</strong></span> <span class='ocrx_word' id='word_1_303' title='bbox 421 1225 569 1264; x_wconf 86' lang='lat' dir='ltr'><strong>qnomodo</strong></span> <span class='ocrx_word' id='word_1_304' title='bbox 584 1234 617 1256; x_wconf 89' lang='lat' dir='ltr'><strong>sc</strong></span> <span class='ocrx_word' id='word_1_305' title='bbox 632 1225 761 1256; x_wconf 81' lang='lat' dir='ltr'><strong>habeant</strong></span> <span class='ocrx_word' id='word_1_306' title='bbox 776 1225 857 1255; x_wconf 83' lang='lat' dir='ltr'><strong>inter</strong></span> <span class='ocrx_word' id='word_1_307' title='bbox 866 1233 896 1254; x_wconf 88' lang='lat' dir='ltr'><strong>se</strong></span> <span class='ocrx_word' id='word_1_308' title='bbox 909 1223 973 1254; x_wconf 72' lang='lat' dir='ltr'><strong>hare</strong></span> <span class='ocrx_word' id='word_1_309' title='bbox 986 1233 1035 1254; x_wconf 91' lang='lat' dir='ltr'><strong>re-</strong></span> 
     </span>
    </p>
   </div>
   <div class='ocr_carea' id='block_1_45' title="bbox 208 1268 1037 1308">
    <p class='ocr_par' dir='ltr' id='par_1_45' title="bbox 208 1268 1037 1308">
     <span class='ocr_line' id='line_1_45' title="bbox 208 1268 1037 1308; baseline -0.001 -9"><span class='ocrx_word' id='word_1_310' title='bbox 208 1269 322 1300; x_wconf 83' lang='lat' dir='ltr'><strong>latione</strong></span> <span class='ocrx_word' id='word_1_311' title='bbox 336 1273 363 1300; x_wconf 85' lang='lat' dir='ltr'><strong>et</strong></span> <span class='ocrx_word' id='word_1_312' title='bbox 373 1269 480 1300; x_wconf 84' lang='lat' dir='ltr'><strong>ordine</strong></span> <span class='ocrx_word' id='word_1_313' title='bbox 496 1269 558 1308; x_wconf 87' lang='lat' dir='ltr'><strong>ipsi</strong></span> <span class='ocrx_word' id='word_1_314' title='bbox 582 1269 640 1300; x_wconf 89' lang='lat' dir='ltr'><strong>soli</strong></span> <span class='ocrx_word' id='word_1_315' title='bbox 668 1269 815 1300; x_wconf 82' lang='lat' dir='ltr'><strong>Trinitati</strong></span> <span class='ocrx_word' id='word_1_316' title='bbox 840 1268 1037 1299; x_wconf 77' lang='lat' dir='ltr'><strong>concedamus</strong></span> 
     </span>
    </p>
   </div>
   <div class='ocr_carea' id='block_1_46' title="bbox 207 1313 1038 1354">
    <p class='ocr_par' dir='ltr' id='par_1_46' title="bbox 207 1313 1038 1354">
     <span class='ocr_line' id='line_1_46' title="bbox 207 1313 1038 1354; baseline -0.002 -10"><span class='ocrx_word' id='word_1_317' title='bbox 207 1313 422 1353; x_wconf 85' lang='lat' dir='ltr'><strong>cognitionem,</strong></span> <span class='ocrx_word' id='word_1_318' title='bbox 438 1316 467 1345; x_wconf 88' lang='lat' dir='ltr'><strong>et</strong></span> <span class='ocrx_word' id='word_1_319' title='bbox 482 1313 679 1354; x_wconf 81' lang='lat' dir='ltr'><strong>quibus.ipsa</strong></span> <span class='ocrx_word' id='word_1_320' title='bbox 695 1313 834 1344; x_wconf 84' lang='lat' dir='ltr'><strong>Trinitas</strong></span> <span class='ocrx_word' id='word_1_321' title='bbox 858 1313 1038 1353; x_wconf 69' lang='lat' dir='ltr'><strong>expurgatis</strong></span> 
     </span>
    </p>
   </div>
   <div class='ocr_carea' id='block_1_47' title="bbox 207 1356 1040 1399">
    <p class='ocr_par' dir='ltr' id='par_1_47' title="bbox 207 1356 1040 1399">
     <span class='ocr_line' id='line_1_47' title="bbox 207 1356 1040 1399; baseline -0.001 -11"><span class='ocrx_word' id='word_1_322' title='bbox 207 1357 354 1390; x_wconf 83' lang='lat' dir='ltr'><strong>reuelabit</strong></span> <span class='ocrx_word' id='word_1_323' title='bbox 362 1362 415 1389; x_wconf 90' lang='lat' dir='ltr'><strong>aut</strong></span> <span class='ocrx_word' id='word_1_324' title='bbox 424 1362 572 1399; x_wconf 88' lang='lat' dir='ltr'><strong>nunc,aut</strong></span> <span class='ocrx_word' id='word_1_325' title='bbox 582 1358 912 1398; x_wconf 84' lang='lat' dir='ltr'><strong>postmodum.Quinam</strong></span> <span class='ocrx_word' id='word_1_326' title='bbox 925 1367 995 1388; x_wconf 89' lang='lat' dir='ltr'><strong>vero</strong></span> <span class='ocrx_word' id='word_1_327' title='bbox 1007 1356 1040 1388; x_wconf 91' lang='lat' dir='ltr'><strong>hi</strong></span> 
     </span>
    </p>
   </div>
   <div class='ocr_carea' id='block_1_48' title="bbox 208 1402 1039 1443">
    <p class='ocr_par' dir='ltr' id='par_1_48' title="bbox 208 1402 1039 1443">
     <span class='ocr_line' id='line_1_48' title="bbox 208 1402 1039 1443; baseline -0.001 -10"><span class='ocrx_word' id='word_1_328' title='bbox 208 1406 319 1438; x_wconf 81' lang='lat' dir='ltr'><strong>sunt,et</strong></span> <span class='ocrx_word' id='word_1_329' title='bbox 331 1402 513 1443; x_wconf 83' lang='lat' dir='ltr'><strong>quid,etquo</strong></span> <span class='ocrx_word' id='word_1_330' title='bbox 528 1403 629 1433; x_wconf 88' lang='lat' dir='ltr'><strong>inloco</strong></span> <span class='ocrx_word' id='word_1_331' title='bbox 642 1407 670 1434; x_wconf 85' lang='lat' dir='ltr'><strong>et</strong></span> <span class='ocrx_word' id='word_1_332' title='bbox 680 1402 736 1433; x_wconf 87' lang='lat' dir='ltr'><strong>hoc</strong></span> <span class='ocrx_word' id='word_1_333' title='bbox 751 1402 958 1443; x_wconf 87' lang='lat' dir='ltr'><strong>unusquisque</strong></span> <span class='ocrx_word' id='word_1_334' title='bbox 968 1411 1039 1441; x_wconf 90' lang='lat' dir='ltr'><strong>per-</strong></span> 
     </span>
    </p>
   </div>
   <div class='ocr_carea' id='block_1_49' title="bbox 207 1446 1036 1487">
    <p class='ocr_par' dir='ltr' id='par_1_49' title="bbox 207 1446 1036 1487">
     <span class='ocr_line' id='line_1_49' title="bbox 207 1446 1036 1487; baseline -0.002 -9"><span class='ocrx_word' id='word_1_335' title='bbox 207 1447 355 1484; x_wconf 82' lang='lat' dir='ltr'><strong>tractavit,</strong></span> <span class='ocrx_word' id='word_1_336' title='bbox 372 1457 425 1487; x_wconf 75' lang='lat' dir='ltr'><strong>ego</strong></span> <span class='ocrx_word' id='word_1_337' title='bbox 436 1456 489 1487; x_wconf 89' lang='lat' dir='ltr'><strong>pro</strong></span> <span class='ocrx_word' id='word_1_338' title='bbox 500 1447 614 1478; x_wconf 89' lang='lat' dir='ltr'><strong>viribus</strong></span> <span class='ocrx_word' id='word_1_339' title='bbox 625 1447 747 1487; x_wconf 83' lang='lat' dir='ltr'><strong>eloquar</strong></span> <span class='ocrx_word' id='word_1_340' title='bbox 758 1447 839 1478; x_wconf 90' lang='lat' dir='ltr'><strong>nulla</strong></span> <span class='ocrx_word' id='word_1_341' title='bbox 850 1446 1036 1486; x_wconf 81' lang='lat' dir='ltr'><strong>interposila,</strong></span> 
     </span>
    </p>
   </div>
   <div class='ocr_carea' id='block_1_50' title="bbox 209 1491 1040 1532">
    <p class='ocr_par' dir='ltr' id='par_1_50' title="bbox 209 1491 1040 1532">
     <span class='ocr_line' id='line_1_50' title="bbox 209 1491 1040 1532; baseline -0.001 -10"><span class='ocrx_word' id='word_1_342' title='bbox 209 1501 302 1523; x_wconf 83' lang='lat' dir='ltr'><strong>mora.</strong></span> <span class='ocrx_word' id='word_1_343' title='bbox 310 1493 426 1523; x_wconf 88' lang='lat' dir='ltr'><strong>Primus</strong></span> <span class='ocrx_word' id='word_1_344' title='bbox 442 1501 565 1532; x_wconf 79' lang='lat' dir='ltr'><strong>magnus</strong></span> <span class='ocrx_word' id='word_1_345' title='bbox 578 1491 705 1523; x_wconf 72' lang='lat' dir='ltr'><strong>Basilius</strong></span> <span class='ocrx_word' id='word_1_346' title='bbox 718 1492 813 1532; x_wconf 92' lang='lat' dir='ltr'><strong>primo</strong></span> <span class='ocrx_word' id='word_1_347' title='bbox 826 1491 967 1522; x_wconf 86' lang='lat' dir='ltr'><strong>adversus</strong></span> <span class='ocrx_word' id='word_1_348' title='bbox 982 1491 1040 1521; x_wconf 88' lang='lat' dir='ltr'><strong>Eu-</strong></span> 
     </span>
    </p>
   </div>
   <div class='ocr_carea' id='block_1_51' title="bbox 1075 863 1323 904">
    <p class='ocr_par' dir='ltr' id='par_1_51' title="bbox 1075 863 1323 904">
     <span class='ocr_line' id='line_1_51' title="bbox 1075 863 1323 904; baseline 0.004 -13"><span class='ocrx_word' id='word_1_349' title='bbox 1075 864 1203 904; x_wconf 68' lang='lat' dir='ltr'><strong>au’cswv,</strong></span> <span class='ocrx_word' id='word_1_350' title='bbox 1240 863 1323 904; x_wconf 74' lang='grc' dir='ltr'>λέγει,</span> 
     </span>
    </p>
   </div>
   <div class='ocr_carea' id='block_1_52' title="bbox 1073 907 1180 941">
    <p class='ocr_par' dir='ltr' id='par_1_52' title="bbox 1073 907 1180 941">
     <span class='ocr_line' id='line_1_52' title="bbox 1073 907 1180 941; baseline -0.009 -5"><span class='ocrx_word' id='word_1_351' title='bbox 1073 907 1180 941; x_wconf 74' lang='grc' dir='ltr'>θέστηκε</span> 
     </span>
    </p>
   </div>
   <div class='ocr_carea' id='block_1_53' title="bbox 1367 863 1894 904">
    <p class='ocr_par' dir='ltr' id='par_1_53' title="bbox 1367 863 1894 904">
     <span class='ocr_line' id='line_1_53' title="bbox 1367 863 1894 904; baseline -0.004 -12"><span class='ocrx_word' id='word_1_352' title='bbox 1367 863 1514 904; x_wconf 78' lang='grc' dir='ltr'>διακριτικὴ</span> <span class='ocrx_word' id='word_1_353' title='bbox 1542 863 1612 896; x_wconf 77' lang='grc' dir='ltr'>τάξις</span> <span class='ocrx_word' id='word_1_354' title='bbox 1643 870 1702 895; x_wconf 76' lang='grc' dir='ltr'>τοῖς</span> <span class='ocrx_word' id='word_1_355' title='bbox 1737 863 1816 896; x_wconf 79' lang='grc' dir='ltr'>αξίοις</span> <span class='ocrx_word' id='word_1_356' title='bbox 1847 874 1894 891; x_wconf 83' lang='grc' dir='ltr'>κα-</span> 
     </span>
    </p>
   </div>
   <div class='ocr_carea' id='block_1_54' title="bbox 1225 907 1895 948">
    <p class='ocr_par' dir='ltr' id='par_1_54' title="bbox 1225 907 1895 948">
     <span class='ocr_line' id='line_1_54' title="bbox 1225 907 1895 948; baseline -0.001 -12"><span class='ocrx_word' id='word_1_357' title='bbox 1225 908 1355 948; x_wconf 85' lang='grc' dir='ltr'>γνώριμος</span> <span class='ocrx_word' id='word_1_358' title='bbox 1374 917 1381 924; x_wconf 85' lang='grc'><strong><em>⁸</em></strong></span> <span class='ocrx_word' id='word_1_359' title='bbox 1424 910 1441 942; x_wconf 82' lang='grc' dir='ltr'>ἡ</span> <span class='ocrx_word' id='word_1_360' title='bbox 1484 907 1511 936; x_wconf 74' lang='grc' dir='ltr'><strong>δὲ</strong></span> <span class='ocrx_word' id='word_1_361' title='bbox 1537 911 1590 937; x_wconf 85' lang='grc' dir='ltr'>τῶν</span> <span class='ocrx_word' id='word_1_362' title='bbox 1618 909 1719 948; x_wconf 72' lang='grc' dir='ltr'>φύσεων</span> <span class='ocrx_word' id='word_1_363' title='bbox 1753 907 1895 947; x_wconf 77' lang='grc' dir='ltr'>ὂιακριτικὴ</span> 
     </span>
    </p>
   </div>
   <div class='ocr_carea' id='block_1_55' title="bbox 1074 952 1896 992">
    <p class='ocr_par' dir='ltr' id='par_1_55' title="bbox 1074 952 1896 992">
     <span class='ocr_line' id='line_1_55' title="bbox 1074 952 1896 992; baseline -0.001 -12"><span class='ocrx_word' id='word_1_364' title='bbox 1074 952 1116 980; x_wconf 80' lang='grc' dir='ltr'><strong>ἐπὶ</strong></span> <span class='ocrx_word' id='word_1_365' title='bbox 1148 953 1197 986; x_wconf 81' lang='grc' dir='ltr'>τῆς</span> <span class='ocrx_word' id='word_1_366' title='bbox 1220 954 1296 992; x_wconf 84' lang='grc' dir='ltr'>ἁγίας</span> <span class='ocrx_word' id='word_1_367' title='bbox 1325 952 1433 992; x_wconf 78' lang='grc' dir='ltr'>Τριάδος</span> <span class='ocrx_word' id='word_1_368' title='bbox 1473 952 1636 986; x_wconf 75' lang='grc' dir='ltr'>ἀπόϐλητος.</span> <span class='ocrx_word' id='word_1_369' title='bbox 1669 954 1722 987; x_wconf 77' lang='grc' dir='ltr'><strong>Τὴν</strong></span> <span class='ocrx_word' id='word_1_370' title='bbox 1744 954 1827 981; x_wconf 72' lang='grc' dir='ltr'>τοίνυν</span> <span class='ocrx_word' id='word_1_371' title='bbox 1848 956 1896 980; x_wconf 71' lang='grc' dir='ltr'>τῶν</span> 
     </span>
    </p>
   </div>
   <div class='ocr_carea' id='block_1_56' title="bbox 1075 996 1897 1037">
    <p class='ocr_par' dir='ltr' id='par_1_56' title="bbox 1075 996 1897 1037">
     <span class='ocr_line' id='line_1_56' title="bbox 1075 996 1897 1037; baseline 0 -13"><span class='ocrx_word' id='word_1_372' title='bbox 1075 997 1177 1037; x_wconf 80' lang='grc' dir='ltr'>φύσεων</span> <span class='ocrx_word' id='word_1_373' title='bbox 1221 996 1383 1037; x_wconf 71' lang='grc' dir='ltr'>διακριτικὴν</span> <span class='ocrx_word' id='word_1_374' title='bbox 1420 997 1490 1030; x_wconf 63' lang='grc' dir='ltr'>τάξιν</span> <span class='ocrx_word' id='word_1_375' title='bbox 1527 997 1570 1025; x_wconf 77' lang='grc' dir='ltr'><strong>ἐπὶ</strong></span> <span class='ocrx_word' id='word_1_376' title='bbox 1611 1000 1660 1030; x_wconf 84' lang='grc' dir='ltr'>τῆς</span> <span class='ocrx_word' id='word_1_377' title='bbox 1703 996 1810 1037; x_wconf 72' lang='grc' dir='ltr'>Τριάδος</span> <span class='ocrx_word' id='word_1_378' title='bbox 1845 1005 1897 1028; x_wconf 70' lang='grc' dir='ltr'>τοῖς</span> 
     </span>
    </p>
   </div>
   <div class='ocr_carea' id='block_1_57' title="bbox 1076 1041 1899 1082">
    <p class='ocr_par' dir='ltr' id='par_1_57' title="bbox 1076 1041 1899 1082">
     <span class='ocr_line' id='line_1_57' title="bbox 1076 1041 1899 1082; baseline -0.001 -13"><span class='ocrx_word' id='word_1_379' title='bbox 1076 1041 1160 1080; x_wconf 77' lang='grc' dir='ltr'>ἁγίοις</span> <span class='ocrx_word' id='word_1_380' title='bbox 1183 1041 1254 1070; x_wconf 69' lang='grc' dir='ltr'>εἶναι</span> <span class='ocrx_word' id='word_1_381' title='bbox 1283 1041 1461 1082; x_wconf 73' lang='grc' dir='ltr'>δίατρανώσας</span> <span class='ocrx_word' id='word_1_382' title='bbox 1485 1041 1648 1079; x_wconf 68' lang='grc' dir='ltr'>ἀπόϐλητον,</span> <span class='ocrx_word' id='word_1_383' title='bbox 1677 1042 1726 1075; x_wconf 79' lang='grc' dir='ltr'>τὴν</span> <span class='ocrx_word' id='word_1_384' title='bbox 1756 1045 1808 1069; x_wconf 86' lang='grc' dir='ltr'>τῶν</span> <span class='ocrx_word' id='word_1_385' title='bbox 1829 1042 1899 1069; x_wconf 75' lang='grc' dir='ltr'>θείων</span> 
     </span>
    </p>
   </div>
   <div class='ocr_carea' id='block_1_58' title="bbox 1077 1085 1898 1126">
    <p class='ocr_par' dir='ltr' id='par_1_58' title="bbox 1077 1085 1898 1126">
     <span class='ocr_line' id='line_1_58' title="bbox 1077 1085 1898 1126; baseline 0.001 -13"><span class='ocrx_word' id='word_1_386' title='bbox 1077 1085 1245 1115; x_wconf 69' lang='grc' dir='ltr'>ὒποστέσεων</span> <span class='ocrx_word' id='word_1_387' title='bbox 1287 1086 1452 1126; x_wconf 79' lang='grc' dir='ltr'>διακριτικήν</span> <span class='ocrx_word' id='word_1_388' title='bbox 1493 1086 1682 1120; x_wconf 77' lang='grc' dir='ltr'>καθεστηκέναι</span> <span class='ocrx_word' id='word_1_389' title='bbox 1725 1087 1828 1118; x_wconf 75' lang='grc' dir='ltr'>τούτοις</span> <span class='ocrx_word' id='word_1_390' title='bbox 1854 1088 1898 1114; x_wconf 73' lang='grc' dir='ltr'><strong>αὖ·</strong></span> 
     </span>
    </p>
   </div>
   <div class='ocr_carea' id='block_1_59' title="bbox 1077 1132 1900 1172">
    <p class='ocr_par' dir='ltr' id='par_1_59' title="bbox 1077 1132 1900 1172">
     <span class='ocr_line' id='line_1_59' title="bbox 1077 1132 1900 1172; baseline 0.001 -13"><span class='ocrx_word' id='word_1_391' title='bbox 1077 1138 1136 1163; x_wconf 72' lang='grc' dir='ltr'>τοῖς</span> <span class='ocrx_word' id='word_1_392' title='bbox 1166 1132 1338 1172; x_wconf 72' lang='grc' dir='ltr'>ἀποφαίνεται</span> <span class='ocrx_word' id='word_1_393' title='bbox 1367 1132 1511 1172; x_wconf 84' lang='grc' dir='ltr'>γνώριμον.</span> <span class='ocrx_word' id='word_1_394' title='bbox 1544 1133 1595 1164; x_wconf 79' lang='grc' dir='ltr'>Οἷς</span> <span class='ocrx_word' id='word_1_395' title='bbox 1624 1133 1730 1164; x_wconf 76' lang='grc' dir='ltr'>πάντως</span> <span class='ocrx_word' id='word_1_396' title='bbox 1760 1132 1806 1160; x_wconf 74' lang='grc' dir='ltr'><strong>ἅτε</strong></span> <span class='ocrx_word' id='word_1_397' title='bbox 1820 1143 1900 1160; x_wconf 77' lang='grc' dir='ltr'>κεκι-</span> 
     </span>
    </p>
   </div>
   <div class='ocr_carea' id='block_1_60' title="bbox 1077 1176 1901 1217">
    <p class='ocr_par' dir='ltr' id='par_1_60' title="bbox 1077 1176 1901 1217">
     <span class='ocr_line' id='line_1_60' title="bbox 1077 1176 1901 1217; baseline 0.001 -13"><span class='ocrx_word' id='word_1_398' title='bbox 1077 1176 1215 1216; x_wconf 79' lang='grc' dir='ltr'>θαρμένοις</span> <span class='ocrx_word' id='word_1_399' title='bbox 1245 1178 1277 1205; x_wconf 76' lang='grc' dir='ltr'>τὰ</span> <span class='ocrx_word' id='word_1_400' title='bbox 1305 1178 1364 1217; x_wconf 79' lang='grc' dir='ltr'>περί</span> <span class='ocrx_word' id='word_1_401' title='bbox 1385 1177 1483 1210; x_wconf 87' lang='grc' dir='ltr'>ταύτης</span> <span class='ocrx_word' id='word_1_402' title='bbox 1509 1178 1527 1211; x_wconf 84' lang='grc' dir='ltr'>ἡ</span> <span class='ocrx_word' id='word_1_403' title='bbox 1549 1178 1627 1217; x_wconf 80' lang='grc' dir='ltr'>Τριὰς</span> <span class='ocrx_word' id='word_1_404' title='bbox 1656 1176 1810 1214; x_wconf 72' lang='grc' dir='ltr'>ἀπεκάλυψε</span> <span class='ocrx_word' id='word_1_405' title='bbox 1839 1178 1901 1205; x_wconf 73' lang='grc' dir='ltr'>κατὰ</span> 
     </span>
    </p>
   </div>
   <div class='ocr_carea' id='block_1_61' title="bbox 1079 1221 1902 1262">
    <p class='ocr_par' dir='ltr' id='par_1_61' title="bbox 1079 1221 1902 1262">
     <span class='ocr_line' id='line_1_61' title="bbox 1079 1221 1902 1262; baseline 0.002 -14"><span class='ocrx_word' id='word_1_406' title='bbox 1079 1222 1124 1250; x_wconf 85' lang='grc' dir='ltr'><strong>τὸν</strong></span> <span class='ocrx_word' id='word_1_407' title='bbox 1147 1221 1229 1249; x_wconf 79' lang='grc' dir='ltr'>πολὺν</span> <span class='ocrx_word' id='word_1_408' title='bbox 1251 1222 1278 1249; x_wconf 78' lang='grc' dir='ltr'>ἐν</span> <span class='ocrx_word' id='word_1_409' title='bbox 1302 1221 1422 1261; x_wconf 79' lang='grc' dir='ltr'>θεολογίᾳ</span> <span class='ocrx_word' id='word_1_410' title='bbox 1452 1222 1607 1261; x_wconf 79' lang='grc' dir='ltr'>Γρηγόριον,</span> <span class='ocrx_word' id='word_1_411' title='bbox 1638 1221 1667 1254; x_wconf 77' lang='grc' dir='ltr'>ὅς</span> <span class='ocrx_word' id='word_1_412' title='bbox 1695 1222 1722 1249; x_wconf 79' lang='grc' dir='ltr'>ἐν</span> <span class='ocrx_word' id='word_1_413' title='bbox 1740 1226 1780 1259; x_wconf 82' lang='grc' dir='ltr'>τῷ</span> <span class='ocrx_word' id='word_1_414' title='bbox 1796 1221 1902 1262; x_wconf 70' lang='grc' dir='ltr'>δευτέρτρ</span> 
     </span>
    </p>
   </div>
   <div class='ocr_carea' id='block_1_62' title="bbox 1078 1265 1902 1306">
    <p class='ocr_par' dir='ltr' id='par_1_62' title="bbox 1078 1265 1902 1306">
     <span class='ocr_line' id='line_1_62' title="bbox 1078 1265 1902 1306; baseline 0.001 -12"><span class='ocrx_word' id='word_1_415' title='bbox 1078 1265 1130 1294; x_wconf 76' lang='grc' dir='ltr'><strong>τῶν</strong></span> <span class='ocrx_word' id='word_1_416' title='bbox 1159 1267 1310 1306; x_wconf 75' lang='grc' dir='ltr'>εἰρηνικῶν,</span> <span class='ocrx_word' id='word_1_417' title='bbox 1348 1266 1423 1296; x_wconf 61' lang='grc' dir='ltr'>Οὕτω</span> <span class='ocrx_word' id='word_1_418' title='bbox 1448 1270 1605 1306; x_wconf 72' lang='grc' dir='ltr'>φρονοῦμεν,</span> <span class='ocrx_word' id='word_1_419' title='bbox 1633 1267 1708 1306; x_wconf 71' lang='grc' dir='ltr'>φησὶ,</span> <span class='ocrx_word' id='word_1_420' title='bbox 1744 1268 1789 1295; x_wconf 85' lang='grc' dir='ltr'><strong>καὶ</strong></span> <span class='ocrx_word' id='word_1_421' title='bbox 1824 1267 1902 1299; x_wconf 76' lang='grc' dir='ltr'>οὕτως</span> 
     </span>
    </p>
   </div>
   <div class='ocr_carea' id='block_1_63' title="bbox 1079 1310 1904 1351">
    <p class='ocr_par' dir='ltr' id='par_1_63' title="bbox 1079 1310 1904 1351">
     <span class='ocr_line' id='line_1_63' title="bbox 1079 1310 1904 1351; baseline 0.002 -13"><span class='ocrx_word' id='word_1_422' title='bbox 1079 1310 1191 1350; x_wconf 71' lang='grc' dir='ltr'>ἔχομεν,</span> <span class='ocrx_word' id='word_1_423' title='bbox 1230 1310 1300 1339; x_wconf 71' lang='grc' dir='ltr'>ὥστε</span> <span class='ocrx_word' id='word_1_424' title='bbox 1329 1310 1402 1343; x_wconf 80' lang='grc' dir='ltr'>ὅπως</span> <span class='ocrx_word' id='word_1_425' title='bbox 1439 1312 1487 1349; x_wconf 78' lang='grc' dir='ltr'>μὲν</span> <span class='ocrx_word' id='word_1_426' title='bbox 1517 1310 1575 1350; x_wconf 73' lang='grc' dir='ltr'>ἔχει</span> <span class='ocrx_word' id='word_1_427' title='bbox 1608 1313 1673 1351; x_wconf 83' lang='grc' dir='ltr'>πρὸς</span> <span class='ocrx_word' id='word_1_428' title='bbox 1700 1310 1806 1344; x_wconf 79' lang='grc' dir='ltr'>ἄλληλα</span> <span class='ocrx_word' id='word_1_429' title='bbox 1829 1313 1904 1340; x_wconf 72' lang='grc' dir='ltr'>ταῦτα</span> 
     </span>
    </p>
   </div>
   <div class='ocr_carea' id='block_1_64' title="bbox 1081 1354 1904 1395">
    <p class='ocr_par' dir='ltr' id='par_1_64' title="bbox 1081 1354 1904 1395">
     <span class='ocr_line' id='line_1_64' title="bbox 1081 1354 1904 1395; baseline 0.001 -13"><span class='ocrx_word' id='word_1_430' title='bbox 1081 1354 1203 1395; x_wconf 80' lang='grc' dir='ltr'>σχέσεώς</span> <span class='ocrx_word' id='word_1_431' title='bbox 1239 1366 1267 1383; x_wconf 88' lang='grc' dir='ltr'><strong>τε</strong></span> <span class='ocrx_word' id='word_1_432' title='bbox 1297 1356 1342 1384; x_wconf 85' lang='grc' dir='ltr'><strong>καὶ</strong></span> <span class='ocrx_word' id='word_1_433' title='bbox 1383 1355 1492 1392; x_wconf 74' lang='grc' dir='ltr'>τάξεως,</span> <span class='ocrx_word' id='word_1_434' title='bbox 1538 1354 1604 1390; x_wconf 75' lang='grc' dir='ltr'><strong>αύτῆ</strong></span> <span class='ocrx_word' id='word_1_435' title='bbox 1640 1356 1709 1394; x_wconf 79' lang='grc' dir='ltr'>μόνῃ</span> <span class='ocrx_word' id='word_1_436' title='bbox 1746 1359 1781 1394; x_wconf 82' lang='grc' dir='ltr'><strong>τῇ</strong></span> <span class='ocrx_word' id='word_1_437' title='bbox 1821 1355 1904 1395; x_wconf 74' lang='grc' dir='ltr'>Τριάὲι</span> 
     </span>
    </p>
   </div>
   <div class='ocr_carea' id='block_1_65' title="bbox 1081 1399 1903 1440">
    <p class='ocr_par' dir='ltr' id='par_1_65' title="bbox 1081 1399 1903 1440">
     <span class='ocr_line' id='line_1_65' title="bbox 1081 1399 1903 1440; baseline 0.004 -13"><span class='ocrx_word' id='word_1_438' title='bbox 1081 1406 1234 1439; x_wconf 78' lang='grc' dir='ltr'>συγχωρεῖν</span> <span class='ocrx_word' id='word_1_439' title='bbox 1271 1399 1376 1439; x_wconf 72' lang='grc' dir='ltr'>εἰδέναι,</span> <span class='ocrx_word' id='word_1_440' title='bbox 1425 1401 1469 1428; x_wconf 88' lang='grc' dir='ltr'><strong>καὶ</strong></span> <span class='ocrx_word' id='word_1_441' title='bbox 1504 1400 1549 1432; x_wconf 77' lang='grc' dir='ltr'>οἷς</span> <span class='ocrx_word' id='word_1_442' title='bbox 1584 1400 1615 1428; x_wconf 75' lang='grc' dir='ltr'><strong>ἂν</strong></span> <span class='ocrx_word' id='word_1_443' title='bbox 1650 1401 1667 1435; x_wconf 80' lang='grc' dir='ltr'>ἡ</span> <span class='ocrx_word' id='word_1_444' title='bbox 1694 1401 1773 1440; x_wconf 75' lang='grc' dir='ltr'>Τριὰς</span> <span class='ocrx_word' id='word_1_445' title='bbox 1802 1401 1903 1430; x_wconf 74' lang='grc' dir='ltr'>ἀποκα-</span> 
     </span>
    </p>
   </div>
   <div class='ocr_carea' id='block_1_66' title="bbox 1081 1443 1905 1485">
    <p class='ocr_par' dir='ltr' id='par_1_66' title="bbox 1081 1443 1905 1485">
     <span class='ocr_line' id='line_1_66' title="bbox 1081 1443 1905 1485; baseline 0.001 -13"><span class='ocrx_word' id='word_1_446' title='bbox 1081 1443 1152 1483; x_wconf 80' lang='grc' dir='ltr'>λύψῃ</span> <span class='ocrx_word' id='word_1_447' title='bbox 1196 1445 1401 1485; x_wconf 83' lang='grc' dir='ltr'>κεκαθαρμένοις</span> <span class='ocrx_word' id='word_1_448' title='bbox 1443 1445 1461 1479; x_wconf 71' lang='grc' dir='ltr'>ἢ</span> <span class='ocrx_word' id='word_1_449' title='bbox 1494 1445 1538 1474; x_wconf 84' lang='grc' dir='ltr'>νῦν</span> <span class='ocrx_word' id='word_1_450' title='bbox 1572 1445 1590 1479; x_wconf 77' lang='grc' dir='ltr'>ἣ</span> <span class='ocrx_word' id='word_1_451' title='bbox 1626 1444 1745 1485; x_wconf 69' lang='grc' dir='ltr'>ὕστερον,</span> <span class='ocrx_word' id='word_1_452' title='bbox 1776 1448 1855 1474; x_wconf 71' lang='grc' dir='ltr'>Ποτοι</span> <span class='ocrx_word' id='word_1_453' title='bbox 1882 1445 1905 1473; x_wconf 72' lang='grc' dir='ltr'>δὲ</span> 
     </span>
    </p>
   </div>
   <div class='ocr_carea' id='block_1_67' title="bbox 1080 1489 1907 1530">
    <p class='ocr_par' dir='ltr' id='par_1_67' title="bbox 1080 1489 1907 1530">
     <span class='ocr_line' id='line_1_67' title="bbox 1080 1489 1907 1530; baseline -0.001 -13"><span class='ocrx_word' id='word_1_454' title='bbox 1080 1500 1149 1521; x_wconf 81' lang='grc' dir='ltr'>τινες</span> <span class='ocrx_word' id='word_1_455' title='bbox 1181 1489 1262 1527; x_wconf 71' lang='grc' dir='ltr'>οὗτοι,</span> <span class='ocrx_word' id='word_1_456' title='bbox 1293 1491 1319 1517; x_wconf 88' lang='grc' dir='ltr'><strong>τί</strong></span> <span class='ocrx_word' id='word_1_457' title='bbox 1347 1501 1375 1517; x_wconf 84' lang='grc' dir='ltr'><strong>νε</strong></span> <span class='ocrx_word' id='word_1_458' title='bbox 1404 1490 1448 1518; x_wconf 84' lang='grc' dir='ltr'><strong>καὶ</strong></span> <span class='ocrx_word' id='word_1_459' title='bbox 1475 1493 1526 1518; x_wconf 88' lang='grc' dir='ltr'>ποῦ</span> <span class='ocrx_word' id='word_1_460' title='bbox 1555 1490 1614 1530; x_wconf 84' lang='grc' dir='ltr'>περὶ</span> <span class='ocrx_word' id='word_1_461' title='bbox 1651 1491 1749 1523; x_wconf 78' lang='grc' dir='ltr'>ταύτης</span> <span class='ocrx_word' id='word_1_462' title='bbox 1785 1489 1907 1519; x_wconf 75' lang='grc' dir='ltr'>διέλαϐον</span> 
     </span>
    </p>
   </div>
   <div class='ocr_carea' id='block_1_68' title="bbox 207 1533 980 1576">
    <p class='ocr_par' dir='ltr' id='par_1_68' title="bbox 207 1535 980 1576">
     <span class='ocr_line' id='line_1_68' title="bbox 207 1535 980 1576; baseline 0 -10"><span class='ocrx_word' id='word_1_463' title='bbox 207 1536 343 1566; x_wconf 92' lang='lat' dir='ltr'><strong>nomium</strong></span> <span class='ocrx_word' id='word_1_464' title='bbox 351 1536 546 1567; x_wconf 80' lang='lat' dir='ltr'><strong>antirrlietico</strong></span> <span class='ocrx_word' id='word_1_465' title='bbox 558 1536 644 1576; x_wconf 75' lang='lat' dir='ltr'><strong>longo</strong></span> <span class='ocrx_word' id='word_1_466' title='bbox 651 1545 789 1567; x_wconf 85' lang='lat' dir='ltr'><strong>sermone</strong></span> <span class='ocrx_word' id='word_1_467' title='bbox 800 1535 836 1566; x_wconf 83' lang='lat' dir='ltr'><strong>de</strong></span> <span class='ocrx_word' id='word_1_468' title='bbox 846 1536 952 1567; x_wconf 84' lang='lat' dir='ltr'><strong>ordine</strong></span> <span class='ocrx_word' id='word_1_469' title='bbox 959 1546 980 1566; x_wconf 77' lang='lat' dir='ltr'><strong>u:</strong></span> 
     </span>
    </p>
   </div>
   <div class='ocr_carea' id='block_1_69' title="bbox 1133 1533 1906 1576">
    <p class='ocr_par' dir='ltr' id='par_1_69' title="bbox 1133 1533 1906 1574">
     <span class='ocr_line' id='line_1_69' title="bbox 1133 1533 1906 1574; baseline 0.003 -13"><span class='ocrx_word' id='word_1_470' title='bbox 1133 1544 1205 1570; x_wconf 87' lang='grc' dir='ltr'>στος,</span> <span class='ocrx_word' id='word_1_471' title='bbox 1235 1533 1290 1573; x_wconf 80' lang='grc' dir='ltr'><strong>ἐγὼ</strong></span> <span class='ocrx_word' id='word_1_472' title='bbox 1310 1535 1379 1562; x_wconf 83' lang='grc' dir='ltr'>κατὰ</span> <span class='ocrx_word' id='word_1_473' title='bbox 1398 1534 1486 1566; x_wconf 76' lang='grc' dir='ltr'>σθένος</span> <span class='ocrx_word' id='word_1_474' title='bbox 1518 1534 1582 1574; x_wconf 81' lang='grc' dir='ltr'><strong>ἐρῶ,</strong></span> <span class='ocrx_word' id='word_1_475' title='bbox 1612 1533 1693 1572; x_wconf 77' lang='grc' dir='ltr'>μηδὲν</span> <span class='ocrx_word' id='word_1_476' title='bbox 1721 1535 1906 1574; x_wconf 76' lang='grc' dir='ltr'>ὑπερθέμενος.</span> 
     </span>
    </p>
   </div>
   <div class='ocr_carea' id='block_1_70' title="bbox 209 1580 1043 1620">
    <p class='ocr_par' dir='ltr' id='par_1_70' title="bbox 209 1580 1043 1620">
     <span class='ocr_line' id='line_1_70' title="bbox 209 1580 1043 1620; baseline -0.001 -9"><span class='ocrx_word' id='word_1_477' title='bbox 209 1581 271 1611; x_wconf 63' lang='lat' dir='ltr'><strong>haec</strong></span> <span class='ocrx_word' id='word_1_478' title='bbox 281 1580 441 1620; x_wconf 87' lang='lat' dir='ltr'><strong>ipsissimis</strong></span> <span class='ocrx_word' id='word_1_479' title='bbox 450 1580 544 1611; x_wconf 86' lang='lat' dir='ltr'><strong>verbis</strong></span> <span class='ocrx_word' id='word_1_480' title='bbox 555 1580 751 1620; x_wconf 85' lang='lat' dir='ltr'><strong>exponit:Sed</strong></span> <span class='ocrx_word' id='word_1_481' title='bbox 757 1580 829 1612; x_wconf 85' lang='lat' dir='ltr'><strong>ordo</strong></span> <span class='ocrx_word' id='word_1_482' title='bbox 838 1580 915 1611; x_wconf 82' lang='lat' dir='ltr'><strong>alter</strong></span> <span class='ocrx_word' id='word_1_483' title='bbox 922 1583 1043 1611; x_wconf 86' lang='lat' dir='ltr'><strong>natura-</strong></span> 
     </span>
    </p>
   </div>
   <div class='ocr_carea' id='block_1_71' title="bbox 209 1624 1042 1664">
    <p class='ocr_par' dir='ltr' id='par_1_71' title="bbox 209 1624 1042 1664">
     <span class='ocr_line' id='line_1_71' title="bbox 209 1624 1042 1664; baseline 0.002 -10"><span class='ocrx_word' id='word_1_484' title='bbox 209 1624 247 1655; x_wconf 93' lang='lat' dir='ltr'><strong>lis</strong></span> <span class='ocrx_word' id='word_1_485' title='bbox 261 1625 391 1658; x_wconf 83' lang='lat' dir='ltr'><strong>est.alte1</strong></span> <span class='ocrx_word' id='word_1_486' title='bbox 403 1625 758 1664; x_wconf 67' lang='lat' dir='ltr'><strong>artiﬁciosusJValuralis</strong></span> <span class='ocrx_word' id='word_1_487' title='bbox 766 1626 818 1664; x_wconf 87' lang='lat' dir='ltr'><strong>qui</strong></span> <span class='ocrx_word' id='word_1_488' title='bbox 831 1628 1042 1656; x_wconf 84' lang='lat' dir='ltr'><strong>creaturarum</strong></span> 
     </span>
    </p>
   </div>
   <div class='ocr_carea' id='block_1_72' title="bbox 206 1670 1041 1710">
    <p class='ocr_par' dir='ltr' id='par_1_72' title="bbox 206 1670 1041 1710">
     <span class='ocr_line' id='line_1_72' title="bbox 206 1670 1041 1710; baseline 0 -10"><span class='ocrx_word' id='word_1_489' title='bbox 206 1670 297 1708; x_wconf 70' lang='lat' dir='ltr'><strong>iuxta</strong></span> <span class='ocrx_word' id='word_1_490' title='bbox 311 1670 434 1700; x_wconf 78' lang='lat' dir='ltr'><strong>creandi</strong></span> <span class='ocrx_word' id='word_1_491' title='bbox 444 1670 578 1700; x_wconf 83' lang='lat' dir='ltr'><strong>rationes</strong></span> <span class='ocrx_word' id='word_1_492' title='bbox 589 1670 751 1708; x_wconf 67' lang='lat' dir='ltr'><strong>dispositus</strong></span> <span class='ocrx_word' id='word_1_493' title='bbox 765 1673 850 1710; x_wconf 87' lang='lat' dir='ltr'><strong>est,et</strong></span> <span class='ocrx_word' id='word_1_494' title='bbox 863 1670 973 1709; x_wconf 84' lang='lat' dir='ltr'><strong>positio</strong></span> <span class='ocrx_word' id='word_1_495' title='bbox 982 1679 1041 1700; x_wconf 88' lang='lat' dir='ltr'><strong>nu-</strong></span> 
     </span>
    </p>
   </div>
   <div class='ocr_carea' id='block_1_73' title="bbox 210 1714 1041 1754">
    <p class='ocr_par' dir='ltr' id='par_1_73' title="bbox 210 1714 1041 1754">
     <span class='ocr_line' id='line_1_73' title="bbox 210 1714 1041 1754; baseline 0 -10"><span class='ocrx_word' id='word_1_496' title='bbox 210 1714 290 1744; x_wconf 88' lang='lat' dir='ltr'><strong>meri</strong></span> <span class='ocrx_word' id='word_1_497' title='bbox 305 1717 334 1744; x_wconf 90' lang='lat' dir='ltr'><strong>et</strong></span> <span class='ocrx_word' id='word_1_498' title='bbox 348 1722 510 1745; x_wconf 86' lang='lat' dir='ltr'><strong>causarum</strong></span> <span class='ocrx_word' id='word_1_499' title='bbox 526 1714 566 1745; x_wconf 90' lang='lat' dir='ltr'><strong>ad</strong></span> <span class='ocrx_word' id='word_1_500' title='bbox 579 1714 702 1754; x_wconf 75' lang='lat' dir='ltr'><strong>effectus</strong></span> <span class='ocrx_word' id='word_1_501' title='bbox 716 1714 837 1754; x_wconf 80' lang='lat' dir='ltr'><strong>relatio,</strong></span> <span class='ocrx_word' id='word_1_502' title='bbox 853 1717 923 1745; x_wconf 85' lang='lat' dir='ltr'><strong>ante</strong></span> <span class='ocrx_word' id='word_1_503' title='bbox 939 1715 1041 1745; x_wconf 84' lang='lat' dir='ltr'><strong>omnia</strong></span> 
     </span>
    </p>
   </div>
   <div class='ocr_carea' id='block_1_74' title="bbox 209 1757 1040 1799">
    <p class='ocr_par' dir='ltr' id='par_1_74' title="bbox 209 1757 1040 1799">
     <span class='ocr_line' id='line_1_74' title="bbox 209 1757 1040 1799; baseline 0.001 -11"><span class='ocrx_word' id='word_1_504' title='bbox 209 1766 278 1788; x_wconf 84' lang='lat' dir='ltr'><strong>cum</strong></span> <span class='ocrx_word' id='word_1_505' title='bbox 294 1757 372 1788; x_wconf 85' lang='lat' dir='ltr'><strong>illud</strong></span> <span class='ocrx_word' id='word_1_506' title='bbox 395 1759 430 1789; x_wconf 82' lang='lat' dir='ltr'><strong>in</strong></span> <span class='ocrx_word' id='word_1_507' title='bbox 445 1758 608 1798; x_wconf 83' lang='lat' dir='ltr'><strong>confesssis</strong></span> <span class='ocrx_word' id='word_1_508' title='bbox 625 1760 677 1796; x_wconf 81' lang='lat' dir='ltr'><strong>sit,</strong></span> <span class='ocrx_word' id='word_1_509' title='bbox 694 1759 792 1799; x_wconf 79' lang='lat' dir='ltr'><strong>ipsius</strong></span> <span class='ocrx_word' id='word_1_510' title='bbox 805 1763 926 1789; x_wconf 64' lang='lat' dir='ltr'><strong>natura!</strong></span> <span class='ocrx_word' id='word_1_511' title='bbox 944 1758 1040 1789; x_wconf 88' lang='lat' dir='ltr'><strong>Deum</strong></span> 
     </span>
    </p>
   </div>
   <div class='ocr_carea' id='block_1_75' title="bbox 210 1803 1041 1844">
    <p class='ocr_par' dir='ltr' id='par_1_75' title="bbox 210 1803 1041 1844">
     <span class='ocr_line' id='line_1_75' title="bbox 210 1803 1041 1844; baseline 0.001 -12"><span class='ocrx_word' id='word_1_512' title='bbox 210 1805 239 1833; x_wconf 83' lang='lat' dir='ltr'><strong>et</strong></span> <span class='ocrx_word' id='word_1_513' title='bbox 254 1805 421 1833; x_wconf 85' lang='lat' dir='ltr'><strong>creatorem</strong></span> <span class='ocrx_word' id='word_1_514' title='bbox 436 1806 464 1834; x_wconf 86' lang='lat' dir='ltr'><strong>et</strong></span> <span class='ocrx_word' id='word_1_515' title='bbox 477 1803 615 1844; x_wconf 82' lang='lat' dir='ltr'><strong>opiﬁcem</strong></span> <span class='ocrx_word' id='word_1_516' title='bbox 630 1813 704 1835; x_wconf 87' lang='lat' dir='ltr'><strong>esse.</strong></span> <span class='ocrx_word' id='word_1_517' title='bbox 722 1804 908 1843; x_wconf 79' lang='lat' dir='ltr'><strong>Artiﬁciosus</strong></span> <span class='ocrx_word' id='word_1_518' title='bbox 921 1812 1002 1843; x_wconf 85' lang='lat' dir='ltr'><strong>vero,</strong></span> <span class='ocrx_word' id='word_1_519' title='bbox 1014 1806 1041 1834; x_wconf 89' lang='lat' dir='ltr'><strong>et</strong></span> 
     </span>
    </p>
   </div>
   <div class='ocr_carea' id='block_1_76' title="bbox 209 1846 1044 1888">
    <p class='ocr_par' dir='ltr' id='par_1_76' title="bbox 209 1846 1044 1888">
     <span class='ocr_line' id='line_1_76' title="bbox 209 1846 1044 1888; baseline 0.001 -11"><span class='ocrx_word' id='word_1_520' title='bbox 209 1847 363 1878; x_wconf 80' lang='lat' dir='ltr'><strong>industria</strong></span> <span class='ocrx_word' id='word_1_521' title='bbox 379 1846 534 1878; x_wconf 80' lang='lat' dir='ltr'><strong>hominum</strong></span> <span class='ocrx_word' id='word_1_522' title='bbox 545 1849 746 1888; x_wconf 75' lang='lat' dir='ltr'><strong>excogitatas,</strong></span> <span class='ocrx_word' id='word_1_523' title='bbox 761 1849 813 1887; x_wconf 87' lang='lat' dir='ltr'><strong>qui</strong></span> <span class='ocrx_word' id='word_1_524' title='bbox 826 1851 859 1878; x_wconf 81' lang='lat' dir='ltr'><strong>in</strong></span> <span class='ocrx_word' id='word_1_525' title='bbox 879 1848 1044 1879; x_wconf 80' lang='lat' dir='ltr'><strong>structuris</strong></span> 
     </span>
    </p>
   </div>
   <div class='ocr_carea' id='block_1_77' title="bbox 210 1891 1042 1933">
    <p class='ocr_par' dir='ltr' id='par_1_77' title="bbox 210 1891 1042 1933">
     <span class='ocr_line' id='line_1_77' title="bbox 210 1891 1042 1933; baseline 0.001 -11"><span class='ocrx_word' id='word_1_526' title='bbox 210 1895 239 1922; x_wconf 84' lang='lat' dir='ltr'><strong>et</strong></span> <span class='ocrx_word' id='word_1_527' title='bbox 254 1891 439 1931; x_wconf 83' lang='lat' dir='ltr'><strong>disciplinis,</strong></span> <span class='ocrx_word' id='word_1_528' title='bbox 456 1895 485 1923; x_wconf 89' lang='lat' dir='ltr'><strong>et</strong></span> <span class='ocrx_word' id='word_1_529' title='bbox 497 1892 705 1933; x_wconf 78' lang='lat' dir='ltr'><strong>dignitatibus,</strong></span> <span class='ocrx_word' id='word_1_530' title='bbox 716 1897 743 1924; x_wconf 88' lang='lat' dir='ltr'><strong>et</strong></span> <span class='ocrx_word' id='word_1_531' title='bbox 754 1901 890 1930; x_wconf 88' lang='lat' dir='ltr'><strong>numero,</strong></span> <span class='ocrx_word' id='word_1_532' title='bbox 908 1897 938 1923; x_wconf 91' lang='lat' dir='ltr'><strong>et</strong></span> <span class='ocrx_word' id='word_1_533' title='bbox 952 1893 1042 1923; x_wconf 88' lang='lat' dir='ltr'><strong>simi-</strong></span> 
     </span>
    </p>
   </div>
   <div class='ocr_carea' id='block_1_78' title="bbox 211 1934 1042 1977">
    <p class='ocr_par' dir='ltr' id='par_1_78' title="bbox 211 1934 1042 1977">
     <span class='ocr_line' id='line_1_78' title="bbox 211 1934 1042 1977; baseline 0.002 -11"><span class='ocrx_word' id='word_1_534' title='bbox 211 1934 425 1967; x_wconf 85' lang='lat' dir='ltr'><strong>libus.Horum</strong></span> <span class='ocrx_word' id='word_1_535' title='bbox 436 1937 572 1976; x_wconf 86' lang='lat' dir='ltr'><strong>primum</strong></span> <span class='ocrx_word' id='word_1_536' title='bbox 587 1937 739 1968; x_wconf 82' lang='lat' dir='ltr'><strong>occultans</strong></span> <span class='ocrx_word' id='word_1_537' title='bbox 748 1937 1042 1977; x_wconf 78' lang='lat' dir='ltr'><strong>Eunomius,seoun-</strong></span> 
     </span>
    </p>
   </div>
   <div class='ocr_carea' id='block_1_79' title="bbox 211 1981 1042 2021">
    <p class='ocr_par' dir='ltr' id='par_1_79' title="bbox 211 1981 1042 2021">
     <span class='ocr_line' id='line_1_79' title="bbox 211 1981 1042 2021; baseline -0.001 -9"><span class='ocrx_word' id='word_1_538' title='bbox 211 1981 256 2012; x_wconf 75' lang='lat' dir='ltr'><strong>da:</strong></span> <span class='ocrx_word' id='word_1_539' title='bbox 271 1982 383 2021; x_wconf 81' lang='lat' dir='ltr'><strong>speciei</strong></span> <span class='ocrx_word' id='word_1_540' title='bbox 394 1981 513 2012; x_wconf 82' lang='lat' dir='ltr'><strong>ordinis</strong></span> <span class='ocrx_word' id='word_1_541' title='bbox 523 1985 704 2013; x_wconf 78' lang='lat' dir='ltr'><strong>mentionem</strong></span> <span class='ocrx_word' id='word_1_542' title='bbox 716 1982 796 2021; x_wconf 78' lang='lat' dir='ltr'><strong>fecit,</strong></span> <span class='ocrx_word' id='word_1_543' title='bbox 809 1983 910 2021; x_wconf 81' lang='lat' dir='ltr'><strong>aitque</strong></span> <span class='ocrx_word' id='word_1_544' title='bbox 924 1990 984 2012; x_wconf 84' lang='lat' dir='ltr'><strong>non</strong></span> <span class='ocrx_word' id='word_1_545' title='bbox 993 1990 1042 2011; x_wconf 81' lang='lat' dir='ltr'><strong>es-</strong></span> 
     </span>
    </p>
   </div>
   <div class='ocr_carea' id='block_1_80' title="bbox 211 2026 1042 2065">
    <p class='ocr_par' dir='ltr' id='par_1_80' title="bbox 211 2026 1042 2065">
     <span class='ocr_line' id='line_1_80' title="bbox 211 2026 1042 2065; baseline 0.001 -9"><span class='ocrx_word' id='word_1_546' title='bbox 211 2034 244 2056; x_wconf 88' lang='lat' dir='ltr'><strong>se</strong></span> <span class='ocrx_word' id='word_1_547' title='bbox 259 2034 334 2065; x_wconf 87' lang='lat' dir='ltr'><strong>opus</strong></span> <span class='ocrx_word' id='word_1_548' title='bbox 349 2034 480 2056; x_wconf 86' lang='lat' dir='ltr'><strong>asserere</strong></span> <span class='ocrx_word' id='word_1_549' title='bbox 495 2026 631 2057; x_wconf 83' lang='lat' dir='ltr'><strong>ordinem</strong></span> <span class='ocrx_word' id='word_1_550' title='bbox 647 2028 681 2058; x_wconf 80' lang='lat' dir='ltr'><strong>in</strong></span> <span class='ocrx_word' id='word_1_551' title='bbox 696 2027 766 2063; x_wconf 88' lang='lat' dir='ltr'><strong>Deo,</strong></span> <span class='ocrx_word' id='word_1_552' title='bbox 781 2035 850 2057; x_wconf 87' lang='lat' dir='ltr'><strong>cum</strong></span> <span class='ocrx_word' id='word_1_553' title='bbox 862 2026 937 2056; x_wconf 85' lang='lat' dir='ltr'><strong>ordo</strong></span> <span class='ocrx_word' id='word_1_554' title='bbox 953 2026 1042 2057; x_wconf 86' lang='lat' dir='ltr'><strong>ordi-</strong></span> 
     </span>
    </p>
   </div>
   <div class='ocr_carea' id='block_1_81' title="bbox 211 2070 1043 2110">
    <p class='ocr_par' dir='ltr' id='par_1_81' title="bbox 211 2070 1043 2110">
     <span class='ocr_line' id='line_1_81' title="bbox 211 2070 1043 2110; baseline 0 -9"><span class='ocrx_word' id='word_1_555' title='bbox 211 2074 309 2101; x_wconf 85' lang='lat' dir='ltr'><strong>nante</strong></span> <span class='ocrx_word' id='word_1_556' title='bbox 321 2071 468 2110; x_wconf 83' lang='lat' dir='ltr'><strong>posterior</strong></span> <span class='ocrx_word' id='word_1_557' title='bbox 482 2072 532 2102; x_wconf 86' lang='lat' dir='ltr'><strong>sit.</strong></span> <span class='ocrx_word' id='word_1_558' title='bbox 549 2070 631 2102; x_wconf 82' lang='lat' dir='ltr'><strong>Illud</strong></span> <span class='ocrx_word' id='word_1_559' title='bbox 643 2076 739 2102; x_wconf 76' lang='lat' dir='ltr'><strong>autem</strong></span> <span class='ocrx_word' id='word_1_560' title='bbox 755 2071 802 2102; x_wconf 82' lang='lat' dir='ltr'><strong>vel</strong></span> <span class='ocrx_word' id='word_1_561' title='bbox 819 2079 880 2101; x_wconf 86' lang='lat' dir='ltr'><strong>non</strong></span> <span class='ocrx_word' id='word_1_562' title='bbox 897 2070 1043 2101; x_wconf 83' lang='lat' dir='ltr'><strong>animad-</strong></span> 
     </span>
    </p>
   </div>
   <div class='ocr_carea' id='block_1_82' title="bbox 211 2115 1045 2156">
    <p class='ocr_par' dir='ltr' id='par_1_82' title="bbox 211 2115 1045 2156">
     <span class='ocr_line' id='line_1_82' title="bbox 211 2115 1045 2156; baseline -0.001 -10"><span class='ocrx_word' id='word_1_563' title='bbox 211 2115 366 2152; x_wconf 82' lang='lat' dir='ltr'><strong>oertit,vel</strong></span> <span class='ocrx_word' id='word_1_564' title='bbox 378 2115 478 2146; x_wconf 80' lang='lat' dir='ltr'><strong>volens</strong></span> <span class='ocrx_word' id='word_1_565' title='bbox 491 2116 686 2156; x_wconf 82' lang='lat' dir='ltr'><strong>prudensque</strong></span> <span class='ocrx_word' id='word_1_566' title='bbox 699 2115 873 2152; x_wconf 84' lang='lat' dir='ltr'><strong>occultavit,</strong></span> <span class='ocrx_word' id='word_1_567' title='bbox 883 2123 946 2146; x_wconf 83' lang='lat' dir='ltr'><strong>esse</strong></span> <span class='ocrx_word' id='word_1_568' title='bbox 954 2124 1045 2155; x_wconf 85' lang='lat' dir='ltr'><strong>genus</strong></span> 
     </span>
    </p>
   </div>
   <div class='ocr_carea' id='block_1_83' title="bbox 1086 1577 1911 1618">
    <p class='ocr_par' dir='ltr' id='par_1_83' title="bbox 1086 1577 1911 1618">
     <span class='ocr_line' id='line_1_83' title="bbox 1086 1577 1911 1618; baseline 0.001 -12"><span class='ocrx_word' id='word_1_569' title='bbox 1086 1577 1130 1607; x_wconf 84' lang='grc' dir='ltr'>Ἐν</span> <span class='ocrx_word' id='word_1_570' title='bbox 1159 1578 1274 1618; x_wconf 86' lang='grc' dir='ltr'>πρώτοις</span> <span class='ocrx_word' id='word_1_571' title='bbox 1304 1580 1346 1607; x_wconf 81' lang='grc' dir='ltr'><strong>καὶ</strong></span> <span class='ocrx_word' id='word_1_572' title='bbox 1375 1580 1425 1618; x_wconf 65' lang='grc' dir='ltr'><strong>γὰρ</strong></span> <span class='ocrx_word' id='word_1_573' title='bbox 1454 1580 1468 1607; x_wconf 80' lang='grc' dir='ltr'>ὁ</span> <span class='ocrx_word' id='word_1_574' title='bbox 1498 1579 1582 1618; x_wconf 78' lang='grc' dir='ltr'>μέγας</span> <span class='ocrx_word' id='word_1_575' title='bbox 1605 1579 1740 1611; x_wconf 80' lang='grc' dir='ltr'>Βασίλειος</span> <span class='ocrx_word' id='word_1_576' title='bbox 1759 1581 1786 1607; x_wconf 69' lang='grc' dir='ltr'>ὲν</span> <span class='ocrx_word' id='word_1_577' title='bbox 1810 1580 1860 1617; x_wconf 75' lang='grc' dir='ltr'>μὲν</span> <span class='ocrx_word' id='word_1_578' title='bbox 1876 1583 1911 1616; x_wconf 85' lang='grc' dir='ltr'>τῷ</span> 
     </span>
    </p>
   </div>
   <div class='ocr_carea' id='block_1_84' title="bbox 1083 1618 1911 1663">
    <p class='ocr_par' dir='ltr' id='par_1_84' title="bbox 1083 1623 1911 1663">
     <span class='ocr_line' id='line_1_84' title="bbox 1083 1623 1911 1663; baseline 0.004 -13"><span class='ocrx_word' id='word_1_579' title='bbox 1083 1623 1180 1662; x_wconf 86' lang='grc' dir='ltr'>πρώτῳ</span> <span class='ocrx_word' id='word_1_580' title='bbox 1206 1624 1251 1652; x_wconf 82' lang='grc' dir='ltr'><strong>τὸν</strong></span> <span class='ocrx_word' id='word_1_581' title='bbox 1278 1624 1342 1663; x_wconf 77' lang='grc' dir='ltr'>πρὸς</span> <span class='ocrx_word' id='word_1_582' title='bbox 1378 1624 1506 1662; x_wconf 77' lang='grc' dir='ltr'>Εὐνόμιον</span> <span class='ocrx_word' id='word_1_583' title='bbox 1534 1623 1722 1663; x_wconf 77' lang='grc' dir='ltr'>ἀντιῤῥητικῶν</span> <span class='ocrx_word' id='word_1_584' title='bbox 1750 1624 1834 1652; x_wconf 71' lang='grc' dir='ltr'>πολὺν</span> <span class='ocrx_word' id='word_1_585' title='bbox 1863 1625 1911 1653; x_wconf 79' lang='grc' dir='ltr'>λο-</span> 
     </span>
    </p>
   </div>
   <div class='ocr_carea' id='block_1_85' title="bbox 1083 1667 1912 1708">
    <p class='ocr_par' dir='ltr' id='par_1_85' title="bbox 1083 1667 1912 1708">
     <span class='ocr_line' id='line_1_85' title="bbox 1083 1667 1912 1708; baseline 0.002 -12"><span class='ocrx_word' id='word_1_586' title='bbox 1083 1679 1130 1707; x_wconf 92' lang='grc' dir='ltr'><strong>γον</strong></span> <span class='ocrx_word' id='word_1_587' title='bbox 1152 1669 1210 1707; x_wconf 85' lang='grc' dir='ltr'>περὶ</span> <span class='ocrx_word' id='word_1_588' title='bbox 1241 1668 1291 1702; x_wconf 83' lang='grc' dir='ltr'>τῆς</span> <span class='ocrx_word' id='word_1_589' title='bbox 1319 1667 1418 1701; x_wconf 79' lang='grc' dir='ltr'>τάξεως</span> <span class='ocrx_word' id='word_1_590' title='bbox 1445 1669 1639 1706; x_wconf 71' lang='grc' dir='ltr'>ποιησάμενος,</span> <span class='ocrx_word' id='word_1_591' title='bbox 1668 1668 1728 1697; x_wconf 77' lang='grc' dir='ltr'>τάδε</span> <span class='ocrx_word' id='word_1_592' title='bbox 1754 1670 1822 1708; x_wconf 76' lang='grc' dir='ltr'>πρὸς</span> <span class='ocrx_word' id='word_1_593' title='bbox 1853 1669 1912 1702; x_wconf 75' lang='grc' dir='ltr'>ἔπος</span> 
     </span>
    </p>
   </div>
   <div class='ocr_carea' id='block_1_86' title="bbox 1083 1711 1911 1753">
    <p class='ocr_par' dir='ltr' id='par_1_86' title="bbox 1083 1711 1911 1753">
     <span class='ocr_line' id='line_1_86' title="bbox 1083 1711 1911 1753; baseline 0.002 -13"><span class='ocrx_word' id='word_1_594' title='bbox 1083 1713 1162 1751; x_wconf 77' lang='grc' dir='ltr'>φησίν</span> <span class='ocrx_word' id='word_1_595' title='bbox 1181 1722 1189 1730; x_wconf 88' lang='grc'><strong>“</strong></span> <span class='ocrx_word' id='word_1_596' title='bbox 1219 1711 1303 1741; x_wconf 72' lang='grc' dir='ltr'><strong>Ἀλλὰ</strong></span> <span class='ocrx_word' id='word_1_597' title='bbox 1338 1714 1382 1741; x_wconf 83' lang='grc' dir='ltr'><strong>καὶ</strong></span> <span class='ocrx_word' id='word_1_598' title='bbox 1412 1712 1488 1746; x_wconf 77' lang='grc' dir='ltr'>τάξις</span> <span class='ocrx_word' id='word_1_599' title='bbox 1509 1714 1527 1747; x_wconf 82' lang='grc' dir='ltr'><strong>ἠ</strong></span> <span class='ocrx_word' id='word_1_600' title='bbox 1555 1713 1602 1750; x_wconf 79' lang='grc' dir='ltr'>μὲν</span> <span class='ocrx_word' id='word_1_601' title='bbox 1627 1714 1723 1753; x_wconf 75' lang='grc' dir='ltr'>φυσικὴ</span> <span class='ocrx_word' id='word_1_602' title='bbox 1760 1715 1799 1746; x_wconf 78' lang='grc' dir='ltr'><strong>τίς</strong></span> <span class='ocrx_word' id='word_1_603' title='bbox 1830 1715 1911 1752; x_wconf 67' lang='grc' dir='ltr'><strong>ἐστιν1</strong></span> 
     </span>
    </p>
   </div>
   <div class='ocr_carea' id='block_1_87' title="bbox 1082 1756 1913 1798">
    <p class='ocr_par' dir='ltr' id='par_1_87' title="bbox 1082 1756 1913 1798">
     <span class='ocr_line' id='line_1_87' title="bbox 1082 1756 1913 1798; baseline 0.002 -13"><span class='ocrx_word' id='word_1_604' title='bbox 1082 1758 1099 1791; x_wconf 84' lang='grc' dir='ltr'>ἡ</span> <span class='ocrx_word' id='word_1_605' title='bbox 1127 1756 1154 1785; x_wconf 70' lang='grc' dir='ltr'><strong>’δὲ</strong></span> <span class='ocrx_word' id='word_1_606' title='bbox 1180 1757 1239 1786; x_wconf 84' lang='grc' dir='ltr'>κατ’</span> <span class='ocrx_word' id='word_1_607' title='bbox 1269 1756 1457 1793; x_wconf 78' lang='grc' dir='ltr'>ἐπιτήδευσιν·</span> <span class='ocrx_word' id='word_1_608' title='bbox 1495 1759 1591 1798; x_wconf 78' lang='grc' dir='ltr'>φυσικὴ</span> <span class='ocrx_word' id='word_1_609' title='bbox 1632 1758 1692 1795; x_wconf 73' lang='grc' dir='ltr'>μὲν,</span> <span class='ocrx_word' id='word_1_610' title='bbox 1728 1759 1766 1790; x_wconf 84' lang='grc' dir='ltr'><strong>ὡς</strong></span> <span class='ocrx_word' id='word_1_611' title='bbox 1813 1760 1831 1793; x_wconf 76' lang='grc' dir='ltr'><strong>ἡ</strong></span> <span class='ocrx_word' id='word_1_612' title='bbox 1864 1761 1913 1787; x_wconf 77' lang='grc' dir='ltr'>τῶν</span> 
     </span>
    </p>
   </div>
   <div class='ocr_carea' id='block_1_88' title="bbox 1083 1802 1914 1844">
    <p class='ocr_par' dir='ltr' id='par_1_88' title="bbox 1083 1802 1914 1844">
     <span class='ocr_line' id='line_1_88' title="bbox 1083 1802 1914 1844; baseline 0.004 -15"><span class='ocrx_word' id='word_1_613' title='bbox 1083 1802 1237 1839; x_wconf 78' lang='grc' dir='ltr'>κτισμάτων</span> <span class='ocrx_word' id='word_1_614' title='bbox 1300 1803 1367 1831; x_wconf 73' lang='grc' dir='ltr'>κατὰ</span> <span class='ocrx_word' id='word_1_615' title='bbox 1428 1803 1487 1834; x_wconf 79' lang='grc' dir='ltr'>τοὺς</span> <span class='ocrx_word' id='word_1_616' title='bbox 1550 1802 1753 1842; x_wconf 77' lang='grc' dir='ltr'>δημιουργικούς</span> <span class='ocrx_word' id='word_1_617' title='bbox 1820 1803 1914 1844; x_wconf 76' lang='grc' dir='ltr'>λόγους</span> 
     </span>
    </p>
   </div>
   <div class='ocr_carea' id='block_1_89' title="bbox 1084 1846 1914 1886">
    <p class='ocr_par' dir='ltr' id='par_1_89' title="bbox 1084 1846 1914 1886">
     <span class='ocr_line' id='line_1_89' title="bbox 1084 1846 1914 1886; baseline 0.002 -12"><span class='ocrx_word' id='word_1_618' title='bbox 1084 1847 1229 1886; x_wconf 75' lang='grc' dir='ltr'>ταχθεῖσα,</span> <span class='ocrx_word' id='word_1_619' title='bbox 1258 1847 1301 1875; x_wconf 78' lang='grc' dir='ltr'><strong>καὶ</strong></span> <span class='ocrx_word' id='word_1_620' title='bbox 1329 1848 1366 1879; x_wconf 81' lang='grc' dir='ltr'>ὡς</span> <span class='ocrx_word' id='word_1_621' title='bbox 1394 1847 1412 1881; x_wconf 77' lang='grc' dir='ltr'>ἦ</span> <span class='ocrx_word' id='word_1_622' title='bbox 1433 1850 1478 1874; x_wconf 75' lang='grc' dir='ltr'>τοῦ</span> <span class='ocrx_word' id='word_1_623' title='bbox 1500 1846 1611 1886; x_wconf 80' lang='grc' dir='ltr'>ἀριθμοῦ</span> <span class='ocrx_word' id='word_1_624' title='bbox 1633 1847 1714 1884; x_wconf 78' lang='grc' dir='ltr'>θέσις,</span> <span class='ocrx_word' id='word_1_625' title='bbox 1746 1848 1792 1876; x_wconf 84' lang='grc' dir='ltr'>καὶ</span> <span class='ocrx_word' id='word_1_626' title='bbox 1815 1849 1834 1882; x_wconf 77' lang='grc' dir='ltr'>ἦ</span> <span class='ocrx_word' id='word_1_627' title='bbox 1866 1851 1914 1877; x_wconf 79' lang='grc' dir='ltr'>τῶν</span> 
     </span>
    </p>
   </div>
   <div class='ocr_carea' id='block_1_90' title="bbox 1085 1891 1916 1932">
    <p class='ocr_par' dir='ltr' id='par_1_90' title="bbox 1085 1891 1916 1932">
     <span class='ocr_line' id='line_1_90' title="bbox 1085 1891 1916 1932; baseline 0.004 -14"><span class='ocrx_word' id='word_1_628' title='bbox 1085 1891 1173 1919; x_wconf 72' lang='grc' dir='ltr'>αἰτίων</span> <span class='ocrx_word' id='word_1_629' title='bbox 1204 1891 1270 1930; x_wconf 70' lang='grc' dir='ltr'>’πρὸς</span> <span class='ocrx_word' id='word_1_630' title='bbox 1305 1892 1338 1919; x_wconf 83' lang='grc' dir='ltr'><strong>τὰ</strong></span> <span class='ocrx_word' id='word_1_631' title='bbox 1375 1892 1478 1921; x_wconf 80' lang='grc' dir='ltr'>αἷτιατὰ</span> <span class='ocrx_word' id='word_1_632' title='bbox 1517 1892 1623 1931; x_wconf 77' lang='grc' dir='ltr'>σχέσις,</span> <span class='ocrx_word' id='word_1_633' title='bbox 1667 1891 1766 1920; x_wconf 70' lang='grc' dir='ltr'>ἐκείνου</span> <span class='ocrx_word' id='word_1_634' title='bbox 1797 1892 1916 1932; x_wconf 71' lang='grc' dir='ltr'>προδιω-</span> 
     </span>
    </p>
   </div>
   <div class='ocr_carea' id='block_1_91' title="bbox 1086 1934 1918 1975">
    <p class='ocr_par' dir='ltr' id='par_1_91' title="bbox 1086 1934 1918 1975">
     <span class='ocr_line' id='line_1_91' title="bbox 1086 1934 1918 1975; baseline 0.004 -12"><span class='ocrx_word' id='word_1_635' title='bbox 1086 1934 1273 1974; x_wconf 76' lang='grc' dir='ltr'>μολογημένου</span> <span class='ocrx_word' id='word_1_636' title='bbox 1307 1940 1354 1964; x_wconf 84' lang='grc' dir='ltr'>τοῦ</span> <span class='ocrx_word' id='word_1_637' title='bbox 1386 1937 1429 1964; x_wconf 83' lang='grc' dir='ltr'>καὶ</span> <span class='ocrx_word' id='word_1_638' title='bbox 1460 1935 1509 1969; x_wconf 73' lang='grc' dir='ltr'><strong>τῆς</strong></span> <span class='ocrx_word' id='word_1_639' title='bbox 1542 1936 1642 1975; x_wconf 75' lang='grc' dir='ltr'>φύσεως</span> <span class='ocrx_word' id='word_1_640' title='bbox 1677 1936 1760 1969; x_wconf 75' lang='grc' dir='ltr'>αὖτης</span> <span class='ocrx_word' id='word_1_641' title='bbox 1799 1943 1918 1971; x_wconf 72' lang='grc' dir='ltr'>ποιητὴν</span> 
     </span>
    </p>
   </div>
   <div class='ocr_carea' id='block_1_92' title="bbox 1085 1979 1921 2020">
    <p class='ocr_par' dir='ltr' id='par_1_92' title="bbox 1085 1979 1921 2020">
     <span class='ocr_line' id='line_1_92' title="bbox 1085 1979 1921 2020; baseline 0.005 -13"><span class='ocrx_word' id='word_1_642' title='bbox 1085 1979 1156 2008; x_wconf 78' lang='grc' dir='ltr'>εἶναι</span> <span class='ocrx_word' id='word_1_643' title='bbox 1198 1981 1242 2008; x_wconf 81' lang='grc' dir='ltr'><strong>καὶ</strong></span> <span class='ocrx_word' id='word_1_644' title='bbox 1284 1979 1443 2020; x_wconf 73' lang='grc' dir='ltr'>δημιουργὸν</span> <span class='ocrx_word' id='word_1_645' title='bbox 1484 1982 1530 2009; x_wconf 79' lang='grc' dir='ltr'>τὸν</span> <span class='ocrx_word' id='word_1_646' title='bbox 1567 1982 1653 2009; x_wconf 79' lang='grc' dir='ltr'><strong>Θεὸν⁹</strong></span> <span class='ocrx_word' id='word_1_647' title='bbox 1690 1980 1921 2020; x_wconf 77' lang='grc' dir='ltr'>ἐπιτετηδευμένη</span> 
     </span>
    </p>
   </div>
   <div class='ocr_carea' id='block_1_93' title="bbox 1084 2023 1920 2064">
    <p class='ocr_par' dir='ltr' id='par_1_93' title="bbox 1084 2023 1920 2064">
     <span class='ocr_line' id='line_1_93' title="bbox 1084 2023 1920 2064; baseline 0.002 -12"><span class='ocrx_word' id='word_1_648' title='bbox 1084 2023 1178 2053; x_wconf 76' lang='grc' dir='ltr'>δὲκαὶ</span> <span class='ocrx_word' id='word_1_649' title='bbox 1217 2027 1343 2064; x_wconf 68' lang='grc' dir='ltr'>τεχνικὴ,</span> <span class='ocrx_word' id='word_1_650' title='bbox 1389 2027 1425 2056; x_wconf 85' lang='grc' dir='ltr'><strong>ὡς</strong></span> <span class='ocrx_word' id='word_1_651' title='bbox 1466 2025 1483 2058; x_wconf 80' lang='grc' dir='ltr'><strong>ἡ</strong></span> <span class='ocrx_word' id='word_1_652' title='bbox 1513 2025 1541 2052; x_wconf 79' lang='grc' dir='ltr'>ἐν</span> <span class='ocrx_word' id='word_1_653' title='bbox 1571 2031 1630 2057; x_wconf 79' lang='grc' dir='ltr'>τοῖς</span> <span class='ocrx_word' id='word_1_654' title='bbox 1665 2027 1920 2064; x_wconf 68' lang='grc' dir='ltr'>κατασκευάσμασι,</span> 
     </span>
    </p>
   </div>
   <div class='ocr_carea' id='block_1_94' title="bbox 1085 2068 1921 2109">
    <p class='ocr_par' dir='ltr' id='par_1_94' title="bbox 1085 2068 1921 2109">
     <span class='ocr_line' id='line_1_94' title="bbox 1085 2068 1921 2109; baseline 0.004 -12"><span class='ocrx_word' id='word_1_655' title='bbox 1085 2070 1125 2097; x_wconf 74' lang='grc' dir='ltr'><strong>κοὶ</strong></span> <span class='ocrx_word' id='word_1_656' title='bbox 1161 2070 1311 2107; x_wconf 76' lang='grc' dir='ltr'>μαθήμασι,</span> <span class='ocrx_word' id='word_1_657' title='bbox 1343 2071 1387 2098; x_wconf 86' lang='grc' dir='ltr'><strong>καὶ</strong></span> <span class='ocrx_word' id='word_1_658' title='bbox 1415 2068 1558 2109; x_wconf 63' lang='grc' dir='ltr'>ἀξιώμασι,</span> <span class='ocrx_word' id='word_1_659' title='bbox 1594 2070 1638 2098; x_wconf 79' lang='grc' dir='ltr'><strong>καὶ</strong></span> <span class='ocrx_word' id='word_1_660' title='bbox 1667 2069 1770 2109; x_wconf 75' lang='grc' dir='ltr'>ἀριθμῷ</span> <span class='ocrx_word' id='word_1_661' title='bbox 1792 2073 1840 2099; x_wconf 73' lang='grc' dir='ltr'>καί</span> <span class='ocrx_word' id='word_1_662' title='bbox 1863 2078 1921 2103; x_wconf 68' lang='grc' dir='ltr'>τοῖς</span> 
     </span>
    </p>
   </div>
   <div class='ocr_carea' id='block_1_95' title="bbox 1085 2113 1922 2156">
    <p class='ocr_par' dir='ltr' id='par_1_95' title="bbox 1085 2113 1922 2156">
     <span class='ocr_line' id='line_1_95' title="bbox 1085 2113 1922 2156; baseline 0.004 -14"><span class='ocrx_word' id='word_1_663' title='bbox 1085 2115 1224 2147; x_wconf 84' lang='grc' dir='ltr'>τοιούτοις.</span> <span class='ocrx_word' id='word_1_664' title='bbox 1267 2114 1371 2143; x_wconf 83' lang='grc' dir='ltr'>Τούτων</span> <span class='ocrx_word' id='word_1_665' title='bbox 1412 2113 1497 2142; x_wconf 67' lang='grc' dir='ltr'>τοίνδν</span> <span class='ocrx_word' id='word_1_666' title='bbox 1539 2115 1570 2142; x_wconf 79' lang='grc' dir='ltr'><strong>τὸ</strong></span> <span class='ocrx_word' id='word_1_667' title='bbox 1619 2114 1745 2154; x_wconf 85' lang='grc' dir='ltr'>πρότερον</span> <span class='ocrx_word' id='word_1_668' title='bbox 1796 2116 1922 2156; x_wconf 69' lang='grc' dir='ltr'>ἀποκρυ-</span> 
     </span>
    </p>
   </div>
   <div class='ocr_carea' id='block_1_96' title="bbox 213 2157 986 2201">
    <p class='ocr_par' dir='ltr' id='par_1_96' title="bbox 213 2159 986 2201">
     <span class='ocr_line' id='line_1_96' title="bbox 213 2159 986 2201; baseline 0 -10"><span class='ocrx_word' id='word_1_669' title='bbox 213 2159 336 2200; x_wconf 82' lang='lat' dir='ltr'><strong>aliqvod</strong></span> <span class='ocrx_word' id='word_1_670' title='bbox 346 2161 543 2201; x_wconf 83' lang='lat' dir='ltr'><strong>0rdinis,non</strong></span> <span class='ocrx_word' id='word_1_671' title='bbox 554 2165 658 2192; x_wconf 91' lang='lat' dir='ltr'><strong>nostra</strong></span> <span class='ocrx_word' id='word_1_672' title='bbox 667 2161 821 2192; x_wconf 86' lang='lat' dir='ltr'><strong>industria</strong></span> <span class='ocrx_word' id='word_1_673' title='bbox 833 2163 986 2191; x_wconf 70' lang='lat' dir='ltr'><strong>constituti</strong></span> 
     </span>
    </p>
   </div>
   <div class='ocr_carea' id='block_1_97' title="bbox 1149 2157 1922 2201">
    <p class='ocr_par' dir='ltr' id='par_1_97' title="bbox 1149 2157 1922 2196">
     <span class='ocr_line' id='line_1_97' title="bbox 1149 2157 1922 2196; baseline 0.003 -9"><span class='ocrx_word' id='word_1_674' title='bbox 1149 2169 1205 2191; x_wconf 87' lang='grc' dir='ltr'>ενος</span> <span class='ocrx_word' id='word_1_675' title='bbox 1244 2160 1258 2187; x_wconf 85' lang='grc' dir='ltr'><strong>ὁ</strong></span> <span class='ocrx_word' id='word_1_676' title='bbox 1300 2159 1438 2196; x_wconf 72' lang='grc' dir='ltr'>Εὖνύμιος,</span> <span class='ocrx_word' id='word_1_677' title='bbox 1470 2162 1529 2187; x_wconf 78' lang='grc' dir='ltr'>,τοῦ</span> <span class='ocrx_word' id='word_1_678' title='bbox 1571 2157 1690 2196; x_wconf 75' lang='grc' dir='ltr'>δευτέρου</span> <span class='ocrx_word' id='word_1_679' title='bbox 1735 2158 1827 2192; x_wconf 70' lang='grc' dir='ltr'>εἴδους</span> <span class='ocrx_word' id='word_1_680' title='bbox 1875 2161 1922 2194; x_wconf 61' lang='lat' dir='ltr'><strong>si:</strong></span> 
     </span>
    </p>
   </div>
   <div class='ocr_carea' id='block_1_98' title="bbox 211 2204 1045 2244">
    <p class='ocr_par' dir='ltr' id='par_1_98' title="bbox 211 2204 1045 2244">
     <span class='ocr_line' id='line_1_98' title="bbox 211 2204 1045 2244; baseline 0 -9"><span class='ocrx_word' id='word_1_681' title='bbox 211 2204 263 2236; x_wconf 81' lang='lat' dir='ltr'><strong>sed</strong></span> <span class='ocrx_word' id='word_1_682' title='bbox 286 2204 450 2236; x_wconf 83' lang='lat' dir='ltr'><strong>secundum</strong></span> <span class='ocrx_word' id='word_1_683' title='bbox 477 2209 598 2236; x_wconf 65' lang='lat' dir='ltr'><strong>natura:</strong></span> <span class='ocrx_word' id='word_1_684' title='bbox 618 2207 725 2237; x_wconf 82' lang='lat' dir='ltr'><strong>seriem</strong></span> <span class='ocrx_word' id='word_1_685' title='bbox 744 2205 921 2244; x_wconf 85' lang='lat' dir='ltr'><strong>contingens</strong></span> <span class='ocrx_word' id='word_1_686' title='bbox 949 2204 1045 2236; x_wconf 69' lang='lat' dir='ltr'><strong>veluti</strong></span> 
     </span>
    </p>
   </div>
   <div class='ocr_carea' id='block_1_99' title="bbox 212 2249 1046 2290">
    <p class='ocr_par' dir='ltr' id='par_1_99' title="bbox 212 2249 1046 2290">
     <span class='ocr_line' id='line_1_99' title="bbox 212 2249 1046 2290; baseline 0 -10"><span class='ocrx_word' id='word_1_687' title='bbox 212 2250 293 2289; x_wconf 81' lang='lat' dir='ltr'><strong>ignis</strong></span> <span class='ocrx_word' id='word_1_688' title='bbox 303 2250 345 2280; x_wconf 86' lang='lat' dir='ltr'><strong>ad</strong></span> <span class='ocrx_word' id='word_1_689' title='bbox 353 2249 549 2290; x_wconf 75' lang='lat' dir='ltr'><strong>lumen,quod</strong></span> <span class='ocrx_word' id='word_1_690' title='bbox 564 2259 603 2281; x_wconf 73' lang='lat' dir='ltr'><strong>ex</strong></span> <span class='ocrx_word' id='word_1_691' title='bbox 617 2259 650 2281; x_wconf 91' lang='lat' dir='ltr'><strong>eo</strong></span> <span class='ocrx_word' id='word_1_692' title='bbox 665 2251 762 2282; x_wconf 85' lang='lat' dir='ltr'><strong>estJn</strong></span> <span class='ocrx_word' id='word_1_693' title='bbox 777 2249 825 2280; x_wconf 85' lang='lat' dir='ltr'><strong>his</strong></span> <span class='ocrx_word' id='word_1_694' title='bbox 839 2250 947 2280; x_wconf 87' lang='lat' dir='ltr'><strong>etenim</strong></span> <span class='ocrx_word' id='word_1_695' title='bbox 958 2250 1046 2288; x_wconf 83' lang='lat' dir='ltr'><strong>prius</strong></span> 
     </span>
    </p>
   </div>
   <div class='ocr_carea' id='block_1_100' title="bbox 212 2294 1045 2335">
    <p class='ocr_par' dir='ltr' id='par_1_100' title="bbox 212 2294 1045 2335">
     <span class='ocr_line' id='line_1_100' title="bbox 212 2294 1045 2335; baseline -0.001 -10"><span class='ocrx_word' id='word_1_696' title='bbox 212 2302 335 2325; x_wconf 88' lang='lat' dir='ltr'><strong>causam</strong></span> <span class='ocrx_word' id='word_1_697' title='bbox 350 2294 640 2335; x_wconf 85' lang='lat' dir='ltr'><strong>dicimus,posterius</strong></span> <span class='ocrx_word' id='word_1_698' title='bbox 655 2295 737 2335; x_wconf 88' lang='lat' dir='ltr'><strong>quod</strong></span> <span class='ocrx_word' id='word_1_699' title='bbox 750 2294 787 2325; x_wconf 85' lang='lat' dir='ltr'><strong>ab</strong></span> <span class='ocrx_word' id='word_1_700' title='bbox 803 2303 838 2325; x_wconf 92' lang='lat' dir='ltr'><strong>eo</strong></span> <span class='ocrx_word' id='word_1_701' title='bbox 849 2298 904 2332; x_wconf 84' lang='lat' dir='ltr'><strong>est,</strong></span> <span class='ocrx_word' id='word_1_702' title='bbox 921 2303 983 2325; x_wconf 87' lang='lat' dir='ltr'><strong>non</strong></span> <span class='ocrx_word' id='word_1_703' title='bbox 995 2296 1045 2325; x_wconf 89' lang='lat' dir='ltr'><strong>in-</strong></span> 
     </span>
    </p>
   </div>
   <div class='ocr_carea' id='block_1_101' title="bbox 214 2338 1047 2379">
    <p class='ocr_par' dir='ltr' id='par_1_101' title="bbox 214 2338 1047 2379">
     <span class='ocr_line' id='line_1_101' title="bbox 214 2338 1047 2379; baseline 0.001 -10"><span class='ocrx_word' id='word_1_704' title='bbox 214 2338 339 2370; x_wconf 82' lang='lat' dir='ltr'><strong>teruallo</strong></span> <span class='ocrx_word' id='word_1_705' title='bbox 346 2348 382 2370; x_wconf 92' lang='lat' dir='ltr'><strong>ea</strong></span> <span class='ocrx_word' id='word_1_706' title='bbox 389 2339 426 2370; x_wconf 90' lang='lat' dir='ltr'><strong>ab</strong></span> <span class='ocrx_word' id='word_1_707' title='bbox 439 2340 567 2370; x_wconf 82' lang='lat' dir='ltr'><strong>inuicem</strong></span> <span class='ocrx_word' id='word_1_708' title='bbox 577 2339 822 2379; x_wconf 75' lang='lat' dir='ltr'><strong>dirimentes,srd</strong></span> <span class='ocrx_word' id='word_1_709' title='bbox 834 2343 905 2370; x_wconf 85' lang='lat' dir='ltr'><strong>ante</strong></span> <span class='ocrx_word' id='word_1_710' title='bbox 912 2339 1047 2379; x_wconf 79' lang='lat' dir='ltr'><strong>effectum</strong></span> 
     </span>
    </p>
   </div>
   <div class='ocr_carea' id='block_1_102' title="bbox 213 2383 1046 2424">
    <p class='ocr_par' dir='ltr' id='par_1_102' title="bbox 213 2383 1046 2424">
     <span class='ocr_line' id='line_1_102' title="bbox 213 2383 1046 2424; baseline 0 -10"><span class='ocrx_word' id='word_1_711' title='bbox 213 2392 336 2414; x_wconf 87' lang='lat' dir='ltr'><strong>causam</strong></span> <span class='ocrx_word' id='word_1_712' title='bbox 347 2383 718 2424; x_wconf 85' lang='lat' dir='ltr'><strong>intelligentes.0uomodo</strong></span> <span class='ocrx_word' id='word_1_713' title='bbox 729 2385 832 2423; x_wconf 83' lang='lat' dir='ltr'><strong>itaque</strong></span> <span class='ocrx_word' id='word_1_714' title='bbox 848 2385 960 2414; x_wconf 88' lang='lat' dir='ltr'><strong>rationi</strong></span> <span class='ocrx_word' id='word_1_715' title='bbox 971 2393 1046 2414; x_wconf 80' lang='lat' dir='ltr'><strong>con-</strong></span> 
     </span>
    </p>
   </div>
   <div class='ocr_carea' id='block_1_103' title="bbox 214 2428 1048 2468">
    <p class='ocr_par' dir='ltr' id='par_1_103' title="bbox 214 2428 1048 2468">
     <span class='ocr_line' id='line_1_103' title="bbox 214 2428 1048 2468; baseline 0.001 -10"><span class='ocrx_word' id='word_1_716' title='bbox 214 2430 392 2459; x_wconf 77' lang='lat' dir='ltr'><strong>sentaneum</strong></span> <span class='ocrx_word' id='word_1_717' title='bbox 407 2429 659 2467; x_wconf 68' lang='lat' dir='ltr'><strong>fuerit,ordinem</strong></span> <span class='ocrx_word' id='word_1_718' title='bbox 671 2429 869 2468; x_wconf 83' lang='lat' dir='ltr'><strong>denegare,in</strong></span> <span class='ocrx_word' id='word_1_719' title='bbox 881 2428 990 2468; x_wconf 79' lang='lat' dir='ltr'><strong>quibus</strong></span> <span class='ocrx_word' id='word_1_720' title='bbox 1005 2432 1048 2459; x_wconf 89' lang='lat' dir='ltr'><strong>est</strong></span> 
     </span>
    </p>
   </div>
   <div class='ocr_carea' id='block_1_104' title="bbox 214 2472 1048 2514">
    <p class='ocr_par' dir='ltr' id='par_1_104' title="bbox 214 2472 1048 2514">
     <span class='ocr_line' id='line_1_104' title="bbox 214 2472 1048 2514; baseline 0 -11"><span class='ocrx_word' id='word_1_721' title='bbox 214 2472 301 2513; x_wconf 83' lang='lat' dir='ltr'><strong>prius</strong></span> <span class='ocrx_word' id='word_1_722' title='bbox 312 2475 340 2504; x_wconf 84' lang='lat' dir='ltr'><strong>et</strong></span> <span class='ocrx_word' id='word_1_723' title='bbox 350 2474 512 2514; x_wconf 86' lang='lat' dir='ltr'><strong>posterius,</strong></span> <span class='ocrx_word' id='word_1_724' title='bbox 526 2483 585 2505; x_wconf 88' lang='lat' dir='ltr'><strong>non</strong></span> <span class='ocrx_word' id='word_1_725' title='bbox 595 2478 701 2505; x_wconf 88' lang='lat' dir='ltr'><strong>nostra</strong></span> <span class='ocrx_word' id='word_1_726' title='bbox 710 2473 876 2511; x_wconf 83' lang='lat' dir='ltr'><strong>industria,</strong></span> <span class='ocrx_word' id='word_1_727' title='bbox 883 2473 935 2504; x_wconf 77' lang='lat' dir='ltr'><strong>sed</strong></span> <span class='ocrx_word' id='word_1_728' title='bbox 946 2481 984 2504; x_wconf 79' lang='lat' dir='ltr'><strong>ex</strong></span> <span class='ocrx_word' id='word_1_729' title='bbox 993 2481 1048 2503; x_wconf 87' lang='lat' dir='ltr'><strong>na-</strong></span> 
     </span>
    </p>
   </div>
   <div class='ocr_carea' id='block_1_105' title="bbox 214 2516 1047 2557">
    <p class='ocr_par' dir='ltr' id='par_1_105' title="bbox 214 2516 1047 2557">
     <span class='ocr_line' id='line_1_105' title="bbox 214 2516 1047 2557; baseline 0 -9"><span class='ocrx_word' id='word_1_730' title='bbox 214 2516 310 2548; x_wconf 83' lang='lat' dir='ltr'><strong>turali</strong></span> <span class='ocrx_word' id='word_1_731' title='bbox 324 2517 359 2548; x_wconf 89' lang='lat' dir='ltr'><strong>in</strong></span> <span class='ocrx_word' id='word_1_732' title='bbox 373 2518 447 2557; x_wconf 86' lang='lat' dir='ltr'><strong>ipsis</strong></span> <span class='ocrx_word' id='word_1_733' title='bbox 461 2519 623 2550; x_wconf 71' lang='lat' dir='ltr'><strong>exsislenle</strong></span> <span class='ocrx_word' id='word_1_734' title='bbox 637 2517 870 2550; x_wconf 80' lang='lat' dir='ltr'><strong>conseculione?</strong></span> <span class='ocrx_word' id='word_1_735' title='bbox 893 2517 963 2555; x_wconf 85' lang='lat' dir='ltr'><strong>Qua</strong></span> <span class='ocrx_word' id='word_1_736' title='bbox 978 2526 1047 2557; x_wconf 86' lang='lat' dir='ltr'><strong>ergo</strong></span> 
     </span>
    </p>
   </div>
   <div class='ocr_carea' id='block_1_106' title="bbox 215 2561 1048 2602">
    <p class='ocr_par' dir='ltr' id='par_1_106' title="bbox 215 2561 1048 2602">
     <span class='ocr_line' id='line_1_106' title="bbox 215 2561 1048 2602; baseline -0.001 -9"><span class='ocrx_word' id='word_1_737' title='bbox 215 2561 252 2593; x_wconf 88' lang='lat' dir='ltr'><strong>de</strong></span> <span class='ocrx_word' id='word_1_738' title='bbox 262 2570 356 2593; x_wconf 87' lang='lat' dir='ltr'><strong>causa</strong></span> <span class='ocrx_word' id='word_1_739' title='bbox 370 2562 505 2593; x_wconf 82' lang='lat' dir='ltr'><strong>ordinem</strong></span> <span class='ocrx_word' id='word_1_740' title='bbox 521 2572 673 2595; x_wconf 85' lang='lat' dir='ltr'><strong>assumere</strong></span> <span class='ocrx_word' id='word_1_741' title='bbox 680 2564 713 2594; x_wconf 89' lang='lat' dir='ltr'><strong>in</strong></span> <span class='ocrx_word' id='word_1_742' title='bbox 724 2564 785 2594; x_wconf 87' lang='lat' dir='ltr'><strong>Deo</strong></span> <span class='ocrx_word' id='word_1_743' title='bbox 798 2562 927 2602; x_wconf 79' lang='lat' dir='ltr'><strong>respuit?</strong></span> <span class='ocrx_word' id='word_1_744' title='bbox 936 2562 1048 2602; x_wconf 83' lang='lat' dir='ltr'><strong>Opina-</strong></span> 
     </span>
    </p>
   </div>
   <div class='ocr_carea' id='block_1_107' title="bbox 216 2607 1048 2648">
    <p class='ocr_par' dir='ltr' id='par_1_107' title="bbox 216 2607 1048 2648">
     <span class='ocr_line' id='line_1_107' title="bbox 216 2607 1048 2648; baseline 0 -11"><span class='ocrx_word' id='word_1_745' title='bbox 216 2609 266 2638; x_wconf 91' lang='lat' dir='ltr'><strong>tur</strong></span> <span class='ocrx_word' id='word_1_746' title='bbox 278 2607 307 2638; x_wconf 82' lang='lat' dir='ltr'><strong>si</strong></span> <span class='ocrx_word' id='word_1_747' title='bbox 321 2607 498 2643; x_wconf 65' lang='lat' dir='ltr'><strong>ostenderit,</strong></span> <span class='ocrx_word' id='word_1_748' title='bbox 521 2617 711 2648; x_wconf 86' lang='lat' dir='ltr'><strong>nequaquam</strong></span> <span class='ocrx_word' id='word_1_749' title='bbox 729 2607 819 2647; x_wconf 81' lang='lat' dir='ltr'><strong>aliter</strong></span> <span class='ocrx_word' id='word_1_750' title='bbox 831 2607 919 2647; x_wconf 86' lang='lat' dir='ltr'><strong>prius</strong></span> <span class='ocrx_word' id='word_1_751' title='bbox 940 2608 971 2637; x_wconf 87' lang='lat' dir='ltr'><strong>in</strong></span> <span class='ocrx_word' id='word_1_752' title='bbox 986 2607 1048 2638; x_wconf 75' lang='lat' dir='ltr'><strong>Deo</strong></span> 
     </span>
    </p>
   </div>
   <div class='ocr_carea' id='block_1_108' title="bbox 215 2651 1048 2693">
    <p class='ocr_par' dir='ltr' id='par_1_108' title="bbox 215 2651 1048 2693">
     <span class='ocr_line' id='line_1_108' title="bbox 215 2651 1048 2693; baseline -0.001 -10"><span class='ocrx_word' id='word_1_753' title='bbox 215 2651 511 2693; x_wconf 82' lang='lat' dir='ltr'><strong>intelligi,retiquum</strong></span> <span class='ocrx_word' id='word_1_754' title='bbox 519 2653 777 2692; x_wconf 77' lang='lat' dir='ltr'><strong>sehabiturum,in</strong></span> <span class='ocrx_word' id='word_1_755' title='bbox 783 2653 850 2692; x_wconf 85' lang='lat' dir='ltr'><strong>ipsa</strong></span> <span class='ocrx_word' id='word_1_756' title='bbox 858 2652 977 2683; x_wconf 84' lang='lat' dir='ltr'><strong>scilicet</strong></span> <span class='ocrx_word' id='word_1_757' title='bbox 982 2652 1048 2683; x_wconf 88' lang='lat' dir='ltr'><strong>sub-</strong></span> 
     </span>
    </p>
   </div>
   <div class='ocr_carea' id='block_1_109' title="bbox 247 2736 537 2776">
    <p class='ocr_par' dir='ltr' id='par_1_109' title="bbox 247 2736 537 2776">
     <span class='ocr_line' id='line_1_109' title="bbox 247 2736 537 2776; baseline 0 -7"><span class='ocrx_word' id='word_1_758' title='bbox 247 2736 283 2763; x_wconf 68' lang='grc' dir='ltr'><strong>ἠ</strong></span> <span class='ocrx_word' id='word_1_759' title='bbox 315 2737 391 2770; x_wconf 71' lang='lat' dir='ltr'><strong>Gen.</strong></span> <span class='ocrx_word' id='word_1_760' title='bbox 407 2744 491 2776; x_wconf 72' lang='lat' dir='ltr'><strong>xxxv,</strong></span> <span class='ocrx_word' id='word_1_761' title='bbox 507 2737 537 2770; x_wconf 79' lang='grc'><strong>2.</strong></span> 
     </span>
    </p>
   </div>
   <div class='ocr_carea' id='block_1_110' title="bbox 1087 2203 1923 2245">
    <p class='ocr_par' dir='ltr' id='par_1_110' title="bbox 1087 2203 1923 2245">
     <span class='ocr_line' id='line_1_110' title="bbox 1087 2203 1923 2245; baseline 0.002 -14"><span class='ocrx_word' id='word_1_762' title='bbox 1087 2203 1185 2235; x_wconf 76' lang='grc' dir='ltr'>τάξεως</span> <span class='ocrx_word' id='word_1_763' title='bbox 1227 2205 1394 2242; x_wconf 68' lang='grc' dir='ltr'>ἒπεμνῆοθη,</span> <span class='ocrx_word' id='word_1_764' title='bbox 1438 2204 1482 2232; x_wconf 79' lang='grc' dir='ltr'>καὶ</span> <span class='ocrx_word' id='word_1_765' title='bbox 1525 2215 1589 2244; x_wconf 74' lang='grc' dir='ltr'>φησι</span> <span class='ocrx_word' id='word_1_766' title='bbox 1631 2204 1670 2241; x_wconf 77' lang='grc' dir='ltr'><strong>μὴ</strong></span> <span class='ocrx_word' id='word_1_767' title='bbox 1697 2206 1796 2244; x_wconf 76' lang='grc' dir='ltr'>χρῆναι</span> <span class='ocrx_word' id='word_1_768' title='bbox 1832 2205 1923 2245; x_wconf 76' lang='grc' dir='ltr'>λέγειν</span> 
     </span>
    </p>
   </div>
   <div class='ocr_carea' id='block_1_111' title="bbox 1088 2248 1924 2290">
    <p class='ocr_par' dir='ltr' id='par_1_111' title="bbox 1088 2248 1924 2290">
     <span class='ocr_line' id='line_1_111' title="bbox 1088 2248 1924 2290; baseline 0.004 -14"><span class='ocrx_word' id='word_1_769' title='bbox 1088 2248 1131 2276; x_wconf 79' lang='grc' dir='ltr'><strong>ἐπὶ</strong></span> <span class='ocrx_word' id='word_1_770' title='bbox 1174 2252 1239 2277; x_wconf 81' lang='grc' dir='ltr'>Θεοῦ</span> <span class='ocrx_word' id='word_1_771' title='bbox 1280 2248 1363 2286; x_wconf 79' lang='grc' dir='ltr'>τάξιν,</span> <span class='ocrx_word' id='word_1_772' title='bbox 1407 2249 1514 2288; x_wconf 81' lang='grc' dir='ltr'>ἐπείπερ</span> <span class='ocrx_word' id='word_1_773' title='bbox 1550 2249 1567 2282; x_wconf 79' lang='grc' dir='ltr'>ἡ</span> <span class='ocrx_word' id='word_1_774' title='bbox 1609 2248 1681 2281; x_wconf 75' lang='grc' dir='ltr'>τάξις</span> <span class='ocrx_word' id='word_1_775' title='bbox 1724 2248 1837 2290; x_wconf 75' lang='grc' dir='ltr'>’δευτέρα</span> <span class='ocrx_word' id='word_1_776' title='bbox 1878 2254 1924 2279; x_wconf 70' lang='grc' dir='ltr'>τοῦ</span> 
     </span>
    </p>
   </div>
   <div class='ocr_carea' id='block_1_112' title="bbox 1087 2293 1923 2334">
    <p class='ocr_par' dir='ltr' id='par_1_112' title="bbox 1087 2293 1923 2334">
     <span class='ocr_line' id='line_1_112' title="bbox 1087 2293 1923 2334; baseline 0.001 -13"><span class='ocrx_word' id='word_1_777' title='bbox 1087 2293 1240 2325; x_wconf 84' lang='grc' dir='ltr'>τάττοντος.</span> <span class='ocrx_word' id='word_1_778' title='bbox 1276 2293 1382 2322; x_wconf 73' lang='grc' dir='ltr'>Ἐκεῖνο</span> <span class='ocrx_word' id='word_1_779' title='bbox 1422 2293 1449 2322; x_wconf 75' lang='grc' dir='ltr'><em>δὲ</em></span> <span class='ocrx_word' id='word_1_780' title='bbox 1484 2293 1502 2327; x_wconf 74' lang='grc' dir='ltr'>ἢ</span> <span class='ocrx_word' id='word_1_781' title='bbox 1545 2295 1574 2323; x_wconf 74' lang='grc' dir='ltr'><strong>ού</strong></span> <span class='ocrx_word' id='word_1_782' title='bbox 1617 2293 1743 2334; x_wconf 78' lang='grc' dir='ltr'>σύνοιδεν,</span> <span class='ocrx_word' id='word_1_783' title='bbox 1795 2295 1816 2328; x_wconf 80' lang='grc' dir='ltr'><strong>ἢ</strong></span> <span class='ocrx_word' id='word_1_784' title='bbox 1853 2295 1923 2323; x_wconf 72' lang='grc' dir='ltr'>ἑκὼν</span> 
     </span>
    </p>
   </div>
   <div class='ocr_carea' id='block_1_113' title="bbox 1088 2337 1924 2378">
    <p class='ocr_par' dir='ltr' id='par_1_113' title="bbox 1088 2337 1924 2378">
     <span class='ocr_line' id='line_1_113' title="bbox 1088 2337 1924 2378; baseline 0.006 -13"><span class='ocrx_word' id='word_1_785' title='bbox 1088 2337 1270 2378; x_wconf 74' lang='grc' dir='ltr'>ἀπεκρύψατο,</span> <span class='ocrx_word' id='word_1_786' title='bbox 1309 2337 1350 2367; x_wconf 76' lang='grc' dir='ltr'>ὅτι</span> <span class='ocrx_word' id='word_1_787' title='bbox 1378 2340 1434 2366; x_wconf 67' lang='grc' dir='ltr'>ἔστι</span> <span class='ocrx_word' id='word_1_788' title='bbox 1459 2349 1484 2366; x_wconf 91' lang='grc' dir='ltr'><strong>τι</strong></span> <span class='ocrx_word' id='word_1_789' title='bbox 1507 2337 1604 2371; x_wconf 75' lang='grc' dir='ltr'>τάξεως</span> <span class='ocrx_word' id='word_1_790' title='bbox 1635 2337 1708 2370; x_wconf 76' lang='grc' dir='ltr'>εἶδος</span> <span class='ocrx_word' id='word_1_791' title='bbox 1737 2341 1785 2368; x_wconf 70' lang='grc' dir='ltr'><strong>οὐκ</strong></span> <span class='ocrx_word' id='word_1_792' title='bbox 1809 2339 1843 2368; x_wconf 80' lang='grc' dir='ltr'>ἐκ</span> <span class='ocrx_word' id='word_1_793' title='bbox 1873 2342 1924 2373; x_wconf 78' lang='grc' dir='ltr'>τῆς</span> 
     </span>
    </p>
   </div>
   <div class='ocr_carea' id='block_1_114' title="bbox 1089 2381 1644 2422">
    <p class='ocr_par' dir='ltr' id='par_1_114' title="bbox 1089 2381 1644 2422">
     <span class='ocr_line' id='line_1_114' title="bbox 1089 2381 1644 2422; baseline 0.002 -12"><span class='ocrx_word' id='word_1_794' title='bbox 1089 2381 1150 2422; x_wconf 84' lang='grc' dir='ltr'>παρ’</span> <span class='ocrx_word' id='word_1_795' title='bbox 1185 2384 1263 2421; x_wconf 77' lang='grc' dir='ltr'>ἡμῶν</span> <span class='ocrx_word' id='word_1_796' title='bbox 1307 2383 1402 2415; x_wconf 79' lang='grc' dir='ltr'>θέσεως</span> <span class='ocrx_word' id='word_1_797' title='bbox 1438 2384 1644 2422; x_wconf 75' lang='grc' dir='ltr'>σμνιστάμενον,</span> 
     </span>
    </p>
   </div>
   <div class='ocr_carea' id='block_1_115' title="bbox 1089 2426 1661 2468">
    <p class='ocr_par' dir='ltr' id='par_1_115' title="bbox 1089 2426 1661 2468">
     <span class='ocr_line' id='line_1_115' title="bbox 1089 2426 1661 2468; baseline 0 -13"><span class='ocrx_word' id='word_1_798' title='bbox 1089 2428 1156 2457; x_wconf 72' lang='grc' dir='ltr'>κατὰ</span> <span class='ocrx_word' id='word_1_799' title='bbox 1197 2429 1273 2468; x_wconf 79' lang='grc' dir='ltr'>φύσιν</span> <span class='ocrx_word' id='word_1_800' title='bbox 1318 2428 1456 2464; x_wconf 77' lang='grc' dir='ltr'>ἀκολουθίᾳ</span> <span class='ocrx_word' id='word_1_801' title='bbox 1502 2426 1661 2466; x_wconf 69' lang='grc' dir='ltr'>συμϐαῖνον,</span> 
     </span>
    </p>
   </div>
   <div class='ocr_carea' id='block_1_116' title="bbox 1689 2382 1927 2423">
    <p class='ocr_par' dir='ltr' id='par_1_116' title="bbox 1689 2382 1927 2423">
     <span class='ocr_line' id='line_1_116' title="bbox 1689 2382 1927 2423; baseline 0.004 -12"><span class='ocrx_word' id='word_1_802' title='bbox 1689 2382 1750 2411; x_wconf 75' lang='grc' dir='ltr'><strong>ἀλλ’</strong></span> <span class='ocrx_word' id='word_1_803' title='bbox 1778 2386 1851 2419; x_wconf 69' lang='grc' dir='ltr'><strong>αὖτῆ</strong></span> 
     </span>
    </p>
   </div>
   <div class='ocr_carea' id='block_1_117' title="bbox 1711 2429 1928 2469">
    <p class='ocr_par' dir='ltr' id='par_1_117' title="bbox 1711 2429 1928 2469">
     <span class='ocr_line' id='line_1_117' title="bbox 1711 2429 1928 2469; baseline 0.005 -13"><span class='ocrx_word' id='word_1_804' title='bbox 1711 2429 1749 2460; x_wconf 81' lang='grc' dir='ltr'>ὡς</span> <span class='ocrx_word' id='word_1_805' title='bbox 1787 2432 1828 2456; x_wconf 80' lang='grc' dir='ltr'>τῶ</span> <span class='ocrx_word' id='word_1_806' title='bbox 1864 2431 1928 2469; x_wconf 56' lang='lat' dir='ltr'><strong>rupi</strong></span> 
     </span>
    </p>
   </div>
   <div class='ocr_carea' id='block_1_118' title="bbox 1088 2471 1927 2513">
    <p class='ocr_par' dir='ltr' id='par_1_118' title="bbox 1088 2471 1927 2513">
     <span class='ocr_line' id='line_1_118' title="bbox 1088 2471 1927 2513; baseline 0.001 -13"><span class='ocrx_word' id='word_1_807' title='bbox 1088 2473 1154 2511; x_wconf 81' lang='grc' dir='ltr'>πρὸς</span> <span class='ocrx_word' id='word_1_808' title='bbox 1186 2472 1216 2500; x_wconf 75' lang='grc' dir='ltr'>τὸ</span> <span class='ocrx_word' id='word_1_809' title='bbox 1243 2472 1298 2512; x_wconf 77' lang='grc' dir='ltr'>φῶς</span> <span class='ocrx_word' id='word_1_810' title='bbox 1337 2473 1391 2500; x_wconf 77' lang='grc' dir='ltr'>ἐστι</span> <span class='ocrx_word' id='word_1_811' title='bbox 1419 2473 1449 2500; x_wconf 81' lang='grc' dir='ltr'>τὸ</span> <span class='ocrx_word' id='word_1_812' title='bbox 1480 2471 1506 2505; x_wconf 64' lang='grc' dir='ltr'><strong>ἕξ</strong></span> <span class='ocrx_word' id='word_1_813' title='bbox 1535 2474 1625 2503; x_wconf 76' lang='grc' dir='ltr'>αὐτοῦ.</span> <span class='ocrx_word' id='word_1_814' title='bbox 1650 2471 1695 2500; x_wconf 85' lang='grc' dir='ltr'><strong>Ἐν</strong></span> <span class='ocrx_word' id='word_1_815' title='bbox 1733 2473 1843 2505; x_wconf 85' lang='grc' dir='ltr'>τούτοις</span> <span class='ocrx_word' id='word_1_816' title='bbox 1876 2475 1927 2513; x_wconf 63' lang='grc' dir='ltr'>γὰρ</span> 
     </span>
    </p>
   </div>
   <div class='ocr_carea' id='block_1_119' title="bbox 1089 2515 1927 2556">
    <p class='ocr_par' dir='ltr' id='par_1_119' title="bbox 1089 2515 1927 2556">
     <span class='ocr_line' id='line_1_119' title="bbox 1089 2515 1927 2556; baseline 0.004 -12"><span class='ocrx_word' id='word_1_817' title='bbox 1089 2517 1214 2556; x_wconf 82' lang='grc' dir='ltr'>πρότερον</span> <span class='ocrx_word' id='word_1_818' title='bbox 1241 2518 1272 2545; x_wconf 84' lang='grc' dir='ltr'>τὸ</span> <span class='ocrx_word' id='word_1_819' title='bbox 1315 2517 1402 2546; x_wconf 71' lang='grc' dir='ltr'>α’ίτιον</span> <span class='ocrx_word' id='word_1_820' title='bbox 1437 2516 1561 2556; x_wconf 74' lang='grc' dir='ltr'>λέγομεν,</span> <span class='ocrx_word' id='word_1_821' title='bbox 1599 2515 1717 2556; x_wconf 77' lang='grc' dir='ltr'>δεύτερον</span> <span class='ocrx_word' id='word_1_822' title='bbox 1745 2515 1773 2545; x_wconf 76' lang='grc' dir='ltr'><strong>δὲ</strong></span> <span class='ocrx_word' id='word_1_823' title='bbox 1807 2519 1840 2546; x_wconf 76' lang='grc' dir='ltr'><strong>τὸ</strong></span> <span class='ocrx_word' id='word_1_824' title='bbox 1881 2518 1927 2547; x_wconf 72' lang='grc' dir='ltr'><strong>ἀπ’</strong></span> 
     </span>
    </p>
   </div>
   <div class='ocr_carea' id='block_1_120' title="bbox 1089 2560 1928 2602">
    <p class='ocr_par' dir='ltr' id='par_1_120' title="bbox 1089 2560 1928 2602">
     <span class='ocr_line' id='line_1_120' title="bbox 1089 2560 1928 2602; baseline 0.002 -13"><span class='ocrx_word' id='word_1_825' title='bbox 1089 2562 1178 2599; x_wconf 72' lang='grc' dir='ltr'>αὒτοῧ,</span> <span class='ocrx_word' id='word_1_826' title='bbox 1215 2564 1244 2591; x_wconf 72' lang='grc' dir='ltr'>οὗ</span> <span class='ocrx_word' id='word_1_827' title='bbox 1286 2561 1444 2600; x_wconf 72' lang='grc' dir='ltr'>διαστήματι</span> <span class='ocrx_word' id='word_1_828' title='bbox 1486 2562 1646 2602; x_wconf 77' lang='grc' dir='ltr'>χωρίζοντες</span> <span class='ocrx_word' id='word_1_829' title='bbox 1692 2560 1739 2589; x_wconf 75' lang='grc' dir='ltr'><strong>ἀπ’</strong></span> <span class='ocrx_word' id='word_1_830' title='bbox 1791 2562 1928 2598; x_wconf 64' lang='grc' dir='ltr'>ἀλλήλων</span> 
     </span>
    </p>
   </div>
   <div class='ocr_carea' id='block_1_121' title="bbox 1088 2606 1930 2647">
    <p class='ocr_par' dir='ltr' id='par_1_121' title="bbox 1088 2606 1930 2647">
     <span class='ocr_line' id='line_1_121' title="bbox 1088 2606 1930 2647; baseline 0 -13"><span class='ocrx_word' id='word_1_831' title='bbox 1088 2610 1182 2642; x_wconf 76' lang='grc' dir='ltr'>ταῦτα,</span> <span class='ocrx_word' id='word_1_832' title='bbox 1225 2607 1293 2635; x_wconf 72' lang='grc' dir='ltr'><strong>ἀλλὰ</strong></span> <span class='ocrx_word' id='word_1_833' title='bbox 1334 2611 1372 2644; x_wconf 86' lang='grc' dir='ltr'>τῷ</span> <span class='ocrx_word' id='word_1_834' title='bbox 1406 2607 1526 2647; x_wconf 79' lang='grc' dir='ltr'>λογισμῷ</span> <span class='ocrx_word' id='word_1_835' title='bbox 1561 2609 1607 2634; x_wconf 76' lang='grc' dir='ltr'>τοῦ</span> <span class='ocrx_word' id='word_1_836' title='bbox 1652 2606 1771 2635; x_wconf 71' lang='grc' dir='ltr'>αἰτιατοῦ</span> <span class='ocrx_word' id='word_1_837' title='bbox 1810 2618 1930 2647; x_wconf 71' lang='grc' dir='ltr'>προεπι-</span> 
     </span>
    </p>
   </div>
   <div class='ocr_carea' id='block_1_122' title="bbox 1089 2650 1932 2691">
    <p class='ocr_par' dir='ltr' id='par_1_122' title="bbox 1089 2650 1932 2691">
     <span class='ocr_line' id='line_1_122' title="bbox 1089 2650 1932 2691; baseline 0.001 -12"><span class='ocrx_word' id='word_1_838' title='bbox 1089 2656 1208 2684; x_wconf 81' lang='grc' dir='ltr'>νοοῦντες</span> <span class='ocrx_word' id='word_1_839' title='bbox 1250 2653 1281 2680; x_wconf 75' lang='grc' dir='ltr'>τὸ</span> <span class='ocrx_word' id='word_1_840' title='bbox 1323 2652 1420 2683; x_wconf 75' lang='grc' dir='ltr'>α’ἷτιον,</span> <span class='ocrx_word' id='word_1_841' title='bbox 1455 2655 1515 2684; x_wconf 79' lang='grc' dir='ltr'><strong>Πῶς</strong></span> <span class='ocrx_word' id='word_1_842' title='bbox 1553 2651 1596 2679; x_wconf 78' lang='grc' dir='ltr'>οὖν</span> <span class='ocrx_word' id='word_1_843' title='bbox 1632 2650 1740 2690; x_wconf 71' lang='grc' dir='ltr'>εὔλογον</span> <span class='ocrx_word' id='word_1_844' title='bbox 1783 2651 1932 2691; x_wconf 68' lang='grc' dir='ltr'>ἀρνεῖσθαι</span> 
     </span>
    </p>
   </div>
  </div>
