1958 3081
67 167 140 200 1129

520 169 568 201 DE
591 169 845 201 PROGESSIONE
866 167 897 198 S.
921 167 1097 199 SPIRITUS
1117 168 1231 200 ORAT.
1255 169 1280 199 Ι.

1667 167 1743 200 H30

61 235 106 263 Διὰ
125 240 199 265 τοῦτο
227 238 276 278 γὰρ
305 239 348 266 καὶ
375 238 423 272 τῆς
452 239 534 269 αἰτίας
569 239 625 266 εἰπε
661 237 728 274 μετὰ
748 237 798 270 τῆς
827 248 834 261 τ

970 245 985 271 ι,
1015 235 1094 275 quod
1122 244 1157 266 ea
1171 234 1214 265 illi
1229 234 1303 266 insit
1332 243 1385 274 per
1401 234 1519 273 Filium,
1550 239 1582 265 ut
1598 239 1659 266 tota
1689 235 1743 266 bac

62 278 149 320 ἄρθρου
174 283 338 321 προσθήκὴς⁷
370 284 399 311 οὗ
420 283 473 321 μὴν
497 283 578 313 αἷτίας
608 281 710 319 ἁπλῶς,
740 283 775 314 ὡς
797 281 878 315 οῧσης

59 326 187 364 γνωρίμου
222 327 319 360 ταύτης
347 329 391 356 καὶ
419 330 579 367 προφανοῦς.
617 326 755 365 Ἐπήγαγε
784 326 876 363 μέντοι

59 370 100 397 καὶ
129 372 240 410 προϊὼν,
271 372 338 400 ὥστε
373 376 419 401 τοῦ
461 372 541 411 λόγου
570 375 617 410 τῇς
658 372 742 402 αἰτίας
777 371 877 409 ὑπεξῃ-

58 414 169 451 ρημένου
225 416 252 444 ἐν
309 416 402 454 μηδενὶ
456 417 504 450 τὴν
559 417 634 455 ἁγίαν
675 415 771 455 Τριάδα
813 416 878 456 πρὸς

62 457 154 493 ἑαυτήν
191 462 354 501 ἀσυμφώνως
397 461 483 501 ἔχειν,
512 464 651 500 πανταχίοῦ
678 459 792 496 συνᾴδων
834 461 878 488 αὑ-

56 502 100 534 τὸς
135 504 230 542 ἐαυτῷ.
275 507 436 544 Μεμνῆμεθα
471 506 520 544 γὰρ
553 505 752 544 παραγαγόντες
785 508 877 532 τοῦτον

57 545 152 575 ἀνωθεν
174 553 218 577 τοῦ
239 549 319 589 λόγου
338 550 431 579 τούτου
451 550 495 578 καὶ
516 550 653 589 καταρχὰς
681 550 746 588 πρὸς
776 548 876 577 Ἀϐλά-

53 589 110 618 ϐιον
131 593 199 622 οὕτω
228 593 340 634 λέγοντα
357 603 363 609 '
395 595 431 623 Τὸ
466 593 667 633 ἀπαράλλακτον
699 594 747 628 τῆς
775 594 875 633 φύσεως

54 634 256 678 ὁμολογοῦντες,
299 639 348 672 τὴν
383 638 451 666 κατὰ
494 639 523 666 τὸ
565 637 653 665 αἴτιον
688 638 731 665 καὶ
759 638 876 665 αἰτιατὸν

54 677 177 720 διαφορὰν
208 677 254 710 οὐκ
282 683 439 721 ἀρνούμεθα,
476 682 503 710 ἐν
538 683 560 719 ᾧ
605 682 678 719 μόνῳ
705 680 875 722 διακρίνεσθαι

49 723 79 750 τὸ
116 723 202 765 ἕτερον
231 728 276 755 τοῦ
303 727 391 767 ἐτέρου
425 725 617 764 κατελάϐομεν.
648 726 756 757 Πάντως
788 726 875 754 αἴτιον

48 768 92 795 καὶ
127 771 243 799 αἱτιατὸν
271 771 364 806 εἰπών⁹
395 772 424 799 οὒ
451 770 535 806 δήπου
576 772 624 805 τὴν
645 770 769 810 διαφορὰν
791 770 875 808 μόνην

48 811 167 847 ἐδήλωσε
197 819 243 844 τοῦ
272 817 373 856 Πατρὸς
395 817 460 855 πρὸς
482 816 527 843 τὸν
559 817 617 843 ι’ίὸν
646 816 742 843 καὶτὸ
770 816 875 852 Πνεῧμα

47 857 78 884 τὸ
108 859 197 898 ἅγιον,
229 860 296 889 ἀλλὰ
324 862 368 889 καὶ
389 861 438 894 τὴν
458 865 503 889 τοῦ
536 861 595 888 Υἷοῦ
619 861 684 899 πρὸς
712 860 787 890 αὐτό.
826 857 875 888 Καὶ

919 278 1053 310 oratione
1065 279 1297 310 demonstratum
1309 278 1531 319 estPropterea
1543 280 1621 310 enim
1633 289 1741 317 causae,

919 325 967 356 τῆς
990 323 1175 364 αἰτίαςβὶχίι,
1192 323 1293 354 addito
1306 323 1444 360 articulo,
1457 333 1516 354 non
1525 333 1632 362 causae,
1647 324 1740 361 αἰτίας,

918 367 1103 407 simpliciter,
1122 377 1190 399 cum
1206 368 1257 398 illa
1271 371 1352 398 esset
1377 367 1492 398 nemini
1508 378 1567 399 non
1581 368 1697 408 cognita
1714 372 1744 400 et

919 411 1084 442 manifesta.
1113 413 1147 442 Et
1174 412 1356 452 procedente
1385 412 1517 443 oratione
1557 413 1740 444 subnexuit:

919 456 1003 486 Adeo
1019 459 1052 487 ut
1066 465 1164 488 causae
1184 457 1304 487 ratione
1319 461 1470 497 exempta,
1490 466 1523 488 ιη
1538 457 1622 488 nullo
1638 461 1743 488 sancta

921 499 1010 531 Trias
1030 501 1064 531 in
1079 504 1239 541 semetipsa
1254 501 1455 541 discordaret,
1480 501 1590 542 ubique
1604 502 1741 533 sibimet-

918 543 974 584 ipsi
989 554 1125 576 concors.
1143 545 1245 585 Neque
1268 545 1347 575 cnim
1363 545 1448 576 obliti
1464 555 1567 577 sumus
1591 555 1645 577 nos
1659 547 1741 586 ejus-

917 589 985 620 dem
998 589 1122 629 hujusce
1137 589 1280 620 orationis
1295 590 1441 630 principio
1457 591 1486 621 in
1516 591 1646 621 medium
1662 595 1741 621 attu-

919 632 987 663 lisse
1002 634 1039 664 ad
1055 633 1213 665 Ablabium
1225 633 1328 671 verba,
1346 643 1466 674 nempe,
1483 634 1702 666 Immutabilem
1713 639 1741 666 et

915 685 972 716 per
982 678 1217 709 omniasimitem
1228 682 1370 710 naturam
1382 679 1564 718 conﬁtentes.
1576 680 1740 710 discrimen

917 724 993 752 inter
1009 731 1129 753 causam
1154 725 1183 754 et
1201 722 1337 762 effectum
1350 732 1411 754 non
1426 724 1610 764 inﬁciamur,
1634 726 1666 754 in
1681 732 1739 764 quo

916 766 1014 797 solum
1024 767 1084 805 disj
1088 767 1163 806 ungi
1175 766 1306 797 alterum
1317 767 1354 798 ab
1368 767 1463 798 altero
1473 768 1737 808 deprehendimus.

916 808 1043 841 Omnino
1059 820 1176 841 causam
1189 816 1217 841 et
1231 811 1367 842 etl‘ectum
1384 812 1445 842 sive
1461 817 1609 843 causatum
1623 813 1736 850 dicens,

917 863 976 884 non
993 858 1103 886 tantum
1120 856 1317 886 ditl‘erentiam
1352 855 1447 887 Patris
1461 861 1597 896 respectu
1614 857 1692 894 Filii,
1710 862 1739 888 et

47 902 98 946 γὰρ
131 909 213 933 ταῦτα
252 907 354 944 προθείς
397 905 514 946 ἐπιφέρει
552 904 612 942 μετ’
645 904 722 943 ὀλίγα
756 904 818 932 λοιπ

963 899 1161 946 ἱπίιιιελξεηριιγ,
1174 900 1225 946 sed
1241 905 1271 931 et
1285 900 1350 932 Filii
1361 910 1477 942 quoque
1488 907 1624 942 respectu
1639 902 1736 942 Spiri-

48 942 113 976 ιὈτι
159 950 188 978 τὸ
231 950 279 987 μὲν
321 954 461 990 προσεχῶς
503 952 533 978 εκ
574 955 620 979 τοῦ
649 949 765 989 πρώτου,
794 949 825 977 τὸ
848 948 874 977 δὲ

45 991 89 1020 διὰ
128 994 176 1022 τοῦ
217 998 357 1035 προσεχῶς
405 994 435 1023 ἐκ
483 998 529 1022 τοῦ
565 995 680 1033 πρώτου.
719 994 748 1022 Τί
777 992 875 1021 τούτων

46 1036 221 1078 σαφέστερον,
246 1039 272 1066 ε’ί
299 1050 339 1070 τις
360 1039 443 1067 ἒθέλει
471 1046 532 1070 ταῖς
555 1038 636 1069 θείαις
667 1041 784 1077 Γραφαϊς
813 1039 875 1065 επι-

43 1079 154 1110 ϐάλλειν
184 1083 277 1122 ὀρθῶς,
302 1084 345 1111 καὶ
373 1084 438 1123 πρὸς
478 1086 531 1111 τῶν
553 1083 633 1122 ἁγίων
657 1082 780 1121 Πατέρων
808 1083 875 1110 ἁπο-

43 1123 155 1154 ϐλέπειν
183 1128 282 1156 σκοπόν
302 1137 310 1168 ;
334 1127 443 1161 Ἐπειδὴ
473 1128 521 1167 γὰρ
544 1127 652 1155 ἐνταῦθα
676 1127 721 1154 τὸν
745 1126 792 1164 μέν
822 1130 875 1155 Πα-

42 1170 106 1209 τέρα
137 1174 217 1212 φησὶν
247 1171 348 1209 αἴτιον,
392 1171 418 1205 ἒξ
447 1173 530 1204 αἰτίας
553 1171 579 1199 δὲ
607 1172 653 1200 τὸν
678 1172 737 1199 Υὶὸν
766 1171 809 1198 καὶ
842 1172 873 1199 τὸ

45 1216 156 1253 Πνεῦμα
178 1217 208 1244 τὸ
237 1216 325 1255 ἅγιον,
350 1216 421 1250 πλὴν
443 1217 487 1244 τὸν
503 1217 551 1253 μὲν
574 1216 633 1243 Υὶὸν
661 1216 814 1255 προσεχὼς,
844 1217 874 1244 τὸ

43 1257 67 1274 ἢ).
152 1264 161 1268 -
220 1260 231 1270 κ
246 1261 251 1268 I
304 1261 317 1267 υ
442 1263 452 1268 ~
502 1260 517 1270 Jl
577 1259 588 1269 '\
603 1261 608 1266 ι
662 1263 672 1268 ~
707 1260 722 1270 ιο
742 1265 752 1269 ς
844 1263 854 1267 -ι

40 1266 69 1286 οι
94 1262 203 1298 Πνευμα
217 1268 259 1288 οια
271 1272 318 1290 του
330 1272 484 1301 προσεχως,
501 1271 560 1294 ητοι
574 1268 616 1289 οια
630 1271 675 1288 τοι)
695 1264 765 1300 ὶιου,
786 1259 874 1291 καλως

41 1303 136 1332 ἐκεῖσε
159 1307 365 1345 προθεωρετσθαι
398 1309 488 1334 τοῦτον
526 1303 620 1344 εἴρηκε
649 1305 718 1332 κατᾶ
745 1305 790 1332 τὸν
827 1305 874 1338 τῆς

40 1348 131 1381 αἰτίας
161 1349 240 1388 λόγον
281 1353 331 1383 τῆς
365 1355 411 1380 τοῦ
446 1350 598 1387 Πνεύματος
627 1349 808 1388 ὑποστάσεως,
834 1348 874 1377 ὅτι

38 1391 74 1419 δι’
101 1394 162 1422 Υἱοῧ
183 1395 281 1428 ταύτην
306 1394 365 1434 ἔχει
381 1396 411 1423 τὸ
442 1398 547 1432 Πνεῦμα
569 1394 640 1433 παρὰ
655 1394 768 1433 Πατρος.
786 1393 874 1426 Οὕτως

39 1438 100 1476 εγὼ
126 1440 171 1466 καὶ
206 1439 254 1472 τὴν
297 1439 345 1472 τῆς
386 1439 515 1472 πατρικῆς
553 1439 650 1472 ταύτης
679 1436 874 1476 καταλαμϐάνω

39 1483 171 1521 χρήσεως
203 1483 324 1521 δύναμιν,
354 1483 380 1516 ἐξ
409 1483 437 1512 οὗ
465 1484 509 1512 καὶ
540 1484 570 1511 τὸ
592 1483 672 1522 σοφὸν
694 1482 779 1510 αὖτῶν
800 1483 874 1522 τάχα

919 948 965 974 tus
976 944 1182 975 manifestavit.
1196 945 1267 976 Cum
1280 945 1428 985 enimjam
1445 946 1540 986 posita
1556 946 1735 987 protulisset,

917 989 1018 1028 paucis
1032 989 1156 1028 adjectis
1171 989 1318 1020 subinfert
1330 998 1336 1021 :
1349 990 1550 1030 Namquehoc
1569 992 1682 1031 [itidem
1695 996 1737 1022 est

915 1033 1088 1064 immediate
1099 1043 1117 1064 α
1127 1037 1239 1074 primo,
1252 1034 1308 1066 hoc
1318 1043 1389 1066 vero
1399 1044 1437 1066 ea:
1445 1036 1587 1075 contiguo
1600 1045 1618 1065 α
1626 1037 1736 1076 primo.

915 1078 961 1108 An
978 1077 1036 1108 dici
1052 1082 1147 1118 potest
1172 1079 1313 1118 apertius,
1331 1079 1356 1109 si
1371 1081 1435 1119 quis
1448 1079 1556 1110 divinis
1575 1079 1739 1120 Scripturis

914 1126 1026 1152 retam
1043 1127 1172 1153 mentem
1189 1123 1363 1160 intendere,
1381 1128 1410 1155 et
1435 1128 1602 1154 sanctorum
1619 1125 1737 1156 Patrum

915 1167 1091 1197 sententiam
1117 1167 1226 1198 intueri
1243 1168 1325 1198 vult?
1348 1168 1420 1199 Cum
1449 1168 1528 1199 enim
1546 1169 1594 1199 hic
1622 1169 1737 1200 Patrem

916 1211 1036 1250 quidem
1065 1216 1148 1243 vocet
1165 1221 1294 1250 causam,
1323 1221 1357 1243 ex
1374 1222 1462 1243 causa
1486 1222 1554 1244 vero
1571 1213 1679 1244 Filium
1710 1218 1739 1244 et

916 1254 1058 1295 Spiritum
1073 1261 1219 1295 sanctum,
1236 1258 1286 1288 sed
1306 1257 1410 1288 Filium
1437 1258 1622 1296 immediate,
1640 1258 1737 1298 Spiri-

917 1303 977 1330 tum
1007 1309 1077 1331 vero
1105 1310 1159 1341 per
1173 1301 1201 1331 id
1219 1303 1296 1341 quod
1326 1302 1498 1333 immediate
1528 1307 1583 1340 est,
1607 1303 1668 1333 sive
1685 1312 1738 1343 per

917 1344 1034 1382 Filium,
1050 1346 1128 1376 bene
1144 1345 1184 1376 ibi
1200 1354 1266 1376 eum
1280 1346 1480 1387 prmiutelligi
1492 1347 1583 1384 dixit,
1602 1347 1739 1387 Spiritus

915 1388 1067 1428 hypostasi
1076 1390 1243 1421 secundum
1258 1399 1358 1421 causae
1372 1392 1612 1431 rationem,quod
1625 1401 1678 1432 per
1693 1392 1738 1423 Fi-

915 1433 986 1463 lium
1003 1442 1068 1464 eam
1084 1434 1173 1464 habet
1188 1435 1314 1474 Spiritus
1328 1445 1363 1466 ex
1384 1435 1482 1466 Patre.
1499 1435 1548 1466 Sic
1565 1437 1628 1476 ipse
1642 1435 1738 1467 Patris

916 1478 1041 1516 hujusce
1056 1478 1146 1509 verba
1160 1479 1296 1519 concipio
1317 1488 1351 1511 ac
1367 1480 1452 1519 plane
1467 1480 1612 1519 intelligo,
1629 1480 1738 1521 quibus

36 1527 84 1555 καὶ
116 1526 363 1568 δυσκαταγώνιστον
392 1528 613 1568 ἀνατρέτραπται,
641 1525 805 1560 καταϐληθὲν

963 1527 991 1553 te
1005 1523 1125 1562 sapiens
1137 1525 1310 1554 eorumdem
1327 1525 1442 1564 argutia
1458 1529 1486 1555 et
1502 1529 1671 1566 exliugnatu
1683 1524 1736 1555 dif.

33 1571 146 1611 βάθρων
168 1574 266 1609 αὐτῶν,
295 1573 364 1601 ὣστε
398 1573 443 1601 καὶ
478 1573 574 1610 μείζων
603 1575 649 1600 τοῦ
684 1571 835 1608 Πνεύματος
857 1573 871 1599 ὁ

34 1616 114 1657 Υἱὸς,
138 1619 190 1657 οὔχ
215 1616 256 1645 ὅτι
285 1617 356 1656 παρὰ
381 1618 426 1646 τὸν
442 1617 547 1655 Πατέρα
563 1617 608 1645 τοῦ
631 1617 782 1654 Πνεύματος
812 1615 870 1644 ἕτε-

32 1670 82 1698 ρον
122 1661 198 1694 οὗτος
227 1661 325 1698 αἴτιον,
357 1661 416 1690 ἀλλ’
453 1661 492 1690 ὅτι
521 1662 570 1695 τὴν
592 1660 622 1689 ἐκ
657 1661 759 1700 Πιτρὸς
788 1661 871 1689 αἰτίαν

31 1705 80 1732 καὶ
105 1706 157 1740 τὴν
179 1706 267 1746 ἀρχὴν
289 1706 348 1747 ἔχει
372 1710 478 1745 Πνεῦμα
499 1706 541 1734 διὰ
563 1709 608 1734 τοῦ
628 1707 700 1735 Tim}.
719 1706 766 1733 Διὸ
793 1707 836 1733 καὶ
858 1707 872 1734 ὁ

34 1749 134 1789 Πατὴρ
168 1751 255 1782 αἴτιος
295 1752 343 1789 μὲν
386 1751 553 1791 ἀμφοτέρων,
600 1754 646 1778 τοῦ
672 1761 701 1777 τε
735 1750 793 1778 Υῐιιυ
827 1751 871 1779 καὶ

33 1798 84 1822 τοῦ
109 1795 277 1832 ΙΙνεύματος,
308 1795 376 1823 ἀλλὰ
401 1801 445 1825 τοῦ
476 1796 524 1833 μὲν
562 1796 617 1823 ι’ἶοῠ
643 1797 796 1834 προσεχῶς,
825 1798 871 1823 τοὺ

29 1836 59 1864 δὲ
97 1840 252 1876 Πνεύματος
280 1839 321 1868 διὰ
343 1843 388 1869 τοῦ
424 1842 495 1871 Υἱοῦ,
528 1839 610 1869 Τοῦτο
638 1840 682 1867 καὶ
712 1840 726 1867 ὁ
747 1839 870 1878 μέγιστος

29 1883 76 1910 καὶ
110 1883 344 1922 δογματικώτατος
373 1884 491 1922 Μάξιμος
522 1884 549 1912 ἕν
572 1895 622 1913 τινι
645 1884 709 1923 πρὸς
739 1882 871 1912 Ἐλπίδιον

29 1928 97 1965 περὶ
129 1929 236 1967 ἀγάπης
275 1929 423 1969 κεφαλαίων
462 1930 540 1958 αὑτοῦ
575 1927 715 1968 διαῤῥήδην
743 1929 803 1968 βοᾷ,
826 1930 871 1957 τὸν

29 1970 120 2011 λόγον
166 1972 236 2001 οὕτω
277 1972 397 2006 διατιθείς
415 1982 421 1989 ·
452 1969 562 2014 ιὨσπερ
587 1973 672 2004 αἴτιος
707 1978 753 2003 τοῦ
790 1973 870 2013 λόγου

25 2020 106 2056 νοῦς,
141 2016 211 2045 οὕτω
249 2018 293 2046 καὶ
320 2022 365 2047 τοῦ
397 2018 559 2056 πνεύματος,
589 2017 631 2046 διὰ
663 2017 743 2055 μέσου
770 2016 796 2045 δὲ
825 2021 871 2046 τοῦ

24 2059 117 2100 λόγου
134 2070 141 2077 ·
174 2062 219 2090 καὶ
247 2062 335 2102 ὥσπερ
370 2065 400 2093 οὗ
426 2062 554 2101 δυνάμεθα
590 2063 676 2090 εἷπττν
712 2062 757 2090 τὸν
791 2061 870 2100 λόγον

28 2105 111 2134 εἶναι
152 2106 200 2140 τῆς
235 2110 336 2145 φωνῆς,
375 2107 458 2140 οὕτως
495 2107 554 2136 οὐδὲ
596 2108 640 2136 τὸν
680 2107 740 2135 Υἱὸν
782 2106 869 2146 λέγειν

27 2154 80 2178 τοῦ
113 2151 281 2188 Πνεύματος.
315 2153 365 2181 Καὶ
409 2153 422 2180 ὃ
456 2152 627 2189 Δαμασκόθεν
663 2152 742 2192 σοφὸς
772 2151 868 2180 Ἰωάν-

912 1565 998 1596 ﬁcilis
1014 1567 1157 1598 evertitur
1168 1568 1300 1598 t‘undilus
1311 1568 1435 1608 disjecta
1446 1579 1454 1606 ;
1466 1569 1540 1599 adeo
1555 1574 1586 1599 ut
1597 1573 1626 1600 et
1642 1569 1738 1609 major

912 1610 1024 1650 Spiritu
1042 1611 1151 1643 Filius:
1171 1621 1227 1642 non
1245 1613 1324 1652 quod
1351 1617 1460 1652 praeter
1474 1615 1592 1645 Patrem
1609 1613 1666 1644 alia
1689 1613 1737 1644 hic

913 1664 999 1685 cau~a
1015 1661 1070 1692 est,
1087 1657 1139 1686 sed
1158 1665 1194 1687 ex
1213 1658 1297 1688 Patre
1312 1666 1428 1688 causam
1445 1662 1472 1688 et
1489 1658 1668 1698 principium
1686 1658 1737 1689 ba-

913 1699 962 1730 bet
976 1700 1104 1740 Spiritus
1120 1710 1172 1741 per
1188 1701 1305 1732 Filium.
1323 1702 1453 1742 Ideoque
1478 1704 1566 1734 Pater
1580 1703 1736 1734 amborum

912 1744 979 1774 Filii
994 1750 1022 1775 et
1033 1744 1159 1785 Spiritus
1175 1755 1262 1776 causa
1275 1750 1329 1783 est,
1348 1747 1399 1777 sed
1417 1747 1483 1778 Filii
1499 1747 1619 1788 quidem
1632 1747 1736 1778 imme-

913 1789 1002 1830 diate,
1020 1791 1146 1830 Spiritus
1161 1800 1229 1821 vero
1246 1800 1299 1831 per
1313 1791 1432 1822 Filium.
1450 1791 1513 1822 Hoc
1529 1792 1615 1823 etiam
1639 1792 1734 1822 maxi-

914 1843 978 1864 mus
994 1839 1022 1864 et
1033 1835 1062 1865 in
1072 1835 1257 1875 dogmatibus
1268 1836 1440 1867 asset-endis
1450 1837 1578 1868 eximius
1590 1836 1734 1867 Maximus

911 1879 940 1909 in
971 1888 1028 1909 uno
1043 1880 1080 1910 de
1107 1880 1250 1911 (-haritate
1278 1881 1314 1911 ad
1330 1881 1480 1922 Elpidium
1507 1882 1603 1922 capite
1631 1885 1736 1922 aperte

912 1923 1027 1961 clamat,
1041 1924 1079 1955 ita
1089 1925 1251 1956 oralionem
1264 1925 1445 1965 disponens:
1464 1926 1733 1964 Quemadmodum

912 1977 1002 1999 causa
1015 1969 1099 2000 verbi
1109 1971 1249 2006 mens,sic
1264 1973 1291 2001 et
1300 1971 1436 2010 spiritus,
1451 1972 1502 2001 sed
1511 1971 1609 2002 medio
1619 1972 1712 2003 verbo
1725 1984 1734 2010 ;

910 2014 1199 2054 etguemadmodum
1227 2023 1287 2045 non
1313 2024 1469 2054 possumus
1484 2015 1586 2046 dicere
1615 2016 1735 2048 verbum

910 2067 972 2089 esse
986 2060 1076 2095 vocis,
1093 2059 1163 2098 pari
1177 2059 1265 2089 modo
1279 2068 1333 2090 nec
1346 2059 1464 2090 Filium
1479 2058 1625 2098 Spiritus.
1640 2061 1676 2091 Et
1691 2070 1736 2092 sa-

910 2102 994 2142 piens
1006 2101 1136 2133 Joannes
1161 2104 1363 2134 Damascenus
1377 2103 1415 2134 de
1429 2103 1536 2134 divinis
1561 2104 1734 2136 nominibus

909 2147 1083 2187 capite,Per
1098 2147 1557 2188 Verbum,ait,Paterproductor
1568 2151 1734 2181 recelantis

24 2206 79 2228 νης
106 2195 136 2224 ἒν
165 2199 204 2233 τῷ
218 2197 275 2235 περὶ
299 2197 374 2225 θείων
402 2197 539 2235 ὀνομάτων
566 2191 712 2236 κεφαλαίων,
737 2196 785 2224 Διὰ

960 2192 1059 2223 ἐνίαις.
1073 2191 1156 2227 Quod
1173 2192 1253 2222 enim
1269 2193 1310 2223 ibi
1325 2201 1428 2230 causa,
1447 2193 1503 2223 hoc
1519 2193 1597 2224 idem
1612 2195 1733 2225 omnino

22 2251 91 2278 γου,
140 2241 230 2281 φησὶν,
275 2242 289 2269 ὁ
333 2243 425 2281 Πατὴρ
482 2240 623 2280 προϐολεὺς
679 2240 867 2281 ἒκφαντορικοῦ

22 2280 209 2324 Πνεύματος.
240 2280 279 2314 ιὈ
315 2286 364 2325 γὰρ
386 2280 444 2314 ἐκεῖ
466 2287 589 2325 σημαίνει
620 2287 650 2314 τὸ
672 2280 769 2322 αἴτιος,
791 2289 867 2314 τοῦτο

21 2329 162 2366 βούλεται
192 2331 298 2364 πάντως
327 2330 414 2359 ἐνθάδε
446 2332 475 2360 τὸ
513 2330 667 2371 προϐολεὺς.
698 2331 796 2360 nam
817 2330 867 2370 γὰρ

20 2374 175 2415 ἀμφότερα
192 2383 199 2390 '
223 2376 356 2415 τοιγάρτοι
392 2377 435 2404 καὶ
462 2376 524 2414 μίαν
556 2375 585 2404 ἐκ
612 2375 712 2404 τούτων
747 2374 866 2414 ἑκάτεροι

19 2416 218 2452 δεδηλώκασιν
255 2419 368 2450 ἔννοιαν.
409 2419 481 2460 Ἐγὼ
508 2419 530 2448 δ’
559 2419 619 2448 ἀλλ’
649 2419 697 2448 οὐκ
724 2419 755 2447 ἃν
784 2420 866 2447 αἰτίαν

20 2464 134 2502 σχοίην
163 2465 200 2496 ὡς
229 2464 335 2498 ἀληθῶς
365 2465 602 2506 πολυπράγμονος,
624 2465 646 2493 εἰ
672 2465 716 2492 καὶ
738 2465 768 2492 τὸ
790 2463 865 2496 τέλος

17 2508 74 2541 τῆς
120 2513 170 2538 τοῦ
216 2509 334 2548 μεγάλου
379 2510 498 2549 Μαξίμου
543 2510 645 2549 ῥήσεως
679 2507 864 2549 ἐπαναλαϐὼν,

20 2553 222 2588 προσεξετάσω
243 2554 275 2581 τὰ
303 2554 408 2593 μεγάλα
445 2566 490 2593 μοι
526 2555 570 2583 καὶ
599 2554 662 2582 αὑτὸ
694 2558 864 2593 συγκροτοῦν.

21 2593 147 2637 ιὨσπερ
175 2599 235 2637 γαρ,
265 2599 355 2638 φηςιὶν²
381 2599 410 2628 οὗ
438 2599 567 2638 δυνάμεθα
596 2599 682 2627 εἰπεῖν
710 2600 755 2627 τὸν
785 2598 864 2638 λόγον

18 2642 101 2670 εἶναι
152 2641 200 2675 τῆς
243 2643 344 2681 φωνῆς,
381 2643 463 2676 οὕτως
506 2643 563 2673 οὐδὲ
603 2643 648 2672 τὸν
683 2643 743 2671 Υὶὸν
776 2642 862 2682 λέγειν

18 2689 71 2714 τοῦ
112 2686 279 2723 Πνεύματος.
325 2683 418 2722 ’Ἀλλη
460 2689 509 2721 τῆς
551 2689 668 2716 ὲντεῦθεν
715 2687 862 2720 ὑποθέσεως

12 2730 156 2771 ἀφορμή,
183 2729 232 2763 τὴν
266 2731 344 2769 ἡμῶν
363 2732 537 2773 διαφερόντως
558 2735 705 2761 συνιστῶσα
733 2731 860 2764 διάνοιαν,

10 2775 44 2802 Ei.
80 2776 137 2815 γὰρ
166 2773 255 2811 ὥσπερ
291 2777 320 2805 οὐ
341 2776 470 2816 δυνάμεθα
498 2777 584 2805 εἰπεῖν
611 2778 658 2805 τὸν
682 2775 763 2815 λόγον
790 2776 861 2807 εἶναι

14 2821 75 2853 ﬁt:
108 2819 214 2858 φωνῆς,
238 2818 320 2853 οὕτως
343 2821 400 2850 ossa
430 2822 475 2850 τὸν
503 2822 562 2850 Υῑδν
595 2821 681 2860 λέγειν
703 2820 750 2850 τοῦ
777 2821 860 2849 Evad-

213 2883 345 2919 Panos.
369 2888 425 2921 Gn.
449 2887 552 2919 CXLI.

911 2237 958 2266 hic
970 2236 1134 2276 productor
1148 2236 1304 2275 signiﬁcat.
1321 2237 1403 2267 ldem
1419 2236 1499 2268 enim
1516 2243 1600 2269 Sonat
1618 2243 1735 2269 utrum-

909 2292 978 2322 que,
994 2282 1121 2322 ideoque
1133 2287 1162 2313 et
1174 2293 1262 2313 unam
1279 2283 1426 2314 similibus
1439 2283 1536 2315 verbis
1552 2285 1732 2316 sententiam

908 2331 1034 2367 uterque
1058 2327 1208 2358 indicavit.
1239 2326 1309 2359 Mihi
1341 2337 1410 2359 vero
1435 2337 1523 2359 nemo
1550 2329 1734 2362 curiositatis

909 2376 1009 2402 notam
1026 2380 1094 2402 vere
1123 2372 1233 2412 inuret,
1250 2373 1274 2402 si
1290 2373 1380 2403 ﬁnem
1411 2373 1509 2411 magni
1527 2373 1645 2404 Maximi
1661 2374 1734 2405 dicti

907 2425 1076 2457 resumens,
1093 2417 1222 2448 examini
1237 2417 1405 2458 subjiciam,
1417 2418 1496 2458 quod
1513 2418 1543 2448 in
1558 2427 1621 2449 rem
1635 2429 1732 2451 meam

908 2464 937 2492 et
949 2461 1078 2492 maxime
1103 2462 1260 2492 conducet.
1278 2462 1540 2500 Quemadmodum
1567 2465 1661 2502 enim,
1679 2465 1732 2500 ait,

906 2515 967 2537 non
995 2515 1153 2546 possumus
1177 2507 1303 2538 verbum
1317 2508 1418 2539 dicere
1441 2509 1530 2546 vocis,
1549 2510 1624 2548 pari
1642 2511 1732 2541 modo

906 2559 1004 2590 neque
1015 2551 1130 2582 Filium
1146 2551 1288 2591 Spiritus.
1306 2552 1385 2584 Hinc
1400 2552 1458 2583 alia
1474 2552 1561 2584 nobis
1576 2562 1733 2592 argumen-

907 2595 988 2626 tandi
1005 2605 1077 2626 ansa
1088 2597 1185 2636 datur,
1203 2605 1268 2636 qua:
1279 2602 1411 2628 nostram
1424 2598 1601 2628 sententiam
1615 2599 1733 2639 egregie

906 2640 1073 2672 confirmat.
1084 2641 1202 2672 Etenim
1210 2641 1375 2682 si,quemad
1382 2642 1500 2673 modum
1509 2652 1568 2673 non
1576 2652 1735 2683 possumus

905 2685 1006 2716 dicere
1014 2685 1137 2716 verbum
1154 2695 1220 2716 esse
1230 2687 1321 2723 vocis,
1337 2686 1400 2727 pari
1411 2688 1500 2718 modo
1516 2696 1613 2727 neque
1625 2687 1733 2718 Filium

905 2729 1050 2771 Spiritus;
1081 2739 1238 2771 possumus
1259 2741 1340 2769 vero,
1369 2732 1432 2763 vice
1461 2741 1558 2770 versa,
1587 2732 1731 2773 Spiritum

905 2784 1013 2815 nempe
1047 2774 1115 2806 Filii
1145 2775 1258 2812 dicere,
1290 2777 1540 2817 quemadmodum
1572 2780 1602 2807 et
1629 2785 1729 2807 vocem

903 2818 1005 2851 Verbi.
1021 2819 1074 2851 His
1088 2820 1235 2852 calculum
1250 2821 1362 2853 addunt
1386 2820 1547 2861 Gregorius
1566 2820 1730 2870 Nyssenus,

1449 2888 1487 2920 36
