1958 3081
186 128 264 161 1133

634 130 683 161 DE
712 127 966 160 PROCESSIONE
989 128 1019 158 S.
1043 125 1221 159 SPIRITUS
1244 128 1357 159 ORAT.
1386 129 1410 159 Ι.

1796 129 1872 162 1134

180 195 311 234 παρόντος
339 198 502 230 κατανοῆσαι
537 196 691 233 ζητήματος
713 194 741 223 οῗ
776 205 806 234 γε
832 194 1101 234 μετριώτεροιΛθει,

1087 198 1101 231 t,
1127 203 1181 225 nec
1203 194 1269 224 aliis
1293 194 1504 235 concordibus,
1529 195 1636 236 quibus
1653 199 1760 227 nostra)
1776 205 1873 228 causa

181 239 321 278 γεγονότες
349 242 379 268 ὲκ
403 244 448 269 τοῦ
475 240 586 268 συνιέναι
622 240 670 273 τὴν
709 240 773 279 πρὸς
806 240 878 276 ἡμᾶς
908 239 1004 272 ταύτην

183 284 346 323 ἀντίστασιν,
377 288 421 317 αῖς
457 285 548 323 μόναις
582 285 627 313 καὶ
657 285 756 316 πάντας
783 284 871 324 χρεὼν
896 285 1005 318 εῦήκοον

179 329 226 361 οὖς
269 331 468 370 παρασχόντας,
510 336 571 361 ταῖς
619 331 704 359 αὖτῶν
743 329 852 360 ἐννοίαις
895 328 1005 359 δεόντως

180 381 327 414 προσχεῖν,
357 375 400 402 καὶ
430 375 468 411 μὴ
495 373 575 402 πλέον
601 377 653 402 τῶν
681 373 806 402 τοιούτων
827 373 862 405 εἷς
887 373 935 406 τὴν
956 375 1006 405 τῆς

181 417 307 450 ἀληθείας
338 419 500 458 παράστασιν
525 419 659 448 ἀπαιτεῖν,
693 419 722 446 Εἰ
750 418 800 457 γὰρ
834 418 872 455 μή
900 417 1006 448 ταύταις

180 462 362 500 προσέξουσιν,
392 464 429 496 ὡς
451 464 532 500 εἰκὸς,
564 462 694 502 πρόδηλον
716 463 752 494 ὡς
781 461 838 490 οῦδὲ
865 468 926 493 ταῖς
955 460 1005 489 ἃλ-

179 505 242 538 λαις
264 514 325 539 ταῖς
354 506 413 536 κατ’
442 507 531 544 αὗτὰς,
557 507 583 535 εἴ
613 519 653 539 τις
682 506 815 544 ἐπιμελῶς
843 506 889 537 τὰς
919 508 1005 537 πασας

510 336 571 361 ταῖς
619 331 704 359 αὖτῶν
743 329 852 360 ἐννοίαις

1048 239 1163 278 pondus
1174 238 1331 272 additursi
1347 239 1413 279 quis
1428 248 1477 269 eas
1493 239 1650 279 diligenter
1665 241 1870 281 collectasjam

1047 283 1190 323 appositis
1214 293 1272 314 una
1298 283 1464 324 digesserit,
1489 284 1619 315 animum
1649 285 1812 316 adverterit.
1838 286 1872 317 Et

1047 327 1102 358 hac
1117 327 1231 358 ratione
1245 328 1412 366 intelligent
1428 328 1516 359 etiam
1529 329 1559 359 in
1576 329 1718 360 Trinitate
1733 331 1871 362 ordinem

1048 380 1124 410 esse,
1142 372 1211 402 licet
1234 377 1354 412 propter
1374 382 1460 403 suum
1477 374 1699 414 supernaturale
1713 381 1804 414 atque
1819 385 1871 405 su-

1048 416 1294 455 persubstantiale
1322 426 1409 456 supra
1434 427 1552 448 omnem
1583 418 1717 449 ordinem
1747 419 1798 449 illa
1821 420 1870 452 sit.

1047 460 1105 490 Sed
1118 460 1188 490 satis
1202 461 1489 492 demonstrationum
1506 466 1560 502 est,
1574 463 1680 502 quibus
1697 471 1749 502 per
1763 463 1870 494 Filium

1047 504 1164 534 aPatre
1193 504 1333 544 Spiritum
1357 511 1492 536 sanctum
1518 506 1662 537 exsistere
1688 517 1747 537 non
1774 508 1871 539 minus

177 550 304 584 συλλέξας
321 551 417 591 σχεδὸν
440 551 476 580 δι’
504 553 540 580 ὧν
572 552 601 580 τὸ
627 552 721 591 κράτος
738 552 806 588 ἡμῖν
832 550 1004 589 περιγίνεται,
1047 558 1122 588 quau

1088 558 1133 578 am
1151 549 1216 579 aliis
1225 558 1313 588 supra
1325 550 1429 590 positis
1440 550 1550 590 scripto
1561 551 1674 582 traditis
1690 551 1869 583 testimoniis

338 584 357 592 ιι
645 584 650 591 .
758 584 763 588 .
868 584 906 589 ..
994 584 1001 587 .
1056 584 1065 588 .

179 597 244 628 ταῖς
273 597 316 624 νῦν
342 596 492 636 εἰρημέναις
522 595 679 629 συντάξειεν.
709 595 798 627 Οὕτως
828 594 868 623 ὅτι
897 595 945 622 κᾶν
972 597 1006 632 τῇ
1048 593 1121 634 prob

1087 593 1204 624 obalum
1220 584 1274 624 est:

176 640 269 679 Τριαδι
296 641 367 674 τάξις
394 642 461 677 εστὶ,
485 640 534 669 κᾶν
568 641 633 680 ὑπὲρ
654 640 723 673 τάξιν
745 643 832 668 πᾶσαν
860 638 950 671 ἁπλῶς
985 637 1027 666 διὰ
1052 639 1082 666 τὸ
1098 639 1195 672 ταύτης
1222 639 1348 678 ὑπερφύες
1384 651 1412 668 τε
1442 641 1485 668 καὶ
1518 641 1682 680 ὑπερούσιον,
1714 636 1795 674 "Alt:
1812 642 1869 682 ἔχω

174 686 232 712 τῶν
260 685 428 722 ἀποδείξεων,
452 685 477 718 ἐξ
498 686 535 713 ὧν
560 686 603 713 καὶ
627 686 657 714 τὺ
679 684 711 713 δι’
729 686 789 713 Υίοῦ
809 685 880 724 παρὰ
895 684 996 723 [ἰατρὸς
1025 683 1154 723 ὑπάρχειν
1181 684 1211 711 τί)
1241 685 1346 721 Πνεῦμα
1373 685 1403 712 τὸ
1418 684 1493 723 ἅγιον
1515 685 1567 725 οὔχ
1589 687 1668 719 ἦττον
1697 686 1715 720 ἢ
1731 694 1792 719 ταῖς
1818 688 1868 716 ἄιω

175 728 375 770 διαληφοείσαις
397 737 541 770 γραφικαῒς
560 728 786 759 συναποδέδεικται
812 730 952 768 χρήσεσιν.

221 770 262 812 μ’.
289 773 363 802 Ἀλλ’
393 775 447 814 ὥρα
472 776 502 802 τὸ
538 774 591 802 ἀπὸ
626 773 700 803 τοῦδε
735 775 779 802 καὶ
793 775 825 802 τὰ
846 773 1002 813 λειπόμενα⁷
1086 773 1122 803 40

1087 773 1137 803 40.
1154 771 1211 803 Sed
1224 772 1285 811 jam
1301 776 1417 812 tempus
1431 777 1486 809 est,
1503 774 1629 814 reliqua,
1647 785 1705 805 non
1719 776 1810 807 multa
1821 777 1867 808 fu-

174 819 284 858 βραχέα
327 818 354 847 δὲ
394 823 488 856 ταῦτα,
546 819 715 859 προσθέντας,
759 824 926 847 καταπαῦσαι
959 818 1003 846 τὸν
1046 818 1122 856 tura,

1088 825 1180 856 'a,nos
1196 817 1340 846 addentes
1356 817 1493 856 praesenti
1509 818 1636 848 orationi
1653 820 1740 850 linem
1756 830 1867 860 ponere

173 864 296 902 παρόντα
317 863 396 902 λὸγον
418 865 502 901 ἡμᾶς,
532 864 620 903 ἀρχὴν
649 863 676 892 δὲ
701 863 866 897 καταστῆσαι
881 867 920 900 τῷ
935 862 1002 898 μέλ-
1016 898 1031 903 _
1046 864 1074 890 et
1091 870 1122 899 pr

1091 860 1270 900 principium
1295 861 1401 891 futura:
1413 862 1605 893 constituere.
1623 862 1713 894 Multa
1731 864 1820 903 igitur
1832 875 1866 896 ex

173 898 265 939 λοντι,
299 898 388 936 Πολλὰ
416 898 465 946 μέν
480 898 525 936 οῦν
546 898 599 936 τιῦν
613 909 688 936 θείων
709 909 797 946 ῥητῶν
813 909 846 936 τΞι
923 909 953 936 τὸ
968 907 1000 935 δι’
1015 898 1033 922 Β
1044 898 1122 935 divin

1087 898 1151 934 vinis
1167 898 1264 939 dictis.
1282 914 1407 945 quorum
1425 907 1557 946 quaedam
1577 916 1629 946 per
1639 898 1768 939 Filiumva
1780 911 1867 941 Patre

176 953 242 980 Υῐοῦ
262 953 332 991 παρὰ
356 954 454 993 Πατρὸς
477 953 548 981 εἶναι
576 954 606 980 τὸ
628 956 733 990 Πνεῦμα
759 954 789 981 τὸ
817 952 891 992 ἅγιον
906 952 1000 980 ἆνεπι-
1043 949 1121 988 Spiri

1087 949 1184 979 iritum
1210 956 1343 980 sanctum
1370 950 1448 980 clare
1474 957 1635 990 aperteque
1657 954 1866 993 pronuntiant,

173 998 309 1029 σκιάπως
349 999 392 1026 καὶ
428 1001 527 1038 τρανῶς
570 997 782 1037 ἀπαγγέλλοντα,

173 1042 346 1080 συμϐολικῶς
393 1043 455 1071 abeo
496 1045 573 1071 τοῦτο
607 1042 736 1076 δηλοῦντα
778 1041 1000 1082 προανετάξαμεν,

172 1087 254 1126 ὀλίγα
278 1087 303 1115 δὲ
333 1088 376 1115 καὶ
405 1091 448 1116 νῦν
475 1088 540 1126 πρὸς
571 1086 753 1127 ἐντελεστέραν
786 1089 835 1120 τῆς
876 1087 1000 1119 τοιαύτης

172 1131 278 1164 ἐννοίας
320 1130 461 1171 διάγνωσιν
497 1131 729 1171 καταστρώσομεν.
767 1126 798 1159 Ἠ
844 1131 893 1170 γαρ
926 1131 1001 1169 βάσις

173 1174 300 1207 ἄπειστος
328 1179 367 1212 τῷ
396 1177 575 1215 Χριστωνύμῳ
615 1175 672 1212 λαῷ
706 1176 795 1214 φανεὶς
830 1174 888 1203 κατ’
928 1175 1003 1204 εὗσε-

173 1219 253 1248 ϐειαν
282 1221 295 1248 ὃ
318 1221 398 1259 σοφὸς
426 1221 470 1248 καὶ
498 1220 582 1258 μέγας
620 1219 757 1251 Βασίλειος
787 1219 814 1246 ἑν
841 1223 880 1256 τῷ
904 1218 1005 1255 δεκάτῳ

175 1264 267 1303 ὀγδόῳ
306 1268 360 1292 τῶν
403 1266 468 1304 πρὸς
509 1264 686 1304 Ἀμφιλόχιον
717 1263 877 1303 κεραλαίων,
914 1267 1005 1303 πρῶτα

174 1309 229 1346 μὲν
251 1309 309 1344 περὶ
335 1309 492 1347 οεογνωσίας
524 1310 569 1336 τὸν
597 1308 677 1348 λόγον
697 1309 869 1346 ποιούμενος,
894 1304 925 1336 Ἠ
947 1309 1005 1336 τοί-

367 1353 450 1392 λέγει,
481 1356 530 1386 τῆς
564 1354 722 1392 Θεογνωσίας
759 1353 828 1381 ἐστὶν
862 1353 915 1381 ἀπὸ
949 1353 1006 1384 ἐνὸς

372 1396 414 1425 διὰ
449 1398 495 1426 τοῦ
540 1398 598 1429 ἑνὸς
629 1398 689 1426 Υἱοῦ
731 1397 773 1426 ἐπὶ
801 1399 845 1426 τὸν
875 1397 919 1425 ἕνα
947 1400 1006 1425 Πα-

862 1441 1007 1480 ἐπειδήπερ

172 1365 222 1383 νῦν
251 1352 319 1391 ὁδός,

173 1399 330 1435 Πνεύματος

170 1443 252 1482 τέρα.
283 1446 392 1474 Παντως
437 1445 465 1472 οὗ
506 1447 587 1472 ταῦτα
621 1441 818 1480 διαλαμϐάνων,

170 1488 259 1525 ἡμεῖς
282 1488 332 1522 τὴν
353 1487 428 1526 ἁγίαν
454 1486 550 1527 Τριαδα
571 1487 662 1515 τοῦτον
687 1488 731 1516 τὸν
760 1487 856 1527 τρόπον
886 1486 1005 1525 ἐπέγνω-

172 1543 228 1570 μεν
246 1541 253 1548 ⁸
285 1531 326 1560 διὰ
349 1533 399 1572 γὰρ
427 1536 473 1561 τοῦ
501 1535 663 1571 Μυνογενοῦς
690 1531 866 1571 σαρκωῦἐντος
890 1532 935 1559 τὸν
954 1533 1007 1558 Πα-

829 998 861 1025 τὰ
899 996 926 1024 δὲ
954 996 1000 1025 καί
1042 993 1176 1033 quaedam
1194 993 1355 1034 symbolice
1375 994 1405 1025 id
1428 995 1507 1025 idem
1520 995 1658 1034 innuunt,
1676 997 1868 1037 prastiximus,

1043 1047 1135 1078 pauca
1150 1048 1228 1069 nunc
1243 1048 1312 1069 vero
1328 1039 1362 1069 ad
1381 1039 1593 1070 absolutionem
1610 1041 1734 1080 hujusce
1749 1047 1868 1074 senten-

1043 1083 1090 1112 tize
1106 1082 1308 1122 dignotionem
1325 1086 1605 1123 apponemus.Nam
1625 1086 1674 1125 qui
1696 1086 1867 1118 ﬁrmamen-

1046 1132 1108 1157 tum
1124 1127 1334 1158 inconcussum
1353 1129 1469 1168 pietatis
1489 1129 1663 1160 Christianae
1687 1132 1795 1171 populo
1813 1132 1869 1163 fuit

1046 1180 1172 1210 magnus
1185 1172 1362 1212 sapiensque
1378 1173 1504 1203 Basilius
1519 1173 1636 1205 decimo
1652 1181 1752 1206 octavo
1774 1177 1869 1216 capite

1046 1216 1082 1246 ad
1098 1216 1351 1256 Amphilochium,
1369 1227 1435 1248 cum
1446 1217 1483 1247 de
1499 1218 1552 1248 Dei
1568 1219 1737 1257 cognitione
1751 1230 1868 1252 sermo-

1046 1269 1115 1290 nem
1134 1261 1217 1300 prius
1233 1261 1393 1301 habuisset,
1406 1261 1568 1293 subditzAd
1585 1264 1676 1294 Deum
1688 1273 1868 1304 cognoscen-

1047 1305 1118 1335 dum
1134 1306 1183 1335 via
1200 1309 1243 1337 est
1257 1306 1296 1336 ab
1310 1315 1370 1336 uno
1385 1307 1506 1346 Spiritu
1516 1315 1572 1346 per
1586 1317 1681 1338 unum
1694 1308 1810 1340 Filium
1829 1311 1870 1341 ad

1046 1358 1141 1380 unum
1153 1349 1354 1382 Patrem.Non
1371 1350 1433 1380 haec
1448 1355 1546 1381 tamen
1559 1361 1593 1382 ea
1608 1352 1722 1383 ratione
1735 1353 1868 1392 dictavit,

1047 1394 1130 1433 quasi
1143 1394 1240 1425 divina
1256 1393 1385 1424 Trinitas
1399 1405 1416 1424 ει
1430 1395 1518 1426 nobis
1533 1405 1567 1426 eo
1585 1396 1672 1426 modo
1688 1397 1789 1436 agnita
1804 1399 1843 1428 sit
1860 1408 1867 1429 :

1048 1447 1102 1477 per
1125 1437 1313 1477 Unigenitum
1337 1438 1485 1478 siquidem
1509 1439 1693 1471 incarnatum
1711 1441 1803 1472 Patris
1827 1443 1871 1473 uti

1048 1483 1187 1523 Patris,et
1204 1483 1331 1523 Spiritus
1355 1483 1552 1522 cognitionem
1577 1483 1744 1523 habuimus,
1763 1487 1815 1517 sed
1832 1487 1868 1517 ad

1047 1527 1140 1558 Deum
1155 1528 1394 1567 cognoscendum
1407 1529 1492 1559 nobis
1503 1530 1574 1560 satis
1590 1533 1867 1570 peraecommodam

169 1577 240 1617 ’τέρα
262 1578 326 1605 καθὸ
343 1576 446 1616 Πατέρα
474 1577 518 1604 καὶ
538 1577 568 1604 τὸ
596 1579 702 1615 Πνεῦμα
729 1577 759 1604 τὸ
780 1576 856 1615 ἅγιον
883 1573 1122 1614 ἐπεγσὼ-αδθιίε

1087 1573 1168 1609 iiem,
1184 1573 1224 1603 uti
1236 1581 1301 1603 sese
1313 1572 1441 1604 Trinitas
1455 1575 1520 1604 vitae
1535 1575 1646 1605 auctrix
1658 1575 1868 1616 habeat,quam

169 1632 271 1660 κειμεν
288 1630 295 1637 ⁶
319 1621 369 1655 τὴν
391 1621 418 1649 δὲ
449 1624 483 1659 τῇ
505 1622 648 1660 Θεογνωσίᾳ
679 1621 829 1661 πρέπουσαν
850 1621 915 1660 πρὸς
937 1621 1007 1655 ἡμᾶς

170 1666 346 1706 ἀκολουθίαν⁷
375 1667 410 1698 ὼς
457 1667 473 1700 ἡ
511 1666 651 1705 ζωαρχικὴ
687 1666 765 1706 Τριὰς
805 1665 863 1705 ἔχει
891 1663 1007 1702 μάλιστα

170 1711 356 1751 διιρμηνεύων
395 1712 439 1738 καὶ
474 1713 609 1742 συντιθεὶς,
649 1711 697 1740 Καὶ
741 1713 822 1738 ταῦτα
866 1709 913 1747 μὲν
949 1709 1007 1747 περὶ

170 1757 337 1795 θεογνωσίας
368 1754 497 1793 διέξεισιν¹
542 1755 660 1795 ἐχόμενα
688 1754 716 1782 δὲ
744 1755 842 1783 τούτων
869 1755 913 1782 καὶ
954 1765 1006 1782 κα-

170 1799 254 1834 Θεξῆς
297 1802 367 1832 αὖθις
403 1811 468 1840 φησι
486 1807 493 1815 ⁸
532 1801 581 1828 Καὶ
609 1799 738 1827 ὰνάπαλιν
766 1800 784 1833 ἡ
811 1799 909 1838 φυσικὴ
936 1797 1006 1837 ἀγα-

169 1846 272 1885 θάτης,
294 1846 338 1873 καὶ
365 1846 378 1873 ὁ
400 1845 468 1872 κατὰ
503 1844 579 1884 φύσιν
614 1844 756 1882 ἁγιασμὸς,
786 1844 830 1871 καὶ
859 1843 890 1870 τὸ
925 1843 1004 1881 βασι-

167 1890 252 1918 λικῦν
280 1890 382 1928 ἀξίωμα
416 1889 446 1918 ἐκ
473 1893 519 1918 τοῦ
549 1890 650 1928 Πατρὸς
679 1888 721 1918 διὰ
756 1893 802 1918 τοῦ
843 1891 1005 1926 Μονογεκοῦς

169 1935 222 1963 ἐπὶ
248 1936 279 1963 τὸ
315 1937 420 1972 Πνεῦμα
465 1933 563 1969 διήκει,
603 1933 678 1962 Οὕτω
717 1934 760 1961 καὶ
793 1934 819 1960 αἱ
847 1932 1005 1963 ὑποστάσεις

169 1979 382 2019 ὁμολογοῦνται,
405 1980 449 2007 καὶ
469 1979 500 2007 τὸ
529 1977 633 2010 εὐσεϐὲς
674 1977 759 2017 δόγμα
788 1977 836 2011 τῆς
858 1977 1005 2016 μοναρχίας

168 2027 206 2054 οὐ
236 2023 382 2053 διαπίπτει.
408 2023 513 2060 Σονῳδὺ
539 2023 624 2060 τούτῳ
648 2022 762 2050 διδάσκει
789 2023 832 2050 καὶ
862 2020 1004 2061 Γρηγόριος

167 2071 186 2097 ὁ
214 2069 297 2108 μέγας
325 2069 369 2097 καὶ
390 2068 611 2107 θεολογικωτατος
634 2070 704 2104 νοῦς,
728 2068 742 2095 ὁ
768 2066 816 2100 τὴν
844 2065 1005 2099 Ἐκκλησίαν

168 2117 244 2142 Θεοῦ
269 2116 303 2151 τῷ
323 2124 352 2141 τε
369 2115 418 2146 τῆς
448 2112 561 2144 διανοίας
590 2111 651 2150 ὕψει
680 2112 723 2140 καὶ
744 2115 782 2148 τῷ
805 2113 857 2139 τῶν
880 2110 1005 2149 ῥημάτων

167 2158 252 2197 ὄγκῳ
273 2158 456 2197 λαμπροτέραν
485 2157 713 2196 ἀπεργασάμενος¹
744 2157 772 2188 ὃς
802 2155 829 2184 ὲν
861 2162 918 2187 τοῖς
948 2151 1006 2194 περὶ

168 2203 321 2242 Παρθενίας
353 2202 458 2234 οἰκείοις
488 2201 576 2230 ἔπεσιν
614 2201 683 2230 οὕτω
718 2202 761 2229 καὶ
796 2201 871 2232 οὗτος
900 2199 1006 2239 εὕρηται

1048 1618 1159 1656 optime
1187 1617 1372 1658 intepretans
1397 1623 1485 1658 atque
1512 1628 1707 1659 componens.
1738 1620 1773 1651 Et
1806 1621 1869 1652 haec

1048 1662 1168 1702 quidem
1186 1662 1222 1692 de
1237 1662 1289 1693 Dei
1309 1663 1477 1702 cognitione
1502 1664 1690 1703 pronuntiata
1704 1665 1740 1696 ab
1756 1665 1793 1695 iis
1810 1665 1868 1696 mi-

1047 1707 1127 1736 nime
1143 1706 1258 1737 diversa
1268 1713 1347 1746 sunt,
1367 1717 1432 1748 quae
1447 1707 1522 1739 infra
1538 1708 1627 1740 dicit:
1647 1709 1689 1740 Et
1703 1710 1767 1740 vice
1782 1719 1869 1741 versu

1047 1752 1199 1782 naturalis
1213 1752 1344 1793 bonitas,
1360 1757 1389 1783 et
1405 1753 1491 1793 regia
1510 1753 1644 1793 dignitas
1658 1763 1695 1785 ex
1711 1754 1804 1785 Patre
1812 1763 1871 1795 per

1050 1795 1245 1837 Unigenitum
1255 1797 1286 1828 in
1299 1797 1449 1836 Spiritum
1455 1802 1593 1829 sanctum
1599 1798 1812 1838 pervenitﬂac
1820 1809 1869 1830 ra-

1047 1841 1128 1871 tione
1139 1845 1167 1871 et
1178 1841 1677 1882 hypostasesasseruntur,etpinum
1691 1845 1873 1875 monarchiae

1047 1885 1154 1924 dogma
1170 1895 1227 1916 non
1237 1886 1394 1918 delebitur.
1412 1885 1464 1917 His
1476 1897 1533 1917 non
1544 1887 1700 1918 dissimilia
1715 1889 1802 1919 docet
1812 1898 1870 1920 ma.

1046 1941 1120 1971 gnus
1127 1941 1244 1972 quoque
1255 1932 1460 1972 Gregorius,in
1476 1933 1746 1973 rebustheologicis
1756 1934 1870 1966 discer-

1047 1977 1153 2006 nendis
1169 1986 1253 2007 mens
1267 1977 1433 2015 acerrima,
1450 1977 1501 2018 qui
1515 1977 1679 2009 Ecclesiam
1702 1979 1755 2010 Dei
1772 1985 1800 2010 et
1816 1990 1868 2011 co-

1046 2020 1220 2060 gitationum
1236 2020 1428 2062 sublimitate,
1444 2029 1474 2052 et
1489 2022 1645 2052 verborum
1673 2023 1870 2063 amplitudine

1047 2064 1222 2096 lucidiorem
1239 2066 1368 2097 reddidit
1383 2066 1514 2097 carmine
1530 2066 1649 2107 proprio
1665 2067 1702 2098 de
1714 2067 1871 2108 Virglnita-

1047 2113 1076 2140 te
1091 2110 1166 2147 haec,
1184 2114 1214 2140 ut
1222 2110 1335 2150 jacent,
1346 2110 1437 2141 verba
1451 2119 1614 2152 usurpans:
1632 2112 1715 2143 Unus
1731 2113 1810 2145 Deus
1833 2122 1870 2145 ea:

1047 2153 1186 2185 Genitore
1197 2163 1251 2194 per
1261 2154 1378 2186 Filium
1389 2158 1421 2186 in
1437 2164 1584 2195 magnum
1598 2156 1762 2197 Spiritum,
1773 2167 1870 2190 rema-

1048 2203 1139 2230 nente
1159 2199 1278 2231 Deitate
1292 2200 1325 2230 in
1337 2200 1476 2240 perfectis
1488 2201 1634 2240 perfecta.

166 2247 356 2289 φθεγγόμενος
377 2246 420 2276 ἐπὶ
455 2246 571 2279 λέξεων·
603 2246 653 2278 Εἷς
681 2247 746 2278 Θεὸς
775 2245 805 2274 ἐκ
833 2244 942 2284 γενέταο
971 2242 1038 2289 ᾇιίι)

169 2287 253 2324 Ῠὶἐος
281 2293 318 2324 εἷς
345 2293 414 2332 μέγα
442 2294 560 2329 Πνεῦμα,
582 2290 725 2328 ἱσταμένης
754 2290 879 2323 θεότητος
902 2289 939 2317 ὲνὶ
955 2287 1066 2316 τελέοισι
1089 2288 1203 2323 τελείης.

219 2332 278 2376 μα’,
308 2338 411 2366 Τούτων
443 2337 567 2365 ἁπάντων
603 2335 716 2375 ὡσπερεὶ
743 2335 852 2375 κορωνὶς
881 2334 924 2362 καὶ
957 2344 1006 2361 κε-

171 2382 292 2423 φάλαιον
315 2386 406 2420 μεῖζον
435 2383 478 2410 καὶ
504 2381 700 2421 κραταιότερον,
729 2381 757 2408 οὗ
778 2380 822 2408 καὶ
850 2378 929 2418 λόγος
958 2379 1004 2407 οῦ-

170 2422 232 2459 διὶς
255 2427 386 2467 ἐφικέσθαι
401 2425 538 2462 δυνήσεται
564 2426 629 2465 πρὸς
649 2423 810 2464 ἆντίρῤησιν,
838 2424 868 2452 τὸ
895 2422 940 2451 διὰ
960 2425 1005 2451 τοῦ

170 2475 343 2510 Move-revch
359 2471 475 2499 ἐνοῦοθαι
497 2471 535 2509 τῷ
558 2471 639 2504 Πατρὶ
667 2470 698 2498 τὸ
726 2472 832 2507 Πνεῦμα
860 2469 890 2496 τὸ
917 2468 1004 2507 ἅγιον.

175 2517 232 2544 Διὸ
259 2517 303 2544 καὶ
324 2515 435 2547 δεόντως
463 2515 512 2544 ὅσα
540 2516 584 2543 καὶ
604 2518 681 2554 κῦρος
710 2514 808 2545 παντός
830 2524 876 2551 μοι
894 2516 941 2541 τοῦ
954 2511 1004 2541 λό-

172 2572 229 2600 γου
257 2561 411 2600 τετήρηται,
435 2561 478 2588 καὶ
493 2561 602 2600 σφραγὶς
630 2559 678 2588 οἶα
705 2570 746 2591 τις
776 2557 1003 2589 ἀνεπιϐούλευτος,

169 2606 210 2634 Εἰ
239 2605 288 2644 γὰρ
315 2605 365 2638 τὴν
386 2604 498 2638 ἑνότητα
517 2606 567 2638 τὴν
593 2605 658 2644 πρὸς
687 2604 732 2632 τὸν
761 2602 864 2642 Πατέρα
889 2601 935 2630 διὰ
959 2605 1005 2630 τοῦ

172 2649 243 2677 Υἱοῦ
269 2650 300 2677 τὸ
329 2652 435 2686 Πνεῦμα
464 2648 586 2684 πλουτεῖ,
610 2652 667 2681 πῶς
696 2650 744 2678 οῦκ
763 2647 794 2676 ἂν
823 2647 950 2687 ἷιπάρχειν
979 2646 1004 2680 ἐξ

168 2693 298 2732 ἀνάγκης
325 2695 370 2722 καὶ
387 2693 420 2721 δι’
447 2694 524 2722 αὐτοῦ
547 2693 653 2725 δικαίως
694 2693 868 2732 πιστεύοιτος
898 2693 948 2720 Τυῦ
976 2690 1003 2719 δὲ

167 2737 287 2769 πάντως
327 2738 458 2779 ἂ,ιόχρε’μ
499 2739 626 2778 μάρτυρες
669 2738 683 2766 ὃ
711 2748 739 2766 τε
768 2737 851 2776 μέγας
888 2735 1002 2764 Ἀθανά-

167 2791 237 2813 σιος
265 2783 309 2809 καὶ
338 2783 483 2816 Βασίλειος.
516 2779 545 2812 Ὀ
575 2783 623 2821 μὲν
657 2783 707 2822 γὰρ
729 2782 756 2810 ἐν
783 2784 818 2820 τῇ
838 2781 903 2820 πρὸς
922 2783 1003 2821 Σερα-

1087 2333 1137 2364 41.
1154 2333 1266 2364 Horum
1280 2334 1412 2365 omnium
1429 2334 1519 2366 veluti
1534 2335 1652 2366 coronis
1667 2340 1697 2367 et
1705 2341 1792 2377 caput
1804 2347 1868 2369 ma-

1044 2379 1094 2419 jus
1109 2388 1143 2410 ac
1157 2379 1283 2417 ﬁrmius,
1299 2380 1335 2410 ad
1359 2381 1437 2421 quod
1463 2381 1660 2413 refellendum
1685 2383 1766 2414 nulla
1793 2384 1870 2424 potis

1046 2424 1137 2454 fuerit
1151 2425 1258 2462 oratio,
1276 2434 1330 2464 per
1342 2425 1533 2465 Unigenitum
1558 2436 1665 2467 nempe
1690 2428 1769 2459 Patri
1794 2437 1869 2460 con-

1043 2470 1129 2509 jungi
1147 2469 1290 2510 Spiritum
1303 2476 1448 2504 sanctum.
1469 2472 1568 2508 Quare
1581 2473 1748 2511 commode,
1775 2475 1869 2506 veluti

1046 2520 1134 2555 caput
1150 2519 1180 2545 et
1193 2514 1282 2545 cardo
1293 2524 1366 2546 mete
1377 2516 1520 2547 orationis
1532 2517 1674 2549 universa:
1686 2523 1867 2550 reservatum

1047 2563 1101 2596 est,
1133 2564 1162 2589 et
1191 2559 1228 2589 ab
1257 2559 1374 2591 insidiis
1397 2565 1490 2592 tutum
1515 2561 1656 2601 sigillum.
1686 2562 1818 2604 Namque
1843 2564 1869 2594 si

1046 2603 1187 2649 unionem
1203 2613 1269 2634 cum
1287 2605 1373 2636 Patre
1389 2615 1442 2646 per
1466 2605 1574 2637 Filium
1596 2607 1723 2647 Spiritus
1740 2603 1867 2649 obtinet,

1046 2648 1193 2688 quomodo
1212 2657 1270 2678 non
1286 2650 1456 2681 necessario
1467 2654 1496 2681 et
1507 2660 1560 2691 per
1570 2651 1745 2692 ipsumjure
1757 2648 1869 2692 optimo

1044 2693 1208 2723 credetur?
1222 2693 1316 2732 Hujus
1345 2694 1403 2725 ﬁde
1430 2695 1512 2734 digni
1542 2699 1632 2726 testes
1655 2698 1743 2736 plane
1758 2696 1869 2726 fuerint

1045 2746 1168 2776 magnus
1192 2737 1368 2769 Athanasius
1393 2743 1422 2770 et
1445 2740 1582 2778 Basilius,
1600 2740 1650 2771 ille
1665 2739 1812 2780 siquidem
1829 2739 1868 2768 ad

1043 2783 1236 2821 Serapionem
1252 2783 1377 2823 epistola
1392 2784 1429 2815 de
1444 2784 1557 2825 Spiritu
1571 2790 1673 2816 sancto
1688 2785 1752 2815 haec
1764 2783 1866 2815 habet:
