1958 3081
191 122 203 153 1
213 121 269 154 135
740 120 911 152 CONSTAN
917 120 985 152 TIN
992 119 1005 150 Ι
1028 119 1318 151 MELITENIOTAE.
1805 118 1878 151 H36

188 188 290 228 Neque
304 188 385 219 enim
410 191 454 219 est
480 190 569 218 extra
587 185 719 218 Verbum
744 186 892 228 Spiritus,
914 187 961 218 sed

1107 197 1138 215 να
1165 187 1223 227 περὶ
1258 192 1303 216 τοῦ
1340 187 1414 226 ἁγίου
1461 186 1612 225 Πνεύματος
1650 186 1781 225 ἐπιστολῇ
1822 186 1880 214 τάδε

194 232 288 264 Verbo
304 241 370 264 cum
385 233 473 270 sit,in
489 231 553 263 Deo
564 240 621 272 per
630 232 730 272 ipsum
745 231 838 263 est.Et
850 231 967 270 paucis:

1106 231 1133 258 ’ίν
1150 238 1156 245 ⁸
1189 232 1225 260 Οὗ
1253 231 1302 270 γὰρ
1330 231 1405 264 ἐκτὸς
1435 231 1488 259 ἐστι
1531 235 1577 260 τοῦ
1606 231 1692 270 Λόγοι)
1713 232 1744 259 τὸ
1765 234 1879 268 Πνεῦμα,

187 277 275 316 jectis
288 287 294 309 :
306 277 443 317 Spiritus
457 280 559 308 autem
574 285 642 307 cum
663 277 698 307 in
717 275 814 307 Verbo
827 279 960 312 smmum

1107 274 1115 287 ⁹
1142 277 1170 303 ἰν
1197 279 1236 313 τῷ
1266 276 1343 315 Λόγῳ
1371 276 1412 313 ὃν,
1433 276 1460 304 ἐν
1489 279 1527 313 τῷ
1563 279 1621 313 Θεῷ
1642 275 1674 303 δι’
1706 277 1786 304 αὑτοῦ
1815 277 1880 303 ὶστι.

186 325 266 353 stum
280 323 382 362 fuerit,
401 322 433 352 in
449 321 511 352 Deo
527 329 590 352 esse
619 330 673 361 per
695 321 823 352 Verbum
850 321 959 361 Spiritt

1132 319 1190 357 μετ’
1221 319 1296 359 ὀλίγα
1314 330 1320 336 ’
1361 323 1412 349 Τοῦ
1440 319 1467 348 δὲ
1497 320 1650 358 Πνεύματος
1679 319 1754 352 ὄντος
1783 319 1810 347 ἒν
1846 323 1881 356 τῷ

186 365 313 397 Basilius
339 374 408 396 vero
433 364 464 395 in
489 365 578 396 rebus
593 364 701 396 divinis
719 364 959 405 pertractandisr

1108 376 1144 403 τῳ,
1174 363 1253 397 δῆλον
1283 364 1313 393 ἄν
1343 364 1389 405 εἴη
1404 366 1441 396 ὡς
1464 365 1507 393 καὶ
1534 366 1562 392 εν
1588 368 1627 401 τῷ
1652 367 1711 400 Θεῷ
1725 365 1758 398 ἧν
1773 363 1816 392 διὰ
1839 365 1881 392 τα]

187 409 265 441 mins
292 409 410 441 decimo
437 413 539 442 octavo
568 410 664 450 capite
693 409 729 440 ad
757 409 1010 449 Amphilochium,

186 463 282 485 unum
293 459 433 486 sanctum
444 454 594 494 Spiritum
611 454 710 490 tradit,
721 463 777 494 per
787 463 883 485 unum
901 454 1014 485 Filium

185 501 242 530 uni
253 499 341 531 Patri
356 500 561 540 conjunctum.
574 498 636 530 Hoc
661 499 740 530 idem
766 502 796 529 et
811 499 1011 530 Damascenus

185 544 305 584 sapiens
318 543 450 575 Joannes
467 544 562 584 capite
578 544 615 575 de
627 544 691 575 loco
718 543 770 574 Dei
792 543 897 574 iisdem
913 543 1011 574 verbis

187 588 335 630 expressit
353 599 359 618 ε
378 590 511 629 Spiritus
541 589 594 629 qui
620 597 676 629 per
702 587 818 618 Filium
833 587 921 618 Patri
935 596 1010 619 con-

181 635 338 675 jungitur.
364 635 401 665 Et
423 635 487 665 haec
517 634 637 674 quidem
674 637 743 664 sunt
775 642 793 664 a
818 633 926 664 divinis
955 634 1011 665 Pa-

188 679 283 710 tribus
313 679 350 710 de
379 679 435 709 hoc
471 679 681 719 pronuntiata,
711 687 777 718 quae
811 677 1011 709 dubitationes

187 733 292 754 omnes
306 727 395 764 atque
411 723 613 754 dissensiones
629 723 717 762 longe
731 722 863 761 gentium
875 723 990 762 pellunt
1003 731 1009 753 :

188 768 321 808 quinimo
337 777 425 799 nemo
441 768 501 799 illis
514 767 720 799 contradicere
731 767 865 804 audebit,
882 771 912 798 et
935 767 1011 798 erit-

189 822 238 850 ne,
257 816 306 844 aut
323 813 439 843 futurus
455 816 499 844 est
524 812 572 843 vir
600 816 691 844 tanta;
705 811 839 842 audaciae
861 816 949 850 atque
965 817 1011 842 te—
1024 830 1043 855 Β

192 857 404 898 meritatis,qui
419 859 538 889 Patrum
558 857 633 888 adeo
647 857 802 888 manifesta
823 857 942 888 decreta
960 866 1013 887 co-

192 901 312 933 nabitur
327 906 461 933 evertere
476 911 559 942 aeque
574 906 662 942 atque
673 901 803 932 fastidiat
817 901 895 932 dicta
909 910 1012 932 eorum

190 947 286 987 sequi,
305 950 334 977 et
346 947 434 978 aliam
451 947 609 986 theologia;
623 946 700 977 viam
713 954 816 977 secare
841 945 1011 983 contendat,

189 992 274 1032 quasi
288 1001 356 1023 vcro
372 992 461 1023 hicin
476 991 621 1029 profunda
635 991 765 1030 Spiritus
785 991 966 1031 prospicere.
984 995 1014 1021 et

189 1036 272 1067 novis
287 1036 356 1067 inde
370 1035 671 1077 contemplationibus
695 1035 805 1075 repleri
832 1035 1013 1075 praesumat?

189 1080 225 1111 Et
240 1080 306 1121 quis
316 1080 390 1112 adeo
403 1081 549 1121 superbus
559 1085 588 1111 et
598 1080 839 1120 arrogantissime
849 1080 1010 1120 sejactans,

190 1125 251 1156 imo
277 1125 400 1156 demens
425 1135 459 1156 ac
483 1125 598 1162 stultus,
618 1125 668 1165 qui
684 1125 721 1155 de
741 1134 774 1155 se
789 1125 944 1164 magniﬁca
957 1125 1012 1155 ista

189 1168 329 1208 somniet,
343 1175 372 1201 et
386 1170 417 1200 in
433 1171 509 1201 viros
525 1170 653 1210 Spiritus
668 1169 856 1209 impudenter
866 1169 1012 1207 insurgat?

188 1223 313 1255 quorum
329 1224 383 1246 vox
398 1215 429 1245 in
445 1224 563 1245 omnem
580 1213 668 1245 exivit
683 1218 805 1248 terram.
833 1218 862 1244 et
888 1213 919 1244 in
937 1213 1012 1244 ﬁnes

189 1258 270 1289 orbis
281 1263 426 1290 terrarum
438 1259 537 1297 verba,
553 1262 613 1289 uta
627 1258 688 1289 Deo
706 1261 784 1288 mota
798 1257 851 1288 Dei
868 1257 1008 1298 parentis,

189 1307 218 1334 et
230 1303 439 1344 prophetarum
456 1303 599 1344 principis
618 1302 737 1334 Davidis
762 1302 824 1342 lyra
852 1303 970 1333 cecinit.
986 1301 1011 1332 Α

188 1347 296 1387 quibus
323 1348 407 1378 statis
431 1347 615 1387 temporibus
630 1347 772 1378 adversus
787 1346 926 1386 pietatem
939 1355 1009 1376 exo-

188 1392 300 1422 rientes
315 1392 588 1432 haeretici,eamque
602 1392 641 1422 de
657 1391 756 1422 medio
779 1391 883 1421 tollere
897 1390 1010 1422 Salanw

1055 409 1140 447 Λόγου
1161 410 1191 436 τὸ
1226 411 1343 446 Πνεῦμα,
1376 404 1404 438 Q0
1431 408 1459 437 δὲ
1487 408 1569 440 πολὺς
1595 409 1628 436 τα
1655 411 1715 436 θεῖα
1745 408 1882 439 Βασίλειος

1054 452 1081 480 ἐν
1103 455 1141 490 τῴ
1162 452 1264 490 δεκάτῳ
1291 452 1377 492 ὀγδόῳ
1408 456 1461 482 τῶν
1491 454 1556 492 πρὸς
1579 452 1762 493 Ἀμφιλόχιον
1795 463 1881 492 κεφα-

1054 496 1146 538 λαίων,
1181 493 1234 526 ιἘν
1262 497 1289 525 δὲ
1317 499 1361 526 καὶ
1390 499 1420 526 τὸ
1455 498 1542 537 ἅγιον,
1572 497 1656 537 λέγει,
1698 501 1806 536 Πνεῦμα
1850 497 1882 525 δι’

1052 542 1109 573 ἑνὸς
1146 543 1207 571 Υἱοῦ
1234 544 1273 580 τῷ
1302 543 1338 570 ἑνὶ
1364 543 1446 582 Πατρὶ
1481 543 1688 580 συναπτόμενον,
1728 546 1812 571 Τοῦτο
1840 547 1882 573 καὶ

1051 587 1066 613 ὁ
1097 586 1269 623 Δαμασκόθεν
1309 587 1390 626 σοφός
1429 586 1553 620 ⁷ίωάννης
1583 587 1610 614 ἐν
1638 590 1676 624 τῷ
1704 587 1763 621 περὶ
1800 587 1882 614 τόπου

1053 633 1119 659 Θεοῦ
1147 629 1282 670 κεφαλαίῳ
1304 638 1488 671 μυτταγωγεῖ,
1531 632 1646 670 ῥήμασιν
1683 631 1775 663 αὗτοῖς
1814 631 1882 659 οῧτω

1053 674 1165 713 διεξιὼν,
1189 678 1295 714 Πνεῦμα
1327 677 1358 704 τὸ
1400 676 1441 704 διὰ
1468 677 1529 705 1*ῑοῦ
1569 680 1607 713 τῷ
1643 678 1723 716 Πατρὶ
1752 677 1883 704 συναπτό-

1054 730 1145 757 μενον.
1173 724 1286 750 Τοιαῦτα
1311 722 1354 749 καὶ
1376 722 1434 761 περὶ
1456 722 1546 750 τούτου
1561 722 1621 753 τοῖς
1637 722 1773 761 Θεοφόροις
1791 720 1880 749 τοῖσδε

1054 765 1170 805 Πατράσι
1204 764 1363 806 διείληπται,
1408 765 1497 806 πόρῤω
1525 766 1657 805 βάλλοντα
1684 767 1805 805 καθαρῶς
1832 766 1880 798 τὴν

1054 809 1212 850 ἀμφιϐολίαν
1226 811 1271 838 καὶ
1284 811 1332 844 τὴν
1348 810 1496 851 διχόνοιαν·
1513 811 1605 848 ἀμέλει
1631 822 1671 839 τοι
1686 812 1730 839 καὶ
1745 811 1775 838 τὸ
1790 811 1878 851 παρέ-

1054 865 1105 882 παν
1128 853 1210 887 οὐδεὶς
1239 855 1270 883 ἂν
1295 850 1393 888 αὺτοῖς
1416 856 1611 896 ἐπιχειρήσειεν
1637 856 1784 884 ἀντειπεῖν.
1815 850 1879 894 Ἆρα

1054 899 1104 938 γὰρ
1118 899 1237 938 γέγονεν,
1267 900 1285 934 ἢ
1311 901 1451 939 γενήσεταί
1483 912 1522 933 τις
1559 901 1600 929 ἐπὶ
1628 906 1752 930 τοσοῦτον
1774 900 1878 938 τόλμης

1053 955 1097 972 και
1125 944 1234 984 θράσους
1270 944 1343 979 ἥκων
1382 945 1460 985 ἀνὴρ,
1493 945 1521 977 ὅς
1551 946 1705 986 ἀνατρέπειν
1739 947 1879 985 πειρᾶσθαι

1053 988 1086 1016 τα
1114 989 1185 1027 παρὰ
1206 992 1260 1017 τῶν
1287 989 1369 1028 ἁγίων
1398 990 1467 1018 οὓτω
1495 989 1632 1029 προδήλως
1659 990 1803 1029 λεγόμενα,
1834 1001 1878 1017 κα-

1053 1033 1134 1072 θάπερ
1169 1033 1216 1061 οὐκ
1245 1034 1384 1073 ἀγαπητὸν
1419 1035 1566 1073 ἡγούμενος
1602 1041 1661 1067 τοῖς
1692 1035 1757 1075 πρός
1793 1036 1877 1064 αὐτῶν

1054 1076 1201 1116 εἰρημένοις
1232 1078 1382 1118 ἐφέπεσθαι,
1411 1078 1517 1116 τέμνειν
1538 1078 1654 1108 σπεύδων
1689 1079 1780 1117 ἑτέραν
1816 1080 1878 1107 (ito--

1053 1120 1144 1160 λογίας
1181 1121 1252 1162 ὁδὸν,
1289 1122 1334 1151 ἅτε
1366 1123 1544 1162 παρακύπτειν
1578 1125 1655 1152 αὑτὸν
1682 1123 1878 1159 ὰπαυθαδιαζό-

1054 1176 1132 1204 μενος
1155 1167 1191 1199 εἷς
1213 1167 1246 1195 τὰ
1262 1165 1328 1201 ϐάθη
1356 1171 1402 1196 τοῦ
1432 1168 1595 1206 Πνεύματος,
1624 1169 1668 1197 καὶ
1681 1170 1779 1197 καινῶν
1809 1171 1878 1197 Θεω-

1053 1213 1116 1248 ριῶν
1152 1211 1253 1240 ἐκεῖθεν
1282 1211 1487 1250 ἐμπίπλασθαι;
1518 1213 1566 1242 Καὶ
1587 1213 1625 1244 τίς
1661 1213 1744 1245 οὕτως
1773 1212 1878 1249 ἀλαζὼν

1053 1256 1096 1284 καὶ
1135 1256 1311 1296 καυχώμενος
1369 1257 1405 1289 εἰς
1450 1257 1483 1285 τὰ
1510 1256 1622 1297 ἄμετρα,
1652 1257 1753 1295 μᾶλλον
1769 1258 1819 1295 μὲν
1835 1259 1878 1286 οὖν

1052 1299 1140 1340 ἄφρων
1169 1301 1213 1329 καὶ
1242 1301 1352 1338 μάταιος
1375 1302 1411 1332 ὡς
1436 1303 1494 1341 περὶ
1509 1302 1602 1330 ἑαυτοῦ
1620 1303 1654 1331 τα
1669 1302 1772 1341 μεγάλα
1798 1303 1879 1330 ταῦτα

1051 1345 1235 1384 φαντάζεσθαι,
1279 1347 1322 1374 καὶ
1354 1349 1408 1374 τῶν
1446 1345 1543 1385 ἀνδρῶν
1585 1346 1678 1380 ἀνέδην
1716 1348 1878 1382 κατεπαίρε-

1055 1390 1112 1417 σθαι
1138 1392 1191 1417 τῶν
1212 1393 1257 1418 τοῦ
1283 1391 1459 1428 Πνιύματοςς
1487 1392 1525 1418 ὧν
1554 1392 1568 1419 ό
1596 1393 1710 1431 φθόγγος
1738 1393 1775 1423 εἰς
1791 1395 1878 1420 πᾶσαν

188 1436 263 1468 duro
280 1436 388 1467 robore
398 1437 539 1468 audacter
550 1436 775 1473 contendentes,
789 1435 887 1466 valide
908 1438 961 1468 adn

1104 1433 1145 1462 λθε
1175 1435 1224 1468 τὴν
1251 1436 1314 1473 γῆν,
1337 1436 1380 1463 καὶ
1407 1436 1444 1467 εἰς
1471 1436 1504 1464 τὰ
1524 1436 1624 1475 πέρατα
1641 1439 1690 1470 τῆς
1720 1436 1877 1474 οἱκουμὲνης

186 1481 257 1512 dum
273 1481 412 1513 debellati
438 1486 516 1518 sunt,
535 1482 640 1520 partim
657 1481 828 1520 dogmatum
845 1481 959 1520 majesu

1113 1478 1231 1517 ῥήματα,
1261 1480 1329 1507 κατὰ
1356 1479 1405 1513 τὴν
1436 1481 1678 1518 πνευματοκίνητον
1704 1481 1749 1509 τοῦ
1775 1481 1876 1509 Oeaxi-

186 1526 274 1557 veluti
291 1526 412 1557 tonitrui
429 1527 555 1567 strepitu
572 1526 726 1566 perterriti»
738 1525 959 1566 concidentem

1103 1534 1129 1555 ος
1157 1524 1201 1551 καὶ
1228 1524 1447 1564 προφητάνακτος
1468 1524 1547 1564 λύραν
1570 1525 1662 1555 Δαυΐδ.
1694 1525 1744 1558 Οἷς
1767 1527 1791 1554 οἱ
1811 1527 1876 1554 κατὰ

186 1570 238 1600 tim
257 1579 323 1600 cum
339 1570 488 1602 dedecore
517 1572 623 1610 pedem
648 1570 825 1610 referentes,
842 1570 959 1610 quicum

1104 1567 1161 1606 ρους
1189 1567 1383 1600 ἐπαναστάντες
1411 1571 1445 1608 τῇ
1473 1569 1589 1606 εὗσεϐείᾳ
1619 1570 1663 1598 καὶ
1689 1571 1790 1604 ταύτην
1822 1570 1877 1604 ἑξα-

185 1623 294 1654 uempe
304 1614 334 1644 in
346 1616 472 1655 propriae
481 1616 630 1646 haereseos
642 1614 753 1645 malitia
762 1614 796 1645 ad
804 1615 893 1645 ﬁnem
907 1624 958 1655 usq

1105 1615 1154 1649 tactv
1180 1612 1210 1640 ἐκ
1237 1612 1318 1650 μέσου
1340 1616 1378 1650 τῷ
1399 1615 1445 1642 τοῦ
1465 1615 1552 1643 Σαταν
1568 1614 1681 1654 χαλεπῷ
1704 1615 1789 1643 σθένει
1817 1617 1878 1654 θρα-

190 1666 312 1699 propter
325 1668 439 1691 morum
449 1660 681 1700 improbitatem,
699 1659 936 1700 perstiterunt,et
950 1670 963 1699 ε

1104 1668 1122 1689 νς
1151 1657 1346 1697 ἰσχυριζόμενοι
1374 1659 1442 1686 κατὰ
1463 1659 1558 1698 κράτος
1579 1660 1746 1699 ἡττήθησαν,
1777 1661 1801 1688 οἲ
1831 1660 1877 1698 μὲν

186 1702 376 1734 vissimorum
403 1709 645 1743 argumentorum
671 1704 752 1734 nulla
780 1703 889 1735 divinae
909 1713 959 1734 eor

1116 1701 1284 1741 μεγαλοφυΐᾳ
1318 1705 1370 1730 τῶν
1407 1702 1547 1742 δογμάτων
1581 1703 1665 1733 αὐτῶν
1693 1703 1877 1736 ὑποκλιθέντες

185 1747 349 1788 sapientiae,
367 1747 462 1779 fructu
481 1754 632 1789 percepto,
660 1758 735 1788 quos
760 1753 917 1789 propterea
944 1758 958 1779 ε

1121 1745 1184 1786 ἤχῳ
1208 1746 1333 1785 βροντῆς,
1357 1748 1401 1776 καὶ
1427 1749 1529 1780 τούτοις
1556 1747 1718 1788 ὑπείξαντες,
1741 1750 1764 1777 οἱ
1785 1748 1813 1777 δὲ
1835 1751 1877 1778 καὶ

188 1791 308 1837 quidem
325 1797 484 1831 potestates
494 1794 529 1824 ad
545 1797 698 1833 stuporem
709 1802 803 1833 usque
814 1793 961 1833 suspicien

1107 1791 1114 1800 '
1143 1791 1273 1831 αἰσχύνης
1303 1792 1538 1837 ὑποχωρήσαντες,
1568 1791 1624 1821 ὅσοι
1653 1792 1756 1828 δηλαδῆ
1826 1805 1877 1823 κα-

189 1836 325 1867 reveritre
339 1841 420 1873 sunt,
437 1837 588 1868 daemones
602 1846 672 1868 vero
687 1846 804 1868 summo
818 1837 925 1868 timore
941 1847 962 1878 pi

1126 1839 1174 1872 τῆς
1190 1836 1289 1864 ἑαυτῶν
1310 1835 1431 1876 αἱρέοεως
1460 1836 1502 1865 διὰ
1528 1836 1619 1868 τέλους
1646 1837 1795 1876 ἐνέμειναν,
1820 1851 1876 1877 μη-

184 1881 261 1911 culsi
295 1881 520 1921 pertimuerunt,
546 1892 612 1912 cum
642 1881 797 1912 universas
829 1891 897 1913 suas
920 1890 957 1913 art

1120 1880 1281 1918 ὰπονάμενοι
1309 1879 1351 1909 διὰ
1392 1881 1545 1921 ραυλότητα
1581 1882 1679 1922 τρόπου
1715 1885 1750 1921 τῇ
1778 1885 1877 1912 τούτων

185 1925 310 1965 singulis
326 1926 430 1957 diebus
446 1927 507 1957 suis
531 1926 714 1957 administris
742 1936 759 1957 a
784 1935 817 1957 se
845 1931 958 1966 suggest

1103 1924 1131 1961 ἱῳ
1151 1925 1229 1964 σοφίᾳ
1256 1926 1300 1954 καὶ
1324 1932 1384 1958 τοῖς
1413 1935 1542 1965 γενναιοις
1579 1926 1804 1967 ἐπιχειρήμασιν,
1835 1928 1876 1961 οὕς

184 1969 323 2002 facultate
341 1970 429 2002 Verbi
445 1976 474 2002 et
498 1971 628 2011 Spiritus
652 1972 768 2011 penitus
784 1970 820 2001 ab
837 1970 942 2001 iisdem

1123 1968 1165 1997 διὰ
1185 1973 1267 1998 ταῦτα
1288 1973 1341 1998 τῶν
1369 1971 1485 2010 οὖρανὼν
1512 1971 1561 2009 μὲν
1591 1973 1616 2000 αἱ
1638 1971 1762 2009 δυνάμεις
1792 1985 1878 2002 κατα-

182 2015 281 2054 jectas
300 2015 526 2056 prospicerent?
540 2016 600 2055 Ego
615 2025 683 2046 vero
699 2015 813 2046 nullum
829 2025 862 2046 ex
872 2014 952 2046 omni

1106 2014 1196 2053 γέντες
1210 2013 1370 2056 ᾐδέσθησαν,
1396 2015 1516 2054 δαίμονες
1544 2015 1570 2044 δὲ
1591 2016 1670 2056 φρίκῃ
1685 2016 1759 2055 δεινῇ
1774 2028 1878 2058 συσχε-

184 2060 259 2090 adeo
277 2069 364 2100 pravo
383 2060 580 2101 improboque
595 2060 694 2091 animo
713 2069 778 2091 esse
807 2069 886 2097 reor,
904 2064 957 2091 ets

1105 2069 1147 2096 τες,
1170 2059 1347 2098 κατέπτηξαν,
1377 2063 1428 2089 πᾶν
1455 2060 1528 2093 εἶδος
1557 2060 1692 2099 μεθοδείας
1723 2061 1790 2100 ὅπερ
1819 2071 1878 2095 τοῖς

184 2105 312 2145 propria;
326 2105 430 2136 salutis
444 2105 599 2136 inimicum
611 2114 645 2137 ac
656 2105 782 2141 hostem,
795 2105 851 2135 hoc
860 2104 956 2144 siquid

1100 2104 1154 2135 ,ίοις
1186 2104 1328 2144 ὑπηρέταις
1368 2105 1532 2139 καθεκᾶστην
1571 2104 1701 2135 ὑπέϐαλον
1731 2106 1873 2142 καταϐλη-

184 2153 228 2179 est
252 2149 359 2180 divinis
387 2149 524 2180 Patribus
538 2155 641 2180 contra
666 2151 709 2180 ire
735 2151 829 2190 palam
846 2149 957 2185 conari,

1122 2148 1184 2188 πρὸς
1217 2149 1301 2177 αὒτών
1332 2148 1412 2189 ἄρδην
1446 2149 1544 2183 ἰδόντες
1575 2149 1681 2188 δυνάμει
1718 2152 1806 2191 Λόγου
1835 2158 1878 2185 καὶ

183 2193 291 2234 quibus
306 2194 350 2224 illi
366 2203 398 2225 se
414 2204 480 2225 cum
498 2193 609 2235 Spiritu
623 2194 736 2226 locutos
756 2203 822 2225 esse
839 2194 956 2225 edixeru

1107 2193 1212 2231 Βματος.
1241 2192 1313 2233 Ἐγὼ
1340 2194 1388 2232 μὲν
1417 2194 1507 2224 οὒδένα
1546 2196 1598 2224 τῶν
1642 2195 1768 2224 ἆπέντων
1797 2197 1880 2235 οἶμαι

185 2247 251 2269 cum
268 2242 298 2269 et
313 2239 367 2270 hac
383 2239 499 2270 ratione
522 2240 650 2270 maxime
673 2239 703 2269 in
730 2239 824 2270 Deum
848 2239 958 2279 delian

1108 2240 1166 2266 ὐτον
1187 2237 1245 2277 ἅρτι
1272 2240 1432 2278 φανήσεσθαι
1461 2240 1588 2280 πονηρὸν,
1625 2241 1670 2268 καὶ
1704 2243 1755 2275 τῆς
1784 2242 1881 2270 ἑαυτοῦ

182 2283 414 2322 siquidemDeus
425 2293 513 2315 verax
527 2283 835 2324 est,quemadmodum
845 2288 874 2314 et
889 2284 955 2315 veri:

1108 2283 1180 2322 ήρίας
1207 2283 1301 2324 ἐχθρὸν
1330 2284 1374 2312 καὶ
1401 2283 1540 2323 πολέμιον.
1573 2288 1656 2314 Τοῦτο
1681 2286 1732 2325 γὰρ
1752 2285 1881 2327 ἄντικρυς

182 2336 232 2358 me
246 2331 291 2358 est
306 2327 435 2368 Spiritus
459 2333 590 2370 sanctus,
612 2338 672 2370 quo
686 2329 729 2359 illi
755 2328 898 2360 continuo
917 2329 955 2360 afl

1108 2334 1144 2360 δῖς
1171 2328 1249 2360 θείοις
1272 2328 1405 2368 Πατράσιν
1419 2329 1564 2369 ἀντιλέγειν
1583 2329 1752 2370 φιλονεικῶν,
1779 2331 1808 2359 ἐν
1837 2335 1881 2365 οἷς

181 2375 244 2402 tuto
258 2376 346 2412 atque
353 2382 458 2404 securo
469 2374 606 2413 dogmata
617 2372 829 2405 decernebant.
846 2372 953 2414 Propte

1109 2384 1146 2401 νοι
1173 2372 1251 2412 φάναι
1276 2374 1344 2411 μετὰ
1382 2378 1428 2403 τοῦ
1461 2375 1612 2413 Πνεύματος
1653 2374 1753 2415 ἔφασαν
1770 2384 1778 2391 ·
1822 2376 1882 2406 ἐπεὶ

181 2420 211 2463 et
222 2419 372 2448 communi
388 2418 443 2448 hac
456 2422 523 2449 utor
537 2418 743 2450 adhortatione
760 2427 766 2448 :

1119 2418 1152 2446 τὰ
1172 2417 1279 2457 μεγάλα
1305 2420 1474 2459 προσκρούειν
1496 2418 1563 2448 οὕτω
1588 2419 1702 2460 πέφυκεν
1732 2421 1771 2454 είς
1798 2423 1882 2463 Θεὸν,

181 2461 258 2500 εἴπερ
291 2463 359 2506 ,Θεός
381 2463 451 2491 ἐστιν
480 2464 607 2501 ἀψευδὴς,
644 2464 733 2504 ὥσπερ
762 2464 806 2493 οὖν
836 2465 878 2492 καὶ
908 2464 962 2494 ἐστι
990 2465 1150 2499 παναληθῶς
1165 2465 1196 2493 τὸ
1225 2466 1330 2502 Πνεῦμα
1356 2466 1388 2493 τὸ
1414 2465 1500 2505 ἅγιον,
1527 2467 1553 2503 ᾦ
1571 2464 1613 2494 διὰ
1633 2466 1734 2499 παντὸς
1756 2461 1886 2506 Eumeni;

183 2516 260 2544 μενοι
290 2505 348 2534 λίαν
374 2507 501 2546 ἀσφαλῶς
517 2507 698 2548 ἐδογμάτιζον.
733 2508 812 2539 Ταῦτ’
847 2507 895 2548 ἄρα
924 2511 967 2539 καὶ
981 2511 1073 2546 κοινὴν
1101 2513 1229 2547 ποιοῦμαι
1250 2511 1301 2544 τὴν
1327 2510 1502 2549 πρόσιλησινο

222 2550 271 2599 φ.
289 2549 341 2581 Eia
354 2550 433 2590 agite
448 2561 563 2593 omnes,
586 2563 695 2585 sonora
713 2563 784 2584 voce
798 2553 942 2591 clamans,
958 2564 995 2596 qu

1113 2550 1150 2594 β’.
1169 2555 1248 2583 Δεῦτε
1267 2555 1300 2589 δὴ
1322 2556 1430 2593 πάντες,
1458 2557 1527 2595 βοῶν
1555 2555 1718 2596 διαπρύσιον,
1747 2559 1773 2586 οἰ
1797 2559 1886 2599 μέχρι

183 2595 218 2642 ad
233 2594 297 2642 haec
314 2605 408 2642 usque
422 2601 555 2642 tempora
566 2597 720 2629 obstitistis
733 2602 762 2629 et
772 2599 956 2638 repugnastis

1119 2603 1162 2629 v5v
1190 2600 1258 2638 ἡμῖν
1280 2594 1474 2638 ἀνθιστάμενοι,
1509 2594 1625 2630 καὶτῶν
1655 2594 1750 2642 μικρὸν
1779 2594 1888 2632 ἄνωθεν

180 2640 205 2689 si
222 2638 336 2689 unitati,
354 2649 427 2689 quos
444 2640 532 2689 paulo
553 2645 620 2689 ante
637 2643 752 2683 pietatis
777 2644 933 2683 magistros

1116 2645 1242 2685 ηφθέντων
1282 2646 1331 2678 τῆς
1377 2644 1508 2678 εὐσεϐείας
1543 2638 1711 2674 διδασκάλων.
1741 2647 1889 2687 ἀκροασά-

180 2683 333 2720 duximus,
349 2683 648 2727 audientes,iudeque
659 2687 953 2728 addiscentes,Spirit

1117 2701 1136 2727 ι,
1167 2690 1211 2718 καὶ
1240 2690 1346 2729 γνόντες
1369 2690 1409 2718 ὅτι
1437 2692 1468 2719 τὸ
1496 2691 1599 2728 Πνεῦμα
1633 2691 1664 2718 τὸ
1682 2691 1760 2730 ἅγιον
1775 2691 1825 2721 διὰ
1839 2696 1889 2721 τοῦ

181 2733 315 2759 sanctum
332 2737 410 2764 esse,
434 2729 612 2773 etconjungi
628 2741 694 2762 cum
718 2731 778 2762 Deo
802 2737 831 2763 et
849 2732 934 2763 Patre
950 2743 954 2773 ι

1112 2740 1211 2773 ιγενοῦς
1241 2734 1295 2763 ἔστι
1315 2746 1343 2763 τε
1365 2737 1409 2764 καὶ
1433 2736 1589 2764 συνάπτεται
1618 2736 1657 2773 τῷ
1671 2739 1730 2773 Θεῷ
1745 2738 1791 2765 καὶ
1825 2741 1885 2766 Πα-

182 2773 224 2805 Un
239 2773 384 2811 genitum,
395 2780 447 2810 per
462 2772 556 2812 ipsum
570 2776 659 2805 etiam
676 2776 878 2807 exsistentiam
891 2772 955 2807 habt

1119 2778 1153 2807 δι’
1184 2781 1261 2810 αὺτοῦ
1283 2781 1326 2808 καὶ
1362 2781 1410 2815 τὴν
1446 2780 1550 2820 ὕπαρξιν
1573 2781 1645 2821 ἔχειν
1669 2780 1831 2820 ἀναγκαίως
1858 2783 1886 2811 in
