1958 3081
176 147 261 177 1137

648 149 695 179 DE
717 148 969 179 PROCESSIONE
991 146 1022 177 S.
1046 146 1222 177 SPIRITUS
1243 146 1344 177 ORAT
1381 147 1405 176 Ι.

1795 146 1869 178 1138

171 215 277 244 τούτου
306 216 477 251 πιστεύσατε,
526 216 569 244 καὶ
597 215 679 254 μηδὲν
708 215 886 248 ἴνόοιάσαντες
917 226 944 243 an

1100 221 1220 252 :essarto
1236 212 1361 250 credite,
1378 216 1408 243 et
1422 217 1536 244 remota
1546 213 1628 244 omni
1643 213 1839 250 dubitatione,
1857 223 1873 244 a

171 259 342 299 παρακαλῶ,
366 259 424 298 μεθ’
438 261 528 301 ἡμῶν,
545 262 588 289 καὶ
617 261 666 295 τήν
687 259 773 294 καλὴν
788 261 885 293 ταύτην
907 259 1009 298 ὁμολο-

171 305 242 343 γίαν
271 304 384 344 ῥήμασιν
400 305 505 337 οἱκείοις
534 304 730 344 ὁμολογήσατε,
766 311 827 336 ταῖς
857 304 937 336 θείαις
967 304 1010 331 ναὶ

173 349 254 377 κατὰ
274 353 351 378 τοῦτο
372 353 572 389 συμφωνοῦντις
594 352 724 389 Γραφαῖς,
750 348 796 377 ἵνα
816 349 861 377 καὶ
875 349 923 383 τὴν
950 346 1010 376 διά-

174 403 258 421 νοιαν
274 394 341 431 ὁμοῦ
367 395 410 422 καὶ
437 395 487 428 τὴν
510 393 643 433 γλῶσσαν²
659 394 709 428 τὴν
736 394 784 431 μὲν
808 397 847 431 τῷ
875 396 1010 422 πιστεῦσαι

172 440 217 475 τῇ
240 437 360 473 ἀληθείᾳ,
384 438 433 472 τὴν
461 437 489 466 δὲ
525 442 563 476 τῷ
593 438 691 471 ταύτην
721 437 886 477 ὁμολογησαι
929 438 1010 465 καθα-

173 482 310 521 γιάσητε,
339 483 383 511 καὶ
400 483 439 521 μὴ
460 482 544 511 τᾶλλα
571 483 656 510 πάντα
683 485 732 516 τῆς
754 483 831 522 ὀρθῆς
847 481 923 515 δόξης
949 492 1009 520 τογ-

173 527 325 566 χάνοντες,
355 528 386 556 τὸ
414 527 476 566 γοῦν
498 527 606 555 ἰνταῦθα
622 527 701 567 μέρος
724 528 774 567 οὐχ
789 526 935 566 ὕγιαίνητι,
966 526 1009 553 καὶ

170 574 230 599 τοῦ
258 572 356 604 παντὸς
385 571 452 600 οὕτω
500 571 654 600 δικαιότατα
687 573 809 612 κρίνησθε
837 571 908 610 παρὰ
949 576 1006 602 τοῖς

172 616 334 654 εὐγνώμοσι
364 619 419 644 τῶν
445 616 589 656 ἀνθρώπων
617 616 801 653 ἐκπίπτοντες,
829 616 872 647 Τίς
909 615 958 654 γὰρ
993 615 1006 642 ὸ

172 659 265 699 λόγος
293 661 324 690 τὸ
353 661 401 698 μὲν
424 661 496 690 εἶναι
525 662 567 689 καὶ
597 661 770 689 συνάπτεσθαι
798 661 829 688 τὸ
850 663 956 697 Πνεῦμα
976 659 1007 686 τὸ

171 705 260 744 ἅγιον
289 709 327 743 τῷ
349 709 406 743 Θεῷ
434 707 478 734 καὶ
508 706 587 745 ﬂat-cpi
608 704 649 733 διὰ
670 709 717 734 τοῦ
732 707 793 733 Υἱοῦ
813 704 1006 744 παραδέχεσθαι

172 750 213 777 τὸ
237 748 264 778 δὲ
287 751 330 778 καὶ
355 751 404 785 τήν
432 749 538 790 ὕπαρξιν
562 749 635 790 ἔχειν
663 748 696 778 δι’
726 749 804 779 αὺτοῦ
831 749 870 786 μὴ
900 748 1006 787 προσίε-

172 796 268 831 σθαις
299 795 407 828 Πάντως
435 795 538 834 ἀνάγκη
566 796 596 822 τὸ
618 797 723 832 Πνεῦμα
752 795 782 823 τὸ
809 793 895 833 ἇίγιον²
919 794 941 821 εἷ
968 793 1007 830 μὴ

169 838 226 866 διὰ
253 843 298 867 τοῦ
320 840 408 878 Λόγου
436 838 534 872 ταύτην
555 838 678 878 πλουτεῖ,
695 839 733 876 μή
756 837 792 866 δι’
818 838 897 866 uoto-3
921 843 1009 867 συνετ-

1051 256 1137 287 nobis
1152 260 1271 296 state,et
1286 257 1440 297 pulchram
1449 257 1526 288 hanc
1541 257 1760 288 confessionem
1775 257 1875 289 verbis

1052 301 1157 331 vestris
1169 300 1472 341 proﬁtemini,divinis
1487 301 1517 332 in
1533 301 1590 332 hoc
1603 302 1694 333 etiam
1711 301 1875 342 Scripturis

1052 345 1261 383 concordes,ut
1276 346 1484 385 cogitationem
1498 346 1586 377 simul
1603 350 1632 376 et
1645 346 1871 385 linguam,illam

1052 389 1202 420 credendo
1222 389 1429 427 veritati,hanc
1451 399 1515 421 eam
1536 391 1705 421 confitendo
1721 390 1872 421 sacriﬁce-

1052 433 1100 470 tis,
1117 438 1146 463 et
1160 443 1227 464 cum
1243 434 1272 464 in
1289 434 1412 475 reliquis
1425 435 1492 466 aliis
1505 439 1587 466 recte
1607 435 1754 475 sentiatis,
1772 435 1827 466 hac
1842 435 1873 466 in

1051 481 1132 517 parte
1144 487 1312 518 ne,precor,
1325 488 1401 518 aegre
1419 478 1571 516 laboretis,
1588 483 1616 509 et
1631 479 1673 509 sic
1688 479 1718 509 in
1734 479 1874 510 omnibus

1050 521 1086 552 ab
1096 522 1266 553 hominibus
1274 523 1470 563 prudentibus
1483 523 1590 554 merito
1598 523 1747 554 decidisse
1759 528 1874 563 repute-

1051 566 1134 597 mini.
1162 566 1232 602 Qua
1259 567 1338 597 enim
1352 567 1429 598 ratio
1445 571 1571 603 est,esse
1587 571 1615 598 et
1630 568 1770 607 conjungi
1782 567 1872 608 Spiri-

1049 614 1110 640 tum
1126 616 1262 642 sanctum
1275 621 1342 642 cum
1358 611 1420 642 Deo
1436 616 1466 643 et
1480 611 1566 642 Patre
1581 621 1634 652 per
1648 612 1754 643 Filium
1768 612 1874 643 admit-

1049 657 1122 691 tere,
1139 664 1194 695 per
1213 664 1280 685 eum
1297 665 1365 686 vero
1377 656 1579 687 exsistentiam
1591 657 1703 687 habere
1716 657 1873 696 respuere?

1048 697 1175 730 Omnino
1192 709 1315 731 necesse
1332 705 1375 730 est
1390 700 1534 741 Spiritum
1548 704 1682 731 sanctum
1698 702 1723 730 si
1738 710 1803 731 eam
1819 710 1873 741 per

1048 743 1178 774 Verbum
1195 753 1254 776 non
1271 745 1514 785 possidet,neque
1523 754 1574 786 per
1590 745 1689 785 ipsum
1706 745 1794 776 simul
1807 754 1873 776 esse

1049 792 1078 818 et
1093 788 1235 828 conjungi
1251 798 1316 819 cum
1330 790 1391 820 Deo
1410 794 1439 820 et
1452 791 1586 826 Patre,et
1600 789 1708 820 similis
1724 789 1873 829 theologia

1049 832 1087 862 de
1103 831 1215 872 Spiritu
1225 838 1327 864 sancto
1338 843 1557 874 supervacanea
1570 843 1636 864 esse
1645 833 1871 873 periclitabitur.

171 894 225 911 ναι
257 884 302 912 καὶ
337 884 510 912 συνάπτεσθαι
540 886 578 920 τῷ
607 887 663 920 Θεῷ
684 883 727 911 καὶ
762 883 854 922 Πατρὶ,
883 882 927 909 καὶ

1099 881 1194 908 vestra
1223 887 1339 918 quoque
1365 879 1512 908 sententia
1530 879 1591 918 jam
1608 878 1699 908 multo
1716 882 1804 910 antea
1817 878 1870 909 de-

171 927 282 956 δδνιύει
310 933 402 958 τοῦτον
424 929 470 956 τὸν
505 928 603 967 τρόπον
631 928 757 967 περιττήν
783 937 841 955 τινα
868 925 1007 960 τηνάλλως

170 972 271 1001 τελεῖν
300 973 349 1006 τὴν
376 972 499 1005 τοιαύτην
527 971 664 1011 θεολογίαν
692 972 734 1000 ἐπὶ
769 976 815 1001 τοῦ
842 971 1004 1008 Πνεύματος.

169 1016 360 1056 Προαπόλωλι
388 1016 416 1045 δὲ
438 1017 495 1045 καθ’
509 1017 577 1054 ὑμᾶς
592 1017 636 1045 καὶ
658 1019 731 1044 πᾶσα
760 1016 835 1054 ῥῆσις
863 1018 913 1049 τῆς
935 1016 1005 1047 θείας

170 1062 299 1101 Γραωῆς,
331 1061 390 1096 ἥτις
424 1062 552 1102 ὑπάρχειν
581 1061 611 1089 ἐκ
645 1062 747 1100 Πατρὸς
776 1060 818 1088 διὰ
848 1063 893 1089 τοῦ
921 1060 1005 1098 Λόγου

171 1107 306 1146 κηρύττει
332 1107 362 1135 τό
389 1109 495 1144 Πνεῦμα
535 1106 565 1133 τό
599 1105 686 1145 ἅγιον,
723 1106 810 1137 καθὼς
836 1103 1005 1142 ἀπεδείξαμεν

168 1153 207 1179 ἓν
235 1155 273 1188 τῷ
294 1151 415 1191 παρόντι,
443 1151 543 1179 τούτων
558 1150 672 1183 ἑκάστην
701 1150 845 1187 ὶκθέμενοι,
877 1150 919 1177 καὶ
946 1149 1003 1181 τοὺς

169 1199 264 1224 ταῦτα
292 1195 378 1224 πάντα
406 1195 537 1235 φαμένους
567 1195 655 1233 ἁγίους
690 1193 808 1223 λείπεται
842 1192 1003 1230 διαϐάλλειν,

167 1241 217 1272 ὡς
249 1239 295 1268 οὒκ
323 1239 444 1271 εἰπόντας
467 1238 566 1275 καλῶς,
583 1237 641 1267 οὖδὲ
673 1238 864 1277 πρετὸεύοντας
878 1238 925 1271 τὴν
940 1237 1005 1271 ἀλη·

166 1286 263 1315 Θειαν,
294 1287 375 1314 Τοῦτο
404 1283 431 1311 δὲ
473 1284 566 1323 φρενὸς
603 1283 652 1321 μὲν
681 1285 825 1316 σατανικῆς
860 1281 1003 1320 διανόημα,

166 1331 304 1369 πονηρῶν
332 1329 375 1356 καὶ
390 1327 506 1368 χειλέων
527 1328 675 1368 ἀπήχημα.
707 1327 789 1355 Πόθεν
809 1327 858 1366 γὰρ
879 1327 969 1364 mam!
983 1327 1005 1354 εἰ

168 1374 220 1410 μὴ
249 1373 319 1412 παρὰ
346 1373 445 1401 τούτων
467 1372 520 1400 ἐστὶ
546 1374 576 1400 τὸ
605 1371 762 1408 ὀρθοόοξετν,
786 1372 829 1403 οὒς
858 1373 907 1404 τῆς
935 1371 1006 1399 εόσε-

167 1416 253 1447 ϐείας
284 1418 331 1455 μὲν
366 1417 522 1457 προμάχους
567 1416 699 1456 στεῤῥοὺς,
729 1419 778 1450 τῆς
811 1415 942 1455 αἱρετικῆς
977 1414 1004 1443 δὲ

167 1461 285 1496 πλάτης
315 1461 470 1501 καθαιρέτας
500 1462 678 1501 ἐγνώκαμενς
708 1460 784 1490 Ἀλλ’
800 1461 889 1500 ὥσπερ
904 1460 1003 1499 ἐκεῖνο,

166 1509 211 1536 τὸ
240 1513 357 1536 συνεῖναι
386 1506 488 1540 δηλαδὴ
515 1507 558 1535 καὶ
601 1507 775 1534 συνάπτεσθαι
804 1509 842 1543 τῷ
877 1508 935 1542 Θεῴ
962 1505 1005 1533 καὶ

167 1553 262 1592 Πατρὶ
288 1551 328 1579 διὰ
343 1555 389 1580 τοῦ
405 1553 465 1580 Υίοῦ
490 1553 517 1580 τὸ
539 1551 645 1588 Πνεῦμα
659 1552 690 1579 τὸ
717 1550 805 1589 ἅγιον,
838 1551 867 1578 οὖ
895 1550 1003 1589 περιττή

165 1608 220 1629 τις
242 1595 380 1630 τηνάλλως
406 1595 528 1635 θεολογία
553 1595 637 1635 τελεῖ,
664 1594 765 1633 μᾶλλον
791 1594 838 1632 μὲν
854 1594 898 1623 οὖν
920 1595 1004 1633 ἀναγ-

165 1641 242 1670 καία
269 1644 308 1678 τῷ
322 1640 377 1669 ὅντι
399 1641 443 1668 καὶ
468 1641 536 1669 πολὺ
561 1641 592 1668 τὸ
607 1641 742 1680 χρήσιμον
755 1639 855 1680 ἔχουσα
873 1647 879 1654 ·
896 1639 941 1666 τὸν
956 1639 1004 1666 αὒ-

166 1687 226 1714 τὸν
240 1685 272 1719 δὴ
292 1685 390 1724 τρόπον
413 1684 470 1713 οἶδὲ
498 1686 529 1713 τὸ
552 1685 681 1724 ὑπάρχειν
707 1687 782 1712 τοῦτο
797 1683 828 1711 δι’
845 1684 921 1711 αὖτοῦ
936 1683 1006 1722 παρὰ

166 1734 226 1759 τοῦ
242 1731 342 1769 Πατρὸς
369 1731 383 1758 ὁ
411 1732 459 1762 τῆς
489 1728 613 1762 ἀληθείας
634 1728 778 1768 λατρευτὴς
813 1728 1004 1768 ἀπαρνήσεται.

168 1775 216 1804 Τὸ
246 1775 296 1814 γὰρ
324 1777 430 1812 Πνεῦμα
456 1774 487 1802 τὸ
515 1773 601 1813 ἅγιον⁷
632 1774 669 1805 ὡς
736 1773 790 1800 θεία
805 1773 848 1800 καὶ
862 1773 917 1811 ἱερᾶ
932 1770 1005 1800 διδᾶ-

167 1829 238 1847 σκει
268 1829 301 1856 με
314 1822 385 1846 πᾶσα
411 1819 515 1858 Γραφὴ,
538 1819 601 1850 Θεὸς
625 1818 680 1846 ἑστι
701 1817 802 1850 τέλειος
826 1816 945 1855 ἆψευδώς
975 1816 1005 1844 ἐκ

170 1863 282 1892 τελείου
304 1866 369 1892 Θεοῦ
390 1866 436 1891 τοῦ
460 1863 561 1899 Πατρὸς
583 1861 625 1890 δια
648 1861 748 1890 τελείου
763 1865 828 1890 Θεοῦ
856 1866 901 1890 τοῦ
921 1872 1003 1898 μονο-

168 1911 273 1948 γενοῦς
301 1908 368 1935 κατὰ
411 1908 458 1940 τὰς
501 1906 699 1947 προεκτεθείσας
741 1906 881 1945 μαρτυρίας
920 1906 1004 1934 ἔκπο-

168 1951 335 1992 ρευόμενος.
352 1950 441 1984 Οὕτως
464 1951 522 1992 ἔχω
551 1952 610 1990 περὶ
627 1951 731 1988 τούτου,
747 1951 790 1978 καὶ
804 1950 886 1982 οὕτως
901 1949 1004 1990 ἑδραῖος

167 1997 205 2025 ὲν
235 1999 270 2034 τῇ
297 1996 418 2036 παρούσῃ
448 1996 543 2035 γνώμη
567 1997 610 2024 καὶ
639 1994 786 2028 ἀκλόνητος
816 1994 1003 2032 ἴσταμαιταϊς

167 2048 278 2082 σοφαῖς
308 2041 423 2081 χρήσεσι
458 2042 510 2069 τῶν
548 2041 642 2080 ἁγίων,
672 2041 761 2079 ὡσπερ
791 2040 834 2068 καὶ
867 2046 1007 2079 κραταιοτς

168 2086 287 2117 στύλοις
316 2085 514 2125 ἐπερειδόμενος
562 2085 700 2121 πάντοθεν,
736 2085 780 2112 καὶ
822 2083 905 2121 μηδὲν
940 2084 1008 2112 ὕπο-

169 2132 310 2166 πτήσσων
343 2130 390 2162 τὰς
421 2133 474 2158 τῶν
516 2130 612 2170 ἀγρίων
643 2129 798 2166 πνευμάτων
832 2127 1007 2167 ὰντεμϐολὰς,

169 2175 210 2207 ἃς
240 2176 257 2209 ἡ
285 2175 339 2203 τῶν
361 2174 559 2208 ἀνθεστηκότων
582 2174 709 2213 ἰπεγείρει
738 2174 902 2207 καθεκάστην
930 2173 1003 2207 πλη·
1015 2189 1037 2215 D

168 2221 224 2252 ϐὺς
251 2219 394 2247 ἂπαντῶσα
426 2231 470 2249 μοι
516 2219 583 2247 κατὰ
611 2219 764 2258 πρόσωπον,
802 2217 885 2246 ’Λλλὰ
923 2222 1004 2247 ταῦτα

169 2265 231 2302 μὲν
254 2264 313 2303 περὶ
335 2267 382 2292 τοῦ
403 2264 451 2297 τὴν
479 2263 587 2303 ὕπαρξιν
608 2263 682 2302 ἔχειν
704 2262 733 2290 ἐκ
755 2263 856 2302 Πατρὸς
879 2262 914 2290 δι’
948 2264 1005 2292 Υἱοῦ

166 2310 206 2337 τὸ
240 2312 347 2346 Πνεῦμα
369 2309 399 2336 το
414 2308 502 2347 ἅγιον,
530 2308 574 2340 οἷς
595 2308 697 2336 καὶτὸν
713 2307 816 2346 πρῶτον
841 2311 932 2335 τοῦτον
960 2306 1004 2336 λό-

167 2365 229 2393 γον
256 2352 308 2387 ἦδη
331 2353 554 2391 ωνεπεράναμιν,
581 2351 614 2380 δι’
641 2352 669 2380 ὃν
704 2353 748 2379 καὶ
776 2352 855 2392 χάρις
884 2355 941 2390 Θεῷ
967 2356 1005 2389 τῷ

162 2398 284 2427 πάντων
312 2396 442 2436 τελειωτῇ
467 2401 520 2426 τῶν
542 2396 641 2427 καλῶν,
670 2396 708 2425 Τὰ
742 2395 769 2424 δὲ
791 2395 912 2424 ἐπέκεινα
942 2397 1005 2424 τού-

161 2454 230 2471 των
246 2442 336 2481 ἓτερος
365 2443 440 2473 οὗτος
469 2442 553 2482 ἀγὼν,
576 2440 659 2479 μηδὲν
688 2439 814 2468 ἐλλείπων
835 2440 881 2469 τοῦ
908 2441 1005 2480 παρόν-

160 2498 222 2519 τος
240 2485 304 2524 μηδ’
327 2487 458 2516 ὁπωσοῦν.
489 2488 540 2516 Τὸν
568 2486 596 2514 ὂὶ
619 2485 743 2525 καὶπρὸς
771 2484 889 2525 δεύτερον
919 2496 1005 2514 κατα-

1049 922 1165 962 perdita
1179 927 1248 953 sunt
1264 923 1400 954 universa
1415 932 1507 954 sacrze
1521 923 1684 963 Scriptum
1700 923 1790 962 dicta,
1807 933 1872 964 quae

1049 975 1083 997 ex
1095 966 1181 998 Patre
1197 977 1250 1008 per
1267 968 1396 999 Verbum
1414 968 1557 999 exsistere
1574 968 1716 1008 Spiritum
1728 968 1873 1009 depraedi-

1047 1016 1125 1052 cant,
1151 1017 1181 1042 ut
1207 1012 1345 1052 praesenti
1371 1013 1508 1044 oratione
1532 1013 1730 1050 ostendimus,
1748 1013 1874 1053 singulis

1047 1056 1200 1097 expositis,
1217 1061 1246 1087 et
1263 1057 1411 1097 reliquum
1427 1062 1472 1088 est
1486 1057 1669 1098 sanctos,qui
1681 1057 1791 1089 similia
1803 1066 1872 1097 pro-

1046 1102 1322 1142 nuntiarunt,quasi
1339 1111 1397 1132 non
1412 1102 1490 1133 bene
1506 1102 1761 1142 pronuntiassent,
1774 1111 1873 1142 neque

1046 1145 1159 1176 veritati
1176 1146 1285 1186 primas
1302 1150 1399 1186 partes
1414 1147 1567 1177 dedissent
1582 1147 1618 1176 in.
1629 1146 1743 1176 crimen
1753 1155 1871 1178 vocare.

1047 1189 1109 1220 Hoc
1125 1198 1193 1221 vero
1209 1191 1353 1221 satannire
1367 1191 1475 1222 mentis
1488 1191 1640 1222 inventum
1653 1195 1742 1229 est,et
1755 1191 1872 1230 impro~

1047 1233 1151 1264 borum
1182 1235 1325 1265 labiorum
1355 1244 1498 1266 resonans
1523 1236 1674 1275 strepitus.
1690 1235 1775 1267 Unde
1791 1235 1871 1265 enim

1048 1278 1134 1309 nobis
1149 1279 1206 1309 nisi
1219 1289 1252 1310 ex
1264 1280 1310 1310 his
1322 1280 1394 1320 ipsis
1408 1284 1490 1310 recta
1507 1279 1543 1310 de
1559 1280 1617 1310 ﬁde
1634 1281 1872 1320 sententia,quos

1049 1323 1166 1363 pietatis
1182 1324 1294 1354 validos
1306 1324 1492 1361 defensores,
1510 1328 1539 1355 et
1551 1323 1684 1355 haeretici
1697 1324 1872 1363 depulsores

1047 1368 1158 1398 erroris
1175 1369 1386 1408 agnoscimus?
1401 1369 1461 1399 Sed
1488 1375 1521 1399 ut.
1548 1368 1633 1405 illud,
1651 1368 1741 1399 simul
1764 1377 1873 1408 nempe

1047 1421 1113 1444 esse
1129 1420 1156 1443 et
1173 1413 1312 1453 conjungi
1324 1413 1385 1444 Deo
1400 1417 1429 1443 et
1445 1413 1523 1444 Patri
1540 1422 1593 1453 per
1606 1412 1713 1443 Filium
1730 1411 1871 1452 Spiritum

1047 1461 1191 1493 sanctum,
1211 1467 1270 1488 non
1286 1461 1331 1488 est
1347 1466 1566 1498 supervacanea
1590 1461 1620 1487 et
1637 1458 1747 1487 frustra
1767 1457 1873 1487 tradita

1046 1501 1208 1541 theologia,
1240 1503 1292 1533 sed
1313 1502 1439 1532 multum
1469 1503 1616 1542 pianeque
1643 1501 1824 1537 necessaria,
1844 1505 1874 1531 et

1047 1546 1130 1576 valde
1146 1547 1356 1587 prolicua,puri
1370 1546 1457 1577 modo
1470 1555 1566 1586 neque
1576 1545 1719 1586 Spiritum
1731 1546 1873 1576 exsistere

1048 1600 1101 1630 per
1121 1590 1227 1622 Filium
1254 1601 1271 1622 a
1296 1592 1381 1622 Patre
1410 1591 1528 1631 pietatis
1557 1591 1653 1621 cultor
1677 1589 1870 1623 inﬁciubitur.

1045 1636 1175 1674 Spiritus
1189 1636 1269 1667 enim
1285 1641 1417 1674 sanctus,
1431 1640 1464 1667 ut
1478 1635 1578 1666 divina
1595 1639 1625 1665 et
1639 1644 1723 1665 sacra
1734 1634 1873 1665 universa

1047 1679 1199 1720 Scriptura
1224 1690 1271 1711 me
1292 1681 1393 1720 docet,
1419 1680 1498 1711 Deus
1512 1684 1555 1710 est
1574 1679 1736 1720 perfectus,
1751 1689 1822 1710 vere
1837 1689 1872 1710 ex

1048 1725 1178 1765 perfecto
1197 1726 1345 1757 DeoPatre
1353 1734 1405 1766 per
1413 1724 1671 1765 perfectumDeum
1689 1724 1872 1762 unigenitum

1048 1771 1225 1810 procedens,
1242 1775 1273 1801 ut
1290 1779 1379 1810 supra
1394 1770 1510 1809 digesta
1527 1769 1698 1800 testimonia
1722 1769 1870 1800 intonant.

1047 1815 1116 1845 Haec
1131 1824 1197 1845 mea
1211 1815 1248 1845 de
1261 1815 1317 1846 hoc
1332 1814 1480 1846 sententia
1495 1817 1552 1854 est,
1570 1817 1597 1844 et
1623 1813 1666 1844 sio
1680 1813 1710 1844 in
1728 1818 1873 1853 prasente

1047 1859 1196 1890 sententia
1203 1859 1317 1890 stabilis
1323 1864 1352 1891 et
1361 1860 1557 1890 inconcussus
1574 1858 1744 1898 persisto,et
1757 1858 1874 1899 sapien~

1047 1904 1125 1934 tibus
1140 1909 1308 1935 sanctorum
1325 1904 1414 1936 dictis
1440 1903 1482 1934 uti
1506 1902 1612 1933 validis
1627 1902 1775 1933 columnis
1789 1903 1871 1933 omni

1047 1958 1082 1979 ex
1098 1954 1180 1988 parte
1194 1949 1314 1980 innixus
1330 1949 1519 1979 elferatorum
1534 1947 1657 1977 flatuum
1671 1946 1800 1987 impetus
1813 1948 1870 1978 mi-

1049 1993 1130 2023 nime
1145 1994 1412 2033 pertimesco,quos
1426 1992 1665 2022 adversariorum
1682 1991 1767 2022 turba
1775 1992 1871 2032 quoti-

1050 2038 1098 2068 die
1113 2038 1228 2069 obviam
1248 2038 1319 2068 mihi
1334 2038 1411 2068 facta
1425 2036 1564 2068 concitat.
1581 2035 1616 2066 Et
1632 2036 1694 2066 haec
1705 2036 1744 2066 de
1759 2036 1871 2076 Spiritu

1050 2082 1251 2123 sancto,quod
1268 2082 1317 2112 ille
1331 2080 1534 2112 exsistentiam
1550 2079 1657 2111 habeat
1672 2089 1705 2110 ex
1722 2081 1808 2111 Patre
1820 2090 1873 2120 per

1051 2126 1169 2167 Filium,
1185 2127 1214 2157 in
1230 2126 1339 2167 quibus
1355 2131 1384 2157 et
1400 2125 1504 2166 prima;
1518 2129 1627 2156 nostrze
1638 2124 1764 2155 orationi
1781 2125 1871 2156 linem

1050 2171 1227 2212 l'ecimus,ob
1242 2180 1329 2211 quam
1343 2175 1372 2201 et
1385 2171 1447 2202 Deo
1461 2168 1570 2207 gratias
1590 2168 1704 2208 agimus
1724 2169 1870 2200 bonorum

1047 2216 1179 2247 omnium
1204 2215 1373 2256 pel-lectori.
1403 2214 1474 2250 Quae
1503 2222 1571 2244 vero
1600 2218 1764 2254 sequuntur
1786 2214 1871 2245 alteri

1046 2260 1212 2299 certamini,
1244 2261 1320 2300 quod
1351 2260 1414 2290 tunc
1441 2261 1587 2298 praesente
1603 2258 1633 2288 in
1649 2258 1730 2289 nullo
1747 2258 1870 2290 inferius

1047 2305 1112 2346 crit,
1130 2305 1227 2336 locum
1241 2302 1512 2345 praestabunt,quod
1520 2303 1557 2334 ad
1570 2303 1737 2334 secundum
1750 2303 1872 2334 descen-

1046 2351 1152 2382 dentes
1172 2350 1297 2381 stadium
1318 2347 1540 2380 decertabimus
1559 2347 1590 2378 in
1610 2347 1871 2380 ChristoJesuDo-

1049 2399 1129 2426 mino
1149 2400 1261 2432 nostro,
1280 2403 1334 2435 per
1347 2402 1436 2434 quem
1452 2402 1470 2423 a
1489 2394 1576 2423 Patre
1597 2391 1725 2433 Spiritus
1751 2398 1871 2425 sanctus

1049 2440 1242 2481 progrediens
1267 2438 1383 2470 inﬂabit
1407 2437 1495 2470 nobis
1524 2437 1648 2477 gratiam
1663 2438 1700 2469 ad
1716 2447 1870 2470 sermones

1047 2485 1175 2516 feliciter
1189 2484 1372 2524 dirigendos.

160 2531 270 2562 ϐάντες
300 2529 405 2559 στάδιον
432 2531 612 2569 ἂιθλεύσωμεν
655 2529 682 2557 ἐν
710 2533 817 2570 Χριστῷ
851 2529 939 2565 Ἰησοῦ
980 2534 1018 2570 τῷ
1049 2531 1134 2570 Κυρίῳ
1161 2531 1251 2570 ἡμῶν1
1281 2529 1315 2558 δι’
1344 2531 1374 2558 οὗ
1401 2529 1473 2568 παρὰ
1507 2530 1609 2568 Πατρὸς
1644 2530 1676 2558 τὸ
1705 2529 1812 2567 Πνεῦμα
1839 2530 1869 2556 τὸ

160 2576 255 2615 ἅγιον
290 2578 499 2615 προερχόμενον,
528 2575 671 2614 ἰμπνιύσοι
699 2575 777 2615 χάριν
799 2576 868 2613 ἡμῖν
895 2576 933 2607 είς
963 2576 1013 2610 τὴν
1041 2576 1094 2606 τῶν
1129 2575 1215 2615 λόγων
1245 2574 1380 2606 εὖόδωσιν,
