1958 3081
299 60 314 76 1

100 86 199 120 1141

95 155 258 194 κρείττους
304 157 348 185 καὶ
397 157 594 198 νουνεχέστεροι
647 158 777 186 πείθεσθαι

94 199 256 238 ἀσμένους
278 203 304 230 ἓν
326 201 387 233 τοῖς
416 202 480 241 ὑπὲρ
508 203 592 240 ἡμᾶς,
615 201 658 235 οὕς
688 203 733 231 καὶ
758 201 858 231 δικαίον
879 201 951 241 γνώ-

95 255 175 281 μης
211 246 428 286 ὑπερθαυμάζειν,
451 247 494 275 καὶ
521 245 619 287 σφόδρα
646 247 752 279 τούτους
783 246 826 275 διὰ
855 247 951 279 παντὸς

95 288 320 329 ἀποδέχεσθαι.
351 291 419 331 Πρὸς
448 291 498 331 γὰρ
525 302 565 319 τοι
593 291 652 323 τοὺς
680 290 786 328 ἄλλους,
819 289 875 319 ὅσοι
902 291 951 324 τὴν

95 334 180 373 περὶ
221 333 315 374 λόγους
350 334 470 364 παιδείαν
505 336 612 364 πάντων
633 339 727 376 μικροῦ
751 335 876 376 προέχειν
904 334 948 363 δο-

94 381 244 415 κοῦντες,
267 380 332 418 πρὸς
360 383 399 417 τῷ
429 379 541 417 μηδενὸς
573 379 641 411 ὅλως
671 380 826 420 φροντίζειν,
859 379 885 407 εἴ
913 379 950 411 τίς

96 433 169 450 που
196 424 240 451 καὶ
261 422 349 463 λέγειν
368 425 396 452 ἓν
418 431 477 456 τοῖς
505 425 563 464 περὶ
592 425 705 457 πίστεως
728 424 786 464 ἔχει
808 435 832 452 τι
854 424 950 464 χρήσι-

95 478 185 504 μον,
213 467 269 498 οὐδὲ
284 471 442 510 τατςίερατς
458 469 557 502 ἀξιοῦσι
584 469 728 509 προσέχειν
756 472 885 509 Γραφαῐς,
915 469 952 500 ὡς

95 511 162 547 ἀφ’
201 513 300 542 ἑαδτῶν
321 512 398 547 δῆθεν
434 513 623 554 κατειληφότες
649 515 680 542 τὸ
707 517 752 542 τοῦ
784 513 952 552 κηρύγματος

97 555 247 595 ἀκριϐὲς,
279 557 388 597 ἁρμόσει
431 559 462 587 τδ
503 562 550 587 τοῦ
578 557 741 587 Ἀποστόλου
774 559 876 598 σαφῶς,
911 557 951 585 ὅτι

99 599 351 638 Ἐματαιώθησαν
407 603 435 631 ἕν
484 609 545 634 ταῖς
596 601 720 634 διανοίαις
763 605 860 638 αὒτών,
903 602 952 642 φά-

95 655 233 678 σκοντες
278 654 347 675 εἶναι
396 649 484 688 σοφοὶ,
522 646 723 687 ἐμωράνθησαν,
774 647 815 688 ἐφ’
850 649 872 684 ᾦ
908 647 951 675 καὶ

96 689 162 716 τὸν
200 691 258 719 νοῦν
288 691 338 720 ὑπὸ
367 691 513 724 κενοδοξίας
536 692 567 719 τὸ
595 691 718 725 παράπαν
756 691 950 731 τυφλώττοντες

96 734 184 765 τοὺς
216 735 315 763 ἑαυτῶν
336 735 480 775 λογισμοὺς
510 735 558 770 τῆς
579 736 632 763 τῶν
666 735 800 775 Θιηγόρων
829 735 951 769 Πατὲρων

96 777 292 812 διδασκαλίας
327 782 520 821 προκρίνουσιν,
552 781 652 809 Ἐνίοτι
681 779 708 808 δὲ
750 781 793 808 καὶ
828 779 950 819 περιτρέ-

96 834 182 850 πειν
212 828 354 863 πειρῶνται
389 826 455 865 πρὸς
483 825 513 853 τὸ
539 825 629 853 δοκοῦν
651 826 741 857 αὺτοῖς
771 825 820 858 τὴν
854 824 950 858 ἀκλινή

96 867 174 895 τῶν
206 868 305 908 ἀνδρῶν
326 873 372 898 τοῦ
407 870 557 907 Πνεύματος
576 869 686 905 ἔννοιαν,
711 869 865 909 φιλονείκως
892 870 951 907 περὶ

94 913 222 946 ταύτης
245 914 310 953 πρὸς
334 915 377 947 οὓς
391 913 422 942 ἂν
436 915 513 954 τύχοι
535 913 727 953 διαλεγόμενοι,
744 914 787 941 καὶ
815 913 845 941 οὗ
874 913 949 953 φρίτ-

97 968 213 986 τουσιν
243 958 269 986 ἒν
297 960 328 987 οὗ
348 966 474 991 παικτοΐς
500 960 530 987 τὸ
556 958 588 993 δὴ
622 958 813 997 θρυλλούμενον
842 958 949 993 παίζον-

98 1012 181 1042 τες,
204 1002 318 1040 μάλιστα
347 1002 373 1030 δὲ
402 1004 435 1032 τὰ
469 1005 529 1032 θεῖα
556 1002 706 1031 διαϐάλλειν
748 1001 948 1038 σπουδάζοντες.

102 1048 176 1075 Καὶ
200 1047 314 1087 παρίημι
343 1047 430 1087 λέγειν
451 1049 509 1087 περῖ
530 1050 583 1076 τῶν
607 1047 649 1076 διὰ
670 1047 764 1088 φθόνον
792 1048 835 1075 καὶ
857 1053 949 1084 μῖσος,

101 1091 170 1119 οὐκ
193 1092 283 1131 ὀλίγον
304 1093 354 1132 γὰρ
374 1100 434 1124 τοῖς
456 1093 548 1121 πάθεσι
579 1093 683 1124 τούτοις
708 1091 854 1124 ἑαλωκότες
883 1093 950 1129 ἡμῖν

99 1136 296 1178 ἐπιφύονται,
331 1139 564 1178 παρατρεχόντων,
599 1138 617 1171 ἢ
652 1137 695 1166 καὶ
733 1137 950 1176 παραποιούντων

101 1182 212 1210 ἕκοιιτὶ
240 1182 289 1216 τὴν
311 1181 446 1218 ἀλήθειαν,
478 1184 521 1214 οἷς
535 1182 645 1221 ἀπόχρη
662 1182 705 1210 καὶ
728 1181 808 1218 μόνον
822 1182 859 1213 εἷς
875 1180 950 1214 ἐξου-

99 1225 234 1254 δὲνωσιν
263 1228 294 1254 τὸ
326 1233 420 1258 κακοῖς
456 1227 500 1254 καὶ
527 1227 661 1254 εἶναικαὶ
683 1226 853 1263 ὀνομάζεσθαι
881 1227 951 1265 παρα

99 1278 183 1302 τοῖς
214 1270 306 1310 ἄριστα
321 1270 471 1310 διακρίνειν,
486 1271 530 1299 καὶ
558 1270 707 1298 τελεώτατα
733 1270 792 1309 περὶ
819 1270 949 1298 τοσούτων

100 1316 308 1354 γινώσκουσιν.
340 1314 414 1344 Ἀλλ’
443 1315 541 1343 ἐκεῖνοι
569 1314 617 1352 μὲν
639 1314 745 1346 τούτους
759 1314 803 1342 καὶ
824 1315 854 1342 τὸ
882 1315 949 1342 κατὰ

102 1363 184 1387 νοῦν
215 1359 371 1399 ἀναπολεῖν,
408 1359 459 1392 ἕως
496 1359 527 1387 ἂν
547 1360 597 1387 ὑπὸ
619 1359 762 1396 βασκανίας
785 1359 850 1397 πρὸς
878 1359 949 1396 ἡμᾶς

105 1403 232 1444 ἒχθρῶς
261 1404 370 1444 ἔχοντες
413 1403 564 1443 ἆθιόρθωτοι
593 1403 717 1440 μένωσιν,
755 1401 894 1435 ἐπιϐλαϐές
920 1414 948 1430 τε

591 91 640 122 DE
663 90 916 123 PROCESSIONE
941 91 970 122 S.
995 91 1170 122 SPlRITUS
1191 90 1303 124 ORAT.
1324 93 1364 124 II.

1741 92 1816 126 1142

833 157 948 197 φιλοῦσιν
960 161 981 184 Δ
991 164 1057 196 quae
1072 164 1192 186 sensum
1208 161 1398 197 exsuperant,
1416 167 1482 189 cum
1499 167 1588 189 carne
1604 157 1815 198 imaginatione

993 200 1236 240 concepere.His,
1255 201 1341 241 paulo
1350 205 1417 233 ante
1427 203 1614 239 commorati,
1632 202 1692 233 imo
1711 212 1815 234 eorum

994 244 1132 275 meliores
1146 245 1425 286 prudentioresque,
1435 247 1464 277 in
1479 246 1570 278 rebus
1584 256 1650 287 quae
1661 257 1750 288 supra
1762 257 1817 279 nos

993 292 1061 319 sunt
1081 289 1201 320 suaderi
1216 294 1326 327 amant,
1351 300 1426 331 quos
1442 295 1471 321 et
1482 291 1552 331 jure
1566 291 1672 322 merilo
1688 292 1725 322 ob
1742 302 1814 324 sen-

994 332 1115 363 tentiam
1131 333 1258 364 maxime
1270 334 1436 372 laudamus,
1447 339 1476 366 et
1486 340 1629 376 perpetuo
1640 336 1814 377 recipimus.

992 376 1068 408 Aliis
1079 387 1160 416 vero,
1175 379 1225 418 qui
1239 379 1356 410 dicendi
1373 383 1436 410 arte
1451 385 1539 421 atque
1559 376 1725 412 eruditione
1741 381 1815 412 reli—

992 430 1066 461 quos
1075 422 1148 452 alios
1162 431 1304 463 superare
1319 423 1375 454 sibi
1392 424 1539 466 videntur,
1554 435 1621 456 cum
1637 425 1711 456 alias
1728 435 1815 456 men-

992 469 1052 497 tem
1068 475 1188 506 prorsus
1200 477 1257 498 non
1264 468 1525 510 applicent,siquis
1532 470 1568 500 de
1581 468 1640 500 ﬁde
1651 470 1815 510 proﬁcuum

992 510 1101 550 aliquid
1118 521 1285 552 proponere
1301 517 1405 550 tentet,
1436 523 1534 554 neque
1558 513 1630 544 satis
1655 514 1816 553 Scripturis

992 554 1123 586 animum
1138 556 1291 587 advertere
1306 556 1506 597 volunt,quasi
1519 566 1556 588 ex
1564 567 1629 589 sese
1640 558 1816 599 exquisitam

993 599 1210 639 praedicationis
1226 601 1371 632 rationem
1387 602 1667 643 praeoccupaverunt,
1690 603 1815 643 adapta-

993 643 1073 674 bitur
1086 653 1143 674 non
1156 646 1318 684 incongrue
1341 645 1413 676 illud
1435 646 1570 686 Apostoli
1588 657 1595 678 :
1612 647 1816 679 Evanuerunt

991 687 1023 718 in
1033 689 1266 728 cogitationibus
1274 691 1421 726 suis,cum
1428 699 1460 721 se
1466 691 1619 722 crederent
1628 693 1814 732 essesapien-

992 733 1133 772 tes,stulti
1146 734 1303 772 faeliszmt
1317 735 1359 766 44.
1376 734 1451 765 Hinc
1467 740 1495 765 et
1511 740 1642 766 mentem
1659 736 1696 766 ob
1712 746 1815 768 ranam

991 777 1036 806 sui
1052 777 1298 808 existimationem
1311 779 1396 819 plane
1403 779 1544 810 obcaecati
1560 781 1694 821 proprias
1702 781 1815 820 cogita-

962 820 1360 866 Btionesrdiviniloquorum
1385 825 1506 855 Patrum
1529 824 1672 855 doctrinis
1697 834 1814 866 praepo-

992 870 1076 897 nunt.
1094 865 1177 907 Saepe
1193 868 1280 898 etiam
1297 878 1420 899 numero
1436 869 1588 900 immotam
1605 869 1732 900 virorum
1745 870 1814 910 Spi-

992 910 1066 941 ritus
1082 912 1258 943 senlentiam
1276 917 1446 952 pervertere
1463 914 1813 950 conantur,utsibicom-

993 954 1286 994 placet,c«mtentiose
1296 956 1334 987 de
1345 966 1380 987 ea
1391 966 1458 987 cum
1468 957 1562 987 obviis
1574 957 1743 999 quibusque
1754 967 1815 989 ser-

992 1007 1110 1043 monem
1125 1000 1323 1038 conferentes,
1341 1010 1396 1031 nec
1412 1001 1545 1038 horrent,
1560 1002 1590 1031 in
1604 1002 1663 1032 illis
1676 1012 1692 1033 a
1707 1003 1815 1043 quibus

992 1042 1078 1082 longe
1098 1049 1142 1075 est
1155 1045 1251 1084 jocus.
1269 1045 1346 1085 quod
1371 1046 1527 1086 proverbio
1542 1046 1647 1084 fertur,
1665 1042 1813 1085 ludentes,

992 1092 1021 1118 et
1035 1088 1112 1128 quod
1128 1089 1258 1120 atrocius
1273 1094 1329 1127 est,
1346 1099 1462 1120 summo
1477 1091 1574 1121 studio
1597 1091 1694 1122 divina
1709 1091 1813 1122 crimi-

993 1136 1111 1163 nantur.
1128 1133 1165 1164 Et
1181 1138 1324 1173 prmtereo
1339 1134 1377 1165 de
1394 1134 1429 1165 iis
1444 1134 1558 1172 dicere,
1577 1136 1627 1176 qui
1641 1136 1709 1166 odio
1724 1141 1815 1176 atque

992 1176 1216 1215 invidentia,his
1226 1178 1306 1209 enim
1316 1178 1471 1210 all‘ectibus
1487 1189 1546 1210 non
1560 1180 1716 1211 minimum
1733 1189 1814 1211 man-

992 1221 1094 1261 cipati,
1108 1222 1138 1252 in
1156 1232 1209 1253 nos
1223 1227 1392 1263 assurgunt,
1409 1228 1654 1264 pratercurrunt.
1679 1228 1708 1256 et
1731 1225 1813 1256 veri-

992 1267 1082 1295 tatem
1101 1271 1208 1306 sponte
1223 1271 1404 1307 pervertunt,
1422 1267 1451 1298 in
1468 1278 1595 1308 quorum
1610 1273 1812 1310 contemptum

991 1311 1061 1340 satis
1075 1310 1255 1351 abundeque
1271 1315 1327 1351 est,
1349 1311 1419 1342 dum
1437 1312 1565 1352 improbi
1582 1317 1612 1343 et
1625 1317 1813 1353 reputantur,

990 1358 1020 1385 et
1035 1360 1220 1394 nuncupatur
1234 1355 1270 1386 ab
1280 1355 1400 1395 optimis
1414 1366 1514 1387 rerum
1531 1360 1636 1388 barum
1647 1357 1813 1397 judicibus,

990 1402 1019 1428 et
1037 1399 1260 1439 perfectissimis
1268 1399 1480 1438 cognitoribus.
1496 1400 1710 1432 Verumtamen
1725 1402 1815 1432 hosce

101 1443 166 1476 καὶ
195 1443 368 1486 inmitem“,
393 1449 432 1486 μὴ
464 1459 528 1477 ποτε
551 1449 596 1477 τοῦ
623 1451 672 1481 τῆς
693 1448 786 1479 κακίας
814 1449 854 1476 toﬁ

1054 1448 1152 1489 mente
1169 1444 1503 1485 concipere,quousque
1515 1445 1649 1476 invident
1663 1445 1810 1483 obstricti,

101 1493 220 1523 αὖταὺς
259 1493 420 1532 ὑγιαίνοντες
463 1492 501 1521 ἔτι
543 1493 587 1521 καὶ
628 1493 700 1521 tat-310‘:
742 1491 948 1530 μεταλάϐωμεν,

102 1537 201 1566 Οὕτω
232 1539 281 1571 τῆς
324 1538 497 1566 θεοπνεύστου
532 1536 737 1576 κατολιγωροῦσι
767 1539 883 1576 Γραφῆς,
913 1537 950 1569 ὡς

101 1583 121 1610 ὁ
154 1581 239 1620 λόγος
269 1581 366 1610 ἄνωθεν
395 1582 494 1622 φθάσας
522 1582 571 1610 κᾶν
601 1581 734 1621 ἆμυδρῶς,
767 1581 832 1613 τέως
861 1580 884 1609 δ’
906 1581 949 1610 ob";

99 1626 307 1666 παρεδήλωσε.
343 1625 382 1655 Δι’
406 1626 438 1661 ἣν
467 1627 549 1655 αἰτίαν
572 1625 632 1655 αὒδὲ
647 1625 822 1664 προσϐλέπειν
857 1628 948 1658 αὐτοῖς

101 1670 248 1702 ὡσαύτως
283 1670 458 1709 διακειμένοις
487 1672 518 1699 τὸ
547 1671 599 1698 ἀπὸ
627 1670 712 1700 τοῦδε.
742 1671 780 1708 μὴ
796 1670 836 1698 ὅτι
858 1681 887 1709 γε
903 1682 950 1708 με·

101 1713 253 1743 ταόιδόναι
268 1715 348 1755 λόγου
366 1715 459 1751 καλὸν,
480 1715 525 1743 ἅτε
541 1717 579 1752 μὴ
601 1715 712 1743 κατόπιν
736 1717 784 1748 τῆς
813 1717 865 1743 τῶν
886 1717 947 1743 Θεο-

101 1759 212 1799 σόφων
232 1760 355 1799 Πατέρων
385 1759 571 1799 μυσταγωγίας
601 1760 631 1787 τὸ
670 1758 777 1788 σύνολον
818 1760 946 1798 βαίνουσι.

102 1810 184 1836 ταῖς
215 1804 321 1837 οἰκείαις
350 1803 377 1832 δὲ
407 1804 526 1843 γνώμαις
562 1807 718 1843 στοιχοῦσιν
750 1805 887 1844 ἔριστικῶς
923 1803 948 1837 ἐξ

102 1849 247 1882 οἰήσεως,
277 1844 372 1886 Ἡμεῖς
403 1847 429 1875 δὲ
470 1847 553 1885 μηδὲν
585 1848 652 1876 ἴδιον
688 1855 794 1887 φρονεῖν
815 1848 833 1882 ἢ
861 1848 948 1888 λέγειν

102 1891 274 1930 τολμῶντες
301 1894 361 1932 περὶ
398 1896 474 1929 Θεοῦ,
509 1892 625 1932 Θρασέων
660 1893 710 1932 γὰρ
736 1893 883 1932 ἡγούμεθα,
905 1894 948 1921 καὶ

102 1938 148 1965 τὸ
181 1940 233 1964 πᾶν
258 1937 356 1974 εἰπεῖν,
378 1936 523 1976 ἀλογίστων
545 1936 643 1975 ἀνδρῶν
668 1938 698 1965 τὸ
720 1936 878 1965 διανοεῖσθαι
906 1936 950 1965 καὶ

103 1980 217 2009 λαλεῖν
239 1981 285 2021 ἀφ’
307 1982 407 2010 ἑαυτῶν
434 1982 466 2009 τὰ
496 1985 543 2009 τοῦ
575 1982 725 2019 Πνεύματος
754 1982 836 2022 χωρὶς
866 1982 950 2009 Πνεύ-

99 2037 218 2065 ματος,
235 2026 282 2057 τὰς
297 2027 367 2065 ἱερὰς
396 2026 448 2054 τῶν
477 2026 558 2065 ἁγίων
586 2026 687 2066 γραφὰς
710 2025 768 2064 μετ’
798 2025 948 2063 ἐπιμελείας

98 2071 161 2099 καὶ
201 2072 322 2109 συνεχῶς
358 2070 569 2107 ἀναπτύσσομεν,

101 2115 211 2155 φωνὰς
240 2113 380 2153 διαῤῥήόην
415 2115 567 2149 ἀκούοντες,
590 2121 651 2146 ταῖς
672 2115 720 2148 τῆς
748 2113 853 2153 καρδίας
881 2113 949 2142 πλα-

105 2159 156 2192 ξὶν
184 2158 396 2199 ἇγχαράττομεν,
419 2160 463 2187 καὶ
488 2158 530 2186 διὰ
555 2158 676 2198 γλώττης
704 2159 770 2198 πρὸς
793 2159 852 2190 τοὺς
883 2158 948 2191 ἔξω·

105 2205 166 2232 θεν
197 2204 234 2234 ὡς
264 2203 334 2239 ἐνὸν,
357 2204 378 2231 εὶ
425 2202 526 2239 δεήσει,
558 2213 734 2243 προφερομεν,
765 2203 949 2242 ἐπερωτῶντες

107 2248 186 2276 οἷον
215 2247 338 2276 ἑκάστοτε
371 2246 413 2275 διὰ
443 2251 495 2276 τῶν
517 2248 641 2276 τοιούτων
662 2247 769 2288 γραφῶν
789 2248 848 2279 τοὺς
870 2248 949 2280 αὑτὰς

105 2291 302 2325 συλλαϐόντας
330 2293 374 2320 καὶ
392 2293 516 2325 τεκόντας
547 2292 574 2320 ἐν
602 2292 734 2330 Πνεύματι
765 2293 823 2331 περὶ
844 2293 949 2320 πάντων

102 2336 174 2365 τῶν
196 2337 233 2368 εἷς
268 2335 402 2364 ὠσεϐειαν
441 2337 605 2373 ἀνηκόντων,
635 2337 671 2368 ὡς
703 2336 820 2376 Πατέρας
841 2339 874 2374 τῇ
902 2337 946 2364 πί-

100 2392 175 2410 στει
204 2381 306 2413 κοινοὺς
339 2381 384 2409 καὶ
411 2380 600 2421 πρεσϐυτέρους
632 2384 666 2419 τῇ
688 2384 740 2409 τῶν
761 2382 868 2420 ἡμερῶν
895 2392 948 2409 πα-

103 2425 244 2458 λαιότητι
266 2425 334 2453 κατα
349 2425 399 2459 τὴν
425 2429 472 2454 τοῦ
495 2425 624 2465 μακαρίου
653 2425 785 2456 Μωῦσέως
813 2425 950 2458 θῑιοτάτην

107 2470 169 2498 καὶ
203 2469 359 2509 σοφωτάτην
388 2470 553 2509 παραίνεαιν,
588 2470 631 2498 καὶ
653 2469 733 2497 ταῧτα
764 2469 812 2507 μὲν
847 2469 950 2506 μανθα-

103 2524 210 2545 νοντες
229 2513 368 2552 ἀσφαλῶς,
393 2515 438 2542 καὶ
462 2521 520 2546 τοῖς
549 2513 639 2546 ἄλλοις
661 2514 753 2552 χρείας
779 2512 947 2542 καταλαϐού-

105 2568 172 2591 σης
196 2558 232 2590 ὡς
271 2556 378 2596 δύναμις
407 2558 639 2598 παραπέμποντες,
668 2553 765 2587 ’Ἔνθεν
787 2569 827 2586 τοι
848 2558 890 2586 καὶ
917 2559 948 2586 τὸ

103 2603 206 2642 παρὸν
227 2601 253 2634 EE
277 2602 362 2631 αὖτῶν
391 2602 498 2632 ἐκείνων
527 2603 628 2631 {estut
652 2604 685 2632 τὰ
713 2606 764 2637 τῆς
793 2602 947 2635 ἀποδείξεως

102 2648 187 2685 ἡμῖν
214 2650 261 2675 τοῦ
301 2647 476 2686 προκειμένου
511 2649 677 2686 ζητήματος,
721 2647 760 2677 ὅτι
799 2647 843 2675 καὶ
871 2650 947 2675 τοῦτο

160 2738 192 2763 Μ
205 2737 292 2777 item.
310 2747 331 2778 ι,
347 2739 397 2771 21.

613 2071 656 2098 καὶ
695 2071 791 2102 ταύτας
818 2071 854 2101 ὡς
885 2074 982 2110 Osuiu

993 1492 1022 1518 et
1037 1488 1192 1518 nobiscum
1206 1489 1377 1520 inimicitias
1391 1494 1527 1529 gerentes
1542 1490 1700 1522 incorrecti
1711 1499 1814 1530 perse-

992 1537 1069 1570 rant,
1088 1542 1146 1563 non
1161 1533 1274 1573 absque
1290 1534 1424 1573 periculo
1454 1538 1483 1564 et
1513 1539 1646 1565 extremo
1661 1534 1816 1566 discrimi-

993 1586 1029 1606 ne
1049 1581 1104 1616 est,
1131 1587 1169 1608 ue
1193 1586 1310 1609 veneno
1339 1577 1537 1619 improbitatis
1562 1588 1616 1609 nos
1633 1588 1750 1619 quoque
1765 1579 1816 1619 qui

993 1621 1056 1652 sani
1071 1631 1183 1659 sumus,
1202 1622 1379 1653 inﬁciemur.
1411 1623 1460 1654 Sic.
1483 1623 1625 1654 divinitus
1640 1625 1814 1664 inspiratam

991 1665 1170 1706 Scripturam
1186 1667 1340 1706 despectui
1356 1667 1477 1708 habent,
1489 1672 1520 1698 ut
1532 1677 1622 1708 supra
1637 1668 1725 1702 ratio.
1743 1668 1814 1699 licet

992 1710 1132 1748 tenuiter,
1149 1710 1247 1751 aliquo
1264 1716 1363 1741 tamen
1380 1712 1469 1742 modo
1481 1711 1669 1751 signiﬁcavit?
1684 1713 1815 1752 Propte-

990 1764 1100 1794 reaque
1111 1764 1163 1786 eos
1176 1755 1205 1785 in
1219 1760 1368 1796 posterum
1380 1756 1424 1786 sic
1435 1756 1597 1796 dispositos
1617 1766 1676 1787 non
1692 1757 1815 1796 intueri,

992 1800 1082 1830 multo
1092 1800 1189 1830 minus
1197 1801 1346 1840 colloquio
1357 1800 1631 1841 dignari,optimum
1644 1801 1816 1838 fuerit,cum

991 1844 1032 1874 illi
1050 1854 1066 1874 a
1082 1844 1181 1875 divino
1194 1845 1315 1875 numine
1327 1844 1501 1876 edoctorum
1511 1845 1653 1885 vestigiis,
1669 1854 1765 1886 neque
1774 1845 1820 1876 di-

989 1888 1065 1919 vinas
1071 1888 1422 1927 doctrinzeinsistant,sed
1431 1890 1559 1930 propriis
1566 1889 1756 1930 opinionibus
1764 1899 1816 1920 va-

991 1943 1027 1963 na
1034 1934 1079 1964 sui
1086 1933 1320 1965 exsistimatione
1327 1934 1513 1964 contentiosa
1520 1933 1738 1965 incedunt.Nos
1746 1943 1815 1964 vero

991 1978 1028 2008 de
1044 1978 1103 2008 Deo
1119 1978 1230 2018 aliquid
1244 1978 1396 2018 proprium
1413 1987 1510 2018 neque
1527 1983 1742 2018 tenere,neque
1751 1979 1814 2009 elo-

991 2023 1043 2062 qui
1057 2023 1211 2063 audentes,
1230 2023 1419 2053 temerarium
1449 2022 1598 2063 siquidem
1621 2023 1650 2053 id
1680 2032 1715 2053 ac
1729 2023 1817 2064 plane

992 2067 1114 2097 rationis
1123 2067 1243 2107 inopum
1255 2067 1410 2097 hominum
1424 2072 1553 2106 cogitare
1561 2071 1590 2098 et
1600 2067 1764 2098 decernere
1777 2077 1815 2098 ex

992 2111 1120 2152 propriis
1135 2111 1172 2141 de
1185 2110 1296 2151 Spiritu
1312 2111 1425 2151 absque
1447 2110 1570 2151 Spiritu,
1587 2120 1671 2142 sacra
1692 2117 1815 2143 sancto-

989 2165 1055 2186 rum
1071 2156 1219 2186 volumina
1234 2155 1391 2195 diligenter
1416 2155 1617 2196 continuoque
1641 2156 1814 2194 evolvimus,

990 2209 1084 2240 eaque
1099 2200 1141 2230 uti
1158 2200 1210 2231 Dei
1225 2209 1311 2230 voces
1328 2200 1425 2240 palam
1435 2199 1601 2237 audientes,
1619 2200 1648 2230 in
1662 2200 1761 2230 cordis
1773 2204 1813 2231 ta-

991 2244 1068 2275 bulis
1083 2243 1254 2279 incidimus,
1269 2249 1298 2274 et
1313 2244 1414 2283 lingua
1424 2244 1458 2274 ad
1471 2243 1601 2284 alios,uti
1617 2244 1682 2275 ﬁeri
1706 2248 1814 2285 potest,

991 2289 1061 2319 dim
1072 2297 1145 2329 opus
1154 2288 1376 2326 est,oﬂ‘erimus,
1386 2288 1608 2329 quodammodo
1624 2289 1814 2328 interrogan-

992 2338 1036 2364 tes
1052 2342 1106 2374 per
1119 2342 1154 2364 ea
1168 2332 1279 2372 scripta
1294 2333 1372 2369 illos,
1384 2334 1434 2374 qui
1450 2342 1485 2363 ea
1502 2337 1750 2374 conceperunt,et
1761 2343 1815 2374 pe-

991 2382 1132 2418 pererunt
1148 2378 1177 2408 in
1194 2377 1306 2417 Spiritu
1319 2377 1356 2408 de
1367 2377 1506 2408 omnibus
1517 2377 1554 2408 ad
1571 2378 1709 2418 pietatem
1725 2387 1815 2418 spec—

993 2422 1132 2458 tantibus,
1145 2422 1185 2453 uti
1202 2421 1302 2453 Patres
1320 2422 1379 2453 ﬁde
1394 2431 1581 2460 communes,
1596 2427 1626 2454 et
1638 2423 1815 2463 antiquitate

991 2468 1108 2499 dierum
1123 2467 1269 2504 seniores,
1286 2467 1450 2498 secundum
1465 2467 1543 2498 beati
1560 2468 1666 2509 Moysis
1687 2467 1815 2500 divinis-

990 2513 1096 2542 simam
1108 2521 1143 2542 ac
1158 2511 1408 2552 sapientissimam
1419 2512 1665 2547 admonitionem.
1681 2517 1712 2544 et
1725 2513 1770 2544 sic
1781 2523 1816 2544 ea

989 2560 1050 2587 tuto
1061 2556 1199 2593 dicimus,
1217 2560 1245 2586 et
1259 2556 1339 2596 aliis,
1351 2565 1418 2587 cum
1435 2557 1596 2588 necessitas
1607 2561 1664 2598 est,
1681 2557 1724 2588 uti
1741 2566 1815 2597 pos-

988 2610 1102 2641 sumus,
1117 2599 1425 2632 tlemandamusliinc
1439 2601 1527 2632 etiam
1542 2612 1621 2633 nunc
1636 2611 1673 2633 ex
1687 2601 1816 2640 eisdem,

989 2645 1025 2676 ad
1042 2645 1196 2687 praesentis
1211 2645 1383 2686 quaestionis
1395 2646 1682 2679 demonstrationem
1699 2646 1815 2678 condu-
