1958 3081
188 68 267 101 1143

753 69 1013 102 CONSTANTINI
1037 66 1307 99 MELITENIOTtE

1795 64 1871 96 1144

187 135 285 166 centia
301 139 447 174 petentur.
465 135 543 176 quod
564 136 620 166 hoc
635 134 785 174 negotium
801 135 878 166 vires
894 138 993 165 nostra

1088 137 1143 169 ἷζον
1173 134 1190 167 ἢ
1219 133 1277 161 καθ’
1291 135 1363 171 ἡμᾶς
1383 136 1559 172 κιατρανώσαι
1582 132 1687 170 δυνάμει
1710 132 1805 172 λόγου,
1835 133 1886 159 καὶ

187 184 357 220 exsuperat,
377 189 432 211 nec
448 189 606 220 possumus
622 185 723 210 nostra
738 179 858 210 dicendi
874 179 1010 210 facultate

187 233 336 264 exponere
351 224 520 264 docereque
535 225 573 255 de
589 225 662 259 Deo,
674 228 703 255 et
714 224 887 264 incorrupta
902 223 1010 263 prima.

187 277 248 308 que
261 272 445 303 natura,cum
463 268 535 299 illud
552 268 682 307 indigeat
692 267 886 308 virorum,qui
901 277 1009 308 supre-

186 322 264 343 mam
281 317 310 344 et
326 313 470 352 potiorem
496 313 672 353 sapientiam
698 313 858 353 antiquitus
881 313 1007 353 puritate

187 357 294 388 mentis
309 357 460 388 consecuti
478 358 613 397 sunt,qui
627 361 658 388 et
675 361 829 396 parentum
843 357 939 387 locum
953 356 1005 388 ob-

185 401 324 437 tinentes,
342 401 427 432 nobis
442 401 592 441 ﬁdelibus,
611 401 702 433 veluti
719 401 858 431 continuo
874 401 1007 432 doctrina

184 454 236 476 sua
251 450 429 486 generantes
445 455 550 476 omnes
565 446 731 477 secundum
747 446 853 482 Deum,
877 446 1005 477 interro—

183 489 357 530 gantibusin
372 491 508 530 praesenti
517 490 605 521 sicuti
622 491 748 522 Mosaica
758 490 919 522 admonitio
930 500 1006 531 prue-

147 565 149 568 ,
184 535 267 574 cipit,
282 534 410 574 propriis
420 535 528 566 iterum
537 535 657 575 scriptis
667 535 894 571 annuntiabunt.
913 539 941 565 et
957 545 1007 566 re-

185 578 241 610 bus
256 579 394 610 omnibus
409 583 477 610 eum
493 579 628 610 seniores
639 579 733 610 nostri
745 579 815 616 sint,
833 579 933 610 dicent
956 589 1008 620 pe-

183 623 583 664 raccommodeedocentque
591 625 630 655 de
643 623 805 661 quaestione
814 633 891 654 nunc
899 623 928 654 in
938 633 1007 654 exa-

184 677 252 699 men
270 668 430 708 proposita,
448 668 697 708 quemadmodum
716 672 745 698 et
765 669 794 698 in
811 672 878 699 ante
896 668 1008 708 digesta

183 714 318 744 oratione
346 717 536 753 peregerunt,
547 714 576 743 in
592 721 649 752 qua
663 721 718 752 per
728 712 839 744 Filium
863 714 1007 744 exsistan-

185 758 260 789 ts'am
270 757 382 788 habere
395 757 547 802 Spiritum,
557 761 695 788 sanctum
716 767 769 788 nos
791 757 1007 788 instruxerunt.
1020 777 1039 802 Β

183 801 236 833 sed
251 801 280 832 in
292 810 326 832 ea
337 802 456 842 quidem
474 801 635 842 perFilium
654 806 765 832 tantum
783 801 1008 842 exPatreSpiri-

187 850 234 877 tus
249 846 464 884 exsistentiam,
493 846 570 886 quod
588 855 646 876 non
663 847 740 877 ultra
758 851 857 877 nostra
885 847 1008 887 quaestio

185 890 462 931 progrederetur,in
475 891 528 921 hac
542 899 609 921 vero
626 890 714 920 etiam
729 892 850 922 exPatre
861 891 1008 922 etexFilio

184 934 325 975 Spiritum
341 940 476 966 sanctum
493 935 733 975 exsistere,quod
747 939 878 966 nostrum
895 936 924 965 in
936 945 1007 976 prm-

183 979 278 1011 sentia
293 979 475 1020 propositum
487 984 543 1019 est,
559 979 738 1019 edocebunt,
757 979 910 1020 multoque
925 989 1009 1020 aper-

185 1024 244 1055 tius
259 1032 346 1063 quam
363 1023 419 1060 illi,
449 1024 499 1063 qui
525 1024 654 1063 pueriles
676 1024 840 1055 litterarum
856 1030 940 1055 notas
957 1034 1009 1065 per

184 1067 277 1099 otium
295 1067 611 1106 interpretanturzcum
628 1077 684 1098 non
697 1069 861 1105 semel,nec
873 1069 916 1100 bis
927 1074 1008 1101 terve

184 1117 354 1143 sanctorum
368 1111 570 1152 unusquisque
577 1116 605 1142 et
617 1112 703 1152 plane
714 1122 818 1144 omnes
825 1113 860 1144 de
872 1114 928 1144 hoc
939 1114 1008 1153 dog-

186 1159 264 1188 mate
280 1157 467 1197 pronuntiata
481 1157 639 1191 sententia.
654 1157 805 1187 silentium
818 1158 1005 1197 postmodum

185 1201 242 1231 sibi
253 1200 492 1238 indixerunt,sed
509 1200 679 1241 ubicunque
695 1201 756 1232 fere
763 1210 934 1232 sermonum
942 1211 1007 1233 suo-

184 1255 264 1283 rum,
281 1245 457 1286 quibusdam
483 1245 572 1276 etiam
599 1245 628 1276 in
648 1246 719 1276 locis
735 1246 853 1282 crebro.
871 1248 1006 1287 exemplo

184 1290 383 1330 praestantium
401 1289 613 1330 pictorum,qui
627 1291 734 1330 srepius
747 1295 776 1321 et
790 1291 910 1322 calcatis
925 1292 1007 1322 colo-

181 1334 265 1365 ribus
276 1333 390 1365 tabulas
401 1333 619 1370 inﬁciunt.cum
636 1335 714 1373 quod
731 1334 1008 1375 imprimituraper-

182 1379 241 1410 tius
254 1378 484 1419 expressiusque
500 1379 631 1417 eﬁigiare
645 1380 843 1416 contendunt,
860 1380 909 1419 qui
920 1380 1010 1411 rebus

1051 178 1267 215 παραστήσασθαι
1295 179 1353 217 περὶ
1382 181 1446 205 Θεοῦ
1467 189 1496 205 τε
1521 178 1566 205 καὶ
1595 177 1643 210 τῆς
1671 177 1808 216 ἀκηράτου
1835 176 1876 204 καὶ

1050 222 1158 261 πρώτης
1173 222 1274 262 φύσεως
1305 223 1346 257 ὃν,
1369 223 1413 250 καὶ
1434 221 1518 250 δεῖται
1533 224 1586 250 τῶν
1609 222 1658 255 τὴν
1679 221 1810 249 ἀνωτάτω
1837 220 1876 248 καὶ

1050 268 1184 306 κρείττονα
1220 267 1310 307 σοφίαν
1337 267 1496 306 καθαρότητι
1527 266 1609 294 πάλαι
1642 266 1702 298 νοὸς
1737 265 1876 301 κτησαμέ-

1051 321 1102 337 νων
1131 309 1241 350 ἀνδρῶν,
1264 312 1287 338 οἱ
1315 311 1358 338 καὶ
1381 310 1503 350 Πατὲρων
1527 309 1608 350 λόγον
1637 309 1782 350 ἐπέχοντες
1812 310 1874 346 ἡμῖν

1047 361 1106 387 τοῖς
1135 362 1253 392 πιστοῖς,
1273 355 1318 383 ἅτε
1344 359 1486 394 γεννῶντες
1515 355 1555 383 ἀεὶ
1576 354 1618 382 διὰ
1645 358 1694 388 τῆς
1709 353 1874 383 διδασκαλίας

1048 400 1132 427 αὐτῶν
1157 400 1216 431 τοὺς
1240 400 1339 431 πάντας
1354 401 1423 428 κατὰ
1451 401 1528 436 Θεὸν,
1557 399 1756 439 ἐπερωτήσασιν
1784 398 1876 427 ὦσανεῖ

1047 443 1187 481 κάνταῦθα,
1228 445 1343 483 καθάπερ
1384 445 1401 478 ἡ
1432 444 1564 473 Μωσαϊκῆ
1593 443 1786 484 παρακέλευσις
1816 443 1876 470 ὑπι-

1049 489 1144 516 τίθεται
1167 488 1208 516 διὰ
1230 492 1282 516 τῶν
1311 489 1413 517 οἰκείων
1440 490 1483 517 καὶ
1504 488 1584 516 παλιν
1606 487 1781 527 ἆναγγελοῦσι
1811 498 1875 526 γρα-

1049 536 1104 572 φῶν
1140 534 1183 561 καὶ
1211 540 1270 565 τοῖς
1301 532 1372 567 ὅλοις
1408 532 1578 572 πρεσϐύτεροι
1616 532 1753 564 τελοῦντες
1788 533 1874 569 ἡμῶν,

1049 579 1149 616 ἐροῦσιν
1180 578 1287 609 εἰκότως
1318 579 1362 606 καὶ
1390 579 1448 617 περὶ
1473 581 1520 606 τοῦ
1537 582 1581 606 νῦν
1604 578 1640 609 εἱς
1663 576 1780 609 ἐξέτασιν
1810 587 1875 615 προ-

1049 621 1214 660 ϐεϐλημένου
1242 621 1396 662 διδάξουσιν,
1420 623 1457 654 ὡς
1486 622 1534 650 κᾶν
1563 625 1601 658 τῷ
1623 623 1673 662 πρὸ
1694 621 1791 650 τούτου
1806 620 1876 659 λόγῳ

1050 666 1188 706 προφανῶς
1216 667 1403 702 πεποιήκασιν,
1435 666 1494 694 ἔνθα
1523 667 1564 702 τὴ,
1601 665 1641 694 Δι’
1670 667 1732 694 ι’ἱοῦ
1755 667 1782 693 ἓν
1798 665 1878 703 ὕπαρ-

1050 710 1087 743 Ιξιν
1115 711 1172 750 ἕχει
1202 710 1231 739 ἐκ
1254 712 1354 750 Πατρὸς
1383 712 1416 739 τὸ
1438 712 1543 748 Πνεῦμα
1565 711 1595 738 τὸ
1623 711 1710 749 ἅγιον,
1730 711 1806 747 ἡμᾶς
1835 709 1876 741 ἒξ-

1051 755 1212 794 επρίόευσαν,
1243 755 1316 788 Πλὴν
1345 755 1432 783 ἒιεῖσε
1457 755 1505 793 μὲν
1528 755 1576 788 τὴν
1591 754 1624 782 δι’
1646 755 1707 783 rio-3
1729 754 1774 782 καὶ
1798 754 1877 792 μόνον

1051 799 1080 827 ἐκ
1109 801 1210 838 Πατρὸς
1237 804 1282 828 τοῦ
1312 800 1462 838 Πνεύματος
1501 799 1620 838 ὕπαρξιν,
1653 798 1693 826 ὅτι
1721 800 1766 826 καὶ
1796 799 1876 838 μέχρι

1050 844 1172 872 τοσούτου
1194 844 1253 872 τότε
1275 845 1307 872 τὰ
1342 847 1390 878 τῆς
1427 844 1557 883 ἡμετέρας
1579 844 1715 879 ζητήσεως
1734 852 1741 859 ·
1767 842 1876 870 ἐνταῦθα

1050 887 1077 915 δὲ
1104 889 1147 917 καὶ
1176 889 1206 916 τὸ
1234 889 1304 928 παρὰ
1343 890 1442 928 Πατρὸς
1472 889 1515 916 καὶ
1557 889 1617 916 ι’ἱοῡ
1645 889 1675 915 τὸ
1704 888 1814 925 Πνεῦμα
1848 888 1876 915 τὸ

1050 932 1124 971 ἅγιον
1159 933 1302 973 ὑπάρχειν,
1331 937 1406 962 τοῦτο
1422 933 1471 972 γὰρ
1493 934 1507 961 ὁ
1533 933 1644 972 σκοπὸς,
1661 933 1755 970 ἀρτίως
1778 943 1876 970 μυστα-

1050 978 1213 1017 γωγήσουσι,
1243 978 1287 1005 κλὶ
1316 977 1409 1014 πολλῴ
1433 977 1510 1005 τιλέον
1526 976 1593 1016 ἤπερ
1610 977 1632 1004 οἱ
1647 983 1706 1008 τοῖς
1721 978 1775 1004 τῶν
1793 987 1877 1015 τριμ-

1050 1022 1140 1059 μάτων
1175 1022 1271 1054 τύπους
1314 1024 1381 1050 κατα
1416 1021 1519 1061 σχολὴν
1569 1021 1758 1059 ἑρμηνεύοντες
1778 1031 1784 1037 ·
1823 1021 1877 1049 ἐπεὶ

1049 1065 1112 1104 μηδ’
1142 1065 1221 1104 ἅπαξ,
1249 1066 1316 1104 μηδὲ
1338 1066 1386 1106 δὶς,
1415 1068 1433 1100 ἢ
1447 1067 1491 1094 καὶ
1505 1066 1559 1105 τρὶς
1575 1066 1684 1097 ἕκαστος
1698 1069 1752 1093 τῶν
1781 1066 1877 1105 ἁγίων,

1048 1112 1092 1139 καὶ
1120 1111 1216 1142 πάντες
1239 1111 1330 1143 ὰπλῶς
1353 1111 1469 1143 εἰπόντες
1498 1111 1558 1149 περὶ
1589 1115 1635 1139 τοῦ
1662 1113 1781 1138 τοιούτου
1813 1109 1876 1149 δόγ-

1050 1166 1132 1192 ματος
1157 1154 1364 1194 ἀπηλλάγησαν,
1396 1160 1535 1194 πανταχοῦ
1556 1154 1583 1182 ὁὶ
1611 1158 1662 1182 τῶν
1689 1153 1761 1182 ἰδίων
1792 1155 1878 1194 λόγων

1050 1199 1156 1239 σχεδὸν,
1186 1200 1241 1227 ἔστι
1270 1199 1292 1228 δ’
1315 1202 1344 1228 οὗ
1365 1201 1407 1228 καὶ
1433 1201 1503 1237 θαμὰ
1525 1200 1593 1227 κατὰ
1620 1202 1679 1231 τούς
1701 1203 1754 1227 τῶν
1770 1200 1877 1239 ζωγρά-

1049 1255 1104 1283 φων
1133 1243 1245 1281 δεινοὺς,
1275 1244 1302 1272 οἳ
1340 1242 1468 1275 πολλάκις
1507 1245 1551 1271 καὶ
1574 1243 1632 1280 μεθ’
1662 1243 1814 1283 ὑπερϐολῆς
1849 1245 1880 1272 τὰ

1052 1289 1183 1328 χρώματα
1212 1294 1272 1320 τοῖς
1295 1288 1396 1321 πίναξιν
1424 1287 1622 1324 ἐπιϐάλλουσιν,
1639 1287 1743 1316 ἒπειδαν
1768 1289 1800 1316 τὸ
1830 1300 1880 1329 χα-

1052 1333 1274 1373 ρακτηριζόμενον
1318 1333 1411 1364 αὒτοῖς
1450 1332 1634 1372 ἐναργέστερον
1670 1333 1797 1361 εἰκονίσαι
1834 1335 1879 1361 bs-

1051 1377 1168 1412 λήσωσιν
1184 1385 1190 1392 ⁸
1215 1377 1297 1408 οὕτως
1329 1378 1351 1405 οἱ
1379 1378 1412 1405 τὰ
1432 1379 1492 1405 θεῖα
1516 1378 1591 1417 σοφοὶ
1617 1378 1646 1405 τὸ
1670 1378 1699 1405 ἐκ
1715 1379 1820 1417 Πατρὸς
1838 1378 1879 1405 καὶ

181 1423 289 1454 divinis
303 1423 488 1463 exponendis
504 1423 708 1462 praestiterunt
723 1424 810 1459 illud,
828 1433 861 1454 ex
880 1425 966 1455 Patre
983 1435 996 1455 e

1087 1423 1113 1450 οὐ
1134 1423 1163 1450 τὸ
1193 1425 1298 1459 Πνεῦμα
1320 1422 1350 1449 τὸ
1379 1422 1453 1460 ἅγιον
1482 1421 1612 1461 ὑπάρχειν
1627 1422 1749 1461 ἀτεχνῶς
1779 1424 1808 1450 ὶν
1825 1423 1879 1451 πά-

181 1467 256 1499 Filio
270 1467 412 1507 Spiritum
428 1472 561 1498 sanctum
575 1467 728 1503 exsistere,
747 1467 849 1498 sedulo
861 1468 889 1498 in
907 1470 996 1499 omni-

1087 1478 1109 1498 ις
1138 1473 1199 1498 ταῖς
1228 1466 1327 1494 ἑαυτῶν
1359 1464 1526 1497 διαλαϐόντες
1555 1473 1682 1506 γραφαῖς,
1706 1467 1776 1494 κατὰ
1804 1478 1879 1497 τινας

181 1511 237 1543 bus
255 1512 316 1543 suis
332 1512 452 1552 scriptis
481 1512 782 1552 compreliendentes,
802 1514 830 1543 in
858 1514 1008 1545 nonnullis

180 1557 243 1588 suis
257 1557 575 1597 homiliis,constanter
586 1560 614 1587 et
628 1556 818 1587 abundanter
834 1557 900 1587 data
918 1567 1008 1598 opera

180 1601 381 1642 philosophati
402 1606 481 1638 sunt,
499 1605 530 1631 ut
554 1610 609 1632 nos
625 1601 713 1632 etiam
731 1601 780 1632 hic
799 1601 963 1633 liberaliter
979 1608 1008 1634 et

180 1647 302 1687 copiose
314 1647 351 1678 de
368 1647 424 1677 hoc
439 1651 614 1686 argumento
630 1647 779 1679 erudient.

219 1692 250 1723 2.
266 1691 363 1728 Quare
376 1691 412 1722 ad
424 1691 573 1722 addecens
584 1692 763 1732 principium
780 1693 942 1724 orationem
956 1694 1007 1725 de-

180 1735 411 1773 ducentes,inde
426 1735 504 1776 quod
519 1735 642 1766 nobisin
659 1741 758 1768 mente
773 1737 897 1768 Volvitur
905 1748 1006 1778 aggre-

179 1779 442 1811 diemur.0mnino
457 1788 526 1810 vero
544 1780 693 1811 addecens
710 1781 889 1821 principium
904 1783 1002 1820 fuerit,

179 1833 247 1855 cum
258 1833 362 1855 manus
373 1824 417 1855 rei
428 1824 740 1863 imponimus,Numen
757 1825 915 1866 propitium
932 1828 1003 1858 red-

179 1868 322 1905 dere.Qui
337 1868 415 1899 enim
432 1877 502 1899 vere
518 1878 572 1899 nos
588 1870 757 1909 sumus.qui
772 1870 880 1901 similia
902 1872 1003 1902 curio-

179 1913 241 1945 sius
256 1913 433 1953 invesligare
448 1913 578 1944 animum
603 1913 798 1955 intendimus,
815 1915 850 1946 ad
867 1925 931 1956 quae
955 1916 1003 1946 in-

179 1957 390 1990 tellectualium
403 1957 535 1988 omnium
553 1962 731 1998 potestatum
745 1960 817 1990 ordo
835 1960 873 1991 ob
902 1961 1004 2000 gloriae

181 2003 369 2035 inaccessum
393 2002 495 2043 nequit
518 2002 675 2042 attingere,
694 2005 726 2034 ni
742 2004 808 2044 quis
832 2014 884 2036 eos
907 2006 957 2046 qui
973 2006 1002 2036 in

181 2057 309 2088 corpore
324 2057 392 2079 cum
418 2047 603 2087 incorporcis
630 2048 822 2080 decertarunt
842 2050 1000 2086 advocarit.

1050 1513 1101 1539 τῶν
1138 1511 1240 1539 οἰκείων
1291 1509 1403 1549 ὁμιλιῶν
1437 1510 1572 1547 ἐπιμόνως
1604 1512 1648 1538 καὶ
1677 1512 1722 1538 σὺν
1753 1510 1879 1548 δαψιλείᾳ

1049 1554 1295 1595 πεφιλοσοφήκασιν
1325 1552 1486 1594 ἐξεπίτηδες,
1518 1553 1586 1582 ὥστε
1618 1555 1661 1582 καὶ
1683 1555 1756 1593 ἡμᾶς
1790 1554 1878 1584 ἐνθάδε

1048 1599 1240 1639 φιλοτιμότατα
1269 1600 1312 1626 καὶ
1341 1597 1472 1630 πλουσίως
1501 1598 1527 1631 ἐξ
1551 1599 1636 1627 αὐτῶν
1658 1600 1690 1627 τὰ
1705 1601 1766 1639 περὶ
1782 1600 1879 1628 τούτου

1049 1645 1209 1684 σογὲσουσιν.

1087 1683 1126 1727 β’.
1152 1689 1201 1718 Καὶ
1230 1688 1262 1722 δὴ
1283 1687 1375 1716 λοιπὸν
1401 1689 1436 1720 είς
1459 1687 1608 1727 πρέπουσαν
1625 1687 1671 1715 τὸν
1698 1687 1780 1727 λόγον
1810 1689 1878 1717 άνα-

1048 1734 1176 1772 γαγόντες
1206 1733 1308 1774 ἀρχὴν,
1337 1733 1438 1761 ἐκεῖθεν
1467 1732 1624 1772 ἐφαψόμεθα
1648 1736 1694 1760 τοῦ
1721 1733 1791 1761 κατᾶ
1818 1745 1880 1761 σκοο

1046 1777 1106 1808 πόν,
1131 1777 1268 1817 Πρέπουσα
1290 1777 1317 1805 δέ
1339 1788 1369 1816 γε
1396 1777 1502 1808 πᾶντως
1533 1777 1608 1817 ἀρχὴ
1634 1779 1664 1805 το
1680 1781 1760 1805 Θετον
1776 1777 1818 1818 ἐφ’
1837 1780 1879 1809 οἷς

1046 1822 1220 1862 ἐγχειροῦμεν
1250 1822 1469 1860 ἐξευμενίσασθαι.
1507 1822 1581 1854 Τίνες
1619 1822 1668 1861 γὰρ
1697 1823 1780 1860 ἡμεῖς
1812 1822 1882 1856 ἀλη-

1045 1868 1109 1903 θως,
1154 1867 1194 1895 ὅτι
1228 1870 1337 1895 τοιαῦτα
1387 1867 1589 1905 προθυμούμεθα
1626 1866 1876 1906 πολυπραγμονεῖν,

1044 1913 1081 1938 ὡν
1111 1911 1244 1951 ἐφικέσθαι
1281 1913 1324 1940 καὶ
1373 1912 1426 1938 τῶν
1461 1914 1556 1950 νοερῶν
1593 1909 1728 1948 δυνάμεων
1764 1912 1877 1939 ἁπασῶν

1046 1957 1062 1990 ἦ
1089 1956 1161 1989 τάξις
1191 1955 1315 1984 ἀδυνατεῖ
1343 1955 1384 1983 διὰ
1404 1957 1434 1984 τὸ
1449 1955 1498 1989 τῆς
1514 1954 1591 1988 δόξης
1613 1955 1756 1995 ἀπρόσιτον
1774 1966 1783 1993 ;
1801 1956 1876 1986 ἐκτὸς

1046 2002 1068 2028 εἰ
1097 2002 1135 2039 μὴ
1158 2001 1218 2033 τοὺς
1262 1999 1454 2038 άμιλληθέντας
1478 2006 1537 2031 τοῖς
1566 2000 1717 2037 ἀσωμάτοις
1740 2000 1814 2029 εἴποι
1837 2012 1875 2032 τις

1026 2047 1114 2094 χμετὰ
1143 2047 1280 2085 σώματος,
1317 2047 1357 2077 οἷς
1398 2046 1442 2073 καὶ
1464 2045 1559 2078 ἑαυτὴν
1587 2046 1678 2073 τούτου
1701 2045 1784 2085 χάριν
1813 2046 1876 2074 ὅσον

180 2092 289 2133 quibus
317 2092 444 2132 hujusce
458 2092 566 2144 "gratia
581 2092 785 2144 semetipsum,
803 2097 944 2134 quantum
960 2095 996 2125 ill;

1087 2091 1165 2130 ώρουν
1186 2091 1203 2124 ἡ
1226 2091 1304 2129 Τριὰς
1320 2088 1484 2127 ἀπεκάλυψε,
1510 2091 1567 2118 Τῶν
1587 2088 1614 2117 δὲ
1642 2091 1780 2127 τοιαύτην,
1810 2090 1877 2128 ἀμυ-

1137 2134 1149 2144 ﬂ
1170 2134 1180 2144 ἱ
1208 2133 1229 2144 δι
1290 2135 1295 2141 ε
1390 2135 1395 2144 1
1519 2135 1526 2143 \
1556 2138 1572 2144 Λ
1607 2138 1617 2141 -
1644 2132 1655 2144 θ
1673 2133 1683 2141 κ
1744 2135 1747 2141 ¹
1853 2136 1859 2144 Ι

178 2145 286 2177 capere
299 2140 446 2177 poterant,
458 2135 541 2166 Trias
552 2136 752 2168 manilestavit
763 2141 776 2168 ?
789 2139 901 2170 Horum
915 2149 1003 2179 porro

179 2181 230 2222 qui
245 2181 344 2217 talem.
361 2184 481 2212 tenuem
507 2190 615 2221 nempe
635 2185 665 2212 et
684 2182 864 2213 moderatam
886 2184 924 2214 de
942 2183 1002 2214 Deo

177 2225 424 2257 illuminationem
449 2230 642 2267 acceperunt,
660 2235 784 2267 eamque
800 2227 876 2258 ultra
888 2235 1004 2259 mentes

177 2271 324 2308 caelestes,
339 2270 417 2311 quod
434 2270 464 2301 in
476 2279 566 2301 carne
581 2271 786 2302 immateriatae
807 2272 873 2303 vitae
890 2272 1004 2303 institu-

176 2319 237 2346 tum
250 2319 422 2353 tenuerunt,
439 2314 571 2355 indeque
587 2316 697 2346 mentis
711 2317 917 2348 ascensionem
933 2326 1002 2348 con-

176 2361 269 2391 secuti
285 2364 366 2398 sunt,
384 2359 534 2400 quomodo
560 2359 682 2391 difﬁcile
706 2369 764 2391 non
793 2360 880 2392 fuerit
904 2361 1000 2398 nobis,

176 2404 226 2444 qui
239 2404 315 2435 infra
330 2409 359 2436 et
374 2404 454 2435 circa
468 2408 576 2435 terram
592 2404 664 2435 limo
680 2405 858 2436 involvimur
869 2406 906 2437 de
915 2406 1000 2437 simi-

175 2448 255 2480 libus
270 2449 528 2490 perquirere,cum
544 2449 724 2480 deberemus
734 2449 848 2491 absque
862 2454 903 2482 tot
913 2450 986 2481 ratio

175 2492 376 2525 cinationibus
387 2497 535 2525 sactorum
552 2495 670 2525 Patrum
683 2494 813 2526 decretis
825 2494 855 2526 in
868 2505 1000 2526 commu-

174 2547 242 2569 nem
259 2537 417 2569 utilitatem
432 2537 621 2578 dogmatibus
636 2539 841 2580 acquiescere,
857 2549 914 2570 non
927 2549 998 2571 vero

173 2591 279 2614 eorum
288 2582 428 2614 ﬁduciam
446 2587 474 2614 et
489 2582 655 2614 libertatem
667 2583 941 2625 aemulari,quorum
952 2584 997 2615 vi-

174 2631 232 2659 tam
241 2637 300 2658 non
309 2637 412 2659 sumus
423 2627 543 2658 imitati?
554 2627 763 2664 Nihilominus,
773 2638 839 2660 cuin
848 2639 882 2660 ex
891 2629 996 2660 iisdem

175 2672 356 2709 testimonia,
370 2672 410 2703 uti
432 2672 556 2713 polliciti
570 2681 685 2712 sumus,
706 2673 734 2703 in
752 2673 911 2713 prasentia
926 2684 994 2714 pro-

1045 2134 1106 2175 δραν
1135 2133 1238 2169 δηλαδὴ
1256 2135 1299 2162 καὶ
1321 2135 1439 2174 μετρίαν,
1470 2135 1528 2173 περὶ
1555 2138 1620 2162 Θεοῦ
1641 2132 1804 2173 δεδεγμένων
1826 2136 1877 2170 τήν

1044 2179 1189 2218 ἔλλαμψιν,
1226 2181 1268 2207 καὶ
1289 2179 1386 2212 ταύτην
1414 2181 1466 2207 τῶν
1502 2179 1626 2218 οὐρανίων
1656 2179 1724 2206 νόων
1751 2179 1876 2208 ἐπέκεινα

1046 2223 1091 2253 διὰ
1118 2226 1167 2258 τὴν
1197 2223 1276 2253 ἄυλον
1291 2225 1317 2251 tv
1334 2224 1410 2263 σαρκὶ
1432 2223 1580 2260 πολιτείαν,
1610 2225 1654 2252 καὶ
1675 2224 1724 2257 τὴν
1747 2230 1793 2254 τοῦ
1815 2226 1877 2257 νοὸς

1045 2268 1161 2297 ἐντεῦθεν
1188 2267 1327 2304 ἀνάϐασιν,
1350 2271 1406 2299 πῶς
1443 2267 1472 2295 οὒ
1499 2267 1620 2308 χαλεπὸν
1641 2276 1700 2300 τοτς
1736 2269 1810 2297 κᾶτω
1833 2271 1877 2297 καὶ

1044 2314 1103 2353 περὶ
1131 2313 1179 2346 τὴν
1205 2315 1256 2351 γῆν
1298 2311 1491 2350 ἶλυσπωμένοις
1533 2314 1600 2350 ἡμῖν
1629 2315 1660 2341 τὸ
1688 2314 1747 2353 περὶ
1783 2315 1876 2342 τούτου

1044 2357 1186 2397 διερευνᾷνι
1222 2356 1279 2385 δεον
1329 2356 1525 2396 ἀσυλλογίστως
1561 2358 1698 2398 ἀρκεῖσθαι
1727 2366 1788 2390 τοῖς
1825 2360 1877 2387 ὑπὸ

1043 2405 1096 2429 τῶν
1125 2402 1206 2441 ἁγίων
1227 2401 1351 2441 Πατέρων
1380 2401 1524 2431 ἐκτεθεῖσιν
1553 2403 1589 2434 εἰς
1615 2403 1707 2436 κοινὴν
1743 2403 1877 2444 ὠφέλειαν

1041 2445 1182 2486 δόγμασιν,
1206 2448 1235 2476 οὐ
1258 2446 1311 2484 μὴν
1341 2449 1484 2487 μεμεῖσθαι
1509 2447 1557 2481 τὴν
1587 2447 1734 2487 παρρησίαν
1761 2450 1799 2477 ὧν
1831 2450 1876 2477 τὸν

1039 2483 1097 2530 βίον
1125 2491 1172 2520 οὒκ
1193 2483 1365 2529 ἐζηλῶσαμεν
1379 2483 1391 2529 ’ς
1423 2483 1513 2530 ηΟμως
1535 2493 1593 2520 Επεὶ
1694 2496 1744 2527 τῆς
1777 2506 1877 2534 μαρτυ-

1040 2537 1095 2576 ρίας
1123 2536 1149 2569 ἐξ
1178 2537 1263 2565 αύτῶν
1291 2536 1391 2564 τούτων
1413 2537 1480 2575 ἡμῖν
1502 2538 1570 2565 κατὰ
1591 2539 1641 2572 τὴν
1663 2539 1817 2579 ὑπόσχεσιν
1847 2542 1876 2568 ὶν

1039 2585 1077 2619 τῷ
1110 2582 1220 2621 παρόντι
1261 2580 1422 2621 προϐήσεται
1458 2581 1500 2610 διὰ
1548 2583 1698 2622 περιουσίαν
1746 2586 1876 2624 χρήσεων

1039 2629 1185 2667 γραφικῶν,
1222 2627 1260 2654 ὦν
1305 2628 1465 2666 εὐποροῦμεν
1494 2627 1601 2656 πολλῶν
1630 2629 1696 2668 πρὸς
1726 2628 1877 2670 ἀπόδειξιν,

1038 2674 1085 2702 οὐκ
1107 2672 1179 2701 ἔσται
1213 2671 1359 2712 δυσχερὴς,
1395 2671 1465 2701 δοκῶ
1494 2684 1552 2711 μοι,
1584 2674 1753 2702 παντάπασιν
1777 2675 1795 2708 ἡ
1826 2677 1876 2709 τῆς

172 2716 290 2756 cedent,
305 2717 342 2749 ob
357 2717 506 2750 dictorum
533 2717 644 2758 scripto
669 2717 844 2749 traditarum
869 2718 991 2750 uberem

1088 2719 1144 2755 ρίας
1168 2717 1296 2751 ἐξέτασις.
1332 2719 1360 2746 Εἰ
1388 2717 1410 2746 δ’
1435 2718 1521 2750 ἄλλως
1554 2718 1652 2747 ἄτοπον
1680 2719 1740 2752 τοῖς
1772 2720 1879 2748 πεπλα-
