1958 3081
69 151 149 183 1153

65 220 107 246 τοῦ
140 217 253 250 διανοίας
303 218 392 246 αἰτίκα
430 218 594 256 παρήγαγεν,
635 217 763 245 ἐπειπών·

67 263 115 302 γὰρ
151 264 221 300 ἡμῖν
267 265 357 302 σαφῶς
414 262 518 302 ἑτέρωθι
567 261 736 290 διεστείλατο·
788 263 890 301 γυναικὶ

68 307 113 344 μὲν
154 308 310 346 προσήκειν,
346 306 444 345 λέγων,
478 307 508 334 τὸ
538 306 567 335 ἐκ
595 310 641 335 του
677 305 767 345 ἀνδρὸς
795 317 890 345 γεγεν-

68 353 169 388 νῆσθαι,
206 350 277 391 ἀνδρὶ
311 351 338 379 δὲ
376 352 408 379 τὺ
450 351 490 379 είὰ
531 353 579 385 τῆς
615 351 750 390 γυναικὸς,
793 350 820 379 ἒν
849 352 891 382 οἷς

70 407 146 435 φησιν
175 396 215 424 ὃτι
250 396 339 434 ὥσπερ
353 396 420 434 γυνῆ
452 395 478 428 ἐξ
505 394 609 435 ἀνδρὸς,
645 395 713 423 οὕτω
755 397 799 423 καὶ
828 395 892 433 ἀνὴρ

68 439 108 468 διὰ
135 441 184 474 τῆς
227 441 362 480 γυναικὸς.
394 439 459 470 ’ἰδοὺ
480 443 529 473 τῆς
564 439 695 472 εὐσεϐείας
725 441 742 474 ἡ
778 440 892 477 εὔσημος

68 484 188 524 σάλπιγξ,
205 487 219 513 ὃ
241 484 323 517 πολὺς
338 486 382 513 καὶ
398 485 481 524 μέγας
507 484 641 516 Βασίλειος
670 484 711 512 διὰ
739 487 788 518 τῆς
817 485 892 522 ἁγίας

68 529 214 568 παρέστησε
244 529 373 568 Παρθένου
415 529 472 558 λίαν
511 529 688 569 ἂριδηλότατα
736 530 781 558 τὸν
827 530 891 556 Θεὸν

71 574 151 613 Λόγον
179 577 310 614 σαρκικῶς
332 574 472 614 κυηθῆναι,
506 578 551 603 τοῦ
578 575 788 614 χριστοκήρυκος
818 574 889 601 Παύ-

69 618 113 646 λου
140 620 189 654 τήν
225 619 366 657 ἑρμηνείαν
410 619 618 659 ἀπολεξάμενος,
659 619 723 657 ὅπερ
758 619 802 646 καὶ
832 617 890 655 μετ’

68 664 142 691 αὖτὸν
181 663 355 702 ἐδογμάτισαν
385 663 398 691 ὅ
436 674 465 692 τε
504 664 600 696 σεπτὸς
638 662 778 702 Κύριλλος,
809 663 852 690 καὶ
878 663 891 690 δ

70 708 238 745 Δαμασκόθεν
274 709 354 747 σοφὸς
386 706 522 745 Ἰωάννης,
559 709 582 736 οἱ
618 707 810 747 προλεχθέντες
845 718 891 744 μοι

67 755 115 786 τῆς
138 751 262 786 ἀληθείας
294 753 440 792 συνίστορες
462 751 593 792 ἀκριϐεῖς.
621 751 704 780 ’Λλλα
724 752 766 780 καὶ
788 751 817 779 ἐκ
842 754 891 784 τῆς

68 797 142 835 ἁγίας
178 798 214 828 ὡς
262 796 358 824 ἄνωθέν
397 808 442 832 μοι
468 796 629 833 διείλητσιαι,
677 797 806 836 Παρθένου
848 796 892 824 τόν

69 842 132 869 Θεὸν
155 842 239 879 Λόγον
264 843 287 869 οἱ
310 841 382 869 αὖτοὶ
403 843 452 874 τῆς
473 841 635 874 Ἐκκλησίας
667 840 804 880 διαφανεῖς
832 851 891 880 φω-

70 888 162 925 στῆρες
201 885 388 924 ἑθεολόγησαν.
419 887 518 914 Λοιπὸν
549 885 590 914 διὰ
618 886 718 914 τουτων
747 885 891 925 εἰλικρινῶς

69 929 249 958 ἀποδέδεικται
297 935 340 960 νῦν
374 931 404 958 τὸ
432 929 491 958 κατ’
520 931 609 959 οὗσίαν
639 929 680 958 διὰ
707 941 778 962 τινος
809 930 890 966 εἶναι,

70 975 135 1003 κατὰ
156 976 255 1008 ταύτην
270 976 313 1003 καὶ
339 975 364 1008 ἐξ
393 975 484 1007 αὖτοῦ.

109 1014 142 1050 ε’.
170 1024 252 1048 Τοῦτο
281 1019 308 1047 δὲ
343 1021 386 1048 καὶ
418 1027 478 1052 τοῖς
507 1023 570 1048 πᾶσι
609 1021 758 1060 καταφανὲς
786 1019 894 1048 ἂλλοθεν

69 1064 126 1092 καθ’
169 1063 386 1103 ὁμολογουμένην
427 1063 526 1093 ἔννοιαν
555 1066 598 1093 καὶ
634 1066 734 1100 κοινήν·
773 1067 830 1093 οἷον
865 1065 891 1092 ὲν

68 1107 252 1148 ὑποδείγμασι,
281 1107 322 1136 διὰ
355 1111 405 1142 τῆς
428 1109 535 1142 ἀκτῖνος
564 1109 713 1149 ἆκραιφνῶς
750 1109 890 1148 ἀστράπτει

65 1153 94 1181 τὸ
109 1156 175 1192 φῶς·
212 1153 318 1191 αὖγάζει
341 1153 411 1181 τουτὶ
439 1153 490 1181 κὰκ
504 1156 553 1186 τῆς
576 1153 684 1186 ἀκτῖνος
707 1155 754 1182 οὒκ
767 1153 891 1183 ἔλαττον.

69 1198 104 1226 Τὸ
140 1201 242 1234 πνεῦμα
272 1197 374 1236 πρόεισι
411 1197 453 1225 διὰ
488 1201 532 1225 τοῦ
568 1197 648 1236 λόγου
675 1201 788 1236 τρανῶς’
815 1197 891 1225 τοῦτο

69 1241 131 1280 παρ’
161 1240 234 1270 οὒδὲν
269 1241 321 1268 κάκ
355 1245 401 1270 τοῦ
446 1241 526 1281 λόγου
559 1242 730 1282 προέρχεεαι.
771 1242 818 1271 Διά
847 1246 892 1270 τοῦ

70 1285 158 1317 ἄνθους
196 1287 213 1319 ἡ
239 1285 310 1322 ὀσμὴ
343 1285 447 1325 φέρεται
483 1288 614 1325 καθαρῶς·
643 1287 687 1315 καὶ
714 1287 743 1314 ἐκ
774 1286 819 1315 τοῦ
842 1285 890 1314 ἃν-

70 1332 129 1361 θους
158 1329 224 1364 αὑτὴ
265 1329 324 1358 κατ’
360 1329 419 1358 ἴσον
454 1329 635 1361 σκεδάννυται,
679 1336 743 1363 Τοῖς
771 1330 891 1368 διορῶσιν

71 1376 186 1414 ἐναργῶς
214 1374 297 1407 δ’ντως
317 1376 334 1408 ἡ
362 1374 598 1414 πηγὴβλασεάνει
621 1375 662 1404 διὰ
683 1379 729 1404 τοῦ
744 1375 890 1416 ὀφθαλμοῦ⁸

70 1420 141 1458 βρύει
176 1420 221 1448 καὶ
242 1419 271 1448 ἐκ
299 1423 344 1448 τοῦ
359 1420 492 1460 ὀφθαλμοῦ
520 1421 623 1452 tam;
651 1423 797 1460 nzprlpomv
825 1419 892 1454 αὕτη

69 1465 113 1492 καὶ
137 1463 334 1503 παραπλήσιον.
360 1465 409 1491 Διά
422 1468 468 1493 τοῦ
493 1463 638 1504 στελέχους
661 1465 674 1492 δ
703 1465 803 1504 καρπὸς
825 1464 892 1502 βλα-

71 1509 157 1536 στάνει
186 1511 347 1548 περιφανῶς¹
391 1509 434 1536 καὶ
469 1509 498 1537 ἐκ
526 1513 572 1538 τοῦ
602 1509 745 1550 στελέχους
773 1520 893 1538 τοιουτο-

533 153 581 183 DE
605 150 859 183 PROCESSIONE
882 150 911 180 S.

807 221 889 245 Τοῦτο
900 221 919 244 Α
931 216 978 246 tia:
994 215 1189 256 interpretem
1205 216 1284 246 illico
1297 215 1584 255 subjunxit,addens
1595 226 1600 246 :
1613 215 1759 246 Hoc-enim

934 128 1112 181 sentires
1133 149 1244 181 eam.
1270 150 1295 180 Ι.
1683 147 1757 180 1154

932 261 1020 292 nobis
1038 260 1203 299 mani/"esto
1214 260 1290 292 alibi
1302 259 1539 296 edimit,mulieri
1551 261 1671 299 quidem
1684 268 1757 290 oon-

933 306 1204 342 uenirc,diceus,e.z:
1218 305 1339 336 homine
1351 309 1457 335 natum
1473 313 1543 340 esse,
1561 305 1758 335 hominivero

931 359 987 390 per
1003 350 1170 386 mulierem,
1188 350 1220 380 in
1243 349 1307 380 illis
1332 358 1399 388 quis
1411 349 1513 379 dixit:
1534 349 1583 378 Uti
1598 349 1707 379 mulier
1722 357 1759 379 ex

934 395 1013 429 viro,
1029 396 1071 425 ita
1088 397 1115 425 et
1132 395 1180 425 vir
1192 403 1248 433 per
1260 393 1424 424 mulierem.
1442 395 1484 424 En
1499 392 1616 432 pietatis
1635 392 1759 432 insignis

935 440 1017 474 tuba,
1035 438 1144 469 multus
1174 447 1358 478 magnusque
1388 437 1526 473 Basilius,
1546 446 1599 476 per
1627 442 1757 467 sanctam

934 482 1086 522 Virginem
1104 482 1191 522 plane
1203 482 1374 522 liquidoque
1387 481 1571 512 conﬁrmavit
1586 481 1678 512 Deum
1689 482 1760 512 Ver-

934 527 1003 558 bum
1017 527 1047 558 in
1064 537 1152 558 carne
1168 527 1310 566 genitum.
1329 526 1437 557 Christi
1454 527 1599 566 praeconis
1617 527 1701 557 Pauli
1737 528 1757 556 i-

934 572 1144 612 terpretatione
1160 581 1220 612 prae
1231 571 1369 601 omnibus
1383 571 1450 601 aliis
1467 580 1546 607 usus,
1561 571 1637 610 quod
1653 575 1759 610 etpost

933 626 999 647 eum
1017 618 1212 648 decreverunt
1228 616 1413 647 venerandus
1427 615 1587 655 Cyrilluset
1600 617 1757 646 Damasce-

934 671 990 692 nus
1018 661 1137 702 sapiens
1165 663 1306 692 Joannes.
1334 660 1385 701 qui
1411 665 1495 690 antea
1514 669 1566 700 per
1584 669 1630 695 me
1648 661 1758 691 laudati

933 711 1011 743 sunt,
1029 706 1159 736 veritatis
1177 715 1242 736 cum
1269 705 1374 736 eodem
1396 705 1577 744 cognitores.
1594 705 1651 735 Sed
1668 705 1755 736 etiam

934 760 967 781 ex
996 755 1096 781 sancta
1125 749 1252 789 Virgine,
1281 754 1311 779 ut
1336 759 1425 789 supra
1441 749 1643 787 ontendimus,
1663 751 1756 781 Deum

935 794 1064 826 Verbum
1094 795 1184 826 iidem
1214 794 1355 825 Ecclesiae
1393 794 1618 834 praeclarissima
1646 795 1758 825 lumina

933 840 1141 870 decreverunt.
1171 838 1267 875 Quare
1295 839 1378 869 hisce
1409 838 1565 878 perspicue
1593 849 1672 870 nunc
1701 841 1756 870 de-

937 888 1129 915 monstratum
1147 888 1210 924 est,
1237 883 1315 924 quod
1341 883 1505 914 secundum
1531 885 1690 914 essentiam
1706 893 1758 924 per

935 929 1054 969 aliquod
1085 932 1148 969 est,
1171 928 1335 959 secundum
1368 928 1503 958 eamdem
1529 928 1617 958 etiam
1641 938 1676 960 ex
1707 929 1756 960 illo

938 983 1015 1005 esse.

974 1020 1003 1049 ὅ.
1021 1019 1083 1050 Hoc
1098 1023 1128 1049 et
1144 1017 1282 1048 omnibus
1306 1017 1373 1048 aliis
1399 1017 1519 1048 aliunde
1543 1017 1631 1048 etiam
1661 1018 1756 1059 palam

934 1068 1132 1103 uperlumque
1143 1062 1231 1093 fuerit
1247 1068 1411 1092 secundum
1424 1071 1618 1092 communem
1633 1067 1756 1093 senten-

933 1108 1015 1145 tiam,
1033 1113 1062 1139 et
1077 1116 1141 1148 quas
1161 1116 1177 1137 a
1202 1107 1323 1138 neruine
1348 1106 1378 1136 in
1395 1105 1517 1136 dubium
1543 1107 1676 1137 vertitur.
1693 1107 1759 1139 Sint

934 1152 1081 1192 exempla.
1101 1151 1157 1182 Per
1172 1151 1289 1181 ralium
1315 1151 1396 1182 clare
1423 1150 1524 1180 lumen
1542 1151 1661 1190 effulget
1677 1159 1683 1182 :
1702 1152 1758 1182 hoc

933 1197 1012 1228 idem
1039 1205 1098 1227 non
1123 1195 1220 1226 minus
1236 1205 1269 1225 ex
1285 1195 1370 1226 radio
1394 1195 1506 1227 rutilat.
1524 1195 1626 1227 Flatus
1640 1200 1759 1227 emanat

934 1241 1090 1282 perspicue
1116 1249 1169 1280 per
1184 1249 1353 1270 sermonem
1372 1248 1378 1270 :
1395 1239 1442 1270 hic
1459 1240 1546 1270 etiam
1564 1249 1601 1271 ex
1619 1250 1758 1272 sermone

934 1287 1067 1325 emigrat.
1082 1284 1137 1314 Per
1153 1285 1256 1314 ﬂorem
1274 1284 1347 1314 odor
1365 1293 1436 1323 pure
1452 1284 1547 1314 fertur
1565 1293 1572 1315 :
1589 1288 1619 1315 et
1634 1294 1669 1316 ex
1685 1285 1758 1316 ﬂore

932 1330 982 1361 hic
996 1329 1075 1359 idem
1092 1338 1150 1358 non
1167 1328 1303 1358 dissimili
1329 1328 1445 1359 ratione
1473 1327 1665 1368 dispergitur.
1682 1329 1757 1368 Illis,

933 1375 984 1415 qui
1010 1374 1129 1414 penitus
1158 1372 1380 1412 introspiciunl,
1399 1381 1467 1403 vere
1491 1372 1556 1403 {ous
1571 1383 1625 1412 per
1638 1375 1756 1404 oculum

934 1419 1054 1450 scaturit
1072 1427 1078 1449 :
1096 1418 1192 1449 exsilit
1210 1421 1239 1447 et
1256 1427 1289 1447 ex
1307 1417 1393 1447 oculo
1410 1417 1457 1447 hic
1468 1417 1547 1448 idem
1560 1418 1622 1458 pari
1635 1428 1690 1449 nec
1702 1419 1760 1449 dis-

936 1464 1028 1495 simili
1043 1463 1132 1494 modo
1152 1472 1158 1493 :
1180 1471 1232 1503 per
1257 1466 1382 1492 tractum
1399 1466 1501 1502 aperte
1517 1461 1630 1493 fructus
1645 1463 1758 1502 germi-

937 1513 1031 1548 nat,et
1043 1517 1076 1539 ex
1094 1512 1197 1538 trunco
1211 1505 1350 1537 similiter
1362 1506 1441 1537 idem
1459 1506 1567 1546 prodit.
1583 1507 1693 1548 Aperte
1710 1508 1756 1538 iu-

59 1552 175 1592 πρόπως
211 1544 287 1584 αὐτός
310 1553 412 1592 φύεται.
439 1552 581 1592 Προδήλως
604 1555 617 1582 ὁ
645 1544 744 1586 καπνὸς
772 1553 890 1591 ἀναπέμ-

974 1544 1004 1584 us
1028 1562 1081 1594 per
1095 1553 1244 1583 ﬂammam
1257 1551 1411 1582 emittitur:
1430 1544 1478 1582 hic
1495 1551 1583 1582 etiam
1596 1544 1630 1583 e'x
1641 1552 1760 1583 ﬂamma

70 1608 147 1626 πιται
176 1596 218 1625 διὰ
247 1600 296 1631 τῆς
324 1596 436 1637 φλογός·
466 1599 541 1630 οὗτος
563 1597 623 1634 κατ’
650 1598 722 1628 οὖδὲν
750 1600 830 1632 ἧττον
845 1599 896 1626 κὰκ

69 1642 118 1675 τῆς
139 1640 238 1681 φλογὸς
266 1641 424 1673 ἀναδίδοται,
448 1646 535 1672 Ταῦτα
549 1642 582 1677 δη
597 1644 682 1672 πάντα
707 1642 741 1671 δι’
764 1645 794 1671 οὗ
828 1643 896 1671 vati:

70 1687 146 1726 φύσιν
181 1686 292 1715 ἕκαστον
313 1687 439 1727 ὑπάρχει,
470 1688 513 1715 καὶ
534 1687 560 1721 ἐξ
588 1688 666 1716 αὒτοῦ
694 1688 800 1720 πάιτως
828 1688 892 1718 ἐστί,

71 1731 145 1760 Κατὰ
182 1732 306 1765 τοιαύτην
347 1731 447 1760 ἔννοιαν
486 1733 530 1760 καὶ
559 1732 588 1761 ἐκ
608 1737 654 1762 τοῦ
682 1734 743 1762 ι’ἱοῦ
763 1733 793 1761 τὸ
821 1732 895 1772 ἅγιον

71 1778 179 1813 Πνεῦμα
205 1774 395 1815 δογματίζομει
425 1777 506 1812 εἶναι,
539 1776 621 1815 μηδὲν
650 1777 837 1813 ἒνΓοιᾶζοντες.
865 1778 895 1807 Οἱ

70 1821 120 1853 τὴν
147 1823 280 1860 παροῦσαν
306 1824 368 1859 γοῦν
409 1820 545 1860 θεολογίαν
576 1822 614 1860 μὴ
643 1822 822 1863 προσιέμενοι,
853 1821 895 1850 δια

69 1864 169 1897 ταύτην
202 1863 230 1892 δὲ
258 1865 302 1893 καὶ
329 1869 538 1905 κατηγοροῦντες
566 1867 654 1904 ἡμῶν,
692 1865 808 1895 ἴστωσαν
837 1867 895 1906 περὶ

67 1909 100 1937 τὸ
135 1907 214 1941 σέϐας
239 1908 303 1937 αὐτὸ
334 1908 510 1949 λογιζόμενοι,
550 1910 685 1939 κάντεῦθεν
720 1911 790 1948 ἡμῖν
816 1911 894 1950 ἐγκα-

70 1953 178 1986 λοῦντες
207 1952 250 1981 διὰ
277 1955 368 1988 κενῆς,
401 1953 636 1994 Ἀποδεδειγμένου
668 1956 718 1995 γὰρ
747 1955 821 1987 ὄντος
850 1957 896 1984 τοῦ

70 1999 102 2026 τὸ
138 2001 243 2035 Πνεῦμα
267 1999 297 2026 τὸ
321 1999 396 2038 ἅγιον
417 1999 548 2040 ὑπάρχειν
577 1999 619 2028 διὰ
645 2000 692 2028 τοῦ
718 2001 804 2039 Λόγου
825 2001 896 2040 παρα

69 2042 117 2070 τοῦ
145 2045 211 2071 Θεοῦ
231 2042 275 2070 καὶ
301 2043 413 2082 Πατρὸς,
444 2043 516 2072 αὺτοὶ
543 2042 668 2081 δοξάζειν,
691 2044 743 2072 κὰκ
763 2048 809 2074 τοῦ
837 2046 896 2073 1⁸ἱοῦ

69 2090 149 2115 τοῦτο
172 2086 324 2126 φεύγοντες,
348 2086 440 2125 ἀμέλει
468 2098 509 2116 τοι
538 2088 582 2116 καὶ
604 2088 705 2126 μᾶλλον
732 2089 804 2126 ἡμᾶς
820 2088 896 2117 ἕνεκα

69 2131 164 2159 τούτου
200 2134 340 2171 πανταχοῦ
377 2133 570 2172 πιρισύροντες,
608 2132 754 2172 παροδικήν
798 2133 896 2173 ἐμφαί-

70 2187 158 2204 νουσιν
187 2175 282 2213 οῧτως,
311 2175 325 2203 ὅ
358 2177 401 2204 καὶ
428 2176 598 2218 βλασφημίας
625 2177 763 2207 ἀνάπλεων
789 2178 897 2211 ἁπάσης

70 2220 138 2258 icti,
168 2220 218 2253 τὴν
247 2225 293 2249 τοῦ
321 2222 473 2258 Πνεύματος
496 2220 538 2250 διὰ
551 2226 597 2251 τοῦ
625 2224 788 2262 Μονογενοῦς
809 2222 896 2261 ὕπαρ-

71 2265 110 2298 Ειν
143 2265 174 2293 οὗ
201 2265 307 2297 πάντως
330 2264 444 2299 οὖσιώδη
473 2267 517 2295 καὶ
544 2267 669 2307 φυσικὴν,
695 2268 788 2296 ὁποίαν
815 2268 897 2305 ἡμεῖς

70 2310 261 2350 ἀπαραιτήτως
289 2311 517 2352 είσπραττόμενοί,
544 2313 610 2352 πρὸς
643 2313 725 2346 αὒτῆς
756 2315 805 2347 τῆς
826 2311 898 2346 ἆλη-

69 2355 142 2387 θείας
179 2354 389 2394 ἀποφαινόμεθα.
427 2357 475 2385 Καὶ
504 2357 602 2396 μάρτυς
630 2369 674 2395 μοι
704 2361 750 2386 τοῦ
769 2357 899 2397 παρόντος

70 2399 154 2439 λόγου
182 2400 213 2428 τὸ
249 2403 301 2428 πᾶν
325 2399 543 2441 ἀπαράγραπτος,
573 2402 612 2430 ὃτι
635 2401 780 2441 παροδικήν
807 2413 896 2431 τοιου-

70 2443 209 2484 τοτρόπως
250 2443 348 2473 ἐοίκασι
390 2445 440 2478 τὴν
481 2444 520 2474 δι’
564 2447 624 2475 Υἱοῦ
657 2449 703 2475 τοῦ
745 2446 897 2484 Πνεύματος

69 2489 169 2523 δηλοῦν
197 2488 316 2528 ὕπαρξιν,
347 2490 361 2518 ὁ
389 2490 422 2517 τα
457 2492 517 2519 θεῖα
537 2489 620 2522 πολύς
646 2491 691 2520 καὶ
708 2490 793 2530 μέγας
816 2491 891 2519 Βασί-

69 2534 157 2569 λειος,
186 2532 215 2561 ὅν
251 2534 278 2561 ιν
307 2536 346 2570 τῷ
359 2533 474 2572 πέμπτῳ
487 2537 540 2564 τῶν
555 2536 621 2575 πρὸς
639 2536 684 2564 τὸν
705 2536 774 2575 ἱερὸν
803 2534 898 2575 Ἀμφι-

69 2578 168 2618 λόχιον
216 2577 378 2618 κιφαλαίων,
421 2581 480 2619 περὶ
523 2581 602 2620 οὗπερ
639 2579 737 2609 ἄνωθεν
771 2579 899 2613 πολλάκις

71 2621 207 2660 διέλαϐον,
237 2622 334 2662 τρόπον
369 2622 398 2651 ὃν
421 2625 574 2664 προείρηταί
597 2636 654 2663 μοι,
676 2627 739 2664 τὴν,
761 2624 899 2664 γεννώμε-

69 2679 115 2700 νος
154 2667 184 2696 ἐκ
207 2667 343 2707 γυναικὸς,
373 2667 553 2704 ἀποστολικὴν
581 2669 656 2708 ῥησιν
689 2669 899 2710 ἐξηγησάμενος,

69 2711 286 2750 ἐπαναλαμϐάνει
307 2712 352 2739 τὸν
374 2711 464 2754 ὶόγον,
496 2715 539 2742 καὶ
561 2714 640 2743 πάλιν
673 2714 741 2744 οὕτω
784 2714 898 2747 ιέΞεισιν·

73 2756 153 2786 Ἀλλ’
190 2756 264 2795 ὅμως
298 2756 408 2786 ἆνταῡθα
437 2759 504 2796 ὁμοῦ
540 2759 588 2796 μὲν
617 2760 648 2788 τὸ
684 2758 824 2800 ἀδιάφορον
851 2762 900 2793 τῆς

72 2801 201 2842 χρήσεως
238 2799 443 2843 ὶνδιικνύμενος,
489 2804 554 2841 ί)μοῦ
589 2802 614 2832 δὲ
641 2805 683 2833 καὶ
719 2799 756 2832 τὶν
794 2803 900 2842 σφάλμα

938 1608 1022 1639 zeque
1039 1597 1221 1637 producitur.
1236 1597 1303 1627 Haec
1319 1596 1418 1627 omnia
1434 1605 1487 1636 per
1501 1597 1579 1636 quod
1594 1599 1758 1628 secundum

939 1648 1071 1675 naturam
1087 1642 1203 1682 singula
1223 1646 1303 1680 sunt,
1325 1642 1413 1672 etiam
1431 1641 1553 1672 omnino
1577 1650 1612 1672 ex
1629 1651 1675 1673 eo.
1693 1643 1758 1673 Non

937 1689 995 1719 alio
1012 1697 1101 1718 sensu
1119 1692 1145 1718 et
1161 1696 1195 1717 ex
1212 1687 1286 1718 Filio
1303 1685 1445 1726 Spiritum
1462 1686 1620 1726 esse,nibil
1635 1685 1760 1717 addubi-

937 1733 1032 1764 tantes
1047 1730 1347 1766 decernimus.Quare
1372 1730 1422 1770 qui
1438 1735 1615 1771 praesentem
1642 1731 1757 1762 theolo-

936 1778 1012 1817 giam
1029 1786 1087 1807 non
1104 1776 1274 1812 admittunt,
1292 1775 1420 1815 ideoque
1435 1779 1570 1806 nostrum
1585 1785 1693 1806 nomen
1709 1775 1760 1806 de-

937 1823 1044 1858 ferunt,
1059 1821 1153 1852 sciant
1168 1830 1200 1852 se
1208 1821 1283 1851 male
1296 1820 1429 1851 divinum
1452 1821 1562 1851 cultum
1577 1821 1759 1860 intelligere,

936 1867 1066 1907 indeque
1077 1865 1163 1896 nobis
1175 1870 1288 1896 temere
1295 1865 1409 1896 crimen
1421 1865 1671 1906 impingere.Cum
1679 1865 1758 1897 enim

937 1911 1173 1942 demonstratum
1190 1910 1385 1950 sit,Spiritum
1407 1916 1541 1942 sanctum
1567 1910 1710 1942 exsistere
1726 1920 1761 1942 ex

936 1956 998 1987 Deo
1013 1962 1042 1986 et
1059 1957 1143 1986 l’atre
1156 1955 1360 1995 Verbum,ipsi
1372 1955 1454 1985 illum
1465 1956 1554 1986 etiam
1566 1965 1600 1985 ex
1608 1955 1682 1986 Filio
1694 1965 1760 1986 res-

937 2006 1062 2041 puentes
1074 2000 1173 2030 dicere
1185 2004 1214 2030 et
1224 2000 1311 2039 hujus
1322 2009 1356 2029 ca
1362 2009 1414 2030 usa
1422 1999 1533 2040 ubique
1544 2000 1643 2030 lccoru
1649 2009 1676 2030 m
1689 2009 1761 2030 nos—

938 2050 1013 2076 tram
1025 2045 1130 2076 famam
1147 2044 1264 2084 probris
1280 2044 1660 2081 lacerantes,transituriam
1677 2053 1761 2075 com-

939 2088 1200 2129 monstrant,quud
1211 2088 1426 2128 blasphemiam
1439 2098 1557 2119 omnem
1574 2088 1762 2119 abundanter

937 2134 968 2165 in
984 2143 1015 2164 se
1031 2133 1250 2173 complectitur,
1261 2132 1389 2173 Spiritus
1405 2142 1459 2173 per
1472 2132 1662 2173 Unigenitum
1680 2132 1762 2164 exsi-

938 2178 1090 2217 stentiam,
1108 2187 1165 2208 non
1179 2187 1300 2218 prorsus
1316 2178 1506 2210 cssentialem
1525 2178 1759 2218 naturalemque,

939 2224 1054 2264 qualem
1072 2231 1126 2254 nos
1141 2222 1329 2254 severissime
1344 2222 1496 2261 exigentes
1511 2232 1565 2264 per
1579 2222 1673 2263 ipsam
1690 2223 1763 2253 veri-

941 2271 1032 2299 tatum
1062 2267 1263 2299 decernimus.
1276 2267 1312 2298 Et
1332 2268 1486 2308 pressantis
1512 2267 1572 2298 mei
1593 2267 1664 2298 dicti
1681 2267 1763 2298 testis

939 2313 1019 2344 adsit
1035 2314 1114 2344 omni
1132 2313 1306 2353 exceptione
1321 2313 1429 2353 major,
1446 2313 1502 2344 boc
1521 2313 1609 2344 modo
1620 2313 1760 2344 transito—

939 2358 1015 2389 riam
1032 2357 1160 2398 Spiritus
1176 2367 1229 2398 per
1242 2358 1350 2389 Filium
1367 2358 1568 2389 exsistentiam
1586 2357 1760 2397 signiﬁcari,

940 2403 970 2433 in
992 2402 1083 2433 rebus
1095 2401 1203 2433 divinis
1218 2401 1346 2433 eximius
1361 2411 1543 2443 magnusque
1560 2402 1697 2440 Basilius,
1713 2401 1765 2443 qui

940 2447 1043 2487 quinto
1055 2446 1091 2477 ad
1105 2446 1345 2487 Amphilochium
1357 2447 1464 2487 capite,
1480 2447 1564 2487 cujus
1577 2455 1668 2487 supra
1681 2455 1764 2478 men-

941 2492 981 2522 tio
991 2501 1062 2522 ame
1074 2491 1194 2522 inducta
1207 2491 1355 2527 est,modo
1367 2501 1426 2532 quo
1436 2491 1643 2530 indicavimus,
1652 2491 1763 2522 dictum

941 2536 1145 2577 Apostolicum
1156 2540 1247 2567 natus
1257 2545 1297 2568 ea:
1304 2536 1408 2568 muliei
1416 2547 1431 2568 ε
1444 2546 1511 2568 cum
1525 2537 1766 2574 declarasset,re-

941 2590 1063 2611 Sumens
1078 2581 1354 2622 sermonem,verba
1363 2581 1706 2622 siciterat:Quamquam
1716 2582 1765 2613 hic

942 2626 1104 2665 Apostolus
1110 2627 1166 2657 sim
1172 2627 1205 2657 ut
1215 2627 1376 2658 ostendens
1385 2626 1535 2658 diversum
1543 2627 1653 2658 harum
1662 2635 1764 2658 vocum

942 2680 1041 2706 usum,
1053 2670 1146 2702 simul
1157 2671 1253 2702 obiter
1262 2672 1416 2710 corrigens
1424 2672 1625 2712 quorumdam
1633 2680 1766 2703 errorem

942 2715 1185 2747 existimantium
1195 2717 1319 2747 Domini
1331 2725 1424 2757 corpu
1434 2725 1498 2748 esse
1505 2716 1712 2756 spirituale,ut
1720 2725 1765 2747 os-

943 2760 1078 2791 tenderet
1087 2761 1266 2791 caruemDei
1272 2765 1509 2800 gestatricemu
1518 2763 1654 2793 humana
1665 2769 1766 2792 massa

942 2808 1112 2836 concretam
1121 2805 1223 2844 fuisse.
1238 2805 1347 2838 maluit
1356 2807 1402 2838 uti
1412 2806 1499 2838 verbo
1510 2806 1762 2847 signiﬁcantia".
