1958 3081
191 128 266 161 1159

747 129 1009 160 CONSTANTINI
1032 129 1306 162 MELITENIOT/E

1801 129 1887 161 1160

186 195 285 226 chinm
311 195 425 235 capite:
452 194 513 225 Sed
534 197 562 225 et
582 194 718 233 Spiritus
743 194 856 225 Christi
884 194 991 226 dicitur

1063 195 1115 231 πρὸς
1137 196 1181 224 τὸν
1211 197 1279 235 ἱερὸν
1315 195 1494 236 Ἀμφιλόχιοη
1528 195 1688 236 κεφαλαίων
1720 195 1806 224 Ἀλλὰ
1836 197 1885 223 καὶ

187 239 264 279 quod
278 244 393 270 Malum
409 238 457 269 illi
470 239 647 278 conjunctus
675 242 729 269 cst.
751 238 800 269 Sic
827 239 883 269 ista
907 243 1010 270 contra

187 294 253 314 sese
276 283 360 320 verti,
376 284 451 323 quod
478 283 557 313 idem
587 292 670 321 mque
693 287 805 320 notant,
822 293 890 314 cum
923 283 1010 324 plane

186 337 239 358 nos
250 328 389 367 sciamus,
409 326 471 367 pari
489 327 577 357 modo
588 327 727 362 dicimus,
746 337 836 357 unum
854 327 918 358 loco
933 327 1009 358 alte-

168 372 246 402 ‘rius
280 372 376 408 sumi,
416 376 446 402 ut
486 380 610 409 magnus
639 376 670 402 ut
700 371 897 402 decernendis
932 373 1005 412 dog-

189 416 315 447 matibus
331 415 456 446 Basilius
471 416 581 447 statuit.

223 462 251 493 8.
269 461 305 491 At
318 470 397 491 nunc
414 470 465 501 per
477 460 583 491 Filium
602 460 742 500 Spiritum
760 465 892 492 sanctum
909 461 1003 491 exsis-

186 509 260 541 tere,
278 509 308 536 et
322 505 512 544 coujunctum
535 505 578 535 illi
604 514 681 541 esse,
708 505 749 536 uti
775 515 842 536 sese
865 505 1002 542 habeant,

184 551 431 580 considerandum
449 554 503 581 est.
522 552 565 580 An
581 550 669 580 etiam
698 550 759 580 huic
783 559 850 580 cum
878 550 955 581 inter
971 559 1003 580 se

184 599 385 634 exmquantur,
399 594 497 634 priora
513 594 572 624 illa.
591 593 720 624 vicissim
738 595 861 624 alterum
878 594 1003 625 alterius

184 640 280 670 locum
307 639 479 679 occupabit?
500 638 623 670 Minime
645 638 797 677 gentium:
830 648 895 670 cum
915 648 1003 670 causa

184 684 302 724 propria
316 683 535 723 conjunctionis
551 683 647 723 potius
665 683 736 713 illud
750 692 806 722 per
823 683 938 714 Filium
952 684 999 713 sit.

183 728 218 759 Et
230 729 285 759 hoc
296 728 381 768 plane
397 728 551 758 conﬁrmat
561 727 639 757 idem
656 737 780 765 magnus
796 727 933 764 Basilius,
951 728 1001 768 qui

182 773 212 803 in
229 773 332 803 eodem
344 773 378 803 all
391 773 507 803 beatum
522 772 763 811 Amphilochium
778 772 873 811 capite
882 773 999 803 huncin

1052 239 1157 277 Πνεῦμα
1192 243 1303 279 Χριστοῦ
1352 239 1467 279 λέγεται,
1519 241 1555 271 ὡς
1603 239 1772 278 ᾠκειωμένον
1808 240 1885 277 αὒτῷ

1050 285 1119 312 κατὰ
1160 285 1245 324 φύσιν.
1286 284 1361 314 Οὕτω
1396 285 1442 322 μὲν
1473 285 1676 325 ἀντιστρέφοντα
1704 285 1787 313 ταῦτα
1811 286 1883 324 πρὸς

1050 327 1154 362 ἄλληλα
1188 328 1230 357 διὰ
1264 330 1295 358 τὸ
1309 328 1434 365 ἐξισάζειν
1463 329 1582 369 ἂντικρυς
1611 329 1755 369 ἐγνωκότες
1777 330 1880 367 ἡμεῖς,

1049 372 1163 412 λέγομεν
1196 374 1291 407 ὶπίσης
1323 373 1628 412 ὰντιμεταλαμϐάνεσθαι
1656 374 1722 402 κατὰ
1750 375 1798 402 τὸν
1825 385 1883 401 πο-

1048 415 1094 444 λυν
1123 416 1150 444 ἐν
1173 416 1286 456 δόγμασι
1316 419 1359 446 καὶ
1381 418 1465 456 μέγαν
1492 417 1638 448 Βασίλειον.

1086 461 1126 494 η’.
1149 463 1184 490 Τὸ
1212 462 1239 490 δὲ
1265 462 1297 490 δι’
1332 463 1390 492 Υἰοῦ
1404 464 1434 490 τὸ
1451 466 1557 500 Πνεῦμα
1573 464 1603 491 τὸ
1629 462 1704 502 ἅγιον
1741 463 1878 503 ὑπάρχειν

1045 506 1134 534 καὶτὸ
1163 506 1251 535 τελεῖν
1279 508 1376 536 οἰκεῖον
1406 509 1484 536 αῦτοῦ
1512 511 1569 540 πῶς
1591 507 1693 547 ἔχουσι,
1720 508 1878 546 θεωρητέον

1044 550 1076 578 τὰ
1104 551 1159 581 νῦν,
1197 546 1260 590 Ἆρα
1290 553 1339 592 γὰρ
1364 551 1523 587 ἐξισάζονται
1551 553 1698 580 καὶταῦτα
1725 554 1795 591 πρὸς
1823 551 1877 579 ἄλ·

1043 593 1114 627 ληλα
1148 596 1209 623 κατ’
1238 596 1327 624 ἐκεῖνα
1355 598 1387 626 τὰ
1429 598 1488 636 πρὶν
1530 597 1652 636 ἑκάτερον
1681 596 1801 634 ἑκατέρῳ
1830 597 1876 624 καὶ

1044 639 1278 680 ὰντιστρέφουσινς
1324 640 1461 678 Οὒδαμῶς,
1502 640 1587 669 αἴτιον
1623 640 1651 669 δὲ
1685 642 1781 679 κυρίως
1820 643 1873 673 τῆς

1044 684 1200 716 οἷκειώαεως
1228 686 1259 713 τὸ
1289 684 1321 713 δι’
1340 685 1399 714 Υἱοῦ
1414 685 1515 723 μᾶλλόν
1537 686 1604 716 ἔστι.
1623 686 1672 714 Καὶ
1692 689 1770 713 τοῦτο
1798 696 1873 724 παρ-

1045 730 1145 761 ίστησιν
1183 728 1313 767 ἄριδήλως
1338 732 1352 758 ὁ
1378 732 1455 762 αὐτὸς
1494 730 1577 769 μέγας
1614 729 1762 769 Βασιλειος,
1798 729 1873 762 ὅτι-τις

1042 772 1068 800 ἐν
1094 777 1133 810 τῷ
1162 777 1232 811 αὐτῷ
1252 777 1304 802 τῶν
1333 776 1397 814 πρὸς
1425 776 1472 803 τὸν
1506 774 1654 814 μακαρίτην
1685 773 1871 814 Ἀμφιλόχιον

184 817 302 847 modum
318 817 459 857 loquitur,
475 826 541 847 cum
567 816 647 855 prius
663 816 699 847 dc
715 816 843 855 Spiritus
857 826 890 847 ex
916 819 991 848 Patri

1063 817 1189 857 εφαλαίων
1231 819 1338 858 εἴρηκεν
1365 819 1445 859 οὕτω,
1467 820 1526 859 περὶ
1553 822 1602 852 τῆς
1632 822 1678 847 τοῦ
1710 819 1868 856 Πνεύματος

182 862 351 893 exsistentia
366 871 533 892 sermonem
547 861 765 891 habuisset‘EJ;
775 862 836 892 Deo
846 870 909 892 csse
920 863 1001 892 dici-

181 910 308 946 tur,non
319 908 366 937 uti
382 907 486 937 omnia
506 915 543 937 ea?
555 905 682 942 Deo,se«l
693 908 737 936 uti
755 914 792 936 ex
805 906 864 936 Deo
873 914 1000 946 progre-

180 951 275 986 diens,
289 960 347 981 non
358 955 518 991 geurralus
529 955 561 980 ut
573 949 734 986 Fitius,sed
747 949 922 989 utSpirilus
938 951 1000 982 oris

179 995 361 1027 illiusﬂnde
384 996 427 1026 sic
455 995 628 1026 declaratur
652 995 740 1025 illius
760 995 954 1032 consortium,
971 1000 1000 1027 et

179 1040 345 1080 inc/rabilis
359 1043 494 1071 essenth
507 1039 612 1070 modus
622 1043 771 1070 servatur.
789 1039 914 1080 Spiritus
930 1049 996 1071 cum

177 1085 239 1115 Deo
263 1084 501 1123 conjunctionem
526 1084 651 1114 indicari
681 1083 721 1114 ait
742 1093 863 1122 magnus
878 1084 926 1115 hic
941 1085 994 1123 vir,

176 1128 253 1168 quod
264 1127 468 1168 progrediatur
478 1138 510 1158 ex
523 1137 557 1158 eo
567 1133 597 1158 ut
609 1129 669 1158 oris
682 1128 813 1168 spiritus.
825 1128 886 1159 Hoc
896 1129 994 1169 ipsum

176 1173 226 1204 hic,
239 1182 354 1213 quoque
371 1174 408 1204 de
423 1173 632 1212 conjunctione
644 1173 777 1213 ejusdem
790 1171 917 1213 Spiritus
927 1183 993 1204 cum

175 1217 248 1248 Filio
265 1227 352 1257 quam
377 1217 563 1257 aptissimum
586 1226 651 1248 esse
675 1222 792 1257 reputo;
818 1218 996 1257 conjunctus

175 1263 254 1292 enim
270 1267 314 1292 est
326 1262 453 1302 Spiritus
471 1267 590 1292 sanctus
610 1272 675 1292 cum
692 1262 859 1301 Filio,quod
880 1272 934 1302 per
943 1262 993 1294 Fi-

174 1306 246 1337 lium
275 1307 322 1338 hic
344 1316 460 1347 quoque
477 1307 524 1342 sit,
552 1315 609 1337 non
630 1306 686 1337 alia
712 1307 849 1346 quapiam
863 1307 990 1347 ralione,

173 1361 261 1391 quam
277 1351 355 1391 quod
372 1351 409 1382 sit
423 1351 545 1391 spiritus
561 1351 621 1381 oris
636 1351 755 1390 ejus,uti
772 1350 880 1382 Christi
895 1361 991 1390 praeco

171 1396 279 1427 Paulus
298 1396 565 1436 tradidit.Namque
590 1395 636 1426 hic
662 1396 826 1426 secundum
842 1397 877 1426 ad
895 1397 990 1428 Thes—

1043 862 1072 890 ἐκ
1103 864 1202 903 [latpr
1229 864 1361 903 ὑπάρξεως
1383 863 1535 904 προλαϐών.
1571 863 1620 892 Ἐκ
1648 867 1693 892 τοῦ
1721 867 1789 892 Θεοῦ
1821 864 1868 892 εἶ-

1042 919 1083 935 ναι
1109 907 1224 948 λέγεται,
1256 911 1307 949 οὺχ
1342 910 1378 941 ὡς
1403 909 1435 937 τὰ
1456 910 1542 938 πάντα
1569 910 1600 937 ῐεκ
1628 913 1674 938 τοῦ
1702 909 1781 945 Θεοῦ,
1806 906 1868 936 ἀλλ’

1041 952 1077 983 ὡς
1107 951 1136 980 ἐκ
1179 956 1244 981 Θεοῦ
1272 953 1406 992 προελθὶν,
1448 955 1478 982 οὗ
1509 952 1643 993 γεννητῶς
1682 953 1719 984 ὡς
1745 953 1760 980 ὁ
1796 953 1867 987 ι’ἱὸς,

1041 995 1099 1023 ἀλλ’
1139 998 1175 1029 ὡς
1205 1000 1309 1034 Πνεῦμα
1344 997 1474 1035 στόματος
1500 998 1588 1026 αὐτοῦ·
1618 996 1665 1029 τῆς
1700 996 1748 1033 μὲν
1780 996 1868 1023 οἰκει-

1040 1040 1134 1074 ότητος
1192 1040 1356 1080 δηλουμένης
1418 1042 1547 1078 ἐντεῦθεν,
1593 1044 1639 1069 τοῦ
1687 1039 1714 1067 δέ
1763 1041 1867 1078 τρόπου

1037 1087 1086 1118 τῆς
1142 1086 1274 1126 ὑπάρξεως
1313 1086 1424 1127 ἆῤῥήτου
1477 1085 1686 1126 φυλασσομένου.
1733 1085 1775 1118 Τὴ
1821 1085 1868 1114 τοῦ

1037 1130 1189 1168 Πνεῦματος
1231 1132 1295 1169 πρὸς
1340 1132 1385 1159 τὸν
1427 1132 1491 1160 Θεὸν
1533 1130 1683 1163 οἰκειότητα
1717 1129 1867 1163 δηλοῦσθαί

1037 1185 1117 1215 φησιν
1138 1177 1152 1203 ὁ
1180 1175 1275 1214 μέγας,
1293 1176 1322 1204 ἐκ
1343 1179 1389 1204 τοῦ
1403 1175 1541 1216 προελθεῖν
1563 1176 1600 1206 ὡς
1625 1178 1732 1212 Πνεῦμα
1754 1175 1863 1212 στόμα-

1036 1230 1081 1250 τος
1102 1219 1128 1252 ἐξ
1149 1222 1238 1250 αὑτοῦ.
1269 1224 1349 1249 Τοῦτο
1379 1220 1405 1248 δὲ
1435 1221 1564 1249 κάνταῦθα
1580 1226 1651 1248 νοεῖν
1666 1219 1708 1247 ἐπὶ
1721 1221 1774 1252 τῆς
1796 1220 1863 1259 πρὸς

1036 1266 1082 1292 τὸν
1120 1266 1180 1293 Υἱὸν
1215 1265 1377 1298 οἰκειότητος
1418 1265 1500 1305 λέγω,
1530 1268 1576 1293 τοῦ
1603 1265 1682 1293 αὑτοῦ
1703 1263 1862 1301 Πνεῦματὸς

1037 1309 1106 1337 ἐστιν
1134 1308 1338 1349 ἁρμοδιώτατον.
1363 1310 1469 1339 Οὶκεῖον
1496 1310 1545 1349 γὰρ
1580 1310 1610 1337 τὸ
1645 1308 1720 1348 ἅγιον
1749 1311 1861 1346 Πνεῦμα

1032 1355 1128 1392 καὶτῷ
1169 1356 1231 1392 Υἱῷ,
1255 1355 1343 1383 καθότι
1372 1356 1415 1383 καὶ
1436 1353 1477 1382 διὰ
1498 1356 1544 1384 τοῦ
1572 1356 1632 1384 Υἱοῦ
1658 1359 1735 1384 τοῦτο
1770 1354 1860 1394 πέφυ-

1032 1410 1088 1437 κεν,
1118 1399 1169 1438 οὐχ
1204 1398 1299 1439 ἑτέρως
1326 1410 1356 1438 γε
1372 1400 1438 1438 μὴν,
1474 1400 1511 1431 ὡς
1531 1398 1559 1427 δὲ
1588 1402 1693 1436 Πνεῦμα
1721 1398 1859 1436 στόματος

171 1441 372 1473 salonicenses
398 1441 545 1477 scribens,
577 1445 730 1481 postquam
760 1441 989 1472 destructionem

1063 1448 1121 1481 ιτοῦ,
1155 1445 1224 1473 κατὰ.
1250 1445 1280 1472 τὸ
1304 1443 1445 1484 ὂιαληφθὲν
1474 1443 1571 1481 Παύλῳ
1597 1446 1635 1481 τῷ
1650 1444 1860 1483 χριστοκήρῦκι,

171 1485 251 1526 mali,
268 1486 318 1526 qui
335 1485 504 1516 universum
522 1490 665 1516 terrarum
695 1485 797 1516 orbem
818 1485 991 1517 conterebat

1063 1489 1082 1516 ιιὶ
1110 1489 1160 1527 γὰρ
1187 1488 1262 1521 οὗτος
1286 1489 1316 1516 τὸ
1331 1487 1449 1528 δεύτερον
1485 1487 1647 1517 ἑπισαὲλλων
1682 1488 1749 1526 πρὸς
1788 1491 1858 1515 θεσ-

168 1531 361 1568 annuntiavit,
380 1535 443 1561 erat
459 1539 547 1571 porro
558 1529 666 1570 impius
677 1530 726 1560 ille
738 1529 826 1568 Nero,
844 1530 881 1561 de
892 1531 988 1562 futuro

1065 1531 1181 1565 λονικεῐς
1210 1533 1277 1570 μετὰ
1305 1533 1335 1561 τὸ
1362 1533 1441 1573 φάναι
1469 1533 1517 1566 τὴν
1544 1532 1686 1561 κατάλυσιν
1714 1535 1762 1560 τοῦ
1776 1543 1858 1566 τηνι-

168 1575 345 1606 vaticinans:
363 1575 417 1605 «Et
427 1578 491 1606 tum
503 1574 685 1615 iniquusitle
696 1575 916 1614 pateﬁet,quem
929 1577 988 1607 Do-

168 1620 270 1651 minus
278 1620 416 1660 oonﬁciet
426 1619 548 1660 Spirilu
557 1621 620 1650 oris
630 1621 708 1650 cui5|
716 1619 916 1659 ,ingenlivoce
926 1622 988 1652 cla-

169 1664 268 1703 mavit,
281 1664 423 1705 Spiritum
440 1664 501 1695 oris
515 1663 664 1704 Unigeniti
685 1663 826 1704 Spiritum
853 1669 985 1696 sanctum

168 1718 354 1748 nuncupans.
373 1707 446 1739 Illud
476 1717 562 1748 porro
575 1718 632 1749 per
641 1708 758 1740 Filium
774 1718 895 1749 prorsus
907 1709 985 1741 idem

167 1753 347 1793 fuerit,quod
358 1753 394 1784 ad
410 1753 596 1784 existentiam
609 1753 726 1789 attinet,
747 1758 835 1794 atque
860 1754 932 1785 illud
948 1764 986 1787 ex

166 1797 263 1828 Filio.
280 1801 311 1827 ut
322 1797 386 1837 ipso
399 1796 482 1828 initio
497 1798 591 1829 oratio
607 1798 828 1835 demonstravit,
847 1803 876 1829 et
890 1800 986 1831 adhuc

166 1841 243 1872 ultra
260 1841 423 1881 procedens
449 1842 676 1873 demonstrabit.
699 1843 748 1874 Sic
770 1853 835 1874 cum
859 1843 986 1884 Spiritus

164 1890 283 1917 sanctus
307 1895 360 1926 per
383 1886 489 1917 Filium
520 1892 574 1924 est,
593 1891 749 1928 propterea
763 1892 791 1918 et
810 1889 986 1929 conjunctus

164 1931 208 1962 illi
225 1935 288 1966 est;
305 1940 362 1962 non
377 1931 445 1971 quia
460 1932 637 1971 conjunctus
652 1937 696 1962 est
712 1932 838 1972 Spiritus
867 1939 986 1966 sanctus

164 1975 411 2016 Filio,propterea
426 1979 455 2006 et
471 1985 523 2016 per
546 1976 643 2016 ipsum
670 1981 724 2010 est.
748 1981 778 2008 ut
805 1978 924 2018 quidam
948 1989 983 2010 ex

164 2021 341 2052 adversariis
363 2021 556 2053 contendunt.
574 2021 632 2052 Sed
660 2022 781 2062 quaestio
799 2023 860 2053 hac
877 2023 984 2055 melius

162 2065 385 2105 absolutiusque
399 2065 475 2096 infra
488 2066 795 2105 pertractabitur,cum
813 2069 842 2098 in
857 2077 983 2100 examen

1029 1580 1113 1605 καῦτα
1138 1577 1300 1617 κατέχοντος
1321 1578 1371 1611 τὴν
1399 1578 1554 1616 οἰκουμένην
1580 1580 1674 1613 κακοῦ,
1706 1576 1797 1616 Νέρων
1828 1576 1856 1606 δὲ

1029 1621 1061 1656 ἧν
1089 1621 1191 1654 ἐκεῖνος
1230 1623 1244 1650 ὃ
1273 1622 1412 1660 δυσσεϐής,
1438 1624 1497 1663 περὶ
1515 1626 1560 1651 τοῦ
1581 1621 1724 1660 μέλλοντος
1754 1624 1857 1661 προθε-

1179 1677 1194 1697 (
1226 1668 1274 1696 Καὶ
1315 1668 1374 1696 τότε
1415 1669 1429 1696 ὁ
1469 1668 1567 1706 ἄνομος
1596 1666 1855 1707 ἐπικαλυφθήσεται,

1552 1716 1590 1750 τῷ
1637 1715 1660 1740 Π
1666 1712 1768 1749 νεύματι
1806 1713 1854 1740 τού

1027 1667 1121 1699 quin;
1126 1675 1133 1681 '

1027 1712 1056 1739 ὃν
1090 1713 1104 1739 ὸ
1133 1713 1227 1751 Κύριος
1262 1713 1365 1746 Ἰησοῦς
1408 1712 1498 1741 ἀνελεῖ

1027 1756 1158 1794 στόματος
1199 1758 1288 1795 αὐτοῦ,
1309 1769 1321 1787 ο
1369 1757 1565 1799 μεγαλοφώνως
1599 1756 1705 1793 ἐϐόησε,
1743 1759 1854 1793 Πνεῦμα

1029 1802 1160 1839 στόματος
1202 1805 1249 1830 τοῦ
1290 1803 1452 1842 Μονογενοῦς
1486 1804 1517 1831 τὸ
1545 1803 1650 1839 Πνεῦμα
1677 1800 1794 1834 καλέσας
1822 1802 1855 1829 τὸ

1027 1845 1114 1885 ἂγιον.
1145 1847 1181 1875 Τό
1208 1845 1234 1874 δὲ
1256 1845 1290 1875 δι’
1314 1848 1374 1877 Υἱοῦ
1409 1848 1512 1880 πάντως
1560 1848 1654 1877 ταυτὸν
1695 1845 1758 1874 ὅσον
1786 1847 1854 1885 πρὸς

1026 1889 1134 1930 ὕπαρξιν
1166 1892 1292 1932 τυγχάνει
1321 1893 1359 1930 τῷ
1382 1892 1408 1925 ἐξ
1427 1894 1498 1930 Υἱοῦ,
1521 1893 1607 1924 καθὼς
1624 1893 1637 1920 ὁ
1653 1891 1732 1930 λόγος
1756 1890 1855 1923 ἔδειξεν

1026 1935 1163 1975 ἆπαρχῆς,
1200 1938 1243 1965 καὶ
1265 1936 1302 1965 ἔτι
1324 1938 1425 1972 προϊὼν
1453 1937 1621 1970 ἀποδείξειεν,
1665 1936 1756 1968 Οὕτως
1794 1935 1854 1964 ἐπεὶ

1024 1981 1055 2008 τὸ
1090 1983 1196 2019 Πνεῦμα
1223 1983 1254 2010 τὸ
1280 1982 1356 2022 ἅγιον
1377 1982 1419 2012 διὰ
1446 1986 1492 2012 τοῦ
1525 1984 1596 2018 ficii,
1626 1982 1716 2010 τούτου
1733 1980 1853 2019 μάλιστα

1025 2025 1103 2065 χάριν
1127 2027 1171 2054 καὶ
1200 2027 1298 2056 οἰκεῖον
1327 2030 1397 2065 αὒτῷ
1432 2028 1557 2068 πέφυκενθ
1588 2028 1618 2055 οῦ
1647 2027 1703 2065 μὴν
1731 2026 1772 2054 ὅτι
1800 2036 1851 2065 περ

1025 2071 1124 2100 οἰκεῖον
1159 2072 1189 2099 τὸ
1224 2072 1299 2111 ἅγιον
1327 2075 1433 2110 Πνεῦμα
1462 2073 1609 2106 καθέστηκε
1646 2075 1684 2109 τῷ
1726 2073 1790 2109 Υἱῷ,
1808 2071 1853 2099 διὰ

163 2110 425 2141 consubssantialis
444 2110 530 2148 ratio,
554 2116 585 2141 ut
599 2111 660 2151 jam
675 2111 875 2151 promisimus,
893 2122 982 2144 voca-

1063 2119 1101 2144 ito
1129 2116 1173 2144 καὶ
1194 2115 1227 2144 δι’
1247 2118 1336 2153 αὐτοῦ,
1359 2120 1475 2156 καθαπερ
1496 2117 1659 2156 ἒνιστᾶμενοί
1694 2127 1764 2148 τινες
1802 2115 1852 2144 λέ-

161 2153 253 2203 hitur.
269 2155 306 2203 ᾼι
333 2155 364 2185 in
380 2155 518 2195 praesenti
534 2156 619 2203 paulo
636 2161 704 2203 ante
718 2155 797 2203 dicta
812 2157 918 2188 iterum
934 2162 980 2203 at-

1063 2171 1123 2191 iatv.
1148 2160 1230 2189 Ἀλλὰ
1258 2162 1289 2190 τὰ
1318 2162 1366 2200 μὲν
1400 2153 1465 2203 ’περὶ¹
1487 2166 1536 2197 τῆς
1558 2153 1681 2195 τοιαύτης
1705 2162 1852 2197 ζητήσεως

161 2199 301 2247 tingenda
315 2204 448 2247 su_nt,_ne
462 2210 480 2231 a
491 2200 641 2241 proposito
657 2200 743 2232 nobis
758 2210 847 2242 scopo
859 2202 981 2243 propius

1063 2211 1142 2234 ιῖττον
1167 2206 1211 2234 καὶ
1243 2199 1402 2246 τελεώτερον
1430 2199 1460 2236 ἓν
1488 2208 1593 2247 ῥηθεῖιν
1615 2208 1642 2235 ἐν
1676 2214 1734 2240 τοῖς
1772 2208 1850 2246 ἑξῆς,

161 2245 322 2276 accedente
338 2244 522 2276 decidamus.

1064 2261 1080 2278 α
1101 2251 1167 2290 πρὸς
1189 2249 1304 2283 ἐξέτασιν
1332 2244 1422 2282 δ’τοῦ
1441 2244 1581 2283 ὁμόουσίου
1605 2254 1674 2281 κατὰ
1701 2254 1750 2287 τὴν
1777 2244 1849 2283 ὑπό-λ

161 2300 254 2341 εχεσιν
289 2289 369 2329 λόγος
395 2291 650 2341 ἦμῖν.ταμῖιεὺετα⁴ι’
686 2292 716 2319 τὸ
751 2290 778 2319 δὲ
807 2295 850 2341 νῦν
872 2291 936 2341 ἕχον
951 2295 1003 2322 τῶν
1040 2295 1133 2334 μικρὸν
1160 2294 1257 2324 ἂνωθεν
1285 2297 1430 2337 εἰρημένων
1443 2298 1558 2336 ἅψασθαι
1582 2299 1626 2327 καὶ
1647 2298 1727 2328 πάλιν
1742 2300 1847 2341 χρεών,

160 2333 204 2362 ἵνα
226 2338 271 2363 τοῦ
291 2338 391 2363 σκοποῦ
418 2336 486 2365 κατὰ
514 2336 598 2376 τάχος
623 2335 712 2375 ἔγγιον
735 2337 875 2376 γεγονότος
894 2337 974 2367 αὑτοῦ
1004 2340 1041 2377 μὴ
1066 2333 1231 2378 ἐκπέσωμεν.

199 2378 229 2410 9.
245 2379 433 2410 Manifestum
449 2379 549 2420 itaque
564 2384 618 2418 est,
636 2380 678 2411 uti
693 2390 752 2411 non
783 2381 874 2412 multo
901 2381 979 2413 dixi-

160 2432 226 2453 mus
240 2423 467 2460 ante,malorum
480 2424 611 2455 omnium
624 2434 770 2456 summam
783 2434 849 2456 esse
863 2426 979 2466 opinari

159 2467 357 2498 transitoriam
373 2477 439 2500 esse
450 2477 503 2509 per
519 2469 604 2500 Filim
630 2469 758 2510 Spiritus
786 2471 882 2501 sancti
898 2471 978 2502 exsi-

158 2512 307 2544 stealiam.
325 2512 422 2549 Quare
437 2523 560 2545 necesse
584 2518 640 2554 est,
666 2524 733 2546 cum
755 2514 811 2546 hoc
839 2520 977 2556 tanquam

158 2557 239 2588 omni
255 2557 440 2597 blasphemia
456 2558 575 2598 plenum
593 2559 795 2600 prohibeatur,
813 2560 883 2591 dum
897 2560 977 2590 nulla

156 2602 213 2633 alia
228 2602 303 2633 ratio
315 2601 374 2632 ulla
392 2612 426 2633 ex
452 2606 534 2642 parte
550 2609 692 2644 emergat,
710 2614 838 2645 namque
853 2606 890 2636 de
905 2604 975 2645 Spi-

155 2647 229 2678 ritus
253 2657 319 2679 cum
342 2646 415 2678 Filio
432 2648 653 2690 conjunctione,
677 2653 706 2680 et
733 2649 977 2681 consubstantiali

156 2696 277 2734 propter
291 2691 505 2724 sententiarum
532 2692 821 2735 inconsequentiam,
835 2704 922 2735 quam
935 2694 974 2725 li-

193 2786 240 2813 tt"
256 2785 280 2817 ιι
294 2785 400 2818 Thess
413 2795 445 2827 ιι,
462 2787 492 2819 8.

1041 2379 1095 2414 ‘8'.
1121 2387 1169 2414 Καὶ
1193 2385 1225 2420 δὴ
1254 2386 1345 2426 δῆλον,
1388 2390 1424 2421 ὡς
1471 2389 1615 2429 φθάσαντες
1642 2391 1693 2430 πρὸ
1728 2391 1849 2431 βραχέος

1021 2429 1135 2469 ἔσχατον
1164 2442 1270 2460 παντων
1305 2434 1507 2473 παρεστήσαμεν
1543 2438 1597 2463 τῶν
1617 2429 1719 2473 κακῶν,
1747 2429 1847 2467 716730-

1020 2473 1104 2520 ςάζειν
1138 2475 1287 2520 παροδικῶς
1316 2477 1387 2506 εἶναι
1409 2478 1450 2508 διὰ
1477 2483 1524 2508 τοῦ
1563 2481 1624 2509 Υίοῦ
1646 2481 1677 2508 τὸ
1693 2484 1802 2520 Πνεῦμα
1816 2484 1849 2510 τὸ

1019 2517 1107 2557 ἅγιον.
1138 2518 1255 2560 Ἀνάγκη
1298 2528 1447 2562 τοιγαροῦν,
1491 2525 1598 2564 επείπερ
1639 2517 1782 2564 ἀπείρηται
1816 2528 1848 2556 τὸ

1018 2566 1141 2612 τοιοῦτον.
1175 2565 1210 2598 ὡς
1244 2564 1391 2607 δυσφημίας
1429 2567 1459 2597 ὀ¹ν
1487 2569 1593 2603 ἀπάσης
1618 2571 1728 2610 μεστὸν,
1755 2572 1848 2612 ἐτέρου

1017 2607 1191 2656 τιν’ὸςῗλόγου
1233 2610 1366 2650 μηδαμῶς
1397 2613 1602 2651 ἆνακύπτοντος,
1640 2607 1773 2656 περὶγὰρ
1795 2607 1848 2651 τῆς

1015 2657 1062 2682 τοῦ
1082 2654 1234 2691 Πνεύματος
1255 2657 1320 2696 πρὸς
1341 2658 1385 2686 τὸν
1425 2659 1484 2686 Υἱὸν
1528 2659 1697 2700 οἱκειώσεως,
1801 2664 1849 2691 τοῦ

1016 2698 1155 2735 ὁμοουσίου
1175 2698 1217 2728 διὰ
1241 2702 1273 2729 τὸ
1294 2704 1347 2730 τῶν
1369 2702 1474 2732 ἐννοιῶν
1500 2698 1694 2746 ἀνακόλουθονξ
1719 2705 1787 2747 ὅπερ
1803 2709 1848 2736 καὶ
