1958 3081
111 159 185 193 1193

560 164 608 196 DE
630 162 888 196 PROGESSIONE
910 162 944 196 S.
964 160 1137 193 SPIRITUS
1158 162 1272 194 ORAT.
1295 161 1333 193 II.

1719 164 1792 196 1194

104 229 201 264 ψαντες
233 228 260 256 εἴ
290 240 316 257 τι
339 229 420 269 ῥητὸν
447 230 501 258 τῶν
522 229 593 269 παρὰ
613 229 723 269 γνώμην
745 230 850 268 αὐτοῖς,
872 226 1075 261 ταῖςΔάΘῐἪιΘ
1089 231 1118 258 et

1013 230 1075 257 rate
1089 231 1118 258 et
1133 227 1325 265 licenter,sed
1341 227 1399 259 alia
1413 238 1531 270 quoque
1548 230 1673 270 plurima
1688 230 1792 261 turbu-

104 270 131 299 δὲ
159 277 277 302 τοιοῦτον
313 273 401 314 ἕτερον
430 274 495 312 πρὸς
525 275 556 302 τὸ
584 273 674 302 δοκοῦν
710 274 811 307 τούτοις
847 285 932 312 μετα-

105 317 277 354 ποιήσαντε·,
294 314 331 346 ὧν
360 318 495 356 ἁπάντων,
521 319 557 350 ὡς
588 318 705 358 ἐφικτὸν,
736 319 804 348 κατὰ
839 319 931 358 χώραν

104 361 306 400 μνησθήσομαι,

143 489 198 534 κβ’.
216 497 265 525 Καὶ
286 497 310 525 τί
331 496 402 537 λέγω
431 499 489 537 περὶ
510 499 546 526 ὧν
582 497 751 536 μετέγραψαν
779 490 877 536 βίϐλων
903 496 930 525 ἂν

106 547 164 574 τοῖς
194 542 294 570 ἑαυτῶν
309 542 414 571 ἕκαστοι
435 546 488 570 τῶν
517 541 711 582 διαληφθέντων
733 549 848 583 καιροῖς,
864 541 931 570 ὅπου

102 595 132 624 γι
160 586 259 614 τούτων
274 586 359 615 αὖτῶν
380 586 445 615 ἔνιοι
458 587 503 616 καὶ
528 590 579 615 τῶν
608 587 637 614 ἐκ
665 586 779 615 παλαιοῦ
809 598 929 626 γεγραμ-

104 629 189 667 μένων
218 626 371 671 ὁλοσχερῶς
405 633 452 660 οὒκ
481 631 617 671 ἐφείσαντο
629 631 641 660 -!
674 632 733 660 Τῶν
761 631 886 660 τοιούτων
907 630 930 658 δ’

105 673 195 708 ἁπλῶς
231 675 300 704 ἔστιν
335 675 366 707 ἂς
388 675 488 710 ἔξεσαν,
518 677 576 704 τινὰ
606 674 800 714 μεταϐαλόντες
829 678 881 703 τῶν
902 675 930 703 ἕν

102 720 206 756 αὖταῐς,
241 719 309 748 ἄλλα
343 719 367 748 δ’
397 720 429 748 αὖ
458 719 616 752 ἐκϐαλόντες
643 719 778 751 τοτέλεον.
813 721 863 749 Καὶ
884 731 929 758 μοι

103 765 199 794 παντὸς
228 768 274 793 τοῦ
295 765 376 804 λόγου
398 765 539 805 μαρτύριον
570 764 692 805 ἀψευδὲς,
723 764 788 804 ὅπερ
816 765 930 804 γενόμε-

104 819 182 844 μενον
209 808 249 849 ἐρ’
278 809 355 847 ἡμῶν
391 810 581 849 ἀναπέφανται.
623 809 681 838 Τῶν
710 809 849 849 ἀρχόντων
881 810 931 849 γὰρ

104 852 169 892 ὶνήρ
196 863 236 885 τις
264 857 317 882 τῶν
352 854 591 894 ὲκκλησιαστικῶν,
621 854 801 894 ἀντεχόμενος
830 853 929 892 κομιδῆ

974 271 1044 301 lenti
1061 271 1197 302 homines
1223 271 1439 311 adulterarum,
1454 283 1487 304 ex
1512 274 1558 304 his
1574 273 1694 314 quidem
1707 275 1792 306 aufe—

973 316 1111 356 rentes,si
1128 316 1196 356 quid
1211 316 1353 356 scriptum
1366 323 1444 348 esset
1461 317 1539 358 quod
1555 318 1627 358 ipsis
1641 327 1702 349 non
1717 319 1794 349 arri-

973 360 1066 397 deret,
1085 359 1114 389 in
1131 360 1196 392 aliis
1211 360 1290 391 aliud
1306 361 1519 399 simile,utillis
1535 362 1690 393 videbatur
1703 366 1791 403 appo-

974 408 1089 444 nentes,
1101 413 1167 444 quae
1176 405 1286 445 omnia,
1294 405 1336 435 uti
1352 405 1429 436 vires
1440 407 1653 445 concesserint,
1659 410 1755 447 tempo
1761 416 1794 438 re

972 452 1138 488 opportuno
1150 449 1402 480 commemorabo.

1012 495 1060 523 22.
1076 493 1110 522 Et
1121 492 1191 532 quid
1200 493 1248 524 hic
1258 493 1376 533 inquam
1389 493 1426 524 de
1438 494 1622 534 transcriplis
1631 494 1667 525 ab
1680 494 1792 526 eisdem

972 537 1028 567 alio
1041 541 1129 576 atque
1152 537 1207 567 alio
1226 542 1358 577 tempore
1374 539 1585 576 voluminibus,
1603 539 1674 569 dum
1691 549 1794 570 eorum

973 581 1106 611 nonnulli
1124 590 1179 611 nec
1194 581 1230 611 ab
1247 581 1386 622 illis,quze
1398 583 1434 613 ab
1445 583 1565 624 antiquo
1583 586 1716 622 tempore
1726 593 1794 614 exa-

972 629 1034 655 rata
1048 629 1143 664 erant,
1161 635 1265 656 manus
1279 625 1507 658 abstinuerunt?
1533 627 1563 657 in
1580 626 1687 667 quibus
1704 627 1795 658 multa

973 674 1137 707 eraserunt,
1149 670 1213 700 aliis
1227 670 1290 701 loco
1307 680 1410 702 eorum
1428 671 1599 712 suppositis,
1617 671 1794 711 quibusdam

972 713 1060 744 etiam
1084 723 1205 753 prorsus
1234 713 1361 746 abolitis.
1378 714 1413 745 Et
1428 716 1540 747 dictum
1556 725 1656 746 meum
1676 714 1795 746 abunde

972 758 1137 798 conﬁrmat,
1154 759 1232 798 quod
1257 763 1360 790 nostra
1383 760 1439 790 hoc
1466 763 1553 790 aetate
1575 759 1685 791 factum
1702 761 1795 792 fuisse

971 807 1155 842 compertum
1171 806 1226 834 est.
1243 803 1286 834 Ex
1304 803 1489 844 principibus
1505 804 1583 835 enim
1601 804 1670 835 viris
1692 803 1793 836 eccle-

971 846 1096 878 siasticis
1108 848 1326 887 unus,primum
1339 849 1459 888 quidem
1469 849 1621 879 schismati
1635 858 1722 889 quam
1738 849 1794 880 ad-

104 898 136 925 τὰ
155 890 249 938 ⁷πρῶτα
271 902 318 927 τοῦ
339 900 499 939 σχίσματος,
521 899 566 927 τὸν
658 890 800 931 ἕν’τούτοις
814 890 926 937 βαθμὸν,
940 890 1131 939 Βάίᾳίῗδίῐηυ

1012 890 1163 932 :tissimus,
1178 892 1229 922 sed
1245 892 1337 931 gradu
1357 897 1386 923 et
1395 893 1500 924 ordine
1515 894 1592 925 inter
1602 903 1652 924 eos
1671 903 1746 924 unus
1756 894 1795 924 de

102 943 146 970 καὶ
166 942 214 976 τὴν
229 941 303 975 τάξιν
331 943 360 971 οὗ
374 942 534 979 πολλοστὸς,
549 942 599 970 κᾶν
624 949 683 974 τοῖς
710 942 799 982 λόγοις
828 941 854 969 δὲ
877 945 929 970 τῶν

103 985 248 1015 δοκούντων
276 988 318 1020 εἷς
356 987 559 1027 γνωριζόμενος,
595 987 709 1027 ἀρχαίαν
743 997 773 1015 τε
800 987 844 1014 καὶ
872 986 929 1020 ἀξι-

103 1030 209 1059 έπαινον
244 1031 332 1060 ’δέλτον
372 1033 408 1064 ὼς
432 1031 538 1065 ἀληθῶς
570 1035 615 1059 του
644 1030 784 1060 Νυσσαέων
814 1029 930 1070 ἔχουσαν

103 1077 246 1116 Γρηγορίου
279 1077 483 1116 συγγράμματα,
514 1075 618 1115 διχόθεν
640 1076 670 1104 τὸ
692 1075 830 1107 παντελῶς
851 1074 926 1103 ἀδιᾶ-

103 1119 200 1154 κλητον
235 1121 414 1159 κεκτημένην,
440 1122 483 1149 καὶ
513 1121 543 1148 τὸ
572 1121 679 1157 πιστὸν,
717 1119 743 1147 ’ἐν
772 1131 801 1148 τε
824 1118 926 1154 δηλαδὴ

105 1168 150 1192 τοῦ
175 1165 318 1194 ὰπταίστου
345 1166 459 1199 καὶτῆς
491 1167 543 1193 τῶν
572 1165 679 1204 ἡμερῶν
721 1163 899 1197 παλαιότητος
918 1173 924 1180 ·

102 1209 200 1242 ταύτην
228 1209 290 1248 γοῦν
317 1211 331 1238 ὁ
359 1209 477 1241 τοιοῦτος
506 1209 565 1237 κατ’
592 1209 678 1248 ἀρχὰς
710 1211 760 1242 τῆς
794 1207 927 1241 διενέξεως

103 1254 216 1293 μετιὼν,
239 1255 275 1286 ὡς
301 1254 337 1286 εἷς
358 1254 407 1287 τὴν
434 1253 531 1282 ἄνωθεν
558 1253 709 1282 ἐκτεθεῖσαν
745 1256 792 1281 τοῦ
826 1253 927 1292 Πατρὸς

103 1298 178 1336 ῥῆσιν
200 1299 361 1335 κατήντησε,
392 1297 473 1334 ζῆλόν
494 1309 553 1326 τινα
584 1298 628 1325 καὶ
655 1298 733 1329 αὐτὸς
762 1298 784 1325 εἷ
812 1298 855 1325 καὶ
890 1297 928 1335 μὴ

103 1341 162 1371 κατ’
199 1342 338 1382 ιπίγνωσιν
367 1343 442 1383 σχὼν
470 1342 540 1375 ἔξεσε
569 1342 618 1376 τὴν
639 1339 683 1370 ὶπῖ
706 1345 751 1369 τοῦ
781 1343 840 1370 Υἶοῠ
869 1352 927 1369 κει-

103 1386 185 1425 μένην
209 1389 240 1416 hc
261 1387 392 1426 πρόθεσιν,
418 1387 451 1422 ἣν
471 1386 626 1427 ἐντυχόντες
642 1385 735 1414 πολλοὶ
759 1389 793 1424 τῇ
819 1386 928 1424 τοιαύτῃ

103 1430 250 1471 δογματικῇ
277 1431 360 1470 βίϐλῳ
388 1433 418 1460 τὸ
447 1433 517 1471 πρὶν,
556 1431 661 1462 οἰκείοις
703 1430 850 1470 ὀφθαλμοῖς
880 1430 929 1470 ἐγ-

103 1476 291 1516 γεγραμμένην
329 1479 429 1516 τρανῶς
478 1476 561 1514 ταύτῃ
601 1473 766 1513 κατείδομεν,
809 1476 865 1517 καὶ,
880 1478 929 1508 τῆς

105 1520 170 1554 ὅλης
192 1521 294 1559 ῥήσεως
323 1519 453 1554 ἆποξέσας
481 1521 531 1554 τὴν
559 1522 590 1548 'u
610 1520 711 1560 ἀφῆκεν
736 1520 817 1551 αὖτὴν
845 1519 929 1551 οὕτως

103 1561 330 1605 ἀναγινώσκεσθαι
349 1573 356 1581 ·

103 1611 205 1650 Πιτρὸς
234 1610 351 1651 λέγεται,
393 1611 508 1640 καὶτοῦ
551 1610 610 1638 Υἱοῦ
651 1615 719 1637 εἶναι
756 1616 925 1649 προσμαρτυ-

102 1661 199 1695 parcat.
233 1656 280 1684 Καὶ
301 1655 362 1684 τότε
387 1655 435 1693 μὲν
459 1654 645 1695 διαφερόμενος
670 1655 743 1685 οὗτος
771 1655 839 1692 ἡμῖν
861 1653 925 1693 ἑχό-

103 1709 169 1736 μενα
197 1699 245 1733 τῆς
275 1700 368 1729 ἑαυτοῦ
394 1699 504 1738 γνώμης
534 1698 672 1738 εἰργάσατο
689 1708 696 1715 ·
725 1702 770 1727 τοῦ
784 1697 882 1738 χρόνου
897 1696 924 1725 δὲ

101 1743 255 1783 προϊόντος,
284 1742 376 1777 ἐπειδὴ
406 1744 560 1782 μεθύστερον
592 1743 640 1777 τῆς
670 1743 781 1784 εἰρήνης
817 1741 923 1780 ἰγένετο

101 1788 145 1817 καὶ
168 1788 257 1828 αὐτὸς,
280 1788 327 1816 οἶα
354 1787 537 1825 πληττόμενος
558 1788 608 1815 ὑπὸ
633 1791 678 1816 τοῦ
698 1785 856 1823 συνειδότος,
884 1787 922 1817 ὡς

102 1833 185 1870 ἔοικε,
216 1833 247 1860 τὸ
276 1832 396 1860 τελεσθὲν
432 1831 612 1870 ἀπεκάλυψεν,
653 1831 761 1869 Ἀμέλει
790 1834 927 1872 τοιγαροῦν

102 1878 146 1906 καὶ
178 1877 340 1912 ζητήσαντες
368 1877 502 1916 ἔπιμιλῶς
523 1877 572 1910 τὴν
600 1873 689 1915 βίϐλον
711 1877 803 1914 ἡμεῖς,
833 1874 926 1913 ἔμμα-

103 1933 145 1951 σιν
180 1923 271 1954 αὐτοῖς
301 1921 476 1961 ὶωράκειμεν,
518 1921 581 1961 ὅπερ
619 1921 687 1959 ἀκοῇ
730 1918 925 1960 παρελάϐομεν.

103 1967 153 1996 Καὶ
178 1970 222 1995 νῦν
250 1967 267 2000 ἡ
290 1968 339 2005 μὲν
360 1965 461 2003 δέλτος,
491 1967 528 1997 ὡς
559 1966 640 2002 εἱκὸς,
669 1965 742 2003 μένει
768 1965 812 1993 καὶ
841 1963 923 1992 καθέ-

101 2021 184 2044 στηκι
209 2009 272 2051 παρ’
299 2011 367 2048 ἡμῖν
388 2011 433 2039 τὸν
453 2010 534 2039 τόπον
562 2012 611 2043 τῆς
633 2009 663 2037 ἐκ
689 2008 836 2049 προθέσεως
864 2007 923 2041 ἒξε-

101 2055 197 2093 σμένον
211 2056 254 2083 καὶ
267 2056 342 2083 κενὸν
371 2055 483 2095 φέρουσα
500 2063 507 2070 ⁸
538 2055 571 2083 τὰ
598 2053 625 2082 δὲ
647 2064 677 2093 γε
706 2056 756 2087 τῆς
772 2052 923 2084 ὑποθέσεως

100 2099 283 2137 σημειωθέντα
315 2103 404 2140 γραφῇ
436 2098 572 2135 παρηδόθη
608 2100 676 2127 κατὰ
714 2096 854 2137 διάγνωσιν
880 2098 924 2126 καὶ

99 2144 183 2184 κρίοιν
212 2142 362 2184 ουνοδικήν,
391 2145 464 2177 ὅπως
489 2143 521 2172 ἂν
547 2143 636 2184 ἔχοιεν
665 2142 757 2171 εἰδέναι
779 2141 812 2170 δι’
841 2141 923 2182 ἀσφά-

99 2188 174 2217 λειαν
202 2188 308 2220 πάντως
337 2189 381 2217 καὶ
416 2189 440 2217 οὶ
469 2188 684 2227 με.αγενέστιροι
719 2190 811 2223 ταῦτα,
836 2187 923 2217 καθὼς

972 935 1080 972 multis,
1100 936 1155 966 etsi
1171 937 1200 967 in
1214 937 1332 967 dicendi
1346 942 1409 967 arte
1423 947 1482 968 non
1498 938 1654 978 imperitus
1668 938 1790 968 habere-

971 980 1169 1020 tur,volumen
1182 980 1253 1011 satis
1263 985 1411 1012 vetustum
1420 986 1448 1012 et
1458 992 1525 1013 vere
1538 982 1790 1020 commendabile,

971 1019 1105 1058 Gregorii
1121 1021 1246 1060 Nysseni
1262 1022 1490 1053 commentarios
1500 1024 1666 1058 continens,
1680 1019 1794 1063 duplici

971 1073 1005 1094 ex
1021 1064 1115 1104 capite
1131 1065 1205 1095 nulli
1221 1065 1376 1096 calumniae
1391 1066 1561 1105 obnoxium,
1576 1070 1606 1097 et
1630 1067 1719 1097 ﬁdem
1736 1066 1794 1106 sibi

969 1108 1175 1139 inconcussam
1189 1110 1414 1150 retinens,quod
1429 1111 1518 1141 nullis
1528 1111 1643 1141 mendis
1659 1115 1737 1142 esset
1748 1109 1793 1141 in-

969 1162 1115 1192 spersum,
1130 1157 1160 1184 et
1174 1157 1317 1184 vetustate
1334 1156 1476 1196 temporis
1492 1158 1570 1186 esset
1585 1155 1791 1196 cOnspicuum.

969 1199 1032 1228 Aoc
1048 1197 1135 1236 igitur
1157 1198 1205 1228 ille
1220 1198 1252 1229 in
1269 1199 1414 1240 principio
1430 1200 1546 1231 dissidii
1563 1208 1751 1240 percurrens,
1762 1204 1794 1230 ut

969 1242 1005 1272 ad
1028 1250 1116 1282 supra
1140 1242 1289 1273 laudatum
1306 1243 1402 1274 l’alris
1417 1245 1528 1275 dictum
1559 1245 1706 1285 pervenit,
1725 1245 1792 1275 zelo

971 1287 1097 1326 quodam
1122 1285 1307 1327 abreptus,et
1323 1289 1348 1318 si
1366 1297 1426 1318 non
1441 1288 1605 1319 secundum
1622 1288 1790 1326 scientiam,

971 1330 1061 1360 erasit
1077 1331 1262 1371 prapositam
1282 1332 1355 1363 Filio
1376 1333 1614 1373 praepositionem
1630 1342 1682 1373 ex,
1700 1342 1788 1373 quam

969 1379 1057 1405 antea
1072 1375 1207 1416 plerique
1223 1381 1356 1407 nostrum
1368 1377 1398 1408 in
1412 1378 1462 1408 illo
1477 1377 1645 1417 dogmatico
1665 1382 1791 1408 tractatu

970 1429 1038 1450 cum
1054 1419 1190 1451 volumen
1206 1421 1422 1452 involveremus
1446 1422 1562 1462 propris
1573 1421 1668 1452 oculis
1685 1430 1790 1452 exara-

971 1468 1027 1494 tam
1041 1464 1197 1505 perspicue
1213 1474 1472 1506 conspexeramus,
1486 1471 1514 1497 et
1529 1466 1564 1496 ab
1580 1467 1695 1505 integro
1711 1466 1790 1497 dicto

970 1516 1007 1539 ea:
1023 1509 1163 1549 eradens,
1179 1510 1355 1540 sententiam
1367 1511 1408 1541 ita
1424 1511 1480 1550 legi
1499 1510 1619 1551 reliquit
1632 1519 1638 1540 :
1652 1510 1791 1550 Spiritus

389 1567 424 1595 Τὸ
452 1564 480 1594 δὲ
507 1565 584 1604 ἅγιον
612 1554 719 1602 Πνεῦμα
741 1565 784 1592 καὶ
812 1564 843 1592 ἐκ
879 1557 1040 1604 τοῦοφθνρ
1054 1561 1131 1604 δανξξί

1012 1561 1040 1584 νο
1054 1558 1175 1585 sanctus
1189 1557 1217 1585 et
1231 1563 1270 1584 ea:
1285 1554 1380 1586 Patre
1395 1555 1550 1595 dicitur,”
1566 1555 1637 1585 l-‘t'lit'
1659 1564 1723 1585 esse
1736 1564 1790 1586 as~

968 1598 1129 1629 truilur.Et
1146 1603 1206 1629 tum
1222 1608 1238 1628 a
1249 1599 1335 1629 nobis
1348 1599 1399 1630 ille
1415 1599 1562 1630 dissidens
1583 1608 1642 1630 suae
1656 1600 1790 1640 opinioni

968 1642 1213 1681 peraccommoda
1228 1643 1477 1683 perlentavit.Sed
1504 1644 1639 1674 elabentu
1656 1647 1790 1684 tempore

967 1688 1107 1718 unionem
1132 1688 1329 1727 amplexus,et
1344 1688 1582 1728 conscientia,uti
1597 1691 1649 1728 par
1661 1693 1716 1726 est,
1735 1697 1786 1720 ve-

966 1736 1061 1769 xatus,
1078 1732 1184 1762 factum
1200 1731 1449 1768 revelavit.Quare
1463 1742 1517 1763 nos
1531 1732 1692 1771 diligenter
1708 1731 1789 1763 volu-

968 1777 1049 1807 mine
1076 1777 1252 1817 conquisito,
1281 1777 1354 1817 ipsis
1375 1778 1469 1808 oculis
1493 1777 1689 1818 inspeximus,
1707 1778 1786 1818 quod

967 1822 1068 1853 auditu
1079 1823 1375 1861 usurpaveramus.Et
1391 1831 1469 1853 nunc
1483 1822 1632 1858 volumen,
1645 1821 1687 1852 nti
1699 1823 1790 1854 adde-

967 1871 1024 1903 cet,
1041 1866 1182 1907 pessistit,
1200 1871 1228 1897 et
1241 1872 1434 1898 conservatur
1455 1867 1532 1908 apud
1555 1873 1619 1905 nos,
1638 1867 1737 1898 locum
1751 1877 1789 1898 ra:

967 1911 1185 1952 prmpositionis
1214 1921 1330 1942 erasum
1359 1921 1544 1953 Vacuumque
1565 1910 1728 1943 deferens:
1745 1911 1789 1943 rei

966 1962 1062 1988 autem
1078 1961 1285 1996 argumentum
1302 1957 1502 1998 obsignatum,
1520 1957 1655 1988 examine
1669 1957 1788 1996 etjudi-

966 2003 1010 2032 cio
1024 2002 1163 2041 synodico
1175 2001 1296 2041 scriptis
1313 2002 1452 2032 traditum
1467 2006 1558 2039 est,ut
1574 2002 1684 2042 posteri
1694 2001 1731 2031 ob
1743 2001 1790 2032 sui

965 2046 1152 2077 securitatem
1168 2046 1231 2076 haec
1247 2046 1322 2086 ipsa,
1341 2046 1383 2076 uti
1400 2051 1519 2086 peracta
1533 2051 1613 2086 sunt,
1629 2053 1790 2086 recognos-

966 2100 1034 2121 cere
1050 2090 1214 2131 possint.Et
1235 2091 1291 2121 hoc
1311 2100 1390 2121 nunc
1416 2095 1514 2122 actum
1531 2095 1586 2128 est,
1600 2099 1668 2121 cum
1684 2098 1789 2121 omnes

965 2134 1027 2166 fere
1042 2134 1106 2175 paci
1118 2139 1146 2165 et
1161 2134 1264 2165 unioni
1279 2135 1526 2173 adhaesimus,sed
1544 2134 1717 2166 universalis
1730 2133 1788 2165 dis-

966 2179 1034 2210 sidii
1049 2179 1263 2220 discordiaeque
1279 2184 1411 2219 tempore
1428 2185 1513 2211 erant
1524 2180 1610 2220 plane
1621 2179 1657 2210 ob
1666 2184 1787 2210 conten-

99 2234 144 2262 καὶ
172 2231 334 2273 προέϐησαν,
363 2231 446 2262 Ἀλλὰ
470 2224 550 2261 τοῦτο
580 2232 629 2270 μὲν
644 2224 745 2271 -ἅρτίως
772 2230 877 2259 ἐπειδὰν
900 2229 952 2259 οἷο
966 2224 1075 2273 ιὶοξιθιη
1092 2233 1131 2255 sat

1012 2233 1075 2255 nem
1092 2233 1245 2255 sacrorum
1256 2224 1437 2255 voluminum
1454 2229 1642 2265 corruptores
1653 2224 1787 2265 quidam,

101 2279 199 2310 πάντες
227 2281 319 2318 μικροῦ
339 2277 388 2311 τῆς
416 2277 536 2310 ὶνώσεως
563 2277 608 2305 καὶ
628 2277 678 2311 τῆς
693 2277 816 2314 ὁμονοίας
831 2275 923 2314 ἐσμὲν,

99 2323 160 2352 κατ’
189 2324 293 2351 ἱκεῖνον
309 2320 336 2350 δὲ
351 2323 396 2350 τὸν
418 2325 467 2356 τῆς
489 2321 622 2362 διχονοίας
647 2324 697 2355 τῆς
713 2319 857 2354 καθολικῆς
872 2319 924 2355 δη-

99 2367 188 2397 λονότι
216 2368 305 2407 καιρὸν
321 2368 364 2396 καὶ
384 2370 434 2401 τῆς
456 2366 615 2398 διαστάσεως
638 2365 704 2400 ἦσαν
733 2366 780 2404 μὲν
807 2363 843 2393 δι’
872 2364 925 2405 ἔριν

98 2415 152 2441 τῶν
179 2413 254 2451 ἱερῶν
279 2410 376 2450 βίϐλων
403 2411 536 2450 λυμεῶνές
564 2421 647 2448 τινες,
685 2411 699 2438 ὁ
735 2409 762 2438 δὲ
798 2407 923 2451 ὶξεταζων

99 2456 183 2490 οὐδεὶς
204 2449 237 2485 τὰ
271 2449 330 2496 περὶ
359 2457 459 2486 τούτων
495 2457 539 2484 καὶ
573 2455 777 2494 σημειούμειος.
809 2449 874 2483 Ὀτι
896 2454 923 2483 δὲ

100 2506 247 2536 τηνικαῦτα
275 2501 478 2542 παρεφῦᾶρησαν
506 2500 591 2529 αὐτῶν
613 2501 661 2529 οὐκ
687 2499 772 2539 ὀλίγαι
787 2498 836 2528 κᾶν
863 2506 925 2531 ταῖς

98 2553 296 2586 μεταγραφαῖς,
333 2545 449 2575 ἐντεῦθεν
477 2545 594 2584 μάλιστα
636 2544 758 2585 φανερόν.
796 2544 840 2573 Ἐν
876 2545 925 2585 γὰρ

99 2594 139 2629 τῷ
167 2592 214 2623 τὰς
235 2589 340 2630 βίϐλους
368 2591 439 2628 ἡμᾶς
470 2591 556 2623 πάσας
591 2590 742 2630 ἆνεριυνᾷν,
766 2589 809 2617 καὶ
837 2588 926 2628 βίϐλον

99 2639 148 2666 τοῦ
169 2637 248 2665 αὐτοῦ
275 2636 418 2676 Γρηγορίου
446 2636 589 2674 πονήματα
628 2636 688 2673 μίαν
720 2633 838 2674 εὕρομεν,
868 2633 926 2668 ἥτις

102 2681 130 2710 ἓν
152 2680 220 2709 κατὰ
242 2681 288 2709 τὸν
315 2681 381 2719 πρὸς
406 2678 547 2709 ’Λϐλάϐιον
562 2679 643 2720 λόγον
657 2679 730 2719 ῥητῷ
744 2682 782 2716 τῷ
803 2679 861 2718 περὶ
881 2682 928 2707 τοῦ

101 2725 185 2755 αἰτίου
214 2726 325 2754 καὶτοῦ
353 2726 472 2754 αἰτιατοῦ
500 2725 623 2765 φάκοντι,
659 2725 690 2752 τὸ
716 2722 743 2752 δέ
772 2722 853 2762 ἔστιν,
886 2723 926 2752 ὅτι

102 2772 139 2800 Τὸ
176 2768 378 2810 ἀπαράλλακτον
407 2770 456 2805 τῆς
493 2770 593 2810 φάσεως
639 2768 842 2809 ὁμολογοῦντας,
876 2769 925 2803 τὴν

99 2815 169 2844 κατὰ
195 2814 226 2844 τό
257 2815 343 2844 αἴτιον
383 2815 428 2844 καὶ
475 2814 592 2843 αἰτιατδν
627 2812 751 2854 διαφορὰν
781 2815 827 2843 οὐκ
875 2813 925 2853 ἀρ-

280 2896 411 2928 h'rnoL.
436 2896 492 2928 ira.
516 2895 618 2927 εχει.

965 2269 1016 2311 qui
1026 2278 1135 2300 veroea
1143 2270 1588 2310 examinarent,obsignarotque
1600 2270 1710 2306 nullus;
1727 2272 1787 2300 tum

965 2324 1035 2346 vero
1050 2314 1141 2345 multa
1152 2323 1254 2345 eorum
1276 2314 1375 2346 vitiata
1397 2325 1462 2346 esse
1478 2325 1513 2347 ex
1526 2324 1629 2346 eorum
1656 2314 1788 2355 exscrip‘

968 2360 1047 2391 tione
1063 2360 1158 2400 palam
1177 2359 1210 2389 ﬁt
1226 2360 1424 2392 manifestum.
1442 2360 1575 2400 Namque
1601 2369 1668 2390 cum
1686 2360 1788 2391 omnia

967 2405 1115 2436 volumina
1126 2404 1519 2445 conquireremus,ejusdem
1536 2404 1670 2444 Gregorii
1679 2409 1788 2436 tracta-

965 2454 1012 2480 tus
1024 2449 1181 2481 continens
1194 2460 1284 2482 unum
1301 2449 1561 2490 invenimus,quod
1578 2450 1609 2481 in
1629 2451 1706 2481 dicto
1723 2458 1788 2481 ora-

966 2494 1054 2526 tionis
1077 2494 1113 2525 ad
1129 2494 1286 2526 Ablabium
1302 2495 1339 2526 de
1354 2504 1444 2526 causa
1466 2500 1494 2526 ct
1516 2496 1623 2526 ett‘ectu
1645 2495 1785 2526 dicente:

967 2539 1191 2571 Immutabitem
1202 2543 1231 2570 et
1240 2541 1343 2570 omnia
1352 2540 1482 2571 similem
1489 2544 1634 2571 naturam
1644 2540 1787 2579 conﬁten-

967 2584 1185 2621 τριαίνῃ-ξηαπ
1197 2593 1289 2615 causa
1297 2588 1324 2615 et
1335 2584 1521 2625 rffeclusnon
1529 2584 1789 2625 inﬁciumur,pau-

968 2631 996 2661 lo
1005 2629 1081 2660 intra
1091 2638 1157 2659 cum
1170 2629 1306 2660 effectum
1318 2629 1606 2670 subdividit,partem
1618 2629 1699 2660 illius
1709 2629 1787 2660 alte-

967 2684 1038 2712 ram,
1054 2683 1170 2714 nempe.
1179 2674 1233 2704 hoc
1245 2673 1367 2713 quidem
1376 2675 1689 2715 z'mmediateaprimo,
1704 2674 1746 2704 uti
1761 2678 1791 2705 et

968 2717 1144 2758 aliarcliqua
1154 2718 1304 2749 volumina
1315 2718 1344 2749 in
1358 2728 1389 2750 se
1405 2719 1589 2756 continebat,
1606 2719 1709 2756 altera,
1724 2727 1789 2759 quae

967 2763 1135 2797 necessario
1150 2763 1425 2804 consequitur,cum
1440 2763 1471 2795 in
1486 2764 1552 2796 aliis
1561 2763 1790 2801 omnibuslega-

968 2818 1026 2849 tur,
1040 2809 1096 2841 hoc
1104 2805 1216 2847 est,hoc
1226 2817 1295 2840 vero
1303 2816 1360 2849 per
1370 2811 1545 2851 contiguum
1556 2808 1728 2849 aprimo,in
1735 2806 1791 2838 hoc

1511 2892 1549 2925 38
