1958 3081
187 170 262 204 1195
745 163 1002 200 CONSTANTINI

1083 164 1299 199 LITENIOTE
1795 162 1877 200 1196

185 248 244 268 non
260 237 372 277 absque
383 244 484 267 errore
496 234 576 265 nulla
592 238 668 274 erat,
686 243 741 264 nec
755 233 836 264 aliud
853 233 1002 274 quidpiam

1083 234 1171 271 ὅμεθα,
1202 235 1296 273 μικρὸν
1316 234 1433 267 κάτωθεν
1461 234 1498 266 εἰς
1520 234 1570 267 τὴν
1591 238 1636 262 τοῦ
1657 235 1775 264 αἰτιατοῦ
1802 234 1875 262 διαί-

184 291 328 322 prorsus,
360 281 427 311 licet
460 279 553 310 oratio
588 278 753 318 penderet,
779 278 1002 318 requireretque

1083 289 1128 314 rw,
1161 277 1232 316 λέγω
1253 279 1284 306 τὸ
1309 278 1358 315 μὲν
1388 278 1414 306 ἕν
1436 278 1530 310 σκέλος
1559 281 1652 316 αὐτῆς,
1675 278 1747 315 ἤτοι,
1769 279 1803 307 τὸ
1825 279 1874 316 μὲν

186 327 297 367 aliquid
326 325 404 356 aliud
432 328 588 365 praaterea,
605 327 634 354 ut
648 332 753 354 sensus
782 323 897 361 integer
912 322 1002 352 habe-

1083 333 1096 361 ρ
1130 326 1271 362 προσεχεῖς
1300 322 1330 350 ἑκ
1365 325 1412 351 τού
1445 323 1563 363 πρώτου,
1598 324 1666 352 κατὰ
1692 324 1740 355 τὰς
1775 322 1873 354 λοιπὰς

183 366 274 402 Γειὼν,
1046 367 1132 397 πάσας
1161 366 1235 406 ἔφερε
1263 367 1306 395 καὶ
1327 367 1395 402 α’ύτη
1410 366 1499 399 καλῶς
1516 376 1525 386 ⁸
1541 368 1573 396 τὸ
1593 367 1621 396 δὲ
1644 367 1776 408 δεύτερον,
1808 367 1873 407 ὅπερ

182 415 337 445 {uehit}on
366 415 391 447 ἐξ
420 414 539 453 ἀνάγκης
566 411 672 450 ὠδεμιᾷ
704 413 756 440 τῶν
787 412 873 440 ἄλλων
923 411 992 446 πλήν
1032 412 1130 445 ταύτης
1173 411 1253 448 Evasi,
1289 412 1420 450 τουτέστι,
1456 413 1487 440 τὸ
1513 411 1541 440 δὲ
1583 411 1626 441 διὰ
1656 416 1702 441 τοῦ
1726 415 1872 452 προσεχῶς

181 465 211 492 ὲκ
239 463 283 488 τοῦ
314 460 430 499 πρώτου,
468 457 604 497 σφαλερῶς
633 457 680 485 οὒκ
715 458 779 497 εἶχε
808 456 1009 496 προσκείμενον·
1037 454 1094 485 οὖδὲ
1130 456 1182 493 μὴν
1211 455 1299 495 ἕτερον
1327 457 1358 484 τὸ
1379 457 1503 496 παράπαν
1532 455 1616 496 οιῖιδὲν,
1648 458 1692 485 καὶ
1725 456 1801 485 ταῦτ’
1821 455 1872 484 ἐκ·

183 508 294 545 κρεμΟὖς
317 507 362 532 τοῦ
378 505 457 541 λόγου
472 503 661 541 τυγίάνοντος,
700 502 941 540 προσαπαιτοῦντὸς
955 511 984 528 τε
999 501 1043 528 καὶ
1063 510 1089 528 τι
1107 501 1200 529 λοιπὸν
1215 501 1252 532 εἰς
1265 501 1314 534 τὴν
1330 502 1380 534 τῆς
1401 501 1502 533 ἑννοίας
1517 501 1708 541 συμπλήρωσιν

224 549 273 580 23.
290 548 423 580 Similem
441 546 659 586 corruptionem
675 546 939 585 calamitatemque,
952 544 1002 585 qui

181 594 240 624 otio
257 603 310 624 suo
327 593 574 631 maleutuntur,et
585 591 786 621 ecclesiastico
800 589 923 620 dissidio
936 594 1001 619 tnr-

183 638 288 679 bisque
300 647 357 668 non
374 636 593 667 indelectantur
608 635 673 666 aliis
681 639 768 674 atque
784 634 848 665 aliis
863 634 1001 674 tempori-

180 683 235 714 bus
249 683 341 713 sacris
352 680 554 712 voluminibus
570 680 746 711 intulerunt.
763 681 834 710 Cum
859 679 925 709 aliis
942 679 1000 708 ita-

181 736 238 768 que
252 731 281 758 et
295 726 448 762 nonnulla,
465 725 502 755 de
517 724 626 764 quibus
642 733 720 754 nunc
741 723 836 768 verba
862 723 998 758 facimus.

181 767 260 803 hunc
272 772 302 802 in
319 770 438 801 modum
456 772 663 808 corruperunt,
681 775 711 798 et
727 767 769 798 uti
795 767 855 798 illis
870 767 958 798 libuit
972 771 1002 797 et

181 816 324 855 integram
353 815 417 851 fuit,
447 813 662 844 adulterarum.
689 811 721 842 Id
744 821 814 842 vero
829 821 951 852 prorsus
967 821 1001 842 ex

177 861 238 901 jam
255 860 342 891 dictis
358 869 416 890 non
437 858 606 898 suspicione
622 861 651 887 et
664 857 841 901 conjectura
856 856 1000 896 capimus,

1083 540 1139 584 κγ’,
1170 545 1306 578 Τοσαύτ-ην
1334 546 1502 586 παραφθορὰν
1529 547 1573 574 καὶ
1595 546 1680 583 λύμην
1709 553 1771 577 ταῖς
1786 547 1872 586 ἱεραῖς

1044 589 1199 622 ἐνεποίησαν
1229 588 1329 627 βίϐλοις
1350 590 1418 618 κατὰ
1441 590 1546 629 καιροὺς
1575 591 1599 618 οἱ
1628 589 1807 629 χακοσχόλως
1833 593 1873 626 τῷ

1041 633 1254 670 ὶκκλησιαστικῷ
1280 633 1418 671 σκανδάλῳ
1446 635 1491 663 καὶ
1510 637 1545 672 τῇ
1567 637 1675 674 ταραχῇ
1698 635 1782 672 ταύτῃ
1803 635 1872 674 χαί-

1043 689 1143 717 ροντες.
1173 678 1246 706 Μετὰ
1265 681 1318 707 τῶν
1343 678 1431 707 ἄλλων
1453 680 1545 707 οὐκοῦν
1567 680 1612 707 καὶ
1632 690 1704 710 τινας
1726 680 1765 707 ὦν
1794 679 1872 707 ἕνεια

1042 723 1056 750 ὁ
1077 721 1157 762 λόγος
1184 723 1218 750 τὰ
1245 727 1288 752 νῦν
1317 723 1526 763 τοιουτοτρόπως
1563 723 1740 761 ἐλυμήναντο,
1762 725 1808 752 καὶ
1835 725 1872 755 ὣς

1042 767 1103 795 οἶόν
1131 777 1160 795 τε
1181 767 1367 806 παρέφθειραν.
1399 768 1435 796 Τὸ
1465 767 1492 796 δὲ
1521 768 1628 800 πάντως
1648 768 1695 796 οὐκ
1708 767 1735 800 ὶξ
1749 768 1788 796 ὧν
1803 767 1872 800 ἴσως

1042 811 1144 851 ἔφημεν
1173 812 1273 849 ὑποψία
1294 822 1335 844 τις
1368 811 1456 844 ἄλλως
1487 813 1531 840 καὶ
1558 813 1724 852 στοχασμὸς,
1756 812 1872 851 εἷδημο-

1042 857 1108 890 σύνη
1137 855 1164 884 δὲ
1186 856 1288 894 μᾶλλον
1317 856 1344 889 ἑξ
1373 857 1410 885 ὧν
1449 858 1654 897 παραστήσομεν
1676 855 1802 897 ἀκριϐὴς,
1828 858 1872 886 καὶ

180 900 233 936 sed
249 904 372 936 scientia
389 903 489 943 potius
505 912 539 933 ex
554 901 698 932 aiferendi
714 900 902 941 exquisita,et
917 910 1002 931 com-

1083 900 1209 939 τάληψις.
1240 900 1315 929 Ἀλλ’
1336 900 1413 940 εἴπερ
1442 900 1516 930 δοκεῖ
1530 902 1560 930 τὸ
1576 903 1628 930 ἀπὸ
1642 900 1716 931 τοῦδε
1729 901 1813 930 καλὸν
1828 903 1872 930 καὶ

181 949 381 990 preliensione
398 946 650 986 conﬁrmabimus,
667 945 726 977 Sed
738 946 761 976 si
774 945 869 985 placet
891 945 1000 976 bonum

180 995 259 1034 quod
275 993 344 1024 inde
368 992 472 1029 oritur,
497 999 594 1031 neque
618 990 647 1021 id
676 990 763 1030 longe
783 990 888 1030 aberit,
910 990 1000 1020 verba

180 1038 364 1070 laudatorum
390 1036 534 1066 dictorum
564 1039 753 1074 repetentes,
784 1035 998 1065 examinemus.

179 1083 250 1120 Qua:
264 1084 341 1114 enim
351 1079 572 1120 necessitas,ait
585 1088 707 1118 magnus
721 1078 884 1114 Basilius,si
894 1078 998 1119 digni-

178 1132 240 1159 tate
255 1132 283 1158 et
298 1127 402 1157 ordine
414 1127 522 1156 tertius
532 1128 575 1155 est
584 1123 732 1163 Spiritus,
751 1123 872 1154 tertium
883 1132 1000 1163 quoque

177 1181 240 1203 esse
248 1172 385 1202 eumdem
391 1169 679 1207 natura?Dignitate
685 1167 931 1199 enimaecundum
938 1177 1000 1199 esse

179 1225 197 1247 a
211 1215 342 1253 Ινϊιπίομιὺ
359 1216 422 1255 ipso
436 1222 497 1245 (sse
510 1213 752 1253 possidentem,“
767 1213 805 1243 ab
829 1215 893 1252 ipso
917 1213 998 1243 acci-

177 1262 306 1301 pientem
318 1264 346 1291 et
361 1259 448 1290 nobis
461 1258 735 1291 aununtt’antem.et
744 1260 775 1287 in
788 1265 906 1288 summa
921 1257 998 1288 abea

177 1315 269 1337 causa
285 1302 604 1345 dependentem,trau'it
618 1303 739 1342 pietatis
750 1303 907 1333 rationied
913 1305 1000 1333 natu-

177 1359 216 1381 ra
227 1351 315 1381 tertia
324 1350 482 1389 utt,neque
489 1357 507 1377 α
519 1347 633 1378 sanctis
643 1347 765 1379 Litteris
780 1346 998 1386 edocemur,ne«

177 1403 234 1434 que
241 1395 402 1434 exiis,quaz
414 1393 494 1423 dicta
502 1391 764 1428 suut,reetaducta
773 1389 889 1430 sequela
898 1399 1000 1430 possu-

178 1448 244 1470 mus
250 1436 538 1470 demonstrare.ch
549 1445 625 1467 nose
632 1435 828 1466 voluminibus
837 1438 941 1466 arecto
948 1445 998 1466 ne-

177 1493 236 1524 que
251 1479 803 1520 intercidentibus,nequedilapsis,qui
813 1489 882 1511 vero
894 1480 998 1510 adver-

177 1537 242 1559 sum
254 1527 406 1559 stimulum
415 1524 736 1556 calcitranladulterata
743 1524 999 1564 proponunt.Qua-

1043 950 1089 974 τοῦ
1113 944 1217 978 δέοντος
1239 946 1278 983 μὴ
1298 946 1401 985 μακρὰν
1430 946 1463 974 τὰ
1491 949 1544 974 τῶν
1573 945 1750 985 προτεθέντων
1782 946 1873 985 ῥητῶν

1043 989 1263 1028 ἐπαναλαϐόντες,
1313 990 1527 1028 διασκεψώμεθα,
1572 991 1616 1022 Τίς
1658 991 1708 1029 γὰρ
1752 990 1871 1030 ἀνάγκη,

1042 1037 1121 1077 φησὶν
1150 1036 1164 1064 ό
1193 1036 1277 1075 μέγας
1307 1035 1454 1074 Βασίλειος,
1485 1036 1513 1064 ἐν
1539 1039 1578 1072 τῷ
1605 1035 1734 1070 ἀξιώματι
1765 1037 1810 1064 καὶ

1041 1081 1111 1114 τάξει
1149 1081 1236 1120 τρίτον
1276 1081 1390 1121 ὑπάρχει
1435 1082 1466 1109 τὸ
1511 1084 1628 1121 Πνεῦμα,
1670 1081 1756 1120 τρίτον
1798 1082 1872 1110 εἶναι

1041 1127 1104 1154 αὒτὸ
1133 1127 1177 1154 καὶ
1210 1127 1245 1163 τῇ
1282 1125 1383 1165 φύσεις
1427 1124 1571 1163 ’Δξιώματι
1609 1125 1657 1164 μὲν
1692 1126 1742 1164 γὰρ
1777 1125 1872 1154 δευτε-

1041 1171 1122 1209 ρεύειν
1151 1171 1198 1198 τοῦ
1227 1171 1296 1207 Υἱοῦ,
1330 1169 1393 1210 παρ’
1428 1171 1508 1198 αὐτοῦ
1544 1171 1575 1198 τὸ
1611 1177 1680 1198 εἶναι
1715 1170 1794 1210 ἕχον,
1825 1172 1871 1199 καὶ

1040 1215 1101 1255 παρ’
1157 1216 1236 1245 αὑτοῦ
1290 1214 1424 1253 λαμϐάνον
1478 1216 1522 1244 καὶ
1575 1215 1739 1256 ἆναγγὲλλον
1785 1215 1868 1254 ἡμῖν,

1039 1261 1083 1288 καὶ
1118 1259 1187 1292 ὅλως
1223 1259 1325 1293 ἐκείνης
1366 1263 1415 1294 τῆς
1457 1261 1540 1292 αἰτίας
1568 1259 1716 1298 ἐξημμένον
1751 1259 1870 1299 παραεί-

1039 1304 1117 1332 δωσιν
1145 1305 1159 1332 ὁ
1193 1307 1243 1338 τῆς
1293 1303 1423 1336 εὐσεϐείας
1467 1304 1548 1344 λόγος
1564 1312 1572 1319 ·
1607 1305 1681 1344 φύσει
1717 1303 1745 1332 δέ
1794 1305 1871 1344 τρίτῃ

1040 1351 1157 1388 χρῆσθαι
1186 1349 1244 1377 0'61:
1271 1350 1343 1389 παρὰ
1384 1352 1437 1378 τῶν
1482 1350 1564 1389 ἁγίων
1595 1348 1768 1389 δεδιδάγμεθα
1800 1353 1871 1390 Γρα-

1041 1396 1108 1432 φῶν,
1146 1392 1205 1421 οὔτε
1234 1393 1264 1421 ἐκ
1300 1396 1354 1421 τῶν
1389 1393 1535 1433 εἰρημένων
1570 1394 1639 1422 κατὰ
1664 1395 1695 1422 τὸ
1724 1393 1870 1423 ἀκόλουθον

1041 1437 1148 1467 δυνατὸν
1181 1437 1388 1477 συλλογίζεσθαι.
1420 1442 1506 1467 Ταῦτα
1545 1439 1592 1474 μὲν
1623 1439 1676 1467 ἀπὸ
1717 1443 1773 1467 τῶν
1810 1438 1871 1467 ἀδι-

1041 1483 1170 1511 απτώτων
1197 1486 1244 1510 τοῦ
1278 1483 1353 1522 ὀρθοῦ
1379 1481 1476 1521 βίϐλων
1504 1484 1599 1519 ἡμεῖς.
1637 1485 1666 1512 Ol
1694 1482 1718 1511 δ’
1743 1484 1872 1516 ἐναντίως

1041 1526 1151 1567 ἔχοντες
1182 1527 1231 1559 τὰς
1269 1527 1454 1565 νενοθευμένας
1487 1527 1692 1566 προϐάλλονται,
1727 1529 1871 1568 Τοιγάρτοι

175 1581 208 1603 re
220 1572 323 1609 illa,ab
336 1571 401 1611 ipso
410 1579 470 1601 esse
476 1569 722 1610 possittentem,et
732 1568 770 1599 ab
781 1570 844 1608 ipso
852 1570 999 1609 accipien-

1083 1573 1145 1613 γτὸ,
1174 1571 1236 1612 παρ’
1259 1573 1338 1601 αὐτοῦ
1366 1573 1397 1600 τὸ
1427 1573 1498 1600 εἶναι
1528 1572 1604 1612 ἕχον,
1633 1573 1678 1601 καὶ
1703 1572 1767 1612 παρ’
1791 1574 1874 1603 αὑτοῦ

178 1620 233 1648 tem
244 1621 272 1647 et
282 1618 517 1647 annuntiantem
525 1614 650 1650 nobis,et
659 1616 691 1644 tn
700 1622 818 1644 summa
830 1614 868 1644 ab
877 1622 911 1644 ea
922 1623 998 1645 cau-

175 1670 209 1692 sa
217 1658 620 1700 dependentemjgnomntcr
634 1657 998 1697 abrogantes,prazceden-

175 1706 217 1736 tia
226 1705 325 1736 omnia
340 1713 373 1734 ac
384 1702 595 1742 subsequentia
607 1702 636 1732 in
649 1702 781 1733 editione
792 1702 881 1733 rebus
891 1702 999 1733 divinis

176 1749 298 1780 exerciti
309 1748 422 1783 Basilii.
438 1756 552 1777 annexo
575 1745 672 1777 tamen
692 1748 772 1785 forte
786 1747 863 1786 quod
880 1747 998 1778 dubita-

177 1794 288 1824 tionem
301 1793 396 1832 atl‘ert,
409 1792 584 1822 conﬁtemur
599 1791 759 1826 contineri,
775 1796 863 1831 atque
878 1801 997 1823 exoscu-

173 1839 344 1876 lantur,nec
356 1837 415 1867 ullo
431 1836 518 1866 modo
536 1840 697 1876 potuerunt
712 1836 811 1866 vesani
824 1836 873 1867 isti
886 1837 999 1877 prospi-

176 1893 256 1920 cere,
275 1891 340 1923 quae
356 1881 411 1921 ipsi
426 1880 590 1911 retinentes
604 1886 686 1911 recte
705 1880 872 1918 admittunt,
892 1881 952 1922 illa,
968 1886 1000 1912 ut

175 1927 323 1959 sententia
338 1927 386 1966 pia
401 1925 622 1965 sit,requirere,
639 1928 667 1955 et
678 1926 756 1963 forte
775 1925 862 1961 illud,
874 1926 952 1966 quod
968 1925 999 1956 in

177 1972 268 2003 dubio
284 1981 346 2002 rem
361 1971 581 2011 ponit,prorsus
594 1969 741 2009 ablegare.
754 1969 999 2010 Quandoquidem

176 2017 327 2058 quomodo
339 2024 467 2056 unquam
480 2014 622 2053 dignitate
633 2014 798 2045 secundum
814 2024 878 2045 esse
887 2024 903 2045 a
912 2014 999 2052 Filio,

177 2063 241 2093 hate
257 2061 336 2092 enim
351 2060 397 2091 hic
414 2059 627 2100 concedunt,ct
640 2068 696 2099 qua
711 2059 825 2089 ratione
834 2068 904 2089 vera
915 2059 1000 2090 intel-

177 2107 293 2146 ligetur,
313 2115 371 2136 non
382 2104 418 2135 ab
430 2104 494 2144 ipso
509 2113 575 2134 esse
591 2103 717 2142 habens,
737 2107 767 2134 et
788 2103 825 2134 ab
840 2103 903 2143 ipso
919 2103 1000 2134 acci-

177 2151 262 2192 piens
283 2154 312 2181 et
334 2148 512 2180 annuntians
541 2147 638 2185 nobis,
671 2152 712 2192 et,
728 2148 758 2178 in
785 2157 900 2178 summa
916 2148 952 2178 ab
967 2158 1002 2179 ea

178 2205 268 2227 causa
283 2194 417 2236 pendens
432 2193 560 2232 Spiritus
576 2191 717 2222 sanctus?
733 2191 886 2228 Quomodo
903 2197 1001 2224 autem

1040 1615 1174 1654 λαμϐάνον
1212 1617 1256 1645 καὶ
1297 1615 1459 1655 ἀναγγέλλον
1494 1617 1573 1656 ἡμῖν,
1605 1617 1649 1645 καὶ
1682 1616 1751 1650 ὅλως
1797 1617 1872 1646 ἑκεί-

1040 1671 1088 1694 νης
1124 1662 1173 1694 τῆς
1201 1661 1284 1692 αῖτίας
1327 1659 1488 1701 ἐξημμένον,
1528 1660 1717 1701 διαγράφοντες
1744 1662 1870 1700 ἀμαθῶς,

1039 1706 1072 1734 τὰ
1093 1706 1144 1744 πρὸ
1163 1706 1261 1734 τούτων
1287 1704 1391 1733 ἅπαντα
1412 1706 1456 1733 καὶ
1484 1706 1552 1743 μετὰ
1579 1709 1661 1734 ταῦτα
1675 1708 1725 1740 τῆς
1740 1705 1872 1740 ἰκδόσεως

1039 1754 1086 1779 τοῦ
1099 1751 1132 1778 τὰ
1145 1751 1206 1778 θεῖα
1219 1749 1300 1789 σοφοῦ
1329 1748 1465 1778 Βασιλείου
1493 1749 1564 1784 πλὴν
1594 1750 1641 1778 σὺν
1662 1753 1700 1788 τῷ
1728 1750 1798 1783 ἴσως
1827 1750 1871 1778 δι-

1040 1795 1176 1823 στακτικῶ
1209 1793 1418 1833 καθομολογοῦσι
1467 1793 1567 1833 τελεῖν,
1611 1795 1655 1823 καὶ
1703 1796 1869 1834 προσίενται,

1040 1839 1217 1877 μηδοπωσοῦν
1245 1838 1396 1872 δυνηθέντες
1424 1840 1448 1867 οἱ
1489 1849 1653 1879 παραφρονες
1675 1838 1803 1878 συνιδεῖν,
1835 1841 1870 1873 ὡς

1040 1884 1106 1923 ἅπερ
1141 1884 1215 1912 αὐτοὶ
1243 1882 1458 1923 παραδεχόμενοι
1481 1883 1569 1916 καλῶς
1594 1884 1758 1924 στέργουσιν,
1782 1884 1870 1913 tum

1040 1929 1089 1966 μὲν
1115 1928 1254 1956 ἀπαιτοῦσι
1289 1928 1348 1956 κατ’
1370 1927 1472 1956 ἔννοιαν
1494 1927 1602 1968 εὖσεϐἦ,
1623 1930 1654 1958 τὸ
1675 1927 1697 1957 δ’
1718 1928 1787 1961 ἴσως
1816 1930 1871 1967 μά-

1042 1972 1118 2001 λιστα
1144 1971 1331 2001 διαστακτικὸν
1368 1973 1581 2011 ἀποπέμπουσιν.
1611 1972 1685 2002 Ἐπεὶ
1724 1975 1782 2005 πῶς
1805 1985 1869 2002 ποτε

1041 2016 1198 2056 δευτερεύειν
1227 2016 1357 2055 ἀξιώματι
1378 2021 1425 2045 τοῦ
1454 2018 1526 2056 ι’ἱοῦ,
1554 2021 1632 2046 τοῦτο
1652 2018 1702 2058 γὰρ
1723 2017 1773 2046 ὦδε
1803 2030 1869 2057 συγ-

1041 2062 1237 2098 κατατίθενται,
1273 2062 1317 2090 καὶ
1353 2062 1422 2090 κατὰ
1457 2062 1515 2090 τίνα
1550 2063 1707 2097 νοηθήσεται
1731 2062 1812 2102 λόγον
1833 2064 1869 2094 ὼς

1043 2105 1149 2140 ἀληθῶς
1181 2106 1220 2144 μὴ
1250 2105 1312 2146 παρ’
1334 2107 1414 2135 αὐτοῦ
1439 2107 1470 2135 τὸ
1494 2106 1565 2135 εῖναι
1594 2106 1670 2147 ἕχον,
1686 2107 1730 2136 καὶ
1747 2107 1810 2146 παρ’
1826 2109 1870 2136 αὖ·

1041 2154 1087 2179 τοῦ
1108 2149 1242 2189 λαμϐάνον
1264 2151 1308 2179 καὶ
1337 2151 1501 2190 ὰναγγέλλον
1529 2152 1608 2191 ἡμῖν,
1631 2152 1675 2180 καὶ
1698 2151 1768 2185 ὅλως
1797 2152 1869 2180 ἔχει·

1042 2207 1090 2229 νης
1114 2198 1164 2228 τῆς
1190 2195 1273 2227 αἰτίας
1297 2194 1447 2233 ἰξημμένον
1462 2197 1492 2224 τὸ
1509 2198 1614 2234 Πνεῦμα
1634 2197 1664 2224 τὸ
1685 2196 1774 2237 ἅγιον,
1798 2197 1869 2229 ὅπως

178 2240 363 2280 subsequens
377 2239 456 2277 forte
469 2236 682 2267 dubitationem
699 2237 837 2273 aﬂ‘erens,
854 2236 897 2267 illi
908 2237 1000 2277 adap-

1093 2240 1159 2278 μετὰ
1174 2241 1255 2268 ταῦτα
1269 2240 1380 2273 καθεξῆς
1395 2242 1439 2269 καὶ
1459 2242 1490 2269 τὸ
1513 2240 1579 2273 ἴσως
1593 2236 1787 2279 διαστακτικὸν,
1818 2245 1866 2278 τῷ,

179 2285 300 2320 tabitur,
322 2283 448 2324 pietatis
476 2281 562 2312 radio
584 2281 697 2312 tradit?
711 2280 769 2312 Ubi
792 2281 832 2321 pii
856 2281 1002 2313 sermonis

181 2329 299 2360 traditio
311 2332 364 2365 est,
383 2328 414 2358 in
423 2325 513 2357 dubio
528 2335 592 2356 rem
605 2327 822 2366 ponens,/orte,
836 2326 933 2356 locum
949 2327 1004 2356 ha-

181 2372 277 2404 bebit?
300 2372 335 2403 Et
351 2373 418 2413 quis
434 2374 533 2402 mente
549 2374 663 2411 captus,
687 2370 762 2401 adeo
778 2370 965 2409 intemperiis
978 2374 1007 2401 et

181 2418 308 2449 insaniis
323 2418 428 2455 agitur,
446 2419 478 2446 ut
492 2415 617 2446 similem
636 2424 756 2455 prorsus
768 2415 946 2446 sententiam
960 2424 1007 2446 re-

183 2461 294 2502 cipiat?
309 2460 411 2491 Nullus
428 2460 562 2490 omnino.
579 2459 639 2490 Nec
655 2459 796 2490 levissimi
807 2459 925 2500 quidem
938 2469 1007 2490 sus—

184 2506 405 2548 picabuntur,ni
413 2504 568 2536 cerebrum
580 2505 610 2535 in
621 2504 767 2536 calcaneis
782 2505 938 2543 habent,ut
947 2514 1009 2545 pro-

184 2550 286 2582 verbio
299 2548 524 2581 fertur.Etenim
535 2549 571 2587 si,
585 2549 662 2589 quod
679 2549 822 2580 concedet
838 2549 944 2589 aliquis
959 2553 1009 2580 aut

185 2596 263 2626 forte
277 2594 370 2631 dabit,
391 2602 516 2633 magnus
546 2595 634 2625 Pater
653 2593 777 2634 diceret,
796 2598 858 2624 tum
884 2603 941 2625 non
958 2594 1008 2624 in—

191 2649 358 2680 congruens
373 2638 566 2676 vitleretur,et
579 2639 656 2678 quod
669 2638 792 2669 dubium
807 2639 902 2675 aﬂ‘ert,
914 2638 1004 2679 forte,

187 2686 218 2716 in
248 2685 378 2717 medium
408 2682 502 2713 libere
531 2683 664 2722 produci.
696 2684 735 2715 At
756 2693 835 2715 nunc
850 2683 1008 2724 ipsissimis

189 2731 298 2768 verbis,
315 2730 355 2761 uti
373 2737 425 2770 par
438 2731 494 2764 est,
509 2736 632 2767 magnus
640 2728 918 2768 dicens,utpietatis
929 2728 1008 2759 ratio

190 2776 360 2815 tradit,non
368 2771 543 2813 simpliciter
554 2772 738 2810 dat,omnem
752 2772 944 2804 dubitationis
953 2781 1009 2803 an-

189 2830 251 2852 sam
267 2829 320 2861 per
331 2821 393 2850 haec
402 2816 493 2848 verba
503 2816 590 2857 plane
599 2825 726 2857 veroque
737 2817 823 2857 longe
831 2817 1009 2850 amandavit.

1046 2283 1220 2326 παραδίδωσιν
1253 2285 1267 2312 ὁ
1294 2287 1343 2322 τῇς
1389 2285 1521 2318 εὐσεϐείας
1563 2285 1654 2326 λόγος,
1704 2286 1870 2325 ἀρμόσειεν;

1048 2324 1134 2358 ’Ἐνθα
1162 2328 1262 2368 πέῳυκε
1297 2328 1377 2368 λόγου
1411 2329 1553 2369 παράδοσις
1576 2324 1695 2363 εὖσεϐοὗς
1717 2324 1812 2371 χώραν
1840 2333 1870 2360 τὶ

1047 2372 1212 2402 διστακτικὸν
1241 2373 1308 2405 ἴσως
1328 2374 1387 2403 int
1405 2375 1531 2409 κέκτηται
1548 2386 1556 2416 ;
1580 2375 1633 2405 Καί
1647 2386 1688 2408 τις
1710 2376 1778 2404 οὕτω
1805 2387 1871 2416 ιρρε-

1048 2417 1181 2451 νόληπτος
1208 2418 1253 2446 καὶ
1276 2417 1468 2458 φρενοίλαϐὴς,
1493 2421 1530 2453 ὡς
1545 2420 1670 2454 τοιαύτην
1684 2419 1786 2449 ἔννοιαν
1801 2421 1871 2453 ὅλως

1048 2462 1258 2498 προσήκασθαι;
1298 2462 1407 2495 Πάντως
1450 2463 1542 2497 οὖόείς.
1597 2463 1655 2494 Οὐδ’
1699 2465 1872 2493 ὑποπτεύσειε

1049 2509 1111 2545 γοῦν
1134 2506 1214 2544 μόνον
1242 2505 1418 2546 λογισάμενος
1437 2509 1482 2537 καὶ
1509 2507 1606 2546 ψιλῶς,
1624 2509 1646 2537 εἱ
1666 2509 1706 2547 μὴ
1733 2510 1802 2538 κατᾶ
1823 2510 1873 2544 τὴν

1049 2550 1161 2589 πτέρναν
1176 2552 1270 2589 αὐτὴν,
1286 2553 1317 2580 τὸ
1338 2554 1388 2586 τῆς
1411 2554 1564 2593 παροιμίας,
1595 2556 1681 2594 φορῶν
1708 2555 1762 2582 τῶν
1791 2555 1873 2594 ἰγκέ-

1049 2595 1142 2635 φαλον.
1168 2596 1197 2624 Ei
1227 2596 1275 2633 μὲν
1297 2597 1357 2636 γὰρ,
1388 2599 1402 2625 ὁ
1421 2608 1447 2626 τι
1467 2599 1638 2638 συγχωρήσει
1654 2609 1695 2630 τις
1710 2597 1754 2639 ἂν,
1771 2601 1786 2628 ὁ
1801 2601 1872 2632 θεῖος

1050 2640 1140 2679 Πατὴρ
1168 2639 1292 2680 ἔφασκεν,
1323 2641 1338 2675 ἢ
1357 2642 1401 2670 καὶ
1422 2641 1500 2670 δώσει
1521 2643 1614 2683 τυχὸν,
1637 2642 1766 2684 ἁρμόζον,
1796 2644 1873 2684 ἐτύγ-

1048 2695 1116 2725 χανε
1136 2686 1284 2718 τηνικαῦτα
1307 2686 1351 2714 καὶ
1377 2688 1408 2715 τὸ
1436 2686 1618 2716 ὃιαστακτικὸν
1647 2687 1715 2721 ἴσως
1742 2688 1871 2729 παρρησι-

1050 2729 1154 2774 άζεσθαι
1171 2738 1179 2746 ο
1208 2733 1251 2758 νῦν
1286 2729 1308 2758 δ’
1338 2729 1419 2764 οὕτως
1446 2731 1540 2764 αὒταϊς
1569 2731 1666 2770 λέξεσι,
1690 2733 1759 2762 καθὰ
1788 2734 1870 2774 θέμις,

1050 2772 1186 2802 διαλαϐεῖν
1215 2775 1229 2802 δ
1258 2775 1342 2814 μέγας
1366 2777 1459 2814 ειπὼν,
1486 2778 1522 2810 ὡς
1548 2778 1562 2805 δ
1590 2779 1640 2810 τῆς
1668 2776 1804 2812 causa“
1834 2772 1871 2807 id;

1051 2830 1097 2859 γος
1127 2819 1169 2846 καὶ
1199 2819 1384 2861 παραδίδωσιν,
1425 2822 1476 2862 οὺχ
1518 2821 1610 2853 ἁπλῶς
1640 2820 1742 2861 δίδωσι,
1790 2829 1871 2856 πᾶσιν
