1958 3081
238 135 315 167 1199

798 133 1058 168 GONSTANTINI
1082 132 1361 166 MELITENIOTIE

1849 131 1923 164 1200

237 201 344 232 durare
352 201 388 232 ad
400 209 502 231 eorum
515 199 692 231 maleﬁcium
715 200 935 240 coarguendnm
952 199 1046 239 dispo-

1138 211 1152 228 τι
1182 201 1340 241 κατέμαθον,
1364 201 1401 233 ὡς
1428 199 1470 228 διὰ
1505 197 1598 233 τέλους
1634 198 1825 240 ἀνεξέλεγκτον
1854 204 1923 228 τοῦτο

237 244 554 285 suit.Quandoquidem
564 245 595 275 in
602 245 731 285 propriis
738 254 771 275 ea
780 244 1061 284 transcriptionibus

237 290 437 330 reliquissent,
454 290 479 320 si
503 289 648 329 penitiore
675 289 899 329 investigatione
914 289 1060 328 indagan-

237 335 366 375 tes,quid
384 334 441 365 sibi
451 334 544 365 velint
571 343 640 365 vere
667 335 902 373 agnovissent,ut
917 334 953 364 ad
969 333 1059 364 ﬁnem

1100 245 1131 273 τὸ
1153 245 1232 285 μέρος
1247 245 1336 274 τελεῖν
1358 245 1408 279 τὴν
1429 246 1587 285 κακουργίαν
1615 247 1700 275 αὐτῶν
1718 255 1728 264 ο
1758 248 1805 274 νῦν
1827 243 1852 272 δ’
1866 244 1923 277 αὕτη

1101 288 1267 361 ξῗέέγχεται
1290 289 1429 329 προδήλως
1455 289 1482 323 ἐξ
1502 289 1539 319 ὧν
1563 289 1698 322 πολλάκίς
1720 289 1848 318 ἐνταυθοῖ
1876 288 1922 317 διι-

1154 344 1229 372 ομεν,

237 388 330 419 usque
346 379 401 410 hac
429 388 462 410 ex
481 383 562 419 parte
591 379 770 410 maleﬁcium
786 388 887 410 eorum
910 376 1152 418 deprehensibile
1175 382 1384 419 permaneret:
1407 386 1486 411 nunc
1501 387 1571 411 vero
1585 378 1659 410 illud
1687 378 1923 419 deprehenditur

239 423 393 454 manifesto
418 432 452 454 ex
469 423 528 461 his,
545 432 610 463 quae
624 423 733 464 saepius
749 424 796 454 hic
811 423 1035 454 inculcavimus.

277 467 327 499 24.
342 467 554 499 Verumtamen
567 471 598 498 ut
608 468 638 498 in
651 470 787 508 presenti
813 466 1058 508 peraccommodo

238 513 301 543 haec
312 512 447 543 examine
459 511 709 551 subligantur,ind
715 522 790 553 eque
799 521 868 543 vere
879 521 979 543 sanam
995 519 1060 552 spe-

237 557 415 588 culationem
431 561 517 597 atque
533 557 731 596 cognitionem
749 561 977 598 consequantur,
990 565 1057 587 ora-

237 602 326 632 tionis
341 605 450 632 nostraa
468 601 551 632 initio
571 602 648 633 facto
666 602 744 643 quod
764 602 918 642 quaestioni
931 601 968 632 de
982 602 1060 641 fmte

237 646 409 677 dubitanter
420 655 483 677 rem
496 645 684 685 exprimente
701 647 1058 687 praeposuimus,quomo-

239 691 288 727 do,
298 700 354 721 nec
365 690 504 731 illud,qui
515 700 548 721 ex
560 691 720 722 schismate
736 695 814 727 sunt,
825 690 1058 728 inficiantur,sed

239 735 327 776 plane
350 735 526 775 approbant,
543 735 689 775 dignitate
704 736 852 766 secundus
874 744 948 772 esse,
966 739 1061 775 etqua

238 780 353 811 ratione
368 779 582 819 intelligetur,a
591 780 713 818 Filio,si
727 780 765 811 ab
776 783 840 820 ipso
850 789 913 811 esse
927 789 985 811 non
1001 780 1059 810 ha-
1071 789 1090 815 Β

240 824 352 862 bet,nec
360 825 396 856 ab
403 827 467 865 ipso
477 824 801 865 accipit,etanmmtiat
809 824 975 862 nobis,etz'n
981 832 1060 855 sum-

239 878 290 900 ma
298 869 335 900 ab
346 869 401 900 illa
413 878 504 900 causa
520 878 581 900 non
598 869 742 909 dependet
761 869 899 910 Spiritus
914 872 1035 900 sanctus
1045 869 1061 899 φ

239 913 309 950 Quae
323 915 386 945 haec
401 914 491 945 fuerit
506 914 706 955 dignitas,qua
723 914 871 945 secundus
888 913 1059 945 esseaFilio

239 957 367 997 Spiritus
381 963 498 989 sanctus
527 959 576 998 pie
603 963 744 999 recteque
772 958 898 990 dicitur?
923 958 1008 989 Anne
1024 967 1060 989 ea

241 1012 307 1043 qum
322 1003 416 1034 oritur
431 1012 465 1033 ex
481 1007 625 1043 tempore,
641 1003 686 1034 vel
702 1003 778 1041 loco,
794 1003 840 1034 vel
851 1003 991 1034 facultate
1006 1011 1061 1033 na-

241 1047 343 1078 turali?
364 1048 438 1078 Nam
464 1046 626 1078 secundum
657 1047 766 1078 molem
798 1047 994 1087 principatus,
1011 1052 1062 1077 aut

239 1095 479 1131 potestatem,aut
490 1091 791 1129 dominationem,ant
803 1091 954 1132 quidpiam
969 1090 1059 1128 aliud,

240 1145 297 1175 quo
314 1135 490 1176 simpliciter
504 1145 594 1166 unum
611 1136 647 1167 ab
673 1136 730 1167 alio
755 1136 889 1176 superari
905 1134 1061 1175 cognosci-

240 1189 318 1218 mus,
335 1180 448 1211 nemini
463 1189 522 1211 non
539 1184 640 1211 notum
653 1184 709 1219 est,
728 1180 1061 1212 Pneumatomachorum

240 1224 364 1255 latratus
374 1225 505 1265 esse,qui
515 1225 757 1256 contradivinum
771 1224 949 1266 praeconium
963 1233 1060 1264 prave,

239 1269 299 1299 imo
306 1272 409 1300 contra
416 1270 593 1308 semetipsos
603 1270 804 1310 perniciosius
811 1269 973 1300 bacchanal
981 1277 1062 1300 exer-

240 1317 376 1354 cuerunt,
394 1318 422 1344 et
433 1313 513 1353 quod
529 1314 695 1344 tereibilem
711 1314 742 1345 in
755 1314 920 1352 Evangeliis
934 1313 1061 1344 commi-

239 1358 424 1397 nationem,a
434 1358 560 1389 Domino
574 1362 676 1390 contra
688 1359 912 1399 blasphemosin
919 1357 1061 1398 Spiritum

239 1407 373 1433 sanctum
400 1403 504 1434 factam
532 1402 761 1443 vilipendentes,
789 1402 859 1433 dum
873 1402 911 1433 de
930 1401 1061 1433 universi

240 1447 347 1487 opiﬂce
370 1447 482 1486 Spiritu
507 1447 614 1477 similia
640 1447 800 1487 oblatrant,
828 1448 972 1486 integrum
989 1455 1059 1486 pro-

239 1491 312 1530 priis
344 1490 499 1522 animabus
527 1491 682 1522 interitum
708 1489 1062 1531 conciliarunt.Namque

239 1535 309 1566 hinc
321 1535 430 1566 nullius
445 1535 563 1567 consilii
594 1536 743 1576 homines,
761 1535 947 1576 propriaeque
960 1535 1063 1566 salutis

239 1581 340 1611 hostes
355 1580 512 1620 immanes,
526 1581 592 1611 vitae
607 1580 750 1621 principis
765 1579 893 1620 Spiritus
920 1579 1060 1620 majesta-

239 1628 300 1655 tem
310 1625 532 1662 imminuentes,
551 1625 710 1656 essentiam
726 1625 865 1655 deitatem
877 1625 957 1655 illius
966 1625 1063 1655 minus

239 1669 351 1700 habere
366 1669 506 1700 audacter
520 1669 752 1710 contendebant,
768 1671 810 1701 uti
826 1669 862 1700 ab
878 1669 981 1709 iniquo
998 1669 1063 1709 spi-

239 1713 298 1743 ritu
312 1713 404 1744 inﬂati
419 1713 626 1754 inspiratique,
644 1723 711 1744 cum
737 1713 846 1754 quibus
876 1723 997 1753 magnus
1013 1713 1062 1744 hic

239 1757 363 1788 Basilius
380 1758 565 1798 depugnans,
591 1758 720 1788 similem
732 1762 877 1798 perpetuo
891 1757 1061 1789 absurdita-

239 1806 298 1833 tem
312 1802 747 1842 coarguebat,conﬁdenterque
762 1812 796 1833 ac
812 1802 907 1833 libere
921 1803 1061 1834 condem-

240 1846 338 1877 nabat.
356 1846 438 1877 Haud
455 1855 506 1887 par
517 1847 617 1885 fuerit,
633 1847 741 1888 quibus
755 1847 799 1878 illi
815 1857 897 1878 suam
923 1847 1060 1878 hmresim

239 1890 438 1929 stabiliebant,
457 1895 485 1921 et
511 1901 637 1932 quorum
653 1892 787 1923 furentes
808 1891 925 1923 auxiliis
940 1892 1061 1923 munie-

239 1935 397 1972 bantur,ad
411 1936 641 1967 conﬁrmandam
655 1936 873 1977 improbitatem
885 1936 937 1968 illa
955 1937 1059 1968 eadem

240 1979 387 2011 interdum
403 1980 518 2020 opinari
538 1990 592 2011 nos
607 1981 741 2018 omnino,
760 1990 898 2021 magnum
915 1981 998 2012 illum
1013 1981 1059 2012 vi-

238 2034 304 2056 rum
319 2025 472 2065 accepisse
483 2049 490 2063 ,
514 2025 713 2066 dignitatem,
734 2026 854 2066 inquam
876 2035 934 2066 qua
949 2025 1061 2056 dictum

239 2073 283 2100 est
298 2078 316 2100 α
332 2069 409 2100 Filio
423 2069 574 2109 Spiritum
587 2074 724 2101 sanctum
739 2070 902 2102 secundum
915 2078 987 2101 esse.
999 2071 1060 2101 Hos

239 2123 294 2145 nos
322 2123 377 2145 nec
406 2114 506 2145 animo
535 2123 591 2145 nec
617 2114 794 2154 cogitatione
819 2114 1058 2155 complectimur,

238 2158 380 2198 sapientis
395 2159 497 2190 Basilii
513 2159 680 2199 disciplinae
696 2159 837 2197 cultores,
855 2159 907 2199 qui
929 2169 964 2190 ex
978 2160 1062 2190 salu—

238 2203 351 2233 taribus
367 2203 468 2242 gratiae
482 2204 600 2235 ﬂuentis
612 2212 647 2233 ac
659 2203 789 2234 fontibus
804 2212 888 2242 aeque
903 2206 990 2243 atque
1015 2204 1061 2234 Is-

237 2247 298 2278 rael
319 2257 394 2287 aqua
418 2248 594 2288 cognitionis
617 2247 780 2278 intallibilis
802 2247 1061 2287 hausta,Spiritum

238 2296 374 2323 sanctum
392 2292 528 2332 ejusdem
540 2292 676 2323 essentiae
689 2301 724 2323 ac
740 2292 901 2322 divinitatis
916 2300 982 2322 esse
995 2301 1061 2323 cum

237 2337 324 2368 Patre
337 2341 366 2368 et
381 2337 456 2368 FlllO
472 2337 616 2368 deﬁnivit.
641 2336 681 2368 Ex
698 2336 806 2377 quibus
819 2336 952 2377 sequitur
962 2336 1062 2367 omni-

238 2381 322 2417 nino,
338 2391 406 2411 eum
424 2381 512 2412 simul
526 2391 592 2412 cum
615 2381 702 2412 Patre
718 2385 746 2412 et
760 2381 845 2418 Filio,
862 2390 953 2421 supra
974 2390 1062 2412 omne

238 2429 354 2464 tempus
368 2435 446 2466 esse,
459 2426 510 2466 qui
526 2430 693 2467 temporum
715 2429 818 2456 auctor
840 2429 895 2463 est,
921 2425 1060 2457 omnibus

239 2474 427 2509 praesentem,
442 2474 471 2500 et
487 2471 586 2501 omnia
601 2470 812 2510 complentem,
827 2473 964 2510 tanquam
977 2470 1059 2501 inde-

237 2513 351 2543 ﬁnitum
368 2517 455 2553 atque
466 2515 766 2555 incircumscriptum,
781 2519 886 2545 natura
900 2523 954 2545 sua
970 2523 1060 2554 quam

238 2557 364 2588 maxime
380 2559 499 2597 fortem,
517 2559 590 2590 nihil
604 2569 663 2590 non
678 2563 840 2600 potentem,
858 2558 901 2589 uti
915 2559 1061 2590 universae

239 2606 382 2633 creatura;
397 2603 551 2644 factorem,
569 2608 728 2645 potestate,
746 2604 915 2645 imperio,et
929 2603 1062 2635 domina-

238 2647 422 2678 tionererum
452 2648 585 2678 omnium
621 2649 782 2688 gloriosum
812 2650 866 2689 uti,
888 2648 938 2689 qui
962 2649 1061 2680 omnia

238 2691 350 2733 pugillo
365 2691 545 2730 continet,et
556 2693 655 2724 omnia
666 2694 728 2724 sola
743 2693 890 2724 voluntate
904 2693 1058 2735 gubernat;

237 2738 275 2769 ad
292 2738 354 2768 haec
372 2736 506 2777 ejusdem
520 2737 663 2768 sessionis
679 2748 746 2769 cum
764 2738 849 2769 Patre
864 2741 893 2768 et
908 2737 992 2776 Filio,
1011 2738 1060 2770 in-

238 2782 336 2823 deque
352 2781 442 2813 etiam
459 2789 525 2812 cum
542 2781 616 2821 ipsis
633 2782 753 2822 aequalis
768 2782 868 2821 gloriae
879 2785 907 2812 et
923 2781 1056 2820 honoris,

1070 1434 1090 1459 C

1138 462 1192 497 κδ’.
1225 463 1288 497 ’Ἰνα
1303 468 1352 509 γὰρ
1372 468 1472 508 ἀτάρτι
1486 469 1536 503 τὴν
1557 469 1743 508 προσήκουταν
1763 469 1811 497 καὶ
1826 468 1862 497 τὰ
1877 468 1927 507 περὶ

1098 512 1197 540 τούτων
1212 512 1327 546 ιξέτασιν
1350 517 1420 554 σχῇ,
1437 514 1575 543 κάντεῦθεν
1589 514 1639 548 τῆς
1656 513 1744 553 ὃγιοῦς
1760 513 1849 545 ὅντως
1873 513 1927 540 ἑπι-

1098 555 1221 591 τεύξηται
1242 558 1350 598 θεωρίας
1378 559 1423 586 καὶ
1444 558 1580 598 γνώσεως,
1607 561 1653 586 τοῦ
1668 557 1748 597 λόγου
1763 558 1816 591 τὴν
1830 569 1927 596 καταρ-

1100 601 1156 641 χὴν
1178 601 1280 636 ἐκείνην
1295 602 1415 642 ἄντικρυς
1431 602 1619 640 ποιησαμένων
1642 603 1731 641 ἡμῶν,
1758 602 1794 636 ἣν
1823 601 1927 640 ἐθέμεθα

1100 647 1151 685 πρὸ
1171 649 1218 675 τοῦ
1245 647 1313 674 κατὰ
1340 648 1370 675 τὺ
1391 646 1557 676 διστακτικὸν
1582 646 1650 679 ἴσως
1672 647 1848 684 ζητήματος,
1878 647 1927 676 πῶς

1101 690 1165 730 ὅπερ
1193 691 1236 719 καὶ
1258 692 1281 719 οἱ
1295 692 1342 720 τοῦ
1362 692 1512 731 σχίσματος
1526 690 1688 730 ὁμολογοῦσι
1703 691 1748 719 καὶ
1762 690 1928 730 παραδέχον-

1101 745 1156 772 ται,
1187 734 1346 774 δευτερεύειν
1374 735 1516 774 ἀξιώματι,
1539 736 1584 764 καὶ
1608 736 1677 764 κατὰ
1690 746 1750 763 τινα
1764 735 1851 774 λόγον
1868 747 1927 768 νοη-

1101 780 1209 815 θήσεται
1237 783 1284 808 τοῦ
1313 782 1375 810 Υἱοῦ
1403 780 1438 814 λὴ
1465 779 1528 820 παρ’
1550 780 1629 809 αὺτοῦ
1643 781 1673 808 τὸ
1689 780 1761 809 εἶναι
1793 780 1877 820 ἔχον,
1891 781 1927 808 καὶ

1100 823 1162 863 παρ’
1191 824 1269 853 αὐτοῦ
1311 823 1446 862 λαμϐάνον
1484 826 1529 853 καὶ
1569 823 1732 864 ἀναγγέλλον
1770 825 1857 862 ἡμῖν,
1891 826 1926 852 καὶ

1101 867 1171 900 ὅλως
1199 868 1302 902 ἐκείνης
1335 869 1383 903 τῆς
1412 869 1495 901 αἰτίας
1524 868 1671 907 εξημμὲνον
1699 870 1730 897 τὸ
1756 871 1871 907 Πνεῦμα
1903 870 1926 896 τὸ

1100 912 1201 953 ἅγιονς
1231 916 1314 942 Ποῖον
1357 913 1459 951 ἀξίωμα
1499 917 1575 942 τοῦτο
1602 914 1667 942 καθὸ
1695 913 1861 953 δευτερεύειν
1888 918 1928 942 103

1102 959 1162 997 ζῖοῦ
1191 958 1221 986 τὸ
1250 961 1357 996 Πνεῦμα
1372 958 1402 986 τὸ
1423 958 1499 997 ἅγιον
1513 956 1626 990 εὐσεϐῶς
1641 958 1754 997 ὑπάρχει
1770 957 1926 996 λεγόμενιινῐ

1102 995 1167 1040 ’Δρα
1195 1003 1233 1039 μὴ
1246 1002 1277 1030 τὸ
1299 1003 1367 1030 κατὰ
1382 995 1490 1042 χρόνον,
1507 1002 1526 1035 ἣ
1539 1003 1621 1030 τόπον
1636 1001 1654 1036 ἢ
1669 995 1778 1040 δῦναμιν
1795 995 1929 1042 raucum;

1103 1047 1139 1074 Τὸ
1165 1045 1193 1074 δὲ
1221 1045 1280 1074 κατ’
1302 1046 1382 1085 ὄγκον
1416 1046 1516 1086 ἀρχῆς,
1533 1047 1576 1075 καὶ
1592 1046 1718 1083 ἔξουσίας,
1735 1047 1782 1074 καὶ
1803 1047 1929 1086 κυριότη-

1102 1100 1159 1127 τος,
1189 1090 1208 1124 ἢ
1237 1091 1296 1119 καθ’
1333 1090 1420 1130 ἕτερον
1448 1101 1473 1119 τι
1502 1090 1555 1118 τῶν
1583 1091 1655 1123 ὃσοις
1671 1089 1840 1123 ἁπαξαπλῶς
1869 1091 1929 1120 ἄλλο

1102 1136 1306 1175 καθυπερτερετν
1328 1134 1411 1163 ἄλλοι)
1432 1135 1608 1174 γινώσκομεν,
1646 1134 1715 1163 ἀλλᾶ
1750 1136 1869 1174 ιρανερὸν
1896 1137 1925 1167 ὡς

1104 1178 1208 1208 ἅπαντα
1236 1183 1318 1208 ταῦτα
1353 1179 1492 1218 βαΰσματα
1522 1183 1575 1208 τῶν
1602 1180 1846 1220 Πνευματομάχων
1874 1182 1923 1218 εἶσὶ,

1103 1223 1172 1252 κατᾶ
1201 1223 1247 1252 τοῦ
1289 1225 1358 1252 θείου
1394 1224 1563 1263 κηρύγματος
1600 1224 1690 1255 κακῶς
1728 1223 1923 1261 λινετησάντων,

1103 1268 1147 1296 καὶ
1175 1267 1233 1296 καθ’
1261 1268 1361 1298 ἑαυτῶν
1395 1269 1499 1305 κάκιον,
1533 1268 1564 1308 ἐφ
1584 1269 1607 1306 ᾦ
1631 1268 1680 1302 τῆς
1701 1267 1728 1296 ἐν
1759 1269 1925 1308 scan-um;

1104 1311 1216 1352 φοϐερᾶς
1245 1311 1328 1344 οὕτως
1366 1312 1547 1352 ἀλογήσαντες
1580 1312 1704 1350 ἀπειλῆς,
1728 1313 1762 1346 ἢν
1793 1313 1810 1341 ὃ
1841 1314 1924 1353 Κύριος

1102 1363 1161 1388 τοῖς
1182 1357 1219 1389 εὶς
1240 1357 1271 1385 τὸ
1300 1359 1407 1395 Πνεῦμα
1435 1358 1465 1385 τὸ
1485 1357 1562 1396 ἅγιον
1589 1356 1696 1385 ἀπειλεῖ
1725 1356 1924 1398 βλασφημήσα-

1102 1411 1155 1441 σιν,
1186 1400 1212 1430 ἓν
1227 1401 1266 1438 τῷ
1289 1404 1334 1429 οοῦ
1349 1406 1513 1440 παντουργοῦ
1536 1401 1628 1431 τούτου
1646 1401 1802 1439 Πνεύματος
1826 1405 1925 1431 τοιαῦτα

1102 1444 1289 1483 καθυλακτετν,
1311 1445 1446 1487 ἀπώλειαν
1473 1445 1590 1480 παντελῆ
1618 1452 1678 1477 ταῖς
1694 1446 1805 1478 οἰκείαις
1829 1449 1926 1487 ψυχαῖς

1103 1488 1292 1529 προεξένησαν.
1321 1485 1419 1519 ’Ἔνθεν
1441 1491 1485 1518 καὶ
1513 1491 1563 1530 γὰρ
1591 1492 1614 1519 οἱ
1637 1491 1757 1528 μάταιοι,
1800 1493 1846 1520 καὶ
1869 1485 1927 1524 λίς-ἧς

1104 1534 1204 1563 ἑαυτῶν
1227 1534 1360 1574 σωτηρίας
1387 1534 1478 1575 ἐχθροί
1521 1535 1779 1575 κατασμικρύναντες
1818 1537 1851 1564 τὸ
1882 1547 1928 1574 με-

1103 1578 1213 1618 γαλεῖον
1242 1578 1288 1607 τοῦ
1309 1579 1461 1619 ζωαρχικοῦ
1490 1579 1642 1617 Πνεύματος
1669 1579 1719 1613 τὴν
1749 1581 1856 1621 οὖσίαν,
1892 1581 1932 1608 καὶ

1103 1623 1153 1657 τὴν
1174 1623 1288 1657 θεότητα
1321 1624 1414 1652 τούτου
1451 1624 1482 1652 τὸ
1518 1623 1628 1653 ἔλαττον
1661 1624 1748 1664 φέρειν
1776 1624 1932 1654 διετείνοντο

1102 1666 1258 1708 τολμηρῶς,
1295 1668 1412 1708 καθάπερ
1452 1669 1504 1697 ὑπὸ
1544 1672 1591 1697 τοῦ
1622 1672 1738 1709 πονηροῦ
1781 1671 1931 1708 πνεύματος

1102 1712 1148 1740 τὸν
1170 1717 1231 1742 νοῦν
1252 1712 1438 1752 ἑμφυσώμενοί
1461 1723 1491 1741 τε
1519 1714 1564 1742 καὶ
1587 1712 1776 1752 ἒμπνεόμενοι,
1794 1716 1862 1754 πρὸς
1890 1714 1931 1746 οὓς

1102 1757 1147 1784 τὸν
1175 1757 1292 1795 πόλεμον
1320 1758 1334 1786 ὁ
1365 1756 1448 1790 πολὺς
1485 1758 1561 1790 οὗτος
1589 1757 1726 1790 Βασίλειος
1760 1758 1931 1796 κεκτημένος

1103 1799 1244 1841 διηνεκῶς,
1273 1802 1323 1836 τὴν
1347 1802 1474 1837 τοιαύτην
1498 1801 1617 1843 ἤλεγχεν
1640 1803 1763 1842 ἀτοπίαν,
1794 1804 1841 1832 καὶ
1863 1803 1931 1842 παρσ

1103 1848 1283 1885 ρησιαστικῶς
1313 1846 1474 1882 κατεδίκαζε.
1506 1850 1561 1877 Ποῦ
1588 1849 1673 1877 τοίνυν
1697 1846 1809 1886 δίκαιον,
1840 1847 1876 1877 δι’
1895 1849 1931 1876 ὧν

1102 1891 1202 1919 ἔκετνοι
1224 1891 1273 1926 τήν
1302 1889 1407 1931 αἵρεσιν
1442 1891 1569 1921 συνίστων
1596 1892 1645 1926 τὴν
1679 1892 1792 1929 ἑαυτῶν,
1821 1893 1869 1921 καὶ
1889 1892 1932 1924 οἷς

1103 1934 1224 1975 ἐχρῶντο
1259 1935 1419 1974 μαινόμενοι
1448 1943 1586 1976 συνεργοῖς
1620 1937 1656 1970 εἷς
1683 1937 1731 1971 τὴν
1758 1937 1808 1971 τῆς
1839 1938 1933 1968 κακίας

1102 1980 1291 2021 συγκρότησιν,
1316 1981 1384 2009 κατὰ
1408 1984 1491 2009 ταῦτα
1511 1982 1542 2009 τὸ
1557 1980 1659 2020 ἀξίωμα
1680 1992 1745 2010 ποτε
1774 1981 1932 2022 λογίσασθαι

1100 2025 1131 2052 τὸ
1161 2025 1285 2064 παράπαν
1314 2025 1386 2063 ἡμᾶς
1401 2026 1447 2054 τὸν
1474 2025 1558 2065 μέγαν
1582 2027 1680 2064 εἰπεῖν,
1707 2026 1822 2065 ἀξίωμα,
1853 2028 1933 2065 φημὶ,

1101 2068 1159 2097 καθ’
1194 2060 1259 2108 δπερ
1286 2060 1393 2109 εἴρηται
1435 2060 1594 2109 δευτερεύειν
1629 2060 1678 2101 τοῦ
1705 2060 1820 2100 ι·ῐώὶᾶ
1849 2060 1934 2100 [lvi-3;

1102 2124 1139 2151 μα
1160 2114 1191 2142 τὸ
1211 2113 1312 2154 ἅγιον;
1342 2115 1424 2144 Τοῦτο
1445 2114 1505 2143 κατ’
1545 2114 1618 2144 οὐδὲν
1659 2115 1757 2149 ἥκιστα
1787 2121 1935 2156 φρονοῦμεν

1102 2160 1199 2195 αὐτῶν,
1231 2169 1328 2197 μυσται
1356 2162 1403 2188 τοῦ
1425 2164 1506 2200 σοφοῦ
1530 2159 1669 2190 Βασιλείου
1683 2161 1879 2203 τυγχάνοντες,
1907 2164 1934 2194 ὃς

1102 2203 1132 2231 ἐκ
1153 2205 1207 2231 τῶν
1242 2204 1380 2243 σωτηρίων
1405 2207 1454 2238 τῆς
1490 2204 1603 2244 χάριτος
1634 2206 1768 2243 νομάτων,
1799 2207 1855 2235 xix
1883 2210 1934 2234 τῶν

1102 2249 1198 2287 πηγῶν
1227 2249 1279 2288 οὐχ
1313 2249 1393 2282 ἦττον
1435 2254 1482 2279 τοῦ
1515 2248 1624 2290 Ἰσραὴλ
1659 2250 1825 2290 ἀρυσάμενος
1869 2251 1934 2291 ὕδωρ

1103 2294 1226 2332 γνώσεως
1249 2292 1387 2331 ἀψευδοῦς,
1424 2295 1454 2322 τὸ
1484 2295 1590 2332 Πνεῦμα
1621 2295 1651 2323 τὸ
1672 2295 1750 2334 ἆ¹γιην
1772 2299 1825 2330 τῆς
1855 2299 1935 2330 αὑτῆς

1104 2336 1192 2369 οὐσίας
1222 2338 1266 2366 καὶ
1285 2338 1410 2372 θεότητος
1438 2341 1477 2376 τῷ
1500 2340 1580 2378 [lupi
1608 2338 1731 2372 δηλονότι
1752 2341 1798 2368 καὶ
1819 2345 1862 2379 τῷ
1882 2343 1935 2378 1Ἰῴ

1104 2380 1162 2410 λίαν
1195 2382 1277 2422 ὀρθῶς
1305 2382 1481 2422 ἐδογμάτισεν
1498 2392 1506 2400 ⁸
1547 2383 1574 2416 ἱξ
1616 2385 1653 2412 ὧν
1695 2383 1788 2413 ἕπεται
1829 2386 1934 2418 πάντως

1104 2425 1171 2463 μετᾶ
1191 2429 1237 2455 τοῦ
1266 2428 1368 2467 Πατρδς
1397 2431 1476 2457 τοῦτο
1497 2428 1541 2456 καὶ
1562 2427 1610 2457 τοῦ
1631 2429 1693 2457 Υίοῦ
1719 2429 1822 2469 χρόνου
1838 2432 1932 2462 παντὸς

1101 2469 1235 2511 ὕπαρχον,
1265 2472 1301 2504 ὡς
1328 2473 1433 2506 ποητὴν
1470 2475 1525 2502 τῶν
1560 2473 1666 2513 χρόνων
1697 2473 1835 2513 ὶπέκεινει,
1865 2487 1932 2503 πειν-

1101 2514 1197 2555 ταχόθι
1220 2516 1316 2555 παρὸν,
1347 2516 1394 2544 καί
1424 2517 1457 2544 τὰ
1480 2517 1568 2546 πάντα
1588 2517 1719 2558 πληροῦν,
1748 2519 1787 2551 ὡς
1815 2520 1931 2559 ἀόριστόν

1101 2570 1130 2587 τε
1159 2560 1202 2588 καὶ
1240 2560 1446 2602 ἆπερίγραπτον,
1469 2561 1604 2594 παναλκὲς
1625 2565 1660 2601 τῇ
1689 2563 1764 2603 φύσει
1790 2565 1837 2594 καὶ
1865 2576 1929 2593 παν-

1102 2604 1204 2645 σθενὲς,
1220 2605 1256 2636 ὡς
1285 2605 1375 2639 πάσης
1401 2605 1561 2646 δημιουργὸν
1589 2607 1714 2645 κτίσεως,
1738 2609 1790 2642 τὴν
1805 2608 1925 2645 ἃξουσίιν,

1101 2650 1145 2677 καὶ
1167 2649 1217 2683 τὴν
1240 2649 1334 2694 ,ἀρχὴν
1362 2650 1406 2679 καὶ
1435 2651 1484 2685 τὴν
1500 2652 1643 2691 κυριότητα
1658 2655 1711 2681 τῶν
1727 2651 1801 2682 ὅλων
1824 2655 1924 2694 «olom,

1102 2695 1140 2726 ὡς
1174 2693 1411 2735 περιδεδραγμένον
1446 2696 1544 2729 αὐτῶν,
1590 2697 1635 2725 καὶ
1673 2699 1759 2726 ταῦτα
1806 2693 1925 2739 κυϐερνῶν

1102 2739 1183 2777 μόνον
1218 2742 1257 2777 τῷ
1290 2739 1441 2782 βούλεσθαι,
1483 2741 1549 2781 τφδς
1575 2741 1678 2774 τούτοις
1713 2742 1862 2784 ὀμόθρονον

1101 2784 1183 2821 Πατρῖ
1224 2794 1251 2812 τι
1288 2786 1330 2813 καὶ
1364 2788 1402 2823 τῷ
1446 2786 1510 2822 Υίῶ,
1548 2786 1684 2815 κάντεῦθεν
1717 2787 1850 2825 ὁμόδοξον
1876 2794 1922 2819 τοῖς
