1958 3081
52 113 113 147 1201

487 116 536 146 DE
559 115 811 148 PROCESSIONE
833 115 863 145 ὃ.
887 115 1063 146 SPIRITUS
1083 116 1195 146 ORAT.
1219 114 1258 146 II.

1638 114 1716 146 1202

48 181 126 214 αὐτοῖς
152 183 197 211 καὶ
225 182 366 220 ὁμότιμον,
403 182 495 214 ἆπλῶς
530 183 615 211 πάντα
639 181 779 220 πλουτοῦν,
804 182 817 211 ὅ

943 183 968 212 in
983 191 1099 213 summa
1113 183 1236 214 ditatum
1252 182 1403 221 omnibus,
1417 193 1434 214 a
1456 183 1598 223 dignitate
1614 183 1716 214 divina

3 252 4 255 η
47 227 130 257 θετιιῶς
157 228 201 255 καὶ
221 225 279 255 κατ’
296 227 385 255 οὐσίαν
414 228 428 255 δ
450 227 542 264 Πατὴρ
570 228 674 265 σύναμα
688 228 731 256 καὶ
747 228 761 255 ὁ
782 228 854 265 Υἱὸς,

46 269 108 304 πλὴν
126 274 177 299 τῶν
198 271 248 300 κάθ
281 270 391 300 ἕκαστον
420 272 506 300 αὐτῶν
533 270 685 308 ἱδιοτήτων,
708 273 751 300 καὶ
779 271 806 300 εἴ
833 273 858 300 τί

46 326 90 342 που
109 316 205 344 τούτοιν
234 315 334 355 ἀμφοῖν
363 315 418 344 ἔστι
438 315 599 356 πρόσφορον.
631 315 705 344 Οὕτω
725 317 784 355 περὶ
811 318 858 345 τοῦ

45 359 87 393 τῆς
112 361 253 400 θεαρχιχῆς
295 359 402 399 Τριάδος
437 361 507 398 ἑνὸς,
536 364 582 389 τοῦ
607 361 735 400 παναγίου
756 360 858 395 δηλαδῆ

46 404 198 444 Πνεῦματος,
227 404 403 443 θεολογοῦμεν
431 405 527 442 ἡμεῖς.
556 408 679 434 Τοιοῦτον
712 405 774 433 αὒτὺ
795 411 856 437 ταῖς

2 446 3 449 ¹
44 452 85 476 τοῦ
117 448 230 487 μεγάλου
258 450 360 488 Πατρὸς
395 448 531 477 Βασιλείου
562 449 660 489 σοφαῖς
689 450 857 488 εἰσηγήσεσιν

44 492 262 525 ἐξακολουθοῦντες
297 492 487 532 πρεσϐεύομεν,
533 494 579 521 Διὸ
611 494 655 521 καὶ
685 495 714 523 τὸ
744 494 857 534 ἀξίωμα,

45 535 97 564 καθ’
110 543 124 564 υ
137 535 291 577 δευτερεύειν
307 536 412 575 λέγεται
433 537 463 565 τὸ
479 540 585 575 Πνεῦμα
599 538 628 565 τὸ
649 537 725 576 ἅγιον
737 542 784 566 τοῦ
798 539 859 566 Υἱοῦ

2 613 3 616 η
43 583 92 608 τῶν
116 581 355 621 ἀναγεγραμμένων
377 580 603 619 ἐκλαμϐανόμενοι
632 580 691 610 κατ’
705 581 789 620 οῦδὲν,
813 581 859 610 ἅτε

45 625 107 653 πολὺ
132 626 274 666 φερόντων,
292 626 322 654 τὰ
344 625 492 666 δύσφημον,
516 627 557 664 τὸ,
584 637 637 665 παρ
649 627 727 655 αὐτοῦ
740 627 771 655 τὸ
787 628 856 655 εἶναι

42 670 112 710 ἔχον,
145 671 189 699 καὶ
232 670 294 709 παρ’
332 671 411 699 αὐτοῦ
453 669 587 708 λαμϐάνον
622 671 666 699 καὶ
694 670 857 710 ἀναγγέλλον

39 716 114 751 ἡμῖν,
155 715 199 743 καὶ
239 714 308 747 ὅλως
345 714 447 748 ἐκείνης
488 717 537 750 τῆς
568 715 651 747 αἰτίας
681 714 828 754 ἐξημμένον
848 726 855 734 ⁸

42 762 89 792 τῆς
113 758 241 791 ὶκδόσεως
270 761 349 789 αὐτοῦ
376 763 422 788 τοῦ
443 761 571 799 θεηγόρον
591 760 694 799 Παιρὸς
720 760 857 789 Βασιλείου

40 803 189 841 πιστεύομεν
225 804 420 844 ὰναντιῤῥήτως
460 803 560 845 τελεῖν,

898 226 1021 258 minime
1045 227 1186 265 alienum,
1203 227 1311 268 quibus
1335 227 1533 259 essentialiter
1557 228 1644 258 simul
1660 237 1719 258 una

898 272 986 302 Pater
1005 275 1035 302 et
1048 271 1140 303 Filius
1154 272 1358 310 adornantur,’
1376 273 1509 312 exceptis
1531 272 1717 312 singulorum

900 315 1172 357 proprietatibus,et
1190 317 1215 347 si
1237 316 1307 357 quid
1327 320 1371 347 est
1386 317 1465 348 aliud
1481 317 1559 357 quod
1571 315 1717 347 ambobus

898 360 964 400 istis
975 361 1206 392 conveniat.Hoc
1219 361 1305 391 modo
1319 361 1357 392 de
1365 371 1423 392 uno
1436 361 1558 392 Deitatis
1574 361 1718 401 principis

898 405 1025 441 Triadis,
1043 406 1229 436 sanctissimo
1253 415 1361 446 nempe
1384 406 1506 446 Spiritu,
1525 406 1717 436 decernimus

898 459 963 480 nos.
981 449 1081 480 Talem
1098 450 1181 480 illum
1204 450 1478 490 providentissimas
1500 450 1598 489 magni
1621 451 1719 482 Patris

899 494 999 525 Basilii
1013 494 1222 525 instructiones
1237 499 1397 534 sequentes
1416 499 1562 526 tenemus.
1575 494 1717 535 Propter-

900 547 995 578 eaque
1018 543 1046 569 et
1074 539 1257 578 dignitatem,
1276 548 1333 579 qua
1359 539 1508 570 secundus
1524 548 1590 570 esse
1611 549 1627 570 a
1642 539 1716 570 Filio

898 583 1008 614 dicitur
1023 582 1150 624 Spiritus
1172 587 1302 621 sanctus,
1332 593 1366 614 ex
1389 584 1453 623 jam
1479 593 1570 624 supra
1598 584 1719 625 scriptis

899 627 1021 659 minime
1029 628 1243 667 eripientes,ne
1250 628 1281 658 in
1288 628 1433 658 immanes
1443 627 1645 668 blasphemias
1654 638 1719 668 pro-

897 671 1042 709 labamur,
1054 672 1139 710 illud,
1151 681 1190 703 ea:
1199 673 1264 712 ipso
1273 681 1335 703 esse
1346 673 1587 712 possidentem,et
1602 672 1639 703 ab
1652 674 1717 713 ipso

898 717 1096 755 accipientem
1104 719 1131 746 et
1143 716 1373 746 denuntiantem
1382 715 1504 749 nobis,et
1515 716 1549 747 in
1555 724 1673 746 summa
1680 716 1718 747 ab

900 760 953 791 ιιια
964 769 1057 791 causa
1071 760 1336 800 dependentem,ex
1350 760 1462 790 calamo
1479 769 1627 800 manuque
1643 760 1720 790 divi-

603 806 639 838 ὡς
669 805 854 844 ἐξηγουμένου,
870 840 887 845 _
900 805 1012 845 niloqni
1021 805 1178 845 magnique
1190 804 1293 835 Basilii
1307 814 1376 845 proc

944 805 1012 845 oqni
1021 805 1178 845 magnique
1190 804 1293 835 Basilii
1307 804 1488 845 processisse
1512 805 1586 835 citra
1599 808 1717 835 contra-

39 849 95 880 πῶς
122 848 213 888 εἴρηκε
239 840 394 888 δευτερεύειν
416 840 610 886 ἀξιώματιλεοῦ
635 851 695 878 Υἱοῦ
721 840 752 878 τὸ
766 840 809 878 ἺΠν

946 840 1059 880 tionem
1071 840 1337 890 credimusmliquo
1353 849 1440 880 modo
1457 849 1644 890 exponentis,
1661 857 1719 889 qua

37 903 75 929 μα
96 893 124 920 τὸ
150 893 235 932 ἅγιον,
268 893 309 921 ὅτι
349 894 428 933 φησὶν
467 894 504 925 ὡς
533 893 595 933 παρ’
625 895 704 922 αὐτοῦ
730 895 762 923 τὸ
788 901 858 922 εἶναι

37 937 111 977 ἕχον,
147 937 191 965 καὶ
220 937 282 976 παρ’
319 938 397 966 αὐτοῦ
431 936 578 976 λαμϐάνον,
620 939 663 967 καὶ
696 939 859 979 ἆναγγὲλλον

35 983 113 1020 ἡμῖν,
143 982 186 1010 καὶ
227 981 296 1013 ὅλως
337 982 439 1015 ελείνης
481 983 530 1015 τῆς
576 983 659 1015 αἰτίας
698 982 857 1022 ἰξημμένον.

37 1021 79 1054 ’Ἡ
96 1025 212 1054 δότωσαν
233 1027 257 1054 οἱ
284 1026 350 1066 πρὸς
383 1030 460 1055 τοίτο
486 1026 642 1066 προθέμενοι
670 1029 719 1062 τὴν
741 1028 858 1057 ἐναντίαν

35 1071 186 1099 παντάπασι
208 1070 320 1109 βαδίζειν
349 1071 418 1108 ἡμῖν
440 1070 530 1111 ἑτέραν
559 1071 659 1100 ἔννοιαν
687 1079 748 1104 ταῖς
770 1073 806 1104 εἰς
828 1073 859 1100 τὸ

35 1120 113 1144 Θειον
142 1116 232 1154 ὀρθαῖς
253 1114 405 1153 ὑπολήψεσι
426 1119 479 1143 τῶν
505 1115 627 1155 Πατέρων
652 1116 856 1156 συντρέχουσαν,

34 1159 92 1188 καθ’
121 1160 153 1194 ἣν
181 1159 338 1200 δευτερεύειν
367 1159 495 1198 ἀξιώματι
523 1164 569 1189 τοῦ
599 1162 660 1189 Υἱοῦ
686 1162 717 1190 τὸ
751 1165 858 1199 Πνεῦμα

33 1206 65 1234 τὸ
106 1205 181 1243 ἅγιον
217 1204 332 1244 εἰρῆσθαι
375 1205 534 1242 νομίζουσιν.
577 1200 622 1237 Ὦς
664 1205 733 1234 ἔστιν
758 1205 858 1235 ἄτοπον

32 1250 158 1280 ἐπιεικῶς
182 1249 280 1282 ταύτην
309 1249 358 1286 μὲν
387 1247 591 1286 ἀποδοκιμάζειν
633 1249 736 1286 αὐτοὺς,
772 1250 858 1284 ἄλλην

33 1294 62 1322 δὲ
105 1293 235 1332 μηδεμίαν
278 1295 350 1333 τῶν,
373 1292 485 1322 εὖσεόὦν
534 1293 649 1333 εἰσάγειν
682 1294 858 1332 μηδοπωσοῦν

33 1338 169 1369 δύνασθαι.
201 1337 281 1367 Πόθεν
298 1345 306 1375 ;
332 1332 424 1367 ’Ὅπου
437 1348 467 1377 γε
489 1340 538 1371 τῆς
560 1337 685 1379 ἀληθείας
704 1338 746 1367 ἐπὶ
760 1341 858 1372 παντὸς

33 1382 118 1421 λόγου
144 1383 188 1410 καὶ
222 1382 379 1422 πράγματος
408 1382 488 1416 οὔσης
515 1386 590 1420 μιᾶς,
611 1383 715 1422 ἀνάγκη
731 1383 758 1412 δὲ
772 1387 859 1412 πᾶσαν

29 1427 122 1456 τελεῖν
149 1427 210 1461 μὶαν
231 1427 289 1456 τινὰ
311 1427 355 1455 καὶ
376 1427 484 1455 ἐνταῦθα
512 1427 561 1461 τὴν
589 1427 716 1462 ἀληθινὴν
744 1428 858 1460 ἔννοιαν.

29 1472 107 1505 Αὕτη
123 1471 151 1499 δὲ
176 1470 282 1503 πάντως
311 1471 486 1507 καθέστηκεν,
503 1473 525 1500 εἱ
547 1471 589 1500 δεῖ
610 1473 744 1511 συντόμως
761 1474 858 1511 εἰπεῖν,

899 894 1014 925 ratione
1024 893 1288 933 dixerit,dignitate
1303 895 1468 925 secundum
1484 903 1549 925 esse
1556 893 1720 934 aFilioSpi-

899 939 989 969 ritum
1005 942 1265 978 sanctum,nempe
1280 938 1358 978 quod
1370 938 1407 969 ab
1422 939 1486 978 ipso
1501 948 1564 970 esse
1579 938 1679 975 habet,
1692 941 1720 969 et

900 983 937 1013 ab
952 985 1018 1022 ipso
1034 983 1140 1023 accipit
1151 987 1180 1014 et
1193 983 1356 1014 annuntiat
1380 983 1477 1020 nobis,
1501 987 1531 1014 et
1545 983 1580 1014 in
1602 991 1720 1014 summa

900 1028 938 1059 ab
953 1027 1009 1059 illa
1022 1036 1114 1058 musa
1127 1027 1344 1067 depeudetzaut
1358 1027 1408 1068 qui
1418 1027 1476 1058 sibi
1489 1031 1719 1068 proposuerunt,

899 1072 986 1103 aliam
1001 1072 1147 1112 nobisque
1162 1074 1339 1103 contrariam
1359 1072 1474 1103 calcare
1488 1072 1577 1109 viam,
1595 1075 1720 1103 senten-

900 1117 970 1149 tiam
982 1117 1083 1155 aliam,
1096 1117 1175 1148 sanis
1199 1118 1318 1148 Patrum
1341 1116 1379 1148 de
1398 1116 1525 1148 Numine
1554 1117 1720 1157 apprehen-

899 1161 1033 1193 sionibus
1047 1161 1225 1193 concordem
1241 1161 1406 1202 insinuent,
1421 1161 1457 1192 ob
1473 1170 1560 1202 quam
1576 1160 1718 1201 Spiritum

900 1211 1034 1237 sanctum
1047 1216 1064 1237 a
1075 1206 1149 1237 Filio
1165 1206 1329 1237 secundum
1344 1206 1456 1237 dictum
1468 1215 1533 1237 esse
1545 1206 1718 1246 opinantur.

900 1251 998 1287 Quare
1020 1250 1180 1282 absurdum
1205 1254 1249 1281 est
1272 1251 1358 1290 plane
1382 1251 1460 1281 hanc
1483 1250 1563 1290 ipsos
1578 1250 1718 1291 rejicere,

900 1295 987 1327 aliam
1003 1295 1210 1332 vero‘nullam,
1237 1304 1302 1335 qua;
1327 1299 1408 1327 recta
1434 1295 1482 1334 sit,
1508 1295 1615 1325 aﬂ‘erre
1637 1294 1720 1325 nullo

901 1340 991 1371 modo
1003 1348 1100 1380 posse.
1118 1340 1272 1371 Undenam
1282 1339 1297 1369 ?
1309 1339 1382 1371 Cum
1397 1348 1456 1370 una
1468 1339 1499 1369 in
1514 1348 1547 1370 re
1562 1347 1718 1370 sermone—

902 1395 959 1426 que
974 1385 1072 1416 omnis
1087 1384 1195 1416 veritas
1218 1384 1266 1420 sit,
1283 1384 1332 1414 hic
1348 1383 1437 1414 etiam
1452 1392 1541 1414 unam
1557 1392 1718 1422 veramque

902 1429 1079 1461 sententiam
1102 1439 1177 1460 esse.
1195 1428 1263 1460 Haac
1278 1437 1346 1459 vero
1362 1428 1462 1464 fuerit,
1493 1428 1518 1458 si
1544 1427 1719 1467 compendio

901 1485 950 1506 res
965 1474 1150 1515 expedienda
1164 1478 1219 1514 est,
1236 1482 1324 1514 quam
1351 1482 1368 1504 a
1389 1482 1495 1511 magno
1511 1472 1566 1503 hoc
1583 1471 1722 1502 instructi

27 1518 64 1551 ἢν
88 1517 154 1555 πρὸς
189 1520 236 1545 τοῦ
275 1516 393 1554 μεγάλου
434 1515 604 1556 διδαχθέντες
642 1517 800 1555 ἆποὸεδώκαι

947 1519 1087 1550 didimus.
1100 1518 1357 1557 Quemadmodum
1368 1518 1459 1555 enim,
1472 1520 1504 1548 ut
1518 1525 1585 1548 cum
1601 1516 1720 1547 divinis-

29 1557 145 1599 "ucmsp
160 1561 220 1600 γὰρ,
237 1560 283 1588 ἵνα
308 1560 368 1589 κατ’
398 1560 475 1589 αὐτὸν
496 1561 529 1589 τὰ
549 1562 609 1589 θεῖα
625 1561 708 1591 πολὺν
728 1563 773 1590 καὶ
788 1564 859 1594 αὖθις

901 1565 977 1595 slmo
988 1563 1043 1594 isto
1058 1573 1162 1594 rursus
1173 1562 1418 1603 eloquar,0rdine
1424 1565 1451 1593 et
1458 1561 1606 1601 dignitate
1617 1561 1722 1592 Filius

26 1605 96 1646 ἐρῶ,
125 1605 196 1637 τάξει
225 1606 269 1633 καὶ
296 1604 426 1643 ἀξιώματι
453 1610 501 1635 τοῦ
528 1607 631 1645 Πατρὸς
661 1607 732 1635 ἐστιν
759 1608 773 1635 ὁ

960 1609 1110 1640 secundus
1135 1617 1154 1639 a
1173 1608 1273 1645 Patre,
1302 1606 1380 1647 quod
1406 1606 1443 1637 ab
1470 1607 1535 1645 ipeo
1554 1605 1719 1645 possideat,

27 1651 165 1689 δεύτερος,
196 1649 236 1677 ὅτι
263 1649 327 1689 παρ’
355 1651 434 1679 αὐτοῦ
467 1649 593 1684 κέκτηται
623 1650 680 1689 μεθ’
709 1652 747 1680 ὧν
773 1650 800 1681 ἄ)

949 1663 969 1684 n
985 1653 1071 1683 bonis
1084 1652 1208 1692 reliquis
1224 1651 1333 1692 quibus
1343 1650 1582 1691 locupletatur,et
1596 1657 1722 1681 causam

26 1695 161 1734 πλουτεῖ,
195 1695 240 1723 καὶ
266 1694 315 1727 τὴν
345 1694 428 1722 αἰτίαν
464 1695 508 1722 καὶ
538 1695 586 1728 τὴν
615 1695 704 1735 ἀρχὴν
731 1698 781 1730 τῆς

949 1698 1132 1739 principium
1146 1706 1208 1728 suae
1224 1696 1420 1733 exsistmtiw,
1438 1704 1498 1726 non
1514 1695 1575 1739 alio
1584 1738 1587 1739 ν
1599 1703 1722 1735 prorsus

24 1739 146 1780 άρξεως,
177 1739 207 1767 οὗ
241 1737 300 1766 κατ’
331 1737 431 1766 ἔννοιαν
453 1738 543 1778 ἑτέραν
571 1740 630 1767 τινὰ
653 1740 699 1768 τοῦ
713 1739 797 1778 ἆξιώμ

952 1737 1067 1773 niiicatu
1087 1741 1226 1781 digntatis
1258 1745 1287 1771 et
1301 1740 1427 1778 ordinis,
1444 1739 1513 1770 dum
1533 1738 1650 1779 reliqua
1663 1747 1725 1769 om-

25 1796 58 1813 τε
87 1784 132 1812 καὶ
153 1786 202 1822 τῇς
229 1782 328 1815 τάξεως
365 1782 498 1820 οὐδαμῶς,
540 1782 681 1824 ἐπειδήπερ
718 1786 744 1813 αἱ
772 1784 798 1813 λι

949 1801 963 1824 ι,
980 1796 1071 1818 unum
1086 1787 1143 1817 hoc
1167 1787 1193 1817 si
1214 1786 1354 1826 excipias,
1383 1783 1509 1815 immani
1536 1783 1722 1823 blasphemia

26 1833 120 1858 πᾶσαι
150 1828 235 1867 χωρὶς
256 1827 353 1860 ταύτης
369 1827 543 1867 ἀποφέρονται
569 1828 638 1856 πολὺ
652 1839 677 1856 τι
693 1830 723 1857 τὸ
737 1828 799 1868 βλάα

951 1835 1064 1863 Ὓθδῐηί
1080 1831 1124 1862 sic
1140 1834 1168 1861 et
1182 1829 1308 1871 Spiritus
1332 1833 1450 1860 sanctus
1466 1828 1614 1859 secundus
1638 1831 1684 1858 est
1707 1837 1724 1858 a

25 1884 84 1913 μον
102 1881 112 1891 ³
139 1872 208 1900 οὕτω
223 1871 341 1910 δεύτερον
372 1871 454 1908 τάξει,
482 1873 527 1900 καὶ
547 1871 618 1900 τοῦτ’
637 1874 699 1903 αὐτὸ
730 1877 776 1902 τοῦ
795 1879 798 1897 4

950 1877 977 1907 io
993 1880 1022 1907 et
1033 1875 1174 1914 dignitatc
1187 1878 1217 1907 et
1232 1874 1348 1912 ordine,
1365 1882 1424 1906 non
1438 1877 1469 1904 ut
1481 1873 1539 1912 ipsi
1551 1872 1723 1912 opinantur,

23 1919 115 1959 γόρου
145 1916 261 1956 Πατρὸς,
289 1916 334 1944 καὶ
369 1915 498 1954 ἆξιώματι
525 1917 555 1945 τὸ
583 1921 690 1955 Πνεῦμα
720 1919 751 1947 τὸ
786 1919 796 1947 ὁ

949 1921 953 1951 |
967 1925 999 1951 ut
1013 1920 1128 1951 exsistit
1142 1919 1177 1950 ab
1192 1919 1358 1959 unigenito,
1388 1922 1500 1949 tantum
1520 1917 1590 1957 quia
1604 1916 1640 1947 ab
1657 1916 1722 1957 ipso

85 1962 93 1974 ν
143 1960 173 1980 ,ιη
212 1961 218 1971 ι
307 1961 314 1971 ι
339 1963 352 1968 -
410 1959 422 1970 ν
607 1961 613 1972 ι
719 1963 723 1972 ι

21 1974 82 1992 κατ
127 1970 250 1999 ουοεμιαν
288 1971 372 1989 αυτων
411 1972 523 1997 εννοιαν,
554 1961 604 1990 ἀλλ
642 1962 660 1996 ἢ
692 1973 790 2002 πεφυκε

954 1975 970 1996 e
985 1965 1117 2002 habet,et
1131 1964 1166 1994 ab
1182 1965 1246 2004 ipso
1261 1963 1414 2003 accipit,et
1428 1960 1725 1998 annuntiatnobis,et

20 2009 214 2046 Μονογενοῦς,
240 2004 311 2039 πλὴν
334 2004 374 2033 ὅτι
396 2016 437 2034 τοι
460 2005 523 2045 παρ’
544 2007 624 2036 αὐτοῦ
644 2008 674 2035 τὸ
692 2008 764 2036 εἶναι
791 2008 793 2034 i

949 2019 1063 2040 summa
1085 2009 1122 2040 ab
1147 2008 1196 2040 illa
1214 2017 1305 2039 causa
1326 2006 1445 2047 pendet,
1463 2006 1504 2037 uti
1521 2005 1639 2045 sapiens
1655 2014 1721 2035 ma-

19 2054 71 2081 καὶ
105 2049 171 2090 παρ’
200 2052 279 2079 αὐτοῦ
307 2048 437 2088 λαμϐάνει
461 2051 505 2078 καὶ
532 2050 689 2090 ἀναγγέλλει
711 2053 791 2090 ἡμῖν,

949 2063 1036 2094 usque
1061 2053 1188 2085 Basilius
1202 2051 1348 2083 decernit.
1369 2051 1422 2082 His
1437 2050 1623 2090 potissimum
1638 2049 1722 2079 volu-

18 2097 103 2128 ὅλως
134 2095 239 2128 ἐκείνης
271 2095 320 2128 τῆς
356 2095 439 2128 αἰτίας
461 2094 583 2135 ἐξῆπται,
613 2097 681 2124 κατὰ
708 2098 754 2125 τὸν
782 2108 791 2125 c

949 2108 985 2129 na
1009 2098 1119 2136 omnia,
1136 2098 1166 2128 iri
1189 2096 1295 2138 quibus
1318 2095 1431 2127 dictum
1455 2094 1552 2125 simile
1573 2097 1722 2133 exaratur,

17 2143 70 2170 καὶ
107 2142 194 2178 μεγαν
223 2138 370 2169 Βασίλειον.
403 2137 451 2168 Ἐκ
472 2140 571 2168 τούτων
600 2141 644 2169 καὶ
666 2141 782 2179 μάλιστα

952 2143 1064 2174 minam
1072 2137 1322 2183 pulchritudinem
1330 2140 1426 2171 Patris
1436 2139 1566 2184 retinere
1575 2147 1725 2184 assevera-

18 2184 157 2225 βίϐλους,
188 2183 234 2215 αἶς
258 2183 373 2222 ἔγκειται
395 2184 426 2212 τὶ
446 2187 563 2212 τοιοῦτον
594 2185 686 2224 ῥητὸν,
716 2186 791 2214 ἀπεσι

951 2197 980 2226 ιε,
997 2179 1111 2228 reliqua
1123 2187 1233 2223 omnia,
1251 2187 1281 2217 in
1294 2185 1402 2225 quibus
1413 2193 1473 2215 non
1488 2183 1606 2224 legitur,
1623 2182 1724 2223 spuria

15 2232 51 2259 τὸ
80 2229 198 2268 γοήσιον
229 2227 328 2259 κάλλος
358 2227 404 2256 τοῦ
431 2229 533 2266 [ἰατρὸς
558 2228 774 2269 διαϐεϐαιούμεθα

692 2230 774 2269 opaea;
792 2239 799 2246 ·
815 2232 862 2263 τὰς
904 2239 993 2274 atque
1008 2227 1170 2263 adulterata
1185 2240 1251 2264 esse
1266 2228 1465 2261 decernimus.

13 2275 45 2304 δὲ
75 2274 181 2305 λοιπὰς
197 2273 271 2304 ὃσαις
287 2275 377 2305 ποσῶς
404 2271 520 2312 ἔγκειται
542 2272 644 2308 δηλαδὴ
658 2275 689 2302 τὸ
717 2275 792 2304 νόθον
820 2277 864 2304 καὶ

12 2319 238 2359 παρέγγραπτον
253 2317 327 2358 ἔχειν
348 2317 559 2357 ἀποφαινόμεθα.

60 2357 125 2393 νιεῖ
144 2363 213 2400 Πρὸς
240 2361 257 2390 ἄ
283 2357 328 2390 οιαὶ
357 2362 396 2400 μὴ
425 2362 559 2395 σθένοντες
591 2362 738 2402 ἀντιλέγειν
765 2364 788 2392 οὶ
815 2363 830 2392 ὃ

950 2364 996 2404 25,
1012 2362 1105 2394 Dictis
1115 2370 1182 2392 cum
1195 2359 1407 2404 contradicere
1416 2357 1723 2404 nequeant,qnirebus

11 2409 133 2440 παντὸς
163 2406 223 2436 κατ’
249 2406 333 2446 ὄρεξιν
355 2405 388 2440 δὴ
415 2406 500 2444 μόνην
516 2407 560 2435 καὶ
581 2401 747 2446 θέλημαντῆς
763 2409 784 2437 al

953 2401 1084 2440 minibus
1094 2405 1172 2447 quod
1184 2404 1325 2436 voluntati
1335 2407 1364 2434 et
1378 2401 1495 2434 libidini
1503 2411 1564 2434 suae
1577 2402 1726 2434 obsecun-

9 2453 125 2494 ψυχῆς
156 2452 311 2491 ἡγούμενοι,
344 2455 419 2480 τοῦτο
445 2452 557 2492 τρυφὴν,
587 2453 699 2492 φήσαιεν
725 2453 757 2482 ἃν
780 2454 782 2465 λ

955 2453 1057 2494 ,idque
1082 2450 1210 2492 propriae
1224 2449 1331 2481 animae
1347 2447 1470 2494 delicias
1485 2451 1573 2494 atque
1588 2447 1723 2494 oblecta-

7 2491 66 2529 έπῖ
74 2491 123 2525 ’τὸ
153 2497 235 2536 ῥητὸν
263 2500 309 2525 τοῦ
331 2496 470 2525 Noomin»;
498 2491 689 2536 ἀρχιποίμενος
704 2501 780 2538 Γρηγι

953 2491 1269 2537 ιιιοέοριιιαιιι,(1ιοοιιι
1283 2494 1420 2538 fortasse,
1438 2491 1470 2522 in
1485 2492 1598 2538 dictum
1614 2493 1725 2538 Grego-

8 2548 69 2573 τοῦ
115 2548 178 2573 τοῖς
214 2539 328 2578 δόγμασι
366 2538 507 2575 διαϐοήτου
534 2537 772 2579 μεταπηδήσαντες

956 2542 1155 2583 Nyssenorum
1170 2537 1550 2583 antistitis,inrdrogmatibus
1561 2537 1725 2583 statuendis

7 2590 88 2619 τοὺς
126 2586 250 2625 ἀγεννεῖς
287 2587 340 2612 τῶν
377 2583 591 2614 καταϐαινόντων
630 2587 665 2619 εἰς
693 2587 724 2615 τὸ
759 2599 780 2616 σ-

953 2581 1107 2623 eberrimi,
1125 2584 1304 2622 resilientes,
1320 2582 1362 2613 uti
1378 2582 1477 2621 ignavi
1493 2582 1653 2613 luctatores
1669 2581 1724 2612 de—

8 2633 173 2666 ὰολητων,
204 2628 304 2661 οἵτινες
333 2628 404 2656 ἔστιν
433 2630 464 2657 οὗ
490 2629 617 2668 γέμοντες
642 2631 774 2664 ἀναιδείας

956 2631 1082 2662 ndentes
1092 2630 1122 2660 in
1133 2628 1259 2660 stadium
1263 2626 1520 2667 ,quiimpudentia
1526 2626 1728 2667 jactantiaque

6 2679 65 2707 καὶ
107 2675 293 2715 φρονήματος,
330 2672 434 2701 ἐπειδὰν
462 2675 595 2708 ἡττηθῶσι
623 2675 682 2704 καθ’
709 2676 735 2704 ἕν
763 2677 779 2705 ἆ

955 2676 1069 2714 ni,cum
1085 2674 1116 2705 in
1135 2683 1193 2705 uno
1213 2671 1392 2718 certamine,
1403 2671 1483 2702 lucta
1507 2680 1617 2712 nempe
1636 2680 1727 2711 supe-

4 2732 98 2761 σμα,
138 2720 208 2760 φημὶ
235 2719 285 2752 τὴν
307 2717 395 2751 πάλην
421 2719 515 2757 τυχὸν,
546 2719 638 2759 ἂθρόον
665 2721 708 2750 καὶ
736 2733 777 2761 παγ

953 2721 972 2761 i,
989 2719 1087 2750 statim
1116 2727 1150 2750 ac
1175 2720 1298 2759 repente
1322 2715 1353 2747 in
1367 2715 1449 2747 aliud
1465 2715 1647 2754 transiliunt,
1672 2724 1726 2746 nec

2 2763 153 2810 θρασέως
181 2774 237 2797 πως
291 2761 479 2801 μεταπηδῶσιν
508 2762 548 2804 ἐφ’
578 2763 678 2805 ἕτερον,
704 2767 773 2804 μήτε

951 2760 1060 2796 nimum
1077 2763 1198 2804 quidem
1213 2765 1396 2804 spectatores
1409 2760 1542 2801 reveriti,
1553 2761 1585 2792 in
1599 2769 1724 2802 quorum
