1958 3081
83 112 151 144 1205
521 115 570 145 DE
592 113 846 146 PROCESSIONE
867 113 896 144 S.

82 177 169 212 ἔφησεν
186 188 194 196 ⁸

82 191 169 218 εφησεν
186 191 194 196 ·
249 191 305 209 ιοου
340 191 401 220 γαρ,
439 191 492 209 ιοου
534 191 640 219 ιινευμα
680 191 729 213 της
754 191 888 216 αΛηυειας,

79 223 202 251 τουτέστιν
248 224 340 253 ἑαυτοῦ
386 225 432 253 τὸν
475 224 647 265 Παράκλητον
689 225 780 262 εἰπὼν,
817 224 888 264 παρὰ

79 272 119 296 τοῦ
154 269 255 307 Πατρὸς
304 268 485 308 ἰκπορεύεσθαί
532 280 624 310 φησιν.
675 264 783 308 ’Ὠσπερ
838 269 887 307 γὰρ

77 313 139 348 ἔστιν
173 312 241 342 ἴδιον
282 315 388 350 Πνεῦμα
424 317 471 342 τοῦ
513 315 573 342 Υἱοῦ
615 314 731 354 φυσικῶς
760 313 786 341 ἐν
816 313 887 350 αὒτῷ

77 368 102 384 τε
126 357 255 397 ὑπάρχον⁹
282 358 325 386 καὶ
353 356 386 386 δι’
413 357 492 387 αὐτοῦ
517 359 624 398 προϊὸν,
665 357 734 386 οὕτω
762 358 806 385 καὶ
843 362 889 387 τοῦ

78 402 182 440 Πατρὸς.
215 397 279 432 ιὈτι
301 403 351 442 γὰρ
373 403 450 431 εἶπεν
472 404 486 430 ὁ
508 397 620 442 Χριστὸς
643 403 689 431 τὸν
716 402 888 441 Παράκλητον

77 449 174 484 Πνεῦμα
203 450 251 481 τῆς
281 447 404 481 ἀληθείας
433 448 546 487 εἰρηκὼς
574 448 650 480 οὗτος
685 448 728 476 καὶ
756 448 887 487 προσθεὶς,

76 491 199 520 τουτέστιν
232 492 335 528 ἑαυτοῦ,
377 492 436 521 κατ’
473 493 586 530 ἐκεῖνον¹
612 492 679 522 ἴδιον
708 496 812 530 Πνεῦμα
841 496 887 521 τοῦ

77 536 131 564 Υἱοῦ
157 540 272 577 φυσικῶς
300 537 327 565 ἐν
348 539 419 574 αὐτῷ
453 549 481 566 τε
507 537 639 577 ὑπάρχον,
669 538 712 565 καὶ
739 537 783 565 δι”
810 537 886 566 αὑτοῦ

74 581 163 619 προϊὸν
193 581 387 621 ἐφηρμήνευσε⁷
430 583 474 610 τὸν
503 585 549 610 τοῦ
580 582 648 610 θείου
674 581 774 620 Πατρὸς
803 585 885 609 Βασι-

74 623 139 653 λείου
175 626 265 665 σαφιῦς
292 625 414 659 δηλωσας
442 627 542 654 σκοπὸν
581 625 614 653 δι’
654 626 744 665 ἑτέρας
765 626 796 654 τὸ
824 625 887 653 αὐτὸ

73 670 247 706 σημαινούσης
275 671 345 710 ἱερᾶς
374 671 510 710 χρήσεως.
541 673 636 699 τοῦτον
658 669 685 697 δὲ
717 670 763 698 τὸν
791 670 887 709 τρόπον

73 714 114 742 καὶ
153 714 298 754 Γρηγόριος
334 716 347 743 ὁ
389 714 457 743 πάνυ
497 715 556 754 περὶ
582 719 630 744 τοῦ
656 715 809 752 Πνεῦματος
843 718 889 743 τοῦ

72 759 207 798 παναγίου,
240 760 285 787 καὶ
320 759 351 787 ἐκ
377 762 424 788 τοῦ
454 759 515 788 Υἱοῦ
544 759 616 787 εἶναι
651 760 890 798 προσμαρτυρετταὶ

73 804 135 840 μετὰ
168 803 272 837 πολλῆς
305 803 450 843 παῤῥησίας
481 804 573 840 εἰπὼν,
603 804 722 843 ἐπήγαγε
749 804 889 843 παρευθὺς,

76 859 88 874 α
111 849 138 876 Εἰ
165 849 214 887 γὰρ
235 859 275 879 τις
307 851 413 886 Πνεῦμα
434 851 550 888 Χριστοῦ
579 848 625 876 οῦκ
651 848 722 888 ἔχει,
743 848 834 888 φησὶν,
851 849 890 875 οῦ-

72 903 115 924 τος
131 892 177 921 οὒκ
199 892 268 920 ἔστιν
297 893 388 930 αὐτοῦ,
412 904 424 920 ι
455 893 505 926 τὴν
535 893 676 932 μαρτυρίαν
702 894 749 921 τοῦ
777 897 891 932 Χριστο-

71 937 182 975 κήρυκος
212 936 315 967 Παύλου
342 938 409 965 κατὰ
437 938 482 966 τὸν
516 937 598 965 πολὺν
626 938 669 965 καὶ
699 937 782 976 μέγαν
810 937 891 965 Βασί-

71 981 150 1018 λειον,
179 982 224 1010 καὶ
248 981 338 1021 ἑτέραν
378 981 585 1020 ἀπολεξάμενος,
625 981 752 1010 Ἐνταῦθα
781 982 891 1021 φανερὸν

71 1025 109 1053 ὅτι
144 1030 257 1065 μερικῶς
288 1025 515 1055 συναποδέδεικται
552 1027 654 1058 τούτοις
683 1026 751 1064 μηδὲ
787 1026 835 1059 τὴν
862 1026 891 1054 ἐκ

70 1069 209 1110 διαφέρειν,
238 1071 282 1099 καὶ
310 1071 358 1104 τὴν
387 1070 429 1099 διὰ
456 1077 514 1102 τοῖς
536 1070 578 1099 ἐπὶ
593 1073 641 1104 τῆς
656 1071 792 1110 θεολογίας
808 1072 890 1105 ὀρθῶς

69 1116 112 1143 καὶ
138 1116 201 1155 πρὸς
227 1115 371 1154 ἀσφάλειαν
400 1119 453 1143 τῶν
481 1116 557 1154 ἱερῶν
583 1115 722 1155 δογμοίτων
747 1116 827 1148 αὐτὰς
842 1115 890 1143 ἑκ-

922 113 1098 144 SPIRITUS
1119 113 1232 144 ORAT.
1257 112 1296 143 II.
1691 111 1766 144 1206

239 178 305 209 Ἰδοὺ
340 180 401 220 γὰρ,
438 179 492 209 ἰδοὺ
534 183 640 219 Πνεῦμα
680 183 729 213 τῆς
754 179 886 216 ἀληθείας,

975 188 1029 219 per
1039 179 1138 219 ipsum
1150 178 1359 219 progrediens,
1368 179 1412 210 ita
1423 181 1451 210 et
1465 178 1662 215 Patris.Quia
1673 178 1754 210 enim

930 224 1064 254 Christus
1079 223 1211 259 dixerat,
1239 222 1422 254 Paracletum
1451 222 1592 264 Spiritum
1621 223 1753 254 veritatis

931 268 1147 307 nuncupans,is
1167 267 1350 305 addens,hoc
1364 268 1631 308 estsuimetipsius,
1643 271 1676 298 ut
1691 267 1752 308 ille,

927 313 1093 352 proprium
1104 313 1177 344 Filii
1188 312 1343 352 Spiritum
1357 311 1541 343 naturaliter
1553 313 1585 342 in
1595 313 1660 352 ipso
1674 315 1755 343 exsi-

930 359 1066 393 stentem,
1074 361 1104 388 et
1116 366 1171 397 per
1178 357 1268 388 iitum
1276 356 1525 397 progredientem
1539 356 1750 396 interpretatus

931 405 985 439 est,
1001 401 1092 432 divini
1114 401 1209 432 Patris
1230 401 1329 432 Basilii
1349 405 1450 441 aperte
1465 410 1587 441 scopum
1603 401 1751 441 indicans,

929 445 986 476 alio
999 445 1030 476 id
1046 446 1142 486 ipsum
1158 446 1334 476 insinuantis
1347 455 1433 476 sacro
1444 445 1533 475 dicto.
1556 445 1620 476 Pari
1636 445 1749 477 ratione

928 495 956 520 et
972 500 1094 530 magnus
1103 490 1264 529 Gregorius
1279 490 1316 521 dc
1332 490 1518 520 sanctissimo
1535 489 1656 530 Spiritu,
1671 493 1700 521 et
1714 499 1753 520 ea:

926 535 1005 566 Filio
1011 544 1075 566 esse
1081 536 1316 574 astruitur,cum
1329 534 1673 566 confidenteradmodum
1685 543 1757 574 pro-

928 579 1102 616 nuntiasset,
1119 580 1215 609 statim
1232 579 1400 615 subnexuit,
1415 579 1543 619 «Siquis
1557 579 1639 609 enim
1649 579 1752 619 Spiri-

929 628 992 654 tum
1008 623 1122 655 Christi
1136 633 1196 655 non
1209 624 1421 662 hobet,ait,hic
1432 633 1491 654 non
1502 627 1543 654 est
1555 624 1647 663 ejus,»
1664 623 1751 654 testi-

930 668 1064 699 monium
1080 667 1187 700 Christi
1200 669 1344 708 praeconis
1356 669 1439 700 Pauli
1454 678 1489 699 ex
1505 677 1611 707 magno
1627 668 1749 706 Basilio,

931 717 960 743 et
975 713 1054 743 aliud
1067 713 1156 743 etiam
1173 713 1292 744 aliunde
1308 713 1430 754 petitum
1452 722 1608 753 usurpans.
1621 713 1676 744 Hic
1688 714 1750 752 jam

931 757 1120 788 manifestum
1151 761 1206 793 est,
1237 766 1271 788 ex
1298 762 1377 798 parte
1400 758 1636 788 demonstratum
1661 757 1752 789 fuisse

932 802 1011 832 inter
1026 802 1253 842 praepositiones
1267 811 1306 833 ea:
1318 807 1346 833 et
1359 811 1426 843 per,
1444 812 1509 833 cum
1522 811 1571 833 res
1582 802 1754 841 theologicae

903 845 921 870 Β
934 846 1241 886 pertractantur,apud
1257 855 1318 884 eos,
1335 848 1385 887 qui
1396 856 1501 878 secure
1516 851 1657 887 recteque
1671 856 1756 878 sacra

934 891 1069 930 dogmata
1082 891 1239 923 deﬁniunt.
1266 892 1379 922 nullum
1395 901 1461 922 esse
1483 891 1644 922 discrimen
1663 900 1749 922 :cum

933 935 964 966 in
980 935 1086 975 quibus
1102 936 1144 966 illi
1158 935 1249 976 probe
1257 945 1313 976 per
1324 936 1596 977 adaptarunt,divus
1613 936 1660 967 hic
1674 935 1751 967 Gre-

933 980 1032 1019 gorius
1047 989 1086 1011 ea:
1094 980 1285 1021 apposuit.Et
1299 981 1362 1012 baac
1370 981 1491 1021 quidem
1507 980 1647 1021 primum,
1663 981 1706 1011 uti
1722 981 1752 1011 in

934 1025 1086 1064 presentis
1119 1024 1362 1057 contradictionis
1382 1025 1466 1056 initio
1481 1025 1553 1060 dixi,
1569 1026 1752 1057 adversario-

932 1079 997 1100 rum
1010 1070 1066 1100 tela
1081 1074 1159 1110 sunt,
1176 1070 1283 1110 quibus
1309 1070 1352 1101 illi
1370 1070 1564 1102 auxiliaribus
1578 1069 1748 1108 utebantur,

932 1115 962 1145 in
976 1115 1096 1145 eosdem
1113 1114 1229 1145 fortiter
1243 1123 1259 1145 a
1272 1124 1320 1146 me
1335 1118 1480 1146 contorta.

69 1159 254 1198 λαμϐάνουσιν.
273 1156 395 1198 Ἐπείπερ
426 1160 453 1188 ἐν
480 1162 524 1192 οἷς
553 1160 650 1189 ἐκεῖνοι
679 1160 768 1192 καλῶς
797 1159 944 1199 παρέλαϐον
972 1160 1020 1194 τὴν
1035 1159 1087 1197 διὰ,
1104 1160 1216 1188 τέθεικεν
1246 1162 1259 1188 ὁ
1285 1162 1356 1192 θεῖος
1379 1160 1522 1199 Γρηγόριος
1550 1162 1625 1192 οὗτος
1650 1162 1699 1194 τὴν
1722 1161 1752 1189 ἐκ

69 1205 198 1243 πρόθεσιν.

69 1250 136 1286 σημὶ
164 1249 327 1289 περιτρέπων
362 1249 479 1289 ἰσχυρῶς
498 1250 557 1281 τούς
578 1249 709 1281 ἐναντίους
731 1249 756 1283 ἐξ
781 1251 819 1277 ὧν
840 1250 876 1281 εἰς

109 1288 157 1331 ς’.
177 1295 205 1323 Εἰ
220 1293 246 1322 δὲ
275 1293 317 1321 δεῖ
339 1304 373 1331 με
400 1296 449 1331 τῇς
480 1296 625 1332 περικοπῆς
655 1294 804 1331 μνησθέντα
840 1305 888 1331 μι-

67 1339 128 1378 κρὸν
155 1337 253 1367 ἄνωθεν
282 1337 396 1377 ἀκριϐῶς
422 1337 540 1370 ἐξετάσαι
572 1339 605 1366 τὰ
627 1339 685 1367 κατ’
708 1339 802 1376 αὐτὴν,
824 1337 889 1378 τάχ’

67 1382 98 1410 ἂν
118 1383 170 1411 κᾶκ
197 1386 249 1412 τῶν
270 1383 395 1422 πρότερον
416 1390 539 1422 φανεῖται
566 1383 615 1417 τὴν
639 1383 669 1411 ὲκ
691 1385 705 1412 ὁ
727 1383 810 1423 μέγας
824 1383 889 1411 κάπὶ

66 1431 112 1455 τοῦ
141 1429 202 1456 Υἱοῦ
225 1427 310 1466 λέγων
331 1438 360 1456 τε
382 1427 425 1455 καὶ
446 1429 591 1464 τιθέμενος.
618 1427 692 1456 Ἐπεὶ
709 1428 768 1467 περί
784 1439 811 1456 τε
827 1439 888 1456 κοι-

246 1206 294 1234 Kal
322 1205 403 1233 ταῦτα
434 1205 482 1242 μὲν
521 1205 547 1233 ἐν
589 1205 703 1243 πρώτοις
736 1205 822 1237 καθὼς
852 1205 994 1244 ἀρξάμενος
1033 1204 1082 1238 τῆς
1111 1204 1245 1243 παρούσης
1284 1204 1437 1237 ἀντιθέσεως
1481 1204 1616 1233 διαλαϐεῖν
1659 1205 1751 1245 ἔφθην,

906 1249 1002 1277 οἰκείαν
1018 1249 1090 1276 αὐτοὶ
1118 1248 1296 1287 προῦϐάλοντο
1311 1249 1387 1283 δῆθεν
1415 1250 1550 1284 Βοήθειαν,

970 1293 1019 1325 '26.
1034 1292 1117 1328 Quod
1137 1293 1172 1330 si,
1198 1293 1324 1333 repetita
1345 1293 1495 1334 pericope,
1512 1293 1598 1333 qaulo
1614 1293 1703 1325 altius
1722 1294 1754 1325 in

930 1346 964 1368 ea
975 1337 1192 1377 comprehensa
1217 1338 1413 1368 examinanda
1428 1342 1506 1376 sunt,
1525 1338 1599 1369 forte
1616 1347 1649 1369 ex
1665 1343 1750 1370 ante-

930 1381 1363 1422 cedentibuszpraepositionem
1392 1391 1431 1413 ea;
1452 1392 1578 1421 magnus
1593 1383 1641 1413 hic
1656 1383 1700 1413 vir
1714 1383 1752 1414 de

928 1426 1003 1457 Filio
1016 1426 1126 1457 dixisse
1142 1428 1373 1467 apposuisseque
1391 1427 1601 1468 comperietur.
1628 1427 1750 1463 Quando

66 1483 110 1500 νον
137 1473 180 1500 καὶ
207 1471 289 1511 ἰδίωνν
325 1473 362 1504 ὡς
387 1470 527 1510 προλαϐὼν
562 1472 676 1511 εἷρήκειν
716 1476 769 1501 τῶν
803 1474 830 1500 ἓν
854 1475 886 1510 τῇ

982 1471 1109 1510 propriis
1124 1475 1153 1501 et
1168 1471 1389 1510 communibus,
1413 1476 1443 1502 ut
1471 1473 1555 1511 paulo
1573 1475 1642 1502 ante
1654 1472 1750 1510 innui,

66 1518 196 1557 θεαρχικῇ
238 1515 327 1556 Τριάδι
363 1515 475 1553 διεξιὼν,

63 1563 137 1600 ῥῆμα
169 1561 300 1601 θεολογῶν
327 1561 440 1598 τούτοις,
473 1561 516 1589 καὶ
543 1563 581 1598 τῷ
605 1560 717 1600 δόγματι
733 1561 886 1601 προσηκόν-

63 1617 117 1638 τως
147 1605 377 1644 ἑμπλατυνόμενος
396 1615 404 1624 ⁸
428 1602 467 1635 υΟ
495 1617 523 1634 τε
552 1606 602 1645 γὰρ
631 1607 689 1638 Υἱὸς
712 1606 742 1634 ἐκ
763 1606 808 1634 τοῦ
828 1609 886 1634 Πα-

62 1652 124 1689 τρὸς
169 1650 273 1691 ἐξῆλθε,
321 1651 406 1684 καθώς
448 1662 527 1691 φησιν
575 1651 592 1684 ἡ
628 1651 728 1690 Γραφὴ,
779 1652 822 1679 καὶ
856 1652 886 1678 τὸ

64 1698 173 1733 Πνεῦμα
200 1697 230 1724 ὲκ
264 1699 310 1724 τοῦ
344 1699 410 1725 Θεοῦ
450 1697 494 1724 καὶ
534 1695 605 1733 παρὰ
626 1699 670 1724 τοῦ
702 1696 804 1735 Πατρὸς
839 1695 886 1723 ἐκ-

62 1740 215 1773 πορεύεται.
247 1739 320 1768 Ἀλλ’
353 1740 441 1780 ὥσπερ
472 1740 502 1768 τὸ
527 1739 587 1767 ἄνευ
616 1739 700 1772 αἰτίας
736 1740 806 1768 εἶναι
833 1740 885 1777 μό-

61 1795 108 1812 νου
144 1788 191 1813 τοῦ
238 1785 340 1824 Πατρὸς
375 1785 414 1824 ὃν,
454 1787 493 1821 τῷ
527 1785 579 1821 Υἰῷ
617 1784 661 1811 καὶ
687 1786 726 1820 τῷ
754 1785 885 1822 Πνεῦματι

58 1829 256 1869 ἐφαρμοσθῆναι
295 1830 323 1858 οὒ
365 1828 469 1857 δύναται
487 1837 494 1844 ⁸
538 1828 606 1857 οὕτω
647 1829 677 1856 τὸ
712 1828 826 1866 ἔμπαλιν
855 1830 885 1857 τὸ

59 1873 87 1906 ἐξ
124 1874 208 1905 αἰτίας
232 1875 314 1910 εἶναι,
345 1874 410 1913 ὅπερ
445 1872 512 1901 ἴδιον
538 1873 593 1901 ἐστι
621 1876 666 1901 τοῦ
694 1873 752 1901 Υἰοῦ
773 1874 817 1902 καὶ
840 1878 886 1903 τοῦ

58 1919 226 1957 Ιῐνεύματος,
271 1921 310 1955 τῷ
345 1919 425 1958 Πατρὶ
470 1917 675 1956 έπιθεωρηθῆναι
718 1918 793 1957 φύσιν
837 1918 885 1946 οὒκ

57 1963 133 2003 ἔχει,
166 1966 260 1992 Κοινοῦ
289 1962 316 1991 δὲ
345 1961 420 1994 ὄντος
446 1966 484 2000 τῷ
517 1963 569 1990 ι’ἱῶ
607 1963 650 1990 καὶ
677 1965 716 1999 τῷ
752 1963 883 2000 Πνεύματι

53 2011 104 2036 τοῦ
132 2008 170 2045 μὴ
205 2008 358 2047 ἀγεννήτως
382 2009 464 2045 εἶναι,
501 2008 537 2039 ὡς
565 2006 595 2035 ἂν
628 2007 665 2044 μή
694 2018 734 2039 τις
756 2008 882 2047 σύγχυσις

52 2054 118 2092 περὶ
161 2053 192 2080 τὸ
236 2053 407 2091 ὑποκείμενον
462 2051 619 2090 θεωρηθείη,
677 2051 757 2080 πάλιν
813 2051 881 2080 ἔστιν

51 2097 172 2134 ἄμικτον
198 2097 247 2131 τὴν
297 2098 324 2125 ἓν
369 2103 429 2129 τοῖς
463 2095 601 2133 ἰδιώμασιν
634 2097 718 2124 αὐτῶν
760 2095 882 2136 διαφορὰν

52 2141 188 2180 ἐξευρεῖν,
223 2143 258 2175 ὡς
280 2141 311 2169 ἂν
332 2142 376 2170 καὶ
410 2142 441 2169 τὸ
469 2141 556 2169 κοινὸν
592 2139 750 2180 φυλαχθείη,
781 2142 824 2169 καὶ
852 2142 882 2169 τὸ

52 2186 129 2215 ἴδιον
175 2186 214 2224 μὴ
258 2186 414 2226 συγχυθείη.
456 2185 543 2214 Ταῦτα
581 2188 723 2224 Γρηγοριος
755 2185 830 2216 οὗτος
871 2186 884 2213 ὁ

49 2230 140 2263 πολὺς
184 2231 211 2259 ἒν
247 2230 370 2270 θεολογίᾳ
408 2230 451 2258 καὶ
486 2228 599 2268 δόγμασι
628 2228 814 2267 διαλαμϐάνων
842 2230 886 2258 καὶ

49 2277 197 2311 συντιθεὶς,
223 2276 254 2304 τὺ
284 2276 399 2303 ὰναιτίον
423 2285 452 2302 τε
480 2275 524 2303 καὶ
554 2275 588 2302 τὸ
616 2273 642 2306 ἐξ
680 2274 762 2306 αἰτίας
792 2274 819 2302 ὲν
851 2278 885 2313 τῇ

52 2323 195 2361 θεαρχικῇ
217 2320 305 2360 Τριάδι
333 2319 457 2360 διαφορὰν
478 2319 564 2356 μόνην
585 2317 684 2355 δίδωσι,
707 2320 737 2347 τὸ
763 2319 812 2356 μὲν
841 2320 883 2347 αἰ-

47 2366 111 2397 τίας
143 2366 227 2406 χωρὶς
257 2365 412 2404 προσνέμων
434 2366 473 2400 τῷ
494 2363 586 2400 Πατρὶ,
609 2365 647 2399 τῷ
671 2362 694 2390 δ’
710 2362 735 2396 ἐξ
749 2364 831 2396 αἰτίας
845 2367 884 2400 τῷ

49 2412 109 2448 ΐἰῷ
133 2411 178 2439 καὶ
206 2413 244 2447 τῷ
266 2410 409 2447 Πνεύματι,
435 2407 517 2436 Πάλιν
546 2407 574 2435 δὲ
601 2408 645 2436 καὶ
665 2407 767 2439 τούτοις
787 2409 823 2439 ὡς
852 2408 882 2436 ἂν

46 2456 170 2493 ἄμικτον
205 2455 310 2495 παρέξει
345 2454 480 2494 διαφορὰν,
514 2452 651 2481 κάντεῦθεν
688 2453 718 2480 τὸ
747 2452 882 2492 Τριαδικὸν

46 2499 207 2540 φυλαχθείη
237 2503 289 2527 τῶν
316 2498 486 2527 ὺποστάσεων
516 2498 552 2530 εἷς
579 2495 622 2525 δύο
651 2496 757 2536 διαιρῶν
791 2498 822 2525 τὸ
856 2496 882 2530 ἐξ

46 2543 140 2576 αἰτίας
178 2545 342 2581 θεοπρεπῶς,
392 2543 461 2570 οὓτω
502 2541 645 2582 φθέγγεται
681 2543 730 2574 τῆν
758 2540 882 2581 διαφορὰν

46 2588 234 2628 ἐξηγούμενος
253 2597 260 2605 ·
300 2583 329 2616 ’0
363 2587 413 2626 γὰρ
435 2586 578 2626 μονογενὴς
607 2586 666 2618 Υἱὸς
693 2585 724 2614 ἐκ
749 2589 796 2614 τοῦ
823 2589 882 2614 Πα-

44 2635 114 2673 τρὸς
154 2633 226 2671 παρὰ
267 2635 317 2665 τῆς
360 2631 434 2670 ἁγίας
478 2630 583 2671 Γραφῆς
632 2630 798 2669 ι’)νομοίζετοιι⁷
838 2631 882 2659 καὶ

46 2678 140 2718 μέχρι
170 2678 263 2706 τούτου
309 2679 322 2705 ὁ
356 2677 435 2716 Λόγος
466 2676 574 2716 ἵστησιν
605 2676 676 2712 αῦτῷ
710 2676 740 2703 τὸ
774 2675 878 2714 ἰδίωμα.

46 2723 86 2752 Τὸ
115 2721 145 2750 δὲ
180 2722 256 2761 ἅγιον
284 2724 389 2759 Πνεῦμα
423 2721 467 2749 καὶ
493 2720 522 2748 ἐκ
548 2723 593 2748 τοῦ
620 2720 722 2758 Πὰτρὸς
759 2719 877 2760 λέγεται,

44 2767 95 2796 καὶ
126 2768 159 2797 ὲκ
183 2772 229 2798 τοῦ
265 2768 324 2796 Υὶοῦ
358 2767 429 2794 εἶναι
464 2771 713 2806 προσμαρτυρειται.
749 2766 779 2794 Τί
814 2766 877 2794 τού-

527 1517 596 1545 οὒτω
636 1516 784 1556 διαλέγεται
819 1518 886 1545 κατὰ

970 1524 992 1545 a3
1007 1515 1036 1545 in
1052 1515 1172 1546 Deitatis
1191 1515 1327 1557 principe
1341 1516 1449 1547 Triade
1463 1520 1540 1553 sunt,
1553 1520 1748 1556 pertractans,

927 1559 1026 1590 verbis
1041 1569 1101 1590 non
1115 1560 1181 1590 aliis
1207 1561 1299 1592 utitur
1315 1561 1352 1592 de
1379 1561 1436 1592 illis
1462 1561 1648 1600 discernens,
1665 1566 1694 1592 et
1709 1562 1751 1592 uti

928 1613 980 1644 par
995 1609 1039 1634 est
1062 1604 1172 1635 fusiore
1199 1605 1333 1636 oratione
1355 1605 1461 1645 dogma
1481 1607 1657 1645 explanans:
1673 1606 1750 1638 Cum

927 1648 1024 1679 Filius
1038 1657 1079 1679 ex
1094 1649 1183 1680 Patre
1193 1650 1301 1690 exivit,
1317 1653 1351 1681 ut
1365 1650 1516 1690 Sriptura
1532 1652 1584 1687 ait,
1599 1653 1628 1681 et
1643 1650 1747 1690 Spiri-

928 1697 975 1724 tus
990 1703 1028 1725 ex
1037 1693 1097 1725 Deo
1110 1697 1139 1724 et
1150 1703 1189 1724 ea:
1199 1695 1293 1726 Patre
1306 1695 1448 1735 procedit.
1464 1695 1526 1726 Sed
1552 1697 1748 1736 quemadmo-

927 1738 999 1769 dum
1010 1738 1120 1777 absque
1134 1747 1224 1770 causa
1240 1739 1406 1779 esse,solius
1423 1740 1527 1771 Patris
1537 1748 1604 1771 cum
1614 1741 1655 1772 sit
1665 1741 1749 1772 Filio

927 1786 958 1813 et
971 1782 1103 1822 Spiritui
1113 1783 1255 1823 adaptari
1265 1784 1426 1824 nequit,sic
1432 1787 1536 1816 contra
1543 1793 1581 1815 ea:
1587 1793 1678 1816 causa
1688 1794 1751 1817 esse

927 1828 1005 1866 quod
1013 1832 1056 1859 est
1064 1829 1221 1868 proprium
1232 1828 1305 1860 Filii
1314 1833 1341 1860 et
1351 1829 1485 1868 Spiritus
1500 1830 1649 1867 sancti,de
1655 1829 1748 1861 Patre

927 1872 1119 1904 considerari
1130 1872 1265 1904 alienum
1280 1877 1324 1905 est
1335 1882 1354 1904 a
1370 1874 1577 1905 παίωνα-σαψ
1592 1883 1663 1905 vero
1673 1884 1749 1906 com-

926 1925 1017 1948 mune
1031 1919 1072 1948 sit
1090 1918 1167 1949 Filio
1182 1921 1208 1949 et
1225 1918 1360 1958 Spiritui
1382 1919 1538 1958 ingenitus
1549 1927 1609 1949 non
1621 1927 1692 1959 esse,
1710 1928 1749 1951 ne

925 1963 1064 2001 confusio
1078 1963 1157 1994 circa
1170 1963 1336 2002 subjectum
1352 1963 1568 2000 consideretur,
1587 1972 1694 1994 rursus
1705 1968 1749 1995 est

923 2006 1016 2045 facile
1031 2015 1134 2038 eorum
1150 2008 1184 2038 in
1195 2007 1433 2047 proprietatibus
1444 2008 1609 2038 discrimen
1618 2008 1748 2039 adiuve-

923 2053 1040 2091 nire,ut
1055 2055 1084 2082 et
1099 2060 1255 2083 commune
1267 2055 1503 2092 conservetur,et
1517 2053 1676 2092 proprium
1686 2062 1748 2084 non

923 2094 1210 2134 confundatur.ch
1225 2095 1385 2134 Gregorius
1405 2096 1454 2126 hic
1469 2096 1500 2126 in
1524 2096 1699 2136 theologicis
1712 2106 1746 2127 ac

924 2139 1061 2179 dogmate
1067 2140 1434 2179 conspicuus,tractans,et
1444 2149 1625 2180 componens
1636 2140 1748 2181 absque

895 2190 1014 2214 Dcausa
1030 2188 1140 2221 esse,et
1153 2194 1187 2214 ex
1203 2193 1290 2216 causa
1309 2194 1374 2215 esse
1389 2184 1420 2214 in
1435 2184 1597 2216 divinitatis
1612 2185 1746 2225 principe

927 2228 1037 2260 Triade
1059 2228 1258 2260 dilferentiam
1284 2229 1377 2260 solam
1402 2229 1545 2269 agnoscit,
1577 2229 1650 2259 illud
1667 2230 1746 2270 quod

925 2272 1038 2313 absque
1052 2282 1141 2304 causa
1156 2277 1201 2304 est
1214 2274 1292 2305 Patri
1308 2274 1484 2312 attribuens,
1512 2273 1590 2314 quod
1610 2283 1645 2305 ex
1659 2283 1747 2306 causa

926 2322 982 2359 est,
998 2318 1072 2349 Filio
1089 2323 1119 2349 et
1132 2318 1268 2358 Spiritui.
1285 2320 1457 2359 Rursusque
1472 2319 1518 2350 his
1529 2319 1697 2359 postremis,
1714 2323 1748 2350 ut

925 2362 1108 2394 inconfusam
1121 2363 1318 2394 differentiam
1331 2363 1479 2400 exhibeat,
1493 2367 1522 2394 et
1533 2362 1603 2393 inde
1617 2362 1744 2395 Trinitas

924 2407 1119 2447 hypostaseon
1136 2412 1337 2448 conservetur,
1354 2407 1429 2439 illud
1438 2408 1516 2448 quod
1533 2417 1568 2439 ex
1583 2417 1672 2439 causa
1687 2413 1743 2450 est,

925 2456 956 2482 ut
969 2456 1067 2483 tamen
1083 2452 1140 2483 Deo
1156 2453 1304 2489 convenit,
1323 2452 1527 2491 subdivideus,
1548 2457 1577 2484 et
1601 2453 1744 2485 differen-

925 2496 993 2527 tiam
1012 2506 1176 2537 exponens,
1192 2498 1233 2528 ita
1249 2497 1432 2538 pronuntiat:
1456 2497 1636 2537 Unigenitus
1663 2500 1745 2530 enim

923 2541 1020 2572 Filius
1033 2550 1071 2573 ea:
1084 2541 1178 2573 Patre
1188 2551 1206 2573 a
1215 2542 1323 2573 divina
1333 2542 1498 2582 Scriptura
1506 2542 1622 2574 dicitur
1632 2546 1660 2574 et
1666 2543 1745 2576 hanc

922 2586 1141 2626 praprietatem
1168 2588 1266 2618 oratio
1288 2595 1350 2618 non
1372 2587 1500 2624 excedit,
1525 2587 1659 2627 Spiritus
1674 2597 1744 2620 vero

922 2634 1047 2662 sanctus
1054 2635 1080 2662 et
1087 2640 1126 2662 ea:
1138 2631 1232 2662 Patre
1240 2631 1362 2668 dicitur,
1378 2635 1406 2662 et
1414 2640 1451 2663 ea:
1458 2631 1537 2663 Filio
1550 2641 1613 2664 esse
1624 2635 1743 2664 astrui-

924 2675 1066 2712 tur.Quid
1077 2676 1186 2707 clarius
1193 2676 1251 2707 dici
1264 2677 1358 2716 potuit
1369 2676 1405 2707 iis
1417 2677 1466 2716 qui
1480 2681 1578 2708 mente
1587 2686 1646 2708 non
1653 2678 1744 2709 vacil-

921 2719 998 2751 lant?
1012 2720 1088 2756 Quid
1109 2729 1209 2761 equos
1230 2729 1297 2752 sese
1309 2720 1450 2752 exhibere
1465 2730 1524 2752 non
1547 2722 1742 2753 renuentibus

919 2764 1064 2806 apertius?
1074 2764 1416 2807 Unigenitus,ait,Filiu|
1430 2775 1466 2797 ex
1477 2767 1540 2798 solo
1551 2768 1637 2799 Patre
1646 2767 1744 2801 dictur
