1958 3081
250 155 326 188 1231

822 158 1084 193 CONSTANTINI
1113 158 1391 198 MELITENIOTA

1868 160 1926 192 1232

253 231 321 275 cum
332 222 404 274 nihil
416 224 507 275 sint,a
521 232 538 254 a
554 224 703 264 pestiferis
717 228 748 256 et
761 225 975 275 superstitiosis
987 226 1026 257 ho

1149 225 1165 253 ιὶ
1193 226 1258 265 πρὸς
1279 225 1386 266 ἀσφαλῆ
1414 226 1491 265 βάσιν
1513 226 1558 255 καὶ
1585 225 1692 265 βεϐαίαν
1732 226 1922 275 ἐπερειδόμενος.

255 267 346 311 nibus
361 267 392 298 in
410 267 533 299 deorum
561 277 719 300 numerum
738 269 824 301 relati
848 275 928 308 sunt,
956 274 986 302 et
1014 279 1080 311 quae

251 310 305 343 Dei
322 316 393 343 sunt
406 313 540 354 propria,
552 313 589 344 ab
602 313 709 344 iisdem
725 314 877 346 constituti
892 319 961 346 sunt
981 310 1079 346 vocari

250 357 487 398 nuncuparique,
516 358 682 389 secundum
707 359 787 390 hunc
809 368 930 391 sensum
946 359 1080 391 Salvator

252 401 348 433 solum
366 410 466 433 verum
482 403 578 434 Deum
591 403 710 434 Patrem
737 404 906 444 appellavit,
925 404 1079 436 universos

250 446 325 478 alios
347 455 402 487 per
416 446 492 478 hanc
507 447 668 480 dictionem
682 448 753 479 falso
769 448 843 480 deos
854 448 950 480 dictos
974 458 993 480 a
1006 457 1077 480 Vero

250 491 312 522 Deo
327 491 415 531 longe
430 491 671 533 repellens.lllud
684 494 831 534 porrozDe
840 493 890 525 hic
900 497 1001 525 autem
1011 493 1077 531 illo,

249 536 314 567 sive
327 536 404 567 hora
411 545 496 568 nemo
508 538 593 568 novit
604 538 666 568 nisi
680 537 764 568 solus
796 540 900 577 Pater,
915 537 1078 569 secundum

249 580 339 611 aliam
355 585 484 612 mentem
500 581 536 612 ad
553 582 765 613 destruendam
778 592 898 614 omnem
910 587 1076 614 creatorum

250 625 450 665 cognitionem
466 625 579 657 dictum
592 631 648 667 est,
661 630 800 667 tanquam
810 637 876 668 quae
887 628 917 658 in
929 627 1077 658 similibus

250 669 340 709 plane
354 679 433 701 caeca
446 670 600 712 sit,neque
611 671 705 702 valeat
720 672 886 703 futurorum
901 672 958 703 sibi
975 672 1076 704 scien-

250 715 320 746 tiam
331 714 493 747 vindicare.
509 715 579 747 Haec
594 715 693 756 itaque
709 716 747 748 de
772 716 903 748 dictione
916 718 1002 748 solus
1018 726 1076 747 non

250 760 323 790 citra
340 760 494 791 veritatem
522 760 690 792 examinata
713 765 792 802 sunt,
819 761 872 792 sed
896 771 961 802 quae
977 760 1078 801 probis

250 804 401 846 aequisque
442 804 626 836 auditoribus
664 805 703 836 ad
733 806 813 837 illius
849 805 1076 846 intelligentiam

1143 274 1211 298 am
1232 274 1372 310 τοιγαροῦν
1399 271 1479 308 μόνος
1502 271 1516 298 ὃ
1542 271 1633 310 Πατὴρ
1659 274 1741 299 ταῦτα
1770 270 1872 311 λέγεται
1895 273 1925 299 xxi

1121 313 1203 354 ἔστιν,
1233 315 1263 343 οὗ
1289 316 1356 356 πρὸς
1384 315 1515 355 ἀναίρεσιν
1553 319 1599 344 τοῦ
1630 316 1701 353 ι’ἶοῦ,
1735 316 1852 356 καθάπερ

1120 357 1296 398 λαμϐάνουσι,
1335 361 1401 399 πρὸς
1437 359 1464 388 δὲ
1508 359 1610 389 τελείαν
1636 360 1792 400 ἀνατροπὴν
1825 363 1874 388 τῶν
1894 363 1926 390 οὶῑι

1120 402 1202 433 ὄντων
1237 405 1298 442 μὲν,
1327 404 1506 443 νομιζομένων
1536 403 1563 432 δὲ
1587 405 1731 445 τυγχάνειν
1751 406 1832 445 θεῳν,
1854 405 1928 438 οἵτινες

1119 448 1150 476 τὸ
1176 448 1261 486 μηδὲν
1288 448 1362 481 ὅντες
1391 450 1442 478 ὑπὸ
1473 449 1574 488 λοιμῶν
1601 450 1647 478 καὶ
1674 448 1872 487 δεισιδαιμόνων
1894 451 1929 478 ὲν-

1119 491 1186 532 δρῶν
1208 492 1422 531 άνεπλᾶσθησαν,
1451 495 1496 522 καὶ
1523 494 1556 522 τὰ
1584 497 1696 522 τοιαῦτα
1715 495 1852 534 θεοπρεπῆ

1117 538 1218 566 τούτων
1245 539 1330 567 αὐτῶν
1354 538 1505 578 ἐτάχθησαν
1530 539 1620 571 κακῶς
1644 537 1785 566 καλεῖσθαι
1822 540 1863 566 καὶ
1881 540 1930 567 dvo-

1119 583 1259 620 μάζεσθαι.
1292 583 1366 612 Κατὰ
1408 583 1506 616 ταύτην
1531 583 1581 616 τὴν
1611 582 1713 611 ἔννοιαν
1740 583 1755 611 ὁ
1785 583 1876 622 Σωτὴρ
1898 584 1932 610 ut

1119 627 1199 664 μόνον
1228 625 1352 660 ἀληθινὸν
1368 626 1449 667 ἔφησε
1476 628 1521 656 τὸν
1551 627 1655 666 Πατέρα
1677 627 1755 664 Θεὸν,
1785 628 1870 656 πάντα
1887 629 1931 655 τινὶ

1119 670 1161 699 διὰ
1181 674 1231 705 τῆς
1251 671 1378 705 τοιαύτης
1406 672 1498 711 φωνῆς
1520 670 1691 709 ψευδώνυμον
1713 672 1781 699 Θεὸν
1803 673 1849 700 τοῦ
1872 672 1931 703 ὄντος

1118 715 1359 754 ἀποπεμπόμενος.
1389 717 1424 745 Τὸ
1452 716 1492 753 δὲ,
1522 726 1537 746 ι
1553 717 1616 756 Περὶ
1636 718 1686 750 τῆς
1707 716 1812 756 ἡμέρας
1834 717 1930 756 ἐκείνης,

1118 759 1136 794 ἢ
1166 760 1214 794 τῆς
1245 760 1314 800 ὥρας
1346 759 1427 793 οὐδεὶς
1450 760 1533 798 οἷὸὲν,
1564 761 1586 788 εἰ
1611 760 1650 799 μὴ
1678 760 1762 798 μόνος
1778 762 1792 788 ὁ
1813 762 1928 801 Πατὴρ,ι

1118 805 1195 832 τοῦτο
1219 805 1287 833 κατὰ
1314 807 1372 833 νοῦν
1401 804 1489 842 ἕτερον
1516 803 1560 832 ἐπ’
1589 804 1719 844 ἀναιρέσει
1748 803 1871 833 λέλεκται
1890 806 1931 833 πὲ-

250 848 370 880 abunde
384 850 566 881 suffecerint.
585 849 669 886 Quod
685 850 711 881 si
726 851 862 882 nonnulli
892 851 955 882 haec
969 850 1018 882 ani

1157 860 1170 881 ς
1198 848 1245 882 τῆς
1265 848 1319 876 τῶν
1346 852 1480 887 γεννητῶν
1502 848 1626 888 γνώσεως
1657 850 1694 880 ὡς
1722 848 1882 888 ἐξαργούσης
1894 850 1929 877 αὖ-

249 893 357 925 alienis
365 894 586 933 fastidiunt,hos
595 895 784 935 persuadebit
794 895 884 926 dictio
895 895 985 936 solus,
1010 903 1076 925 cum

249 938 330 970 nude
347 938 398 970 illa
413 939 526 980 prolata
538 939 576 970 de
591 938 668 970 Filio
684 945 872 978 agnoscetur.
885 939 988 980 Neque
997 939 1076 970 enim

251 987 314 1014 tum
327 983 475 1024 quispiam
503 984 610 1024 poterit
636 984 852 1024 contradicere,
879 993 946 1015 cum
975 993 1029 1024 per
1044 992 1078 1014 ea

251 1028 359 1069 quibus
373 1028 635 1067 decertat,Patrem
645 1028 967 1069 destruet.Etjquonam
974 1028 1005 1058 in
1013 1028 1077 1058 loco

249 1073 280 1103 id
290 1073 418 1113 positum
427 1073 479 1104 sit?
491 1072 676 1113 inquiunt.In
688 1073 871 1113 propheticis
885 1073 944 1104 illis
952 1071 1052 1103 verbis
1069 1080 1075 1103 :

248 1118 308 1148 Hic
320 1119 400 1149 Deus
408 1120 506 1149 etnon
514 1118 707 1158 reputabitur
715 1117 800 1149 alius
810 1122 926 1158 prater
935 1117 1076 1158 ipsum“.

247 1161 442 1193 Hicillud:Et
452 1171 513 1194 non
532 1163 727 1203 reputabitur
742 1163 823 1194 alius
835 1166 945 1203 prater
964 1163 1075 1202 ipsum,

250 1206 347 1237 solum
360 1207 481 1238 indicat.
499 1207 541 1238 De
553 1207 628 1239 Filio
638 1217 708 1238 vero
720 1217 888 1239 sermonem
901 1216 978 1244 esse,
997 1207 1076 1247 quod

249 1251 385 1292 sequitur
400 1251 641 1284 manifestissime
656 1252 797 1283 ostendit.
821 1252 955 1293 Namque
969 1253 1075 1284 subdi-

250 1299 315 1326 tur:
326 1295 365 1328 In
375 1300 461 1328 terra
471 1300 612 1337 apparuit
623 1297 807 1335 hominibus,
818 1301 924 1328 etcum
939 1298 1075 1329 homini-

250 1340 305 1372 bus
319 1345 512 1373 conversatus
525 1344 568 1373 est
576 1341 619 1373 79.
634 1342 708 1373 Cum
724 1341 824 1382 itaque
839 1341 910 1372 satis
921 1346 1032 1383 pateat,
1045 1343 1074 1374 id

249 1385 362 1417 dictum
377 1395 444 1418 esse
458 1386 496 1418 de
508 1386 594 1426 Filio,
608 1386 646 1417 de
661 1395 719 1427 quo
740 1386 854 1417 nullum
877 1387 955 1426 apud
981 1387 1074 1418 ullum

248 1430 298 1461 vel
316 1431 469 1461 minimum
488 1430 612 1461 dubium
629 1435 687 1472 est,
700 1440 768 1462 cum
780 1431 829 1461 hic
852 1431 917 1471 ipse
929 1431 1033 1472 sit,qui
1047 1433 1076 1463 in

250 1475 383 1506 carnein
392 1479 472 1506 terra
493 1475 668 1516 apparuitet
692 1485 759 1506 cum
785 1475 956 1507 hominibus
977 1477 1076 1508 incor-

251 1529 323 1560 pore
331 1513 523 1551 conservatus
535 1513 595 1558 est,
607 1520 644 1551 de
659 1520 786 1551 dictione
801 1520 884 1552 solus
900 1530 954 1561 per
968 1531 1022 1552 nos
1029 1513 1105 1553 ex-C

251 1563 364 1605 plicatis
379 1565 547 1606 quicunque
558 1564 799 1603 suadebitur,nisi
811 1569 910 1596 mente
921 1566 1076 1606 deperdita

249 1609 491 1641 volueritdamno
505 1619 566 1641 non
577 1609 730 1641 tolerando
742 1611 858 1641 Patrem
869 1610 988 1642 afﬁcere
996 1612 1075 1652 apud

251 1663 340 1685 sanos
356 1654 577 1695 prudentesque
586 1654 735 1694 homines,
745 1657 775 1685 et
789 1653 896 1694 quibus
911 1655 983 1687 Filio
995 1656 1072 1694 tavit,

250 1698 310 1729 illis
322 1698 427 1730 iisdem
438 1699 602 1739 periculum
610 1698 826 1739 omnium,quae
839 1708 969 1740 unquam
978 1700 1073 1738 fuere,

250 1743 473 1774 atrocissimum
489 1752 524 1774 ac
539 1743 912 1774 miserabilissimumPatri
927 1743 1076 1776 intentare

250 1787 378 1818 Possum
393 1788 481 1818 etiam
497 1796 533 1818 ex
548 1787 606 1818 alio
624 1787 787 1827 Scriptura;
809 1797 826 1818 a
844 1787 905 1819 Deo
925 1788 1076 1830 inspiratae

252 1831 318 1862 loco
327 1831 426 1863 solum
437 1832 474 1863 de
484 1831 558 1863 Filio
571 1831 682 1863 dictum
692 1831 990 1874 demonstrarequod
1004 1833 1074 1865 dum

251 1885 339 1917 quam
346 1876 480 1917 proxime
491 1876 676 1917 propositum
685 1886 808 1918 scopum
817 1877 1077 1918 attingat,validius

250 1919 360 1952 bellum
370 1920 455 1952 nobis
466 1921 629 1952 inferentes
645 1922 779 1962 impetet,
793 1927 822 1954 et
833 1921 892 1953 illis
902 1923 1018 1954 fortiter
1029 1933 1077 1954 re-

251 1965 442 2007 sistet.quua
453 1965 531 2007 apud
541 1975 614 1997 sano
625 1966 714 1997 modo
729 1976 779 1998 res
795 1967 1006 2007 intelligentes,
1021 1970 1076 2000 Pa-

251 2013 327 2041 trem
351 2010 525 2051 neutiquam
541 2011 718 2050 vnlnerabit,
738 2016 769 2043 et
792 2021 939 2043 summam
965 2012 1074 2045 Christi

249 2055 374 2095 gloriam
402 2055 541 2086 omnibus
568 2065 677 2088 sonore
705 2056 929 2097 depraedicabit.
945 2057 1002 2089 Sed
1011 2058 1074 2098 jam

249 2099 395 2140 scriptura
409 2100 563 2132 recitanda
577 2104 668 2141 est,et
692 2100 762 2132 dicti
781 2105 894 2137 auctor.
912 2106 941 2133 et
955 2102 1074 2133 effatum

1118 892 1167 926 τῆς
1194 892 1221 921 ἐν
1249 899 1307 924 τοῖς
1328 893 1456 925 τοιούτοις
1479 892 1644 933 ὁλοσχερῶς,
1667 895 1711 921 καὶ
1732 894 1773 931 μὴ
1803 893 1932 931 δυναμένης

1119 937 1216 977 αὒχετν
1232 937 1384 974 ἐπιστήμην
1411 941 1457 966 τοῦ
1472 937 1628 975 μέλλοντος.
1644 941 1730 966 Ταῦτα
1747 938 1797 975 μὲν
1819 938 1864 966 οὖν
1888 940 1933 975 περὶ

1118 986 1164 1011 τοῦ
1192 982 1272 1020 μόνος
1294 983 1362 1019 ἡμῖν
1391 983 1458 1019 μετὰ
1480 982 1528 1016 τῆς
1550 981 1674 1016 ἀληθείας
1694 981 1851 1021 ἐξήτασται,
1877 984 1932 1011 πάν-

1118 1037 1172 1059 τως
1198 1025 1226 1054 δὲ
1255 1032 1313 1058 τοῖς
1343 1026 1490 1065 εὐγνώμοσι
1516 1027 1569 1055 τῶν
1613 1027 1750 1066 ἀκροατῶν
1787 1027 1936 1067 ἀποχρῶντα

1119 1072 1201 1111 προὸς
1231 1072 1280 1106 τὴν
1303 1071 1380 1099 αὐτοῦ
1401 1072 1574 1105 κατανόησιν.
1592 1072 1621 1100 Ei
1636 1071 1663 1099 δέ
1687 1082 1758 1104 τινες
1785 1075 1840 1100 τῶν

1119 1116 1237 1156 ἐχόντων
1273 1115 1340 1144 εἰσὶν
1370 1115 1611 1148 ἀποδυσπτοῦντες
1639 1117 1704 1155 πρὸς
1732 1117 1768 1144 τὰ
1805 1115 1936 1156 λεγόμενα,

1118 1159 1269 1196 δυσωπήσει
1298 1162 1363 1200 πρὸς
1399 1161 1482 1189 πειθὼ
1511 1161 1618 1193 τούτους
1638 1161 1702 1189 αὐτὸ
1723 1160 1755 1189 τό
1789 1162 1871 1199 μόνος
1896 1173 1936 1200 τυ-

1117 1205 1182 1243 μνὸν
1202 1206 1279 1239 ἡνίκα
1319 1205 1439 1243 κείμενον
1478 1203 1520 1233 ἕπὶ
1554 1209 1602 1233 τοῦ
1638 1205 1698 1233 Υἰοῦ
1726 1207 1935 1244 γνωρισθήσεται.

1118 1251 1167 1279 Καὶ
1195 1251 1245 1290 γὰρ
1272 1252 1324 1290 οὐχ
1355 1249 1404 1283 ἕξει
1428 1261 1468 1282 τις
1493 1253 1639 1283 τηνικαῦτα
1665 1251 1696 1278 τὸ
1718 1250 1834 1278 σύνολον
1862 1252 1936 1278 ἀντ-ιι-

1115 1301 1178 1323 πεῖν
1193 1303 1201 1311 ⁸
1225 1295 1331 1334 ἐπείπερ
1363 1294 1461 1324 ἀπολεῖ
1486 1296 1531 1323 τὸν
1559 1294 1664 1334 Πατέρα
1692 1292 1726 1322 δι’
1755 1296 1796 1322 ὧν
1821 1295 1937 1335 ἀγωνίπ-

1115 1350 1170 1370 ται.
1207 1340 1257 1369 Καὶ
1277 1341 1329 1368 ποῦ
1356 1343 1434 1368 τοῦτο
1459 1339 1596 1379 retinui;
1631 1341 1738 1374 ζητοῦσι
1765 1341 1878 1377 μαθεῖν.
1903 1339 1937 1368 Ἐν

1115 1383 1227 1416 ἐκείνοις
1255 1391 1314 1416 τοῖς
1342 1390 1521 1425 προφητικοτς
1543 1384 1669 1423 ρημασιν,
1689 1394 1704 1411 α
1730 1383 1819 1416 Οὗτος
1844 1386 1860 1414 ὁ
1875 1387 1936 1424 Θιᾰς,

1117 1429 1160 1457 καὶ
1196 1429 1226 1458 οὗ
1269 1428 1455 1469 λογισθήσεται
1492 1428 1580 1468 ἕτερος
1619 1429 1685 1467 πρὸς
1723 1429 1819 1458 αδτὸν.
1847 1442 1861 1458 ι
1889 1429 1937 1458 Ἐν-

1116 1475 1199 1502 ταῦθα
1225 1474 1267 1514 τὸ,
1302 1483 1317 1503 (
1340 1473 1376 1502 Οὐ
1404 1472 1591 1512 λογισθήσεται
1622 1472 1710 1512 ἔτερος
1746 1474 1818 1512 πρὸς
1843 1474 1936 1510 «51b1,-

1117 1518 1148 1545 τὸ
1170 1518 1250 1555 μόνος
1272 1516 1364 1551 δηλοῖ.
1380 1518 1416 1547 Tb
1440 1516 1463 1545 δ’
1488 1523 1558 1545 εἶναι
1584 1517 1643 1556 περὶ
1664 1520 1711 1545 τοῦ
1730 1519 1795 1546 Υ·ἱοῦ
1810 1519 1860 1546 τὸν
1874 1518 1939 1556 λότῦν

1117 1563 1147 1592 τὸ
1176 1562 1235 1597 ἑξῆς
1257 1562 1405 1602 τρανότατα
1429 1561 1555 1592 δείκνυσι.
1577 1562 1650 1590 Μετὰ
1663 1565 1741 1590 τοῦτο
1769 1564 1825 1602 γὰρ
1848 1574 1917 1604 φησιν
1931 1570 1937 1577 ⁸

1121 1618 1133 1634 ι
1159 1606 1219 1636 Ἐπὶ
1253 1607 1302 1641 τῆς
1330 1607 1381 1646 γῆς
1421 1606 1510 1647 ὤφθη,
1546 1606 1591 1635 καὶ
1619 1606 1679 1638 τοῖς
1705 1606 1862 1645 ἀνθρώποις
1888 1618 1939 1635 σιν-

1117 1652 1279 1692 ανεστραφη,
1299 1663 1315 1680 ι
1350 1651 1469 1690 Φανεροῦ
1510 1650 1595 1680 τοίνυν
1629 1649 1815 1691 ὑπάρχοντος,
1853 1652 1892 1680 ὅτι
1914 1652 1941 1679 τὸ

1116 1695 1264 1736 λεγόμενον
1291 1697 1350 1736 περὶ
1378 1695 1424 1724 τοῦ
1467 1697 1538 1735 Υἱοῦ,
1568 1696 1613 1724 καὶ
1640 1697 1709 1724 κατὰ
1728 1700 1813 1725 τοῦτο
1838 1696 1940 1736 μηδενὸς

1116 1743 1169 1770 τῶν
1204 1742 1327 1770 ἁπάντων
1362 1740 1541 1779 μηδοπωσοῦν
1576 1740 1806 1781 ἀμφιϐάλλοντος²
1845 1743 1942 1780 ἐπείπερ

1116 1785 1194 1819 αὑτὸς
1223 1786 1299 1819 οὗτος
1321 1786 1335 1814 ὃ
1365 1786 1496 1824 σαρκικῶς
1525 1785 1598 1814 κάτω
1625 1788 1728 1824 φανεὶς,
1755 1788 1802 1816 καὶ
1830 1795 1889 1820 τοῖς
1903 1789 1942 1815 ἁνο

1116 1830 1231 1870 θρώποις
1258 1831 1479 1870 συναναστραφεὶς
1520 1831 1588 1868 μετὰ
1617 1831 1754 1869 σώματος,
1792 1833 1860 1865 τοῖς
1892 1832 1943 1869 περὶ

1117 1878 1163 1903 τοῦ
1208 1875 1288 1913 μόνος
1332 1875 1394 1914 παρ’
1435 1875 1513 1913 ἡμῶν
1554 1874 1731 1914 ἐγνωσμένοις
1773 1878 1943 1911 πεισθήσεται

1116 1922 1182 1960 πᾶς,
1211 1921 1233 1948 εί
1265 1920 1304 1958 μὴ
1333 1918 1427 1958 μέλλοι
1448 1918 1633 1959 φρενοϐλαϐὤς
1656 1920 1702 1948 τὸν
1725 1921 1834 1961 Πατέρα
1849 1926 1947 1959 ζημιω-

1116 1964 1240 1999 θήσεσθαι
1269 1964 1367 2002 ζημίαν
1402 1965 1432 1993 ού
1473 1966 1593 2004 φορητὴν
1631 1971 1690 1997 τοῖς
1718 1966 1798 1998 -τέως
1829 1977 1863 2005 γε
1893 1967 1947 1993 νσῖιν

1117 2007 1222 2049 ἔχουσι,
1250 2010 1294 2037 καὶ
1322 2007 1356 2037 δι’
1384 2010 1422 2037 ὧν
1449 2009 1646 2038 κατεσπούδασε
1671 2015 1718 2040 τοῦ
1731 2011 1806 2048 Υἶοῦ,
1832 2010 1947 2039 κίνᾶηον

1116 2056 1163 2082 τοῦ
1198 2054 1301 2093 Πατρὸς
1338 2053 1544 2092 ὑποστήσεσθαι,
1584 2053 1709 2082 κινδύνων
1751 2058 1807 2083 τῶν
1840 2055 1947 2083 πώποτε

1116 2097 1266 2139 γενομένων
1314 2099 1382 2126 τισὶν
1432 2095 1617 2139 ἑλεεινότερόν⁵
1655 2110 1686 2128 τε
1727 2100 1774 2128 καὶ
1817 2100 1948 2129 ἀθλιώτε-

249 2137 395 2186 iqsum,ut
408 2145 477 2176 in-e
486 2154 603 2186 quoque
616 2137 702 2176 nobis
718 2145 756 2177 de
770 2155 803 2177 re
819 2146 972 2187 proposita
985 2147 1022 2177 ﬁd

1205 2137 1291 2183 1Ἐχιιι
1312 2143 1356 2172 καὶ
1377 2142 1499 2187 ἀλλαχου
1519 2137 1567 2177 τῆς
1597 2144 1771 2173 θεοπνεύοτου
1794 2147 1904 2185 Γραιρῖλς
1916 2146 1947 2172 τὸ

251 2198 469 2230 comparemus.
487 2190 588 2222 Prima
615 2189 759 2222 adversus
786 2190 912 2223 Arianos
926 2192 1074 2234 oratione,

250 2234 332 2266 orbis
338 2238 484 2266 terrarum
492 2235 592 2266 lumen
600 2235 779 2267 Athanasius
786 2235 900 2268 scribit:
908 2236 1002 2268 Filios
1007 2245 1076 2268 vero

249 2279 314 2310 vice
328 2288 416 2311 versa
426 2280 506 2311 Deus
513 2288 582 2311 cum
590 2280 642 2317 sit,
654 2283 681 2310 et
691 2281 818 2320 imperio
835 2280 941 2312 Patris
956 2290 1077 2322 semper

249 2332 391 2364 regnans,
409 2327 436 2356 et
445 2323 583 2365 Spiritus
591 2326 691 2355 sancti
701 2324 783 2356 solus
793 2325 893 2357 dator.
910 2324 974 2362 Quo
985 2335 1076 2357 sensu

249 2369 332 2400 solus
357 2368 431 2401 illud
462 2368 623 2410 accipietur
650 2369 711 2408 hic,
741 2378 811 2409 erga
831 2379 883 2401 vos
911 2370 1076 2402 orationem

250 2422 350 2444 meam
366 2413 397 2444 in
414 2413 552 2454 praesenti
580 2417 732 2445 converto.
757 2413 997 2454 Spoliabimusne
1018 2416 1076 2446 Pa-

250 2461 326 2488 trem
341 2458 469 2498 Spiritus
483 2458 616 2496 datione,
634 2462 668 2489 ut
681 2458 739 2490 soli
753 2458 797 2490 illi
816 2459 967 2499 processio
983 2459 1077 2491 lucri-

250 2501 300 2532 ﬁat
311 2501 324 2532 ἲ
337 2501 446 2534 Absit!
464 2506 494 2534 et
508 2504 532 2534 si
547 2505 640 2534 multa
654 2507 742 2544 atque
767 2503 902 2543 ingentia
921 2513 986 2545 qua;
1003 2504 1075 2536 inde

250 2546 424 2578 exoriuntur
437 2548 610 2589 absurda,et
621 2557 730 2589 magno
746 2548 920 2589 prolixoque
934 2558 1075 2581 sermone

248 2590 396 2632 indigent,
425 2592 633 2633 praetereunda
654 2602 672 2624 ιι
691 2593 778 2624 nobis
793 2597 905 2625 essent.
921 2593 990 2625 Haec
1005 2603 1073 2625 vero

249 2635 351 2667 omnia
362 2637 475 2668 nemini
490 2647 550 2668 non
562 2641 631 2668 nota
641 2641 741 2678 patent
752 2637 951 2670 omnibus.Ne
961 2647 1071 2680 quaso,

249 2689 319 2720 erga
330 2683 460 2723 Patrem,
477 2681 617 2723 Spiritus,
633 2682 767 2724 inquam,
784 2683 908 2725 fontem,
938 2687 1071 2715 tantum-

250 2725 320 2757 dem
335 2725 466 2767 improbi
478 2726 677 2767 negotiatores
689 2727 793 2767 simus,
806 2731 838 2759 ut
853 2728 982 2769 primum
993 2728 1073 2761 illius

289 2811 322 2838 78
335 2811 452 2844 Baruch
466 2819 511 2851 ιιι,
526 2810 577 2844 36.
619 2811 653 2838 79
665 2811 741 2845 ibid.
757 2812 807 2845 38.

1117 2187 1199 2226 μόνος
1228 2188 1273 2216 hri
1300 2191 1347 2217 τοῦ
1375 2189 1437 2217 Υἱοῦ
1452 2186 1534 2221 δεῖξαι
1553 2189 1684 2230 κείμενον,
1701 2188 1768 2227 ὅπερ
1783 2191 1822 2223 ὡς
1841 2190 1949 2229 ἔγγιστα

1117 2233 1164 2261 τοῦ
1192 2232 1367 2273 προκειμένου
1395 2236 1495 2262 σκοποῦ
1521 2233 1619 2272 βάλλον
1643 2234 1819 2275 ὶσχυρότερον
1850 2236 1881 2263 ὃν
1900 2235 1950 2262 ἆν-

1117 2278 1296 2316 τιστρατεύσει
1344 2284 1404 2309 τοῖς
1432 2278 1504 2316 ἡμᾶς
1537 2278 1697 2317 πολεμοῦσι,
1734 2280 1781 2308 καὶ
1813 2282 1950 2320 κραταιῶς

1117 2322 1319 2357 ἀντιστήσεται.
1334 2322 1408 2357 Πλὴν
1420 2322 1480 2352 οὕτε
1493 2322 1606 2362 λυμανεῐ
1625 2325 1672 2353 τὸν
1686 2324 1794 2365 Πατέρα
1808 2332 1874 2357 τοῖς
1889 2325 1950 2352 αὸτί)

1117 2365 1273 2407 δεχομένοις
1300 2368 1396 2409 ὀρθῶς,
1419 2369 1463 2396 καὶ
1490 2369 1539 2402 τὴν
1567 2368 1649 2408 ἄκραν
1671 2373 1717 2399 τοῦ
1733 2373 1856 2410 Χριστοῦ
1877 2369 1950 2401 δόξαν

1117 2415 1219 2451 τρανῶς
1247 2412 1402 2453 ἀνακηρύξει
1425 2420 1484 2445 τοῖς
1506 2413 1599 2445 ἅπασι.
1629 2416 1674 2444 Κεὶ
1701 2413 1736 2448 δὴ
1765 2415 1879 2444 λεκτέον
1904 2415 1950 2447 τὴν

1117 2457 1232 2498 γραφὴν,
1262 2459 1307 2487 τὸν
1334 2458 1452 2499 εἰπόντα,
1479 2460 1524 2488 καὶ
1551 2461 1581 2488 τὸ
1610 2459 1702 2500 ῥητὸν,
1740 2459 1819 2494 ὅπως
1849 2461 1881 2489 ἆν
1907 2460 1949 2486 καὶ

1117 2503 1176 2541 περὶ
1202 2502 1294 2531 τούτου
1321 2504 1352 2531 τὸ
1377 2505 1470 2532 πιστὸν
1486 2503 1559 2545 ἔχειν
1581 2503 1710 2543 δόξωμεν.
1727 2504 1774 2534 Ἐν
1788 2509 1832 2543 τῷ
1855 2506 1949 2545 πριῖῖτψ

1115 2547 1183 2575 κατὰ
1198 2546 1340 2591 Ἀρειανᾶξν
1355 2547 1428 2587 λόγῳ
1451 2550 1531 2588 φησὶν
1551 2551 1565 2579 ὁ
1589 2549 1638 2584 τῆς
1654 2551 1819 2589 οἰκουμένης
1843 2550 1950 2591 φωστὴρ

1116 2591 1270 2625 Ἀθανάσιος
1287 2602 1295 2610 ·
1320 2588 1349 2622 ’0
1376 2592 1404 2621 δὲ
1440 2595 1499 2627 Υἱὸς
1533 2595 1564 2623 τὸ
1593 2594 1708 2633 ἔμπαλιν
1730 2588 1812 2629 νΘεὸς
1838 2588 1889 2634 ὧν,
1908 2596 1950 2622 καὶ

1114 2639 1148 2676 τῇ
1173 2636 1297 2676 Βασιλείᾳ
1335 2643 1381 2668 τοῦ
1415 2640 1518 2678 Πατρὸς
1553 2640 1593 2668 ἀεὶ
1642 2640 1812 2679 Βασιλεύων,
1851 2644 1898 2670 10-3
1919 2650 1949 2666 τι

1114 2683 1266 2722 Πνεύματος
1300 2687 1346 2713 τοῦ
1382 2684 1458 2724 ἁγίου
1503 2686 1582 2719 αὐτὸς
1621 2684 1659 2714 ὢν
1687 2687 1818 2726 χορηγὸς
1858 2686 1947 2725 μόνος.

1114 2730 1175 2761 Πῶς
1196 2729 1227 2758 τὸ
1255 2729 1336 2767 μόνος
1368 2730 1507 2769 νοήσωμεν
1532 2730 1675 2770 κάνταῦθα,
1706 2731 1776 2771 πρὸς
1804 2732 1876 2770 ὑμᾶς
1889 2730 1947 2760 τοὺς
