  <div class='ocr_page' id='page_1' title='image "/cluster/home/n/w/nwhite01/storage/ocr_20150623/141/njp.32101010942868/622.png"; bbox 0 0 1958 3081; ppageno 0'>
   <div class='ocr_carea' id='block_1_1' title="bbox 46 125 117 157">
    <p class='ocr_par' dir='ltr' id='par_1_1' title="bbox 46 125 117 157">
     <span class='ocr_line' id='line_1_1' title="bbox 46 125 117 157; baseline 0.014 -1"><span class='ocrx_word' id='word_1_1' title='bbox 46 125 56 156; x_wconf 91' lang='grc'><strong>1</strong></span> <span class='ocrx_word' id='word_1_2' title='bbox 63 125 117 157; x_wconf 81' lang='lat'>233</span> 
     </span>
    </p>
   </div>
   <div class='ocr_carea' id='block_1_2' title="bbox 42 192 301 232">
    <p class='ocr_par' dir='ltr' id='par_1_2' title="bbox 42 192 301 232">
     <span class='ocr_line' id='line_1_2' title="bbox 42 192 301 232; baseline 0.012 -12"><span class='ocrx_word' id='word_1_3' title='bbox 42 192 301 232; x_wconf 65' lang='grc' dir='ltr'>ἀντιδιατιθεμένους,</span> 
     </span>
    </p>
   </div>
   <div class='ocr_carea' id='block_1_3' title="bbox 43 240 865 281">
    <p class='ocr_par' dir='ltr' id='par_1_3' title="bbox 43 240 865 281">
     <span class='ocr_line' id='line_1_3' title="bbox 43 240 865 281; baseline 0.002 -14"><span class='ocrx_word' id='word_1_4' title='bbox 43 240 206 279; x_wconf 74' lang='grc' dir='ltr'>Στερήσομεν</span> <span class='ocrx_word' id='word_1_5' title='bbox 233 242 279 269; x_wconf 74' lang='grc' dir='ltr'>τὶν</span> <span class='ocrx_word' id='word_1_6' title='bbox 310 240 414 280; x_wconf 79' lang='grc' dir='ltr'>Πατέρα</span> <span class='ocrx_word' id='word_1_7' title='bbox 441 243 490 274; x_wconf 76' lang='grc' dir='ltr'>τῆς</span> <span class='ocrx_word' id='word_1_8' title='bbox 519 244 564 269; x_wconf 83' lang='grc' dir='ltr'>τοῦ</span> <span class='ocrx_word' id='word_1_9' title='bbox 593 241 746 279; x_wconf 83' lang='grc' dir='ltr'>Πνεύματος</span> <span class='ocrx_word' id='word_1_10' title='bbox 776 251 865 281; x_wconf 86' lang='grc' dir='ltr'>χορη-</span> 
     </span>
    </p>
   </div>
   <div class='ocr_carea' id='block_1_4' title="bbox 43 284 864 324">
    <p class='ocr_par' dir='ltr' id='par_1_4' title="bbox 43 284 864 324">
     <span class='ocr_line' id='line_1_4' title="bbox 43 284 864 324; baseline 0.001 -13"><span class='ocrx_word' id='word_1_11' title='bbox 43 284 110 322; x_wconf 74' lang='grc' dir='ltr'>γίας,</span> <span class='ocrx_word' id='word_1_12' title='bbox 134 285 170 317; x_wconf 84' lang='grc' dir='ltr'>ὡς</span> <span class='ocrx_word' id='word_1_13' title='bbox 199 284 229 314; x_wconf 79' lang='grc' dir='ltr'>ἂν</span> <span class='ocrx_word' id='word_1_14' title='bbox 246 286 319 323; x_wconf 84' lang='grc' dir='ltr'>μόνῳ</span> <span class='ocrx_word' id='word_1_15' title='bbox 335 284 507 324; x_wconf 74' lang='grc' dir='ltr'>κερδήσωμεν</span> <span class='ocrx_word' id='word_1_16' title='bbox 528 286 599 322; x_wconf 75' lang='grc' dir='ltr'>αὒτῷ</span> <span class='ocrx_word' id='word_1_17' title='bbox 621 285 670 319; x_wconf 81' lang='grc' dir='ltr'>τὴν</span> <span class='ocrx_word' id='word_1_18' title='bbox 692 285 864 324; x_wconf 77' lang='grc' dir='ltr'>ἐκπόρευσιν;</span> 
     </span>
    </p>
   </div>
   <div class='ocr_carea' id='block_1_5' title="bbox 43 329 867 369">
    <p class='ocr_par' dir='ltr' id='par_1_5' title="bbox 43 329 867 369">
     <span class='ocr_line' id='line_1_5' title="bbox 43 329 867 369; baseline 0.001 -13"><span class='ocrx_word' id='word_1_19' title='bbox 43 329 96 366; x_wconf 68' lang='grc' dir='ltr'>Μὴ,</span> <span class='ocrx_word' id='word_1_20' title='bbox 120 329 166 357; x_wconf 65' lang='lat' dir='ltr'>xiv</span> <span class='ocrx_word' id='word_1_21' title='bbox 195 331 217 358; x_wconf 78' lang='grc' dir='ltr'>εἰ</span> <span class='ocrx_word' id='word_1_22' title='bbox 248 330 280 358; x_wconf 75' lang='grc' dir='ltr'>τὰ</span> <span class='ocrx_word' id='word_1_23' title='bbox 301 329 388 359; x_wconf 79' lang='grc' dir='ltr'>πολλὰ</span> <span class='ocrx_word' id='word_1_24' title='bbox 408 330 452 358; x_wconf 81' lang='grc' dir='ltr'>καὶ</span> <span class='ocrx_word' id='word_1_25' title='bbox 469 329 572 369; x_wconf 81' lang='grc' dir='ltr'>μεγάλα</span> <span class='ocrx_word' id='word_1_26' title='bbox 586 329 767 369; x_wconf 70' lang='grc' dir='ltr'>παραδραμεῖν</span> <span class='ocrx_word' id='word_1_27' title='bbox 782 329 867 357; x_wconf 75' lang='grc' dir='ltr'>ἄτοπα</span> 
     </span>
    </p>
   </div>
   <div class='ocr_carea' id='block_1_6' title="bbox 42 373 868 413">
    <p class='ocr_par' dir='ltr' id='par_1_6' title="bbox 42 373 868 413">
     <span class='ocr_line' id='line_1_6' title="bbox 42 373 868 413; baseline 0 -12"><span class='ocrx_word' id='word_1_28' title='bbox 42 373 171 412; x_wconf 74' lang='grc' dir='ltr'>προσῆκον</span> <span class='ocrx_word' id='word_1_29' title='bbox 203 375 282 412; x_wconf 70' lang='grc' dir='ltr'>ἡμᾶς,</span> <span class='ocrx_word' id='word_1_30' title='bbox 327 373 393 413; x_wconf 75' lang='grc' dir='ltr'>ἅπερ</span> <span class='ocrx_word' id='word_1_31' title='bbox 430 374 621 403; x_wconf 69' lang='grc' dir='ltr'>ἀνακόπτουσιν</span> <span class='ocrx_word' id='word_1_32' title='bbox 662 374 787 407; x_wconf 76' lang='grc' dir='ltr'>ἐντεῦθεν,</span> <span class='ocrx_word' id='word_1_33' title='bbox 823 373 868 406; x_wconf 77' lang='grc' dir='ltr'>οἷς</span> 
     </span>
    </p>
   </div>
   <div class='ocr_carea' id='block_1_7' title="bbox 43 417 866 457">
    <p class='ocr_par' dir='ltr' id='par_1_7' title="bbox 43 417 866 457">
     <span class='ocr_line' id='line_1_7' title="bbox 43 417 866 457; baseline 0 -12"><span class='ocrx_word' id='word_1_34' title='bbox 43 417 156 456; x_wconf 73' lang='grc' dir='ltr'>μεγάλου</span> <span class='ocrx_word' id='word_1_35' title='bbox 185 420 229 447; x_wconf 84' lang='grc' dir='ltr'>καὶ</span> <span class='ocrx_word' id='word_1_36' title='bbox 262 418 362 447; x_wconf 82' lang='grc' dir='ltr'>πολλοῦ</span> <span class='ocrx_word' id='word_1_37' title='bbox 396 418 477 457; x_wconf 88' lang='grc' dir='ltr'>λόγου</span> <span class='ocrx_word' id='word_1_38' title='bbox 511 418 624 450; x_wconf 77' lang='grc' dir='ltr'>δέονται.</span> <span class='ocrx_word' id='word_1_39' title='bbox 656 419 694 448; x_wconf 82' lang='grc' dir='ltr'>Τὰ</span> <span class='ocrx_word' id='word_1_40' title='bbox 710 418 825 447; x_wconf 81' lang='grc' dir='ltr'>’τοιαῦτα</span> <span class='ocrx_word' id='word_1_41' title='bbox 840 417 866 446; x_wconf 82' lang='grc' dir='ltr'>δὲ</span> 
     </span>
    </p>
   </div>
   <div class='ocr_carea' id='block_1_8' title="bbox 42 462 865 503">
    <p class='ocr_par' dir='ltr' id='par_1_8' title="bbox 42 462 865 503">
     <span class='ocr_line' id='line_1_8' title="bbox 42 462 865 503; baseline 0.001 -14"><span class='ocrx_word' id='word_1_42' title='bbox 42 462 125 490; x_wconf 70' lang='grc' dir='ltr'>πάντα</span> <span class='ocrx_word' id='word_1_43' title='bbox 151 463 195 491; x_wconf 91' lang='grc' dir='ltr'>καὶ</span> <span class='ocrx_word' id='word_1_44' title='bbox 222 465 353 503; x_wconf 76' lang='grc' dir='ltr'>περιφανῆ</span> <span class='ocrx_word' id='word_1_45' title='bbox 389 464 432 491; x_wconf 91' lang='grc' dir='ltr'>καὶ</span> <span class='ocrx_word' id='word_1_46' title='bbox 462 463 582 503; x_wconf 83' lang='grc' dir='ltr'>γνώριμα</span> <span class='ocrx_word' id='word_1_47' title='bbox 611 469 669 494; x_wconf 70' lang='grc' dir='ltr'>τοῖς</span> <span class='ocrx_word' id='word_1_48' title='bbox 698 462 772 495; x_wconf 69' lang='grc' dir='ltr'>ὅλοις</span> <span class='ocrx_word' id='word_1_49' title='bbox 799 463 865 491; x_wconf 76' lang='grc' dir='ltr'>καθ-</span> 
     </span>
    </p>
   </div>
   <div class='ocr_carea' id='block_1_9' title="bbox 42 506 864 547">
    <p class='ocr_par' dir='ltr' id='par_1_9' title="bbox 42 506 864 547">
     <span class='ocr_line' id='line_1_9' title="bbox 42 506 864 547; baseline 0 -13"><span class='ocrx_word' id='word_1_50' title='bbox 42 517 146 540; x_wconf 80' lang='grc' dir='ltr'>εστηκε,</span> <span class='ocrx_word' id='word_1_51' title='bbox 188 507 232 541; x_wconf 82' lang='grc' dir='ltr'>Μὴ</span> <span class='ocrx_word' id='word_1_52' title='bbox 275 506 307 542; x_wconf 83' lang='grc' dir='ltr'><strong>δὴ</strong></span> <span class='ocrx_word' id='word_1_53' title='bbox 336 507 474 547; x_wconf 76' lang='grc' dir='ltr'>γενοίμεθα</span> <span class='ocrx_word' id='word_1_54' title='bbox 502 508 579 536; x_wconf 80' lang='grc' dir='ltr'>κακοὶ</span> <span class='ocrx_word' id='word_1_55' title='bbox 599 508 724 536; x_wconf 78' lang='grc' dir='ltr'>τοσοῦτον</span> <span class='ocrx_word' id='word_1_56' title='bbox 750 507 864 546; x_wconf 69' lang='grc' dir='ltr'>ἔμποροι</span> 
     </span>
    </p>
   </div>
   <div class='ocr_carea' id='block_1_10' title="bbox 41 551 865 592">
    <p class='ocr_par' dir='ltr' id='par_1_10' title="bbox 41 551 865 592">
     <span class='ocr_line' id='line_1_10' title="bbox 41 551 865 592; baseline 0.004 -14"><span class='ocrx_word' id='word_1_57' title='bbox 41 551 98 590; x_wconf 83' lang='grc' dir='ltr'>περὶ</span> <span class='ocrx_word' id='word_1_58' title='bbox 124 551 168 580; x_wconf 80' lang='grc' dir='ltr'>τὸν</span> <span class='ocrx_word' id='word_1_59' title='bbox 198 551 313 592; x_wconf 83' lang='grc' dir='ltr'>Πατέρα,</span> <span class='ocrx_word' id='word_1_60' title='bbox 343 552 393 586; x_wconf 69' lang='grc' dir='ltr'>τὴν</span> <span class='ocrx_word' id='word_1_61' title='bbox 423 555 469 580; x_wconf 84' lang='grc' dir='ltr'>τοῦ</span> <span class='ocrx_word' id='word_1_62' title='bbox 498 552 648 590; x_wconf 82' lang='grc' dir='ltr'>Πνεύματος</span> <span class='ocrx_word' id='word_1_63' title='bbox 670 551 741 591; x_wconf 85' lang='grc' dir='ltr'>λέγω</span> <span class='ocrx_word' id='word_1_64' title='bbox 762 552 865 592; x_wconf 75' lang='grc' dir='ltr'>πηγὴν,</span> 
     </span>
    </p>
   </div>
   <div class='ocr_carea' id='block_1_11' title="bbox 42 594 866 633">
    <p class='ocr_par' dir='ltr' id='par_1_11' title="bbox 42 594 866 633">
     <span class='ocr_line' id='line_1_11' title="bbox 42 594 866 633; baseline 0 -11"><span class='ocrx_word' id='word_1_65' title='bbox 42 594 78 625; x_wconf 85' lang='grc' dir='ltr'>ὡς</span> <span class='ocrx_word' id='word_1_66' title='bbox 102 595 131 622; x_wconf 69' lang='grc' dir='ltr'>τὸ</span> <span class='ocrx_word' id='word_1_67' title='bbox 160 598 265 633; x_wconf 81' lang='grc' dir='ltr'>πρῶτον</span> <span class='ocrx_word' id='word_1_68' title='bbox 293 596 337 624; x_wconf 84' lang='grc' dir='ltr'>καὶ</span> <span class='ocrx_word' id='word_1_69' title='bbox 364 595 527 624; x_wconf 76' lang='grc' dir='ltr'>τελεώτατον</span> <span class='ocrx_word' id='word_1_70' title='bbox 565 599 619 624; x_wconf 83' lang='grc' dir='ltr'>τῶν</span> <span class='ocrx_word' id='word_1_71' title='bbox 652 596 744 624; x_wconf 86' lang='grc' dir='ltr'>τούτου</span> <span class='ocrx_word' id='word_1_72' title='bbox 777 594 866 624; x_wconf 82' lang='grc' dir='ltr'>καλῶν</span> 
     </span>
    </p>
   </div>
   <div class='ocr_carea' id='block_1_12' title="bbox 41 637 866 680">
    <p class='ocr_par' dir='ltr' id='par_1_12' title="bbox 41 637 866 680">
     <span class='ocr_line' id='line_1_12' title="bbox 41 637 866 680; baseline 0.002 -14"><span class='ocrx_word' id='word_1_73' title='bbox 41 637 198 677; x_wconf 69' lang='grc' dir='ltr'>προδιδόναι,</span> <span class='ocrx_word' id='word_1_74' title='bbox 228 640 273 668; x_wconf 82' lang='grc' dir='ltr'>καὶ</span> <span class='ocrx_word' id='word_1_75' title='bbox 294 647 469 680; x_wconf 71' lang='grc' dir='ltr'>παραχωρεῖν</span> <span class='ocrx_word' id='word_1_76' title='bbox 485 641 521 673; x_wconf 85' lang='grc' dir='ltr'>εἰς</span> <span class='ocrx_word' id='word_1_77' title='bbox 551 639 697 680; x_wconf 72' lang='grc' dir='ltr'>ἀφαίρεσιν,</span> <span class='ocrx_word' id='word_1_78' title='bbox 726 639 772 668; x_wconf 72' lang='grc' dir='ltr'>’ίνα</span> <span class='ocrx_word' id='word_1_79' title='bbox 794 651 866 679; x_wconf 84' lang='grc' dir='ltr'>παρ-</span> 
     </span>
    </p>
   </div>
   <div class='ocr_carea' id='block_1_13' title="bbox 42 681 864 724">
    <p class='ocr_par' dir='ltr' id='par_1_13' title="bbox 42 681 864 724">
     <span class='ocr_line' id='line_1_13' title="bbox 42 681 864 724; baseline 0.002 -14"><span class='ocrx_word' id='word_1_80' title='bbox 42 681 138 720; x_wconf 77' lang='grc' dir='ltr'>έξωμεν</span> <span class='ocrx_word' id='word_1_81' title='bbox 167 683 251 721; x_wconf 83' lang='grc' dir='ltr'>μόνῳ,</span> <span class='ocrx_word' id='word_1_82' title='bbox 280 687 326 712; x_wconf 86' lang='grc' dir='ltr'>τοῦ</span> <span class='ocrx_word' id='word_1_83' title='bbox 364 685 424 713; x_wconf 76' lang='grc' dir='ltr'>ι’ίοῦ</span> <span class='ocrx_word' id='word_1_84' title='bbox 445 683 572 718; x_wconf 80' lang='grc' dir='ltr'>δηλονόττ</span> <span class='ocrx_word' id='word_1_85' title='bbox 600 685 695 724; x_wconf 78' lang='grc' dir='ltr'>χωρὶς,</span> <span class='ocrx_word' id='word_1_86' title='bbox 719 684 784 724; x_wconf 66' lang='grc' dir='ltr'>ὅπερ</span> <span class='ocrx_word' id='word_1_87' title='bbox 806 683 864 722; x_wconf 75' lang='grc' dir='ltr'>μετ’</span> 
     </span>
    </p>
   </div>
   <div class='ocr_carea' id='block_1_14' title="bbox 41 727 864 768">
    <p class='ocr_par' dir='ltr' id='par_1_14' title="bbox 41 727 864 768">
     <span class='ocr_line' id='line_1_14' title="bbox 41 727 864 768; baseline 0.002 -13"><span class='ocrx_word' id='word_1_88' title='bbox 41 727 118 756; x_wconf 68' lang='grc' dir='ltr'>αὑτοῦ</span> <span class='ocrx_word' id='word_1_89' title='bbox 144 728 307 766; x_wconf 80' lang='grc' dir='ltr'>κεκτημένος</span> <span class='ocrx_word' id='word_1_90' title='bbox 338 728 410 757; x_wconf 66' lang='grc' dir='ltr'>οὐδὲν</span> <span class='ocrx_word' id='word_1_91' title='bbox 439 728 518 763; x_wconf 80' lang='grc' dir='ltr'>ἧττον</span> <span class='ocrx_word' id='word_1_92' title='bbox 538 729 732 763; x_wconf 73' lang='grc' dir='ltr'>πεπλούτηκεν,</span> <span class='ocrx_word' id='word_1_93' title='bbox 756 730 792 759; x_wconf 80' lang='grc' dir='ltr'>Τὸ</span> <span class='ocrx_word' id='word_1_94' title='bbox 815 730 864 768; x_wconf 79' lang='grc' dir='ltr'>γὰρ</span> 
     </span>
    </p>
   </div>
   <div class='ocr_carea' id='block_1_15' title="bbox 40 772 864 813">
    <p class='ocr_par' dir='ltr' id='par_1_15' title="bbox 40 772 864 813">
     <span class='ocr_line' id='line_1_15' title="bbox 40 772 864 813; baseline 0.001 -12"><span class='ocrx_word' id='word_1_95' title='bbox 40 772 130 812; x_wconf 80' lang='grc' dir='ltr'>μόνον,</span> <span class='ocrx_word' id='word_1_96' title='bbox 159 774 195 805; x_wconf 84' lang='grc' dir='ltr'>ὡς</span> <span class='ocrx_word' id='word_1_97' title='bbox 234 772 414 802; x_wconf 77' lang='grc' dir='ltr'>ἀποδείκνυσιν</span> <span class='ocrx_word' id='word_1_98' title='bbox 454 774 480 802; x_wconf 81' lang='grc' dir='ltr'>ἐν</span> <span class='ocrx_word' id='word_1_99' title='bbox 518 773 629 807; x_wconf 79' lang='grc' dir='ltr'>διαλέξει</span> <span class='ocrx_word' id='word_1_100' title='bbox 656 777 690 812; x_wconf 78' lang='grc' dir='ltr'>τῇ</span> <span class='ocrx_word' id='word_1_101' title='bbox 726 774 790 813; x_wconf 77' lang='grc' dir='ltr'>πρὸς</span> <span class='ocrx_word' id='word_1_102' title='bbox 818 775 864 802; x_wconf 74' lang='grc' dir='ltr'>τὸν</span> 
     </span>
    </p>
   </div>
   <div class='ocr_carea' id='block_1_16' title="bbox 42 814 490 856">
    <p class='ocr_par' dir='ltr' id='par_1_16' title="bbox 42 814 490 856">
     <span class='ocr_line' id='line_1_16' title="bbox 42 814 490 856; baseline 0.004 -11"><span class='ocrx_word' id='word_1_103' title='bbox 42 814 62 824; x_wconf 86' lang='grc'>”</span> <span class='ocrx_word' id='word_1_104' title='bbox 77 822 167 852; x_wconf 78' lang='grc' dir='ltr'>Αρειον</span> <span class='ocrx_word' id='word_1_105' title='bbox 195 819 209 846; x_wconf 84' lang='grc' dir='ltr'>ὁ</span> <span class='ocrx_word' id='word_1_106' title='bbox 223 818 301 850; x_wconf 75' lang='grc' dir='ltr'>αὗτὸς</span> <span class='ocrx_word' id='word_1_107' title='bbox 322 818 490 856; x_wconf 81' lang='grc' dir='ltr'>Ἀθανάσιος,</span> 
     </span>
    </p>
   </div>
   <div class='ocr_carea' id='block_1_17' title="bbox 39 863 380 896">
    <p class='ocr_par' dir='ltr' id='par_1_17' title="bbox 39 863 380 896">
     <span class='ocr_line' id='line_1_17' title="bbox 39 863 380 896; baseline 0.006 -7"><span class='ocrx_word' id='word_1_108' title='bbox 39 865 91 890; x_wconf 80' lang='grc' dir='ltr'>τῶν</span> <span class='ocrx_word' id='word_1_109' title='bbox 117 865 165 896; x_wconf 78' lang='grc' dir='ltr'>τῆς</span> <span class='ocrx_word' id='word_1_110' title='bbox 207 863 295 896; x_wconf 85' lang='grc' dir='ltr'>ἆπλῆς</span> <span class='ocrx_word' id='word_1_111' title='bbox 337 864 380 891; x_wconf 86' lang='grc' dir='ltr'>καὶ</span> 
     </span>
    </p>
   </div>
   <div class='ocr_carea' id='block_1_18' title="bbox 497 124 1272 159">
    <p class='ocr_par' dir='ltr' id='par_1_18' title="bbox 497 124 1272 159">
     <span class='ocr_line' id='line_1_18' title="bbox 497 124 1272 159; baseline -0.003 -1"><span class='ocrx_word' id='word_1_112' title='bbox 497 127 547 158; x_wconf 84' lang='lat' dir='ltr'>DE</span> <span class='ocrx_word' id='word_1_113' title='bbox 569 124 825 159; x_wconf 75' lang='lat' dir='ltr'>PBDCESSIONE</span> <span class='ocrx_word' id='word_1_114' title='bbox 844 126 875 158; x_wconf 81' lang='lat' dir='ltr'><strong>S.</strong></span> <span class='ocrx_word' id='word_1_115' title='bbox 898 124 1075 157; x_wconf 78' lang='lat' dir='ltr'>SPIRITUS</span> <span class='ocrx_word' id='word_1_116' title='bbox 1095 125 1210 157; x_wconf 72' lang='lat' dir='ltr'>ORAT.</span> <span class='ocrx_word' id='word_1_117' title='bbox 1233 124 1272 156; x_wconf 89' lang='lat' dir='ltr'>II.</span> 
     </span>
    </p>
   </div>
   <div class='ocr_carea' id='block_1_19' title="bbox 347 189 1120 234">
    <p class='ocr_par' dir='ltr' id='par_1_19' title="bbox 347 189 1120 234">
     <span class='ocr_line' id='line_1_19' title="bbox 347 189 1120 234; baseline 0 -12"><span class='ocrx_word' id='word_1_118' title='bbox 347 194 370 222; x_wconf 86' lang='grc' dir='ltr'>ὦ</span> <span class='ocrx_word' id='word_1_119' title='bbox 405 193 489 231; x_wconf 79' lang='grc' dir='ltr'>οὗτοι,</span> <span class='ocrx_word' id='word_1_120' title='bbox 524 193 671 234; x_wconf 77' lang='grc' dir='ltr'>φθέγγομαι</span> <span class='ocrx_word' id='word_1_121' title='bbox 700 195 731 222; x_wconf 80' lang='grc' dir='ltr'>τὸ</span> <span class='ocrx_word' id='word_1_122' title='bbox 769 193 942 231; x_wconf 71' lang='grc' dir='ltr'>παρόν.Αδο</span> <span class='ocrx_word' id='word_1_123' title='bbox 959 189 1120 222; x_wconf 65' lang='lat' dir='ltr'><strong>omnium!</strong></span> 
     </span>
    </p>
   </div>
   <div class='ocr_carea' id='block_1_20' title="bbox 959 189 1732 234">
    <p class='ocr_par' dir='ltr' id='par_1_20' title="bbox 959 189 1732 232">
     <span class='ocr_line' id='line_1_20' title="bbox 959 189 1732 232; baseline 0.003 -11"><span class='ocrx_word' id='word_1_124' title='bbox 959 190 1091 221; x_wconf 89' lang='lat' dir='ltr'><strong>omnium</strong></span> <span class='ocrx_word' id='word_1_125' title='bbox 1107 189 1254 222; x_wconf 90' lang='lat' dir='ltr'><strong>bonorum</strong></span> <span class='ocrx_word' id='word_1_126' title='bbox 1282 190 1534 222; x_wconf 74' lang='lat' dir='ltr'>absolutissimum</span> <span class='ocrx_word' id='word_1_127' title='bbox 1559 190 1732 232; x_wconf 85' lang='lat' dir='ltr'>prodamus,</span> 
     </span>
    </p>
   </div>
   <div class='ocr_carea' id='block_1_21' title="bbox 1656 119 1733 158">
    <p class='ocr_par' dir='ltr' id='par_1_21' title="bbox 1656 119 1733 158">
     <span class='ocr_line' id='line_1_21' title="bbox 1656 119 1733 158; baseline -0.026 0"><span class='ocrx_word' id='word_1_128' title='bbox 1656 119 1733 158; x_wconf 71' lang='lat'>1234</span> 
     </span>
    </p>
   </div>
   <div class='ocr_carea' id='block_1_22' title="bbox 908 234 1736 276">
    <p class='ocr_par' dir='ltr' id='par_1_22' title="bbox 908 234 1736 276">
     <span class='ocr_line' id='line_1_22' title="bbox 908 234 1736 276; baseline 0.001 -11"><span class='ocrx_word' id='word_1_129' title='bbox 908 234 1118 276; x_wconf 87' lang='lat' dir='ltr'><strong>tradamusque</strong></span> <span class='ocrx_word' id='word_1_130' title='bbox 1133 235 1199 266; x_wconf 89' lang='lat' dir='ltr'><strong>aliis</strong></span> <span class='ocrx_word' id='word_1_131' title='bbox 1210 234 1247 266; x_wconf 87' lang='lat' dir='ltr'>ad</span> <span class='ocrx_word' id='word_1_132' title='bbox 1262 235 1523 273; x_wconf 87' lang='lat' dir='ltr'><strong>destruendum,ut</strong></span> <span class='ocrx_word' id='word_1_133' title='bbox 1535 235 1736 267; x_wconf 85' lang='lat' dir='ltr'>concedamus</span> 
     </span>
    </p>
   </div>
   <div class='ocr_carea' id='block_1_23' title="bbox 908 281 1735 322">
    <p class='ocr_par' dir='ltr' id='par_1_23' title="bbox 908 281 1735 322">
     <span class='ocr_line' id='line_1_23' title="bbox 908 281 1735 322; baseline 0.002 -11"><span class='ocrx_word' id='word_1_134' title='bbox 908 281 972 317; x_wconf 84' lang='lat' dir='ltr'><strong>soli,</strong></span> <span class='ocrx_word' id='word_1_135' title='bbox 1003 281 1116 322; x_wconf 85' lang='lat' dir='ltr'>absque</span> <span class='ocrx_word' id='word_1_136' title='bbox 1132 281 1207 313; x_wconf 90' lang='lat' dir='ltr'><strong>Filio</strong></span> <span class='ocrx_word' id='word_1_137' title='bbox 1233 281 1341 319; x_wconf 85' lang='lat' dir='ltr'>silicet,</span> <span class='ocrx_word' id='word_1_138' title='bbox 1357 281 1437 322; x_wconf 90' lang='lat' dir='ltr'><strong>quod</strong></span> <span class='ocrx_word' id='word_1_139' title='bbox 1461 291 1530 313; x_wconf 90' lang='lat' dir='ltr'>cum</span> <span class='ocrx_word' id='word_1_140' title='bbox 1554 281 1605 313; x_wconf 90' lang='lat' dir='ltr'><strong>illo</strong></span> <span class='ocrx_word' id='word_1_141' title='bbox 1633 281 1735 322; x_wconf 88' lang='lat' dir='ltr'><strong>possi-</strong></span> 
     </span>
    </p>
   </div>
   <div class='ocr_carea' id='block_1_24' title="bbox 908 325 1733 368">
    <p class='ocr_par' dir='ltr' id='par_1_24' title="bbox 908 325 1733 368">
     <span class='ocr_line' id='line_1_24' title="bbox 908 325 1733 368; baseline 0.002 -12"><span class='ocrx_word' id='word_1_142' title='bbox 908 325 983 357; x_wconf 91' lang='lat' dir='ltr'><strong>dens</strong></span> <span class='ocrx_word' id='word_1_143' title='bbox 1008 326 1102 357; x_wconf 83' lang='lat' dir='ltr'><strong>Filius</strong></span> <span class='ocrx_word' id='word_1_144' title='bbox 1116 335 1175 357; x_wconf 93' lang='lat' dir='ltr'>non</span> <span class='ocrx_word' id='word_1_145' title='bbox 1197 326 1298 357; x_wconf 84' lang='lat' dir='ltr'><strong>minus</strong></span> <span class='ocrx_word' id='word_1_146' title='bbox 1312 326 1452 359; x_wconf 76' lang='lat' dir='ltr'>abundat.</span> <span class='ocrx_word' id='word_1_147' title='bbox 1477 326 1612 368; x_wconf 85' lang='lat' dir='ltr'><strong>Namque</strong></span> <span class='ocrx_word' id='word_1_148' title='bbox 1622 326 1733 365; x_wconf 77' lang='lat' dir='ltr'><strong>solum,</strong></span> 
     </span>
    </p>
   </div>
   <div class='ocr_carea' id='block_1_25' title="bbox 908 370 1735 411">
    <p class='ocr_par' dir='ltr' id='par_1_25' title="bbox 908 370 1735 411">
     <span class='ocr_line' id='line_1_25' title="bbox 908 370 1735 411; baseline 0.001 -10"><span class='ocrx_word' id='word_1_149' title='bbox 908 374 940 401; x_wconf 89' lang='lat' dir='ltr'>ut</span> <span class='ocrx_word' id='word_1_150' title='bbox 961 370 1146 402; x_wconf 88' lang='lat' dir='ltr'><strong>demonstrat</strong></span> <span class='ocrx_word' id='word_1_151' title='bbox 1160 370 1190 401; x_wconf 92' lang='lat' dir='ltr'>in</span> <span class='ocrx_word' id='word_1_152' title='bbox 1206 370 1354 411; x_wconf 87' lang='lat' dir='ltr'><strong>colloquio</strong></span> <span class='ocrx_word' id='word_1_153' title='bbox 1368 380 1435 402; x_wconf 89' lang='lat' dir='ltr'>cum</span> <span class='ocrx_word' id='word_1_154' title='bbox 1452 371 1525 403; x_wconf 87' lang='lat' dir='ltr'><strong>Ario</strong></span> <span class='ocrx_word' id='word_1_155' title='bbox 1540 371 1620 402; x_wconf 89' lang='lat' dir='ltr'><strong>idem</strong></span> <span class='ocrx_word' id='word_1_156' title='bbox 1640 372 1735 403; x_wconf 84' lang='lat' dir='ltr'><strong>Atha-</strong></span> 
     </span>
    </p>
   </div>
   <div class='ocr_carea' id='block_1_26' title="bbox 908 414 1736 456">
    <p class='ocr_par' dir='ltr' id='par_1_26' title="bbox 908 414 1736 456">
     <span class='ocr_line' id='line_1_26' title="bbox 908 414 1736 456; baseline 0.002 -11"><span class='ocrx_word' id='word_1_157' title='bbox 908 414 1020 452; x_wconf 87' lang='lat' dir='ltr'><strong>nasius,</strong></span> <span class='ocrx_word' id='word_1_158' title='bbox 1036 415 1167 456; x_wconf 64' lang='lat' dir='ltr'><strong>quiifere</strong></span> <span class='ocrx_word' id='word_1_159' title='bbox 1182 414 1352 455; x_wconf 84' lang='lat' dir='ltr'><strong>dogmatum</strong></span> <span class='ocrx_word' id='word_1_160' title='bbox 1369 424 1475 456; x_wconf 88' lang='lat' dir='ltr'><strong>parens</strong></span> <span class='ocrx_word' id='word_1_161' title='bbox 1490 421 1545 456; x_wconf 87' lang='lat' dir='ltr'><strong>est,</strong></span> <span class='ocrx_word' id='word_1_162' title='bbox 1560 425 1622 447; x_wconf 85' lang='lat' dir='ltr'>non</span> <span class='ocrx_word' id='word_1_163' title='bbox 1636 424 1736 447; x_wconf 86' lang='lat' dir='ltr'><strong>neces-</strong></span> 
     </span>
    </p>
   </div>
   <div class='ocr_carea' id='block_1_27' title="bbox 906 459 1736 500">
    <p class='ocr_par' dir='ltr' id='par_1_27' title="bbox 906 459 1736 500">
     <span class='ocr_line' id='line_1_27' title="bbox 906 459 1736 500; baseline 0.002 -10"><span class='ocrx_word' id='word_1_164' title='bbox 906 462 992 491; x_wconf 86' lang='lat' dir='ltr'><strong>sario</strong></span> <span class='ocrx_word' id='word_1_165' title='bbox 1007 459 1187 491; x_wconf 68' lang='lat' dir='ltr'>divisionem</span> <span class='ocrx_word' id='word_1_166' title='bbox 1195 459 1331 499; x_wconf 75' lang='lat' dir='ltr'><strong>aliquam</strong></span> <span class='ocrx_word' id='word_1_167' title='bbox 1343 459 1491 500; x_wconf 70' lang='lat' dir='ltr'><strong>simplicis</strong></span> <span class='ocrx_word' id='word_1_168' title='bbox 1501 464 1527 492; x_wconf 86' lang='lat' dir='ltr'>et</span> <span class='ocrx_word' id='word_1_169' title='bbox 1538 461 1663 492; x_wconf 71' lang='lat' dir='ltr'><strong>indivisi</strong></span> <span class='ocrx_word' id='word_1_170' title='bbox 1666 460 1736 492; x_wconf 82' lang='lat' dir='ltr'><strong>bilis</strong></span> 
     </span>
    </p>
   </div>
   <div class='ocr_carea' id='block_1_28' title="bbox 910 504 1736 545">
    <p class='ocr_par' dir='ltr' id='par_1_28' title="bbox 910 504 1736 545">
     <span class='ocr_line' id='line_1_28' title="bbox 910 504 1736 545; baseline 0.001 -10"><span class='ocrx_word' id='word_1_171' title='bbox 910 504 1033 536; x_wconf 85' lang='lat' dir='ltr'><strong>Triadis</strong></span> <span class='ocrx_word' id='word_1_172' title='bbox 1046 504 1166 536; x_wconf 84' lang='lat' dir='ltr'><strong>deitatis</strong></span> <span class='ocrx_word' id='word_1_173' title='bbox 1175 504 1351 545; x_wconf 76' lang='lat' dir='ltr'>principum</span> <span class='ocrx_word' id='word_1_174' title='bbox 1364 504 1562 545; x_wconf 80' lang='lat' dir='ltr'><strong>hypostaseon</strong></span> <span class='ocrx_word' id='word_1_175' title='bbox 1577 507 1736 544; x_wconf 75' lang='lat' dir='ltr'><strong>imponat.</strong></span> 
     </span>
    </p>
   </div>
   <div class='ocr_carea' id='block_1_29' title="bbox 909 549 1735 590">
    <p class='ocr_par' dir='ltr' id='par_1_29' title="bbox 909 549 1735 590">
     <span class='ocr_line' id='line_1_29' title="bbox 909 549 1735 590; baseline 0.001 -10"><span class='ocrx_word' id='word_1_176' title='bbox 909 549 974 580; x_wconf 85' lang='lat' dir='ltr'><strong>Pari</strong></span> <span class='ocrx_word' id='word_1_177' title='bbox 1000 549 1088 580; x_wconf 89' lang='lat' dir='ltr'><strong>modo</strong></span> <span class='ocrx_word' id='word_1_178' title='bbox 1103 549 1174 581; x_wconf 88' lang='lat' dir='ltr'><strong>licet</strong></span> <span class='ocrx_word' id='word_1_179' title='bbox 1199 549 1335 580; x_wconf 86' lang='lat' dir='ltr'><strong>nonnulli</strong></span> <span class='ocrx_word' id='word_1_180' title='bbox 1357 558 1393 580; x_wconf 79' lang='lat' dir='ltr'><strong>ex</strong></span> <span class='ocrx_word' id='word_1_181' title='bbox 1408 549 1480 588; x_wconf 84' lang='lat' dir='ltr'><strong>illis,</strong></span> <span class='ocrx_word' id='word_1_182' title='bbox 1496 549 1547 590; x_wconf 90' lang='lat' dir='ltr'>qui</span> <span class='ocrx_word' id='word_1_183' title='bbox 1574 549 1735 590; x_wconf 84' lang='lat' dir='ltr'><strong>antiquitus</strong></span> 
     </span>
    </p>
   </div>
   <div class='ocr_carea' id='block_1_30' title="bbox 906 593 1734 635">
    <p class='ocr_par' dir='ltr' id='par_1_30' title="bbox 906 593 1734 635">
     <span class='ocr_line' id='line_1_30' title="bbox 906 593 1734 635; baseline 0 -11"><span class='ocrx_word' id='word_1_184' title='bbox 906 602 955 624; x_wconf 90' lang='lat' dir='ltr'>res</span> <span class='ocrx_word' id='word_1_185' title='bbox 971 593 1152 634; x_wconf 79' lang='lat' dir='ltr'><strong>theologicas</strong></span> <span class='ocrx_word' id='word_1_186' title='bbox 1168 597 1396 634; x_wconf 85' lang='lat' dir='ltr'><strong>pertractarunt,</strong></span> <span class='ocrx_word' id='word_1_187' title='bbox 1413 595 1576 634; x_wconf 85' lang='lat' dir='ltr'>procedere</span> <span class='ocrx_word' id='word_1_188' title='bbox 1590 593 1734 635; x_wconf 82' lang='lat' dir='ltr'><strong>Spiritum</strong></span> 
     </span>
    </p>
   </div>
   <div class='ocr_carea' id='block_1_31' title="bbox 906 637 1734 679">
    <p class='ocr_par' dir='ltr' id='par_1_31' title="bbox 906 637 1734 679">
     <span class='ocr_line' id='line_1_31' title="bbox 906 637 1734 679; baseline 0 -10"><span class='ocrx_word' id='word_1_189' title='bbox 906 642 1040 669; x_wconf 89' lang='lat' dir='ltr'><strong>sanctum</strong></span> <span class='ocrx_word' id='word_1_190' title='bbox 1070 647 1104 670; x_wconf 81' lang='lat' dir='ltr'><strong>ex</strong></span> <span class='ocrx_word' id='word_1_191' title='bbox 1129 638 1192 669; x_wconf 93' lang='lat' dir='ltr'><strong>solo</strong></span> <span class='ocrx_word' id='word_1_192' title='bbox 1220 637 1308 669; x_wconf 81' lang='lat' dir='ltr'><strong>Patre</strong></span> <span class='ocrx_word' id='word_1_193' title='bbox 1332 637 1474 679; x_wconf 83' lang='lat' dir='ltr'><strong>dixerint,</strong></span> <span class='ocrx_word' id='word_1_194' title='bbox 1496 648 1557 669; x_wconf 91' lang='lat' dir='ltr'>non</span> <span class='ocrx_word' id='word_1_195' title='bbox 1581 642 1628 670; x_wconf 87' lang='lat' dir='ltr'>est</span> <span class='ocrx_word' id='word_1_196' title='bbox 1655 637 1734 678; x_wconf 91' lang='lat' dir='ltr'><strong>quod</strong></span> 
     </span>
    </p>
   </div>
   <div class='ocr_carea' id='block_1_32' title="bbox 906 682 1734 724">
    <p class='ocr_par' dir='ltr' id='par_1_32' title="bbox 906 682 1734 724">
     <span class='ocr_line' id='line_1_32' title="bbox 906 682 1734 724; baseline 0 -10"><span class='ocrx_word' id='word_1_197' title='bbox 906 682 1002 714; x_wconf 88' lang='lat' dir='ltr'><strong>obstet</strong></span> <span class='ocrx_word' id='word_1_198' title='bbox 1029 686 1118 724; x_wconf 88' lang='lat' dir='ltr'><strong>atque</strong></span> <span class='ocrx_word' id='word_1_199' title='bbox 1138 682 1294 723; x_wconf 76' lang='lat' dir='ltr'><strong>impediat,</strong></span> <span class='ocrx_word' id='word_1_200' title='bbox 1310 692 1348 714; x_wconf 91' lang='lat' dir='ltr'>ne</span> <span class='ocrx_word' id='word_1_201' title='bbox 1377 692 1432 714; x_wconf 90' lang='lat' dir='ltr'>nos</span> <span class='ocrx_word' id='word_1_202' title='bbox 1446 692 1616 714; x_wconf 87' lang='lat' dir='ltr'><strong>asseramus</strong></span> <span class='ocrx_word' id='word_1_203' title='bbox 1630 687 1660 714; x_wconf 88' lang='lat' dir='ltr'>et</span> <span class='ocrx_word' id='word_1_204' title='bbox 1688 688 1734 714; x_wconf 89' lang='lat' dir='ltr'><strong>te-</strong></span> 
     </span>
    </p>
   </div>
   <div class='ocr_carea' id='block_1_33' title="bbox 905 727 1734 768">
    <p class='ocr_par' dir='ltr' id='par_1_33' title="bbox 905 727 1734 768">
     <span class='ocr_line' id='line_1_33' title="bbox 905 727 1734 768; baseline 0 -10"><span class='ocrx_word' id='word_1_205' title='bbox 905 737 1029 759; x_wconf 83' lang='lat' dir='ltr'><strong>neamus</strong></span> <span class='ocrx_word' id='word_1_206' title='bbox 1042 727 1186 768; x_wconf 73' lang='lat' dir='ltr'><strong>Spiritum</strong></span> <span class='ocrx_word' id='word_1_207' title='bbox 1209 732 1345 759; x_wconf 88' lang='lat' dir='ltr'><strong>sanctum</strong></span> <span class='ocrx_word' id='word_1_208' title='bbox 1362 727 1453 759; x_wconf 80' lang='lat' dir='ltr'><strong>etiam</strong></span> <span class='ocrx_word' id='word_1_209' title='bbox 1470 736 1506 759; x_wconf 83' lang='lat' dir='ltr'><strong>ex</strong></span> <span class='ocrx_word' id='word_1_210' title='bbox 1533 727 1608 759; x_wconf 87' lang='lat' dir='ltr'><strong>Filio</strong></span> <span class='ocrx_word' id='word_1_211' title='bbox 1624 736 1734 768; x_wconf 85' lang='lat' dir='ltr'><strong>proce—</strong></span> 
     </span>
    </p>
   </div>
   <div class='ocr_carea' id='block_1_34' title="bbox 905 773 988 805">
    <p class='ocr_par' dir='ltr' id='par_1_34' title="bbox 905 773 988 805">
     <span class='ocr_line' id='line_1_34' title="bbox 905 773 988 805; baseline -0.024 0"><span class='ocrx_word' id='word_1_212' title='bbox 905 773 988 805; x_wconf 88' lang='lat' dir='ltr'><strong>dere.</strong></span> 
     </span>
    </p>
   </div>
   <div class='ocr_carea' id='block_1_35' title="bbox 533 816 1735 858">
    <p class='ocr_par' dir='ltr' id='par_1_35' title="bbox 533 816 1735 858">
     <span class='ocr_line' id='line_1_35' title="bbox 533 816 1735 858; baseline -0.001 -12"><span class='ocrx_word' id='word_1_213' title='bbox 533 820 546 847; x_wconf 85' lang='grc' dir='ltr'>ὁ</span> <span class='ocrx_word' id='word_1_214' title='bbox 569 817 665 858; x_wconf 83' lang='grc' dir='ltr'>σχεδὸν</span> <span class='ocrx_word' id='word_1_215' title='bbox 695 822 747 847; x_wconf 74' lang='grc' dir='ltr'>τῶν</span> <span class='ocrx_word' id='word_1_216' title='bbox 783 817 924 858; x_wconf 81' lang='grc' dir='ltr'>δογμάτων</span> <span class='ocrx_word' id='word_1_217' title='bbox 953 818 1052 858; x_wconf 78' lang='grc' dir='ltr'>πατὴρ,</span> <span class='ocrx_word' id='word_1_218' title='bbox 1089 817 1143 847; x_wconf 77' lang='grc' dir='ltr'>Οὐκ</span> <span class='ocrx_word' id='word_1_219' title='bbox 1178 817 1205 850; x_wconf 74' lang='grc' dir='ltr'>ἐξ</span> <span class='ocrx_word' id='word_1_220' title='bbox 1232 817 1351 858; x_wconf 77' lang='grc' dir='ltr'>ἀνάγκης</span> <span class='ocrx_word' id='word_1_221' title='bbox 1381 816 1505 857; x_wconf 85' lang='grc' dir='ltr'>διαίρεσίν</span> <span class='ocrx_word' id='word_1_222' title='bbox 1533 828 1592 846; x_wconf 83' lang='grc' dir='ltr'>τινα</span> <span class='ocrx_word' id='word_1_223' title='bbox 1617 823 1735 846; x_wconf 78' lang='grc' dir='ltr'>ποιεῖται</span> 
     </span>
    </p>
   </div>
   <div class='ocr_carea' id='block_1_36' title="bbox 434 862 1250 903">
    <p class='ocr_par' dir='ltr' id='par_1_36' title="bbox 434 862 1250 903">
     <span class='ocr_line' id='line_1_36' title="bbox 434 862 1250 903; baseline -0.001 -12"><span class='ocrx_word' id='word_1_224' title='bbox 434 862 584 903; x_wconf 76' lang='grc' dir='ltr'>ἀδιαιρέτου</span> <span class='ocrx_word' id='word_1_225' title='bbox 624 866 726 897; x_wconf 75' lang='grc' dir='ltr'>σεπτῆς</span> <span class='ocrx_word' id='word_1_226' title='bbox 755 863 863 903; x_wconf 84' lang='grc' dir='ltr'>Τριᾶδος</span> <span class='ocrx_word' id='word_1_227' title='bbox 891 865 1041 903; x_wconf 81' lang='grc' dir='ltr'>θεαρχικῶν</span> <span class='ocrx_word' id='word_1_228' title='bbox 1069 862 1250 894; x_wconf 82' lang='grc' dir='ltr'>ὑποστάσεων,</span> 
     </span>
    </p>
   </div>
   <div class='ocr_carea' id='block_1_37' title="bbox 1295 862 1735 895">
    <p class='ocr_par' dir='ltr' id='par_1_37' title="bbox 1295 862 1735 895">
     <span class='ocr_line' id='line_1_37' title="bbox 1295 862 1735 895; baseline -0.005 -3"><span class='ocrx_word' id='word_1_229' title='bbox 1295 862 1385 895; x_wconf 80' lang='grc' dir='ltr'>Οὕτως</span> <span class='ocrx_word' id='word_1_230' title='bbox 1426 862 1482 891; x_wconf 76' lang='grc' dir='ltr'>οὐδ’</span> <span class='ocrx_word' id='word_1_231' title='bbox 1516 863 1539 891; x_wconf 81' lang='grc' dir='ltr'>εἰ</span> <span class='ocrx_word' id='word_1_232' title='bbox 1582 863 1627 891; x_wconf 80' lang='grc' dir='ltr'>καὶ</span> <span class='ocrx_word' id='word_1_233' title='bbox 1665 873 1735 894; x_wconf 79' lang='grc' dir='ltr'>¹τινες</span> 
     </span>
    </p>
   </div>
   <div class='ocr_carea' id='block_1_38' title="bbox 39 907 1735 949">
    <p class='ocr_par' dir='ltr' id='par_1_38' title="bbox 39 907 1735 949">
     <span class='ocr_line' id='line_1_38' title="bbox 39 907 1735 949; baseline 0.001 -15"><span class='ocrx_word' id='word_1_234' title='bbox 39 907 107 941; x_wconf 79' lang='grc' dir='ltr'>ἦσαν</span> <span class='ocrx_word' id='word_1_235' title='bbox 133 910 186 936; x_wconf 88' lang='grc' dir='ltr'>τῶν</span> <span class='ocrx_word' id='word_1_236' title='bbox 221 907 333 936; x_wconf 77' lang='grc' dir='ltr'>ἔκπαλαι</span> <span class='ocrx_word' id='word_1_237' title='bbox 362 908 578 948; x_wconf 79' lang='grc' dir='ltr'>θεολογησάντων</span> <span class='ocrx_word' id='word_1_238' title='bbox 622 908 734 949; x_wconf 69' lang='grc' dir='ltr'>ἀνδρῶν,</span> <span class='ocrx_word' id='word_1_239' title='bbox 770 908 953 948; x_wconf 65' lang='grc' dir='ltr'>ἐκπορεύεσθαι</span> <span class='ocrx_word' id='word_1_240' title='bbox 979 909 1009 936; x_wconf 82' lang='grc' dir='ltr'>τὸ</span> <span class='ocrx_word' id='word_1_241' title='bbox 1044 908 1151 945; x_wconf 83' lang='grc' dir='ltr'>Πνεῦμα</span> <span class='ocrx_word' id='word_1_242' title='bbox 1167 908 1197 935; x_wconf 79' lang='grc' dir='ltr'>τὸ</span> <span class='ocrx_word' id='word_1_243' title='bbox 1215 907 1292 946; x_wconf 69' lang='grc' dir='ltr'>ἅγιον</span> <span class='ocrx_word' id='word_1_244' title='bbox 1321 907 1352 936; x_wconf 80' lang='grc' dir='ltr'>ἐκ</span> <span class='ocrx_word' id='word_1_245' title='bbox 1386 907 1467 945; x_wconf 81' lang='grc' dir='ltr'>μόνου</span> <span class='ocrx_word' id='word_1_246' title='bbox 1495 912 1542 937; x_wconf 81' lang='grc' dir='ltr'>τοῦ</span> <span class='ocrx_word' id='word_1_247' title='bbox 1564 907 1668 947; x_wconf 79' lang='grc' dir='ltr'>Πατρὸς</span> <span class='ocrx_word' id='word_1_248' title='bbox 1680 909 1735 948; x_wconf 70' lang='grc' dir='ltr'>φά-</span> 
     </span>
    </p>
   </div>
   <div class='ocr_carea' id='block_1_39' title="bbox 38 950 1734 992">
    <p class='ocr_par' dir='ltr' id='par_1_39' title="bbox 38 950 1734 992">
     <span class='ocr_line' id='line_1_39' title="bbox 38 950 1734 992; baseline 0.001 -13"><span class='ocrx_word' id='word_1_249' title='bbox 38 962 157 988; x_wconf 83' lang='grc' dir='ltr'>σκοντες,</span> <span class='ocrx_word' id='word_1_250' title='bbox 174 952 232 982; x_wconf 75' lang='grc' dir='ltr'>οὐδὲ</span> <span class='ocrx_word' id='word_1_251' title='bbox 254 953 314 982; x_wconf 85' lang='grc' dir='ltr'>τότε</span> <span class='ocrx_word' id='word_1_252' title='bbox 336 954 366 982; x_wconf 78' lang='grc' dir='ltr'>τὸ</span> <span class='ocrx_word' id='word_1_253' title='bbox 388 954 598 992; x_wconf 76' lang='grc' dir='ltr'>προσιστάμενον</span> <span class='ocrx_word' id='word_1_254' title='bbox 626 952 709 991; x_wconf 74' lang='grc' dir='ltr'>οὐδὲν,</span> <span class='ocrx_word' id='word_1_255' title='bbox 733 953 791 982; x_wconf 72' lang='grc' dir='ltr'>οῦδὲ</span> <span class='ocrx_word' id='word_1_256' title='bbox 825 954 856 982; x_wconf 80' lang='grc' dir='ltr'>τὸ</span> <span class='ocrx_word' id='word_1_257' title='bbox 882 953 983 982; x_wconf 79' lang='grc' dir='ltr'>κωλύον</span> <span class='ocrx_word' id='word_1_258' title='bbox 1019 953 1092 990; x_wconf 77' lang='grc' dir='ltr'>ἡμᾶς</span> <span class='ocrx_word' id='word_1_259' title='bbox 1121 955 1166 980; x_wconf 82' lang='grc' dir='ltr'>τοῦ</span> <span class='ocrx_word' id='word_1_260' title='bbox 1193 950 1344 990; x_wconf 82' lang='grc' dir='ltr'>πρεσϐεύειν</span> <span class='ocrx_word' id='word_1_261' title='bbox 1379 952 1562 988; x_wconf 74' lang='grc' dir='ltr'>ἓκπορεύεσθαι</span> <span class='ocrx_word' id='word_1_262' title='bbox 1599 951 1652 981; x_wconf 75' lang='grc' dir='ltr'>κάκ</span> <span class='ocrx_word' id='word_1_263' title='bbox 1685 960 1734 987; x_wconf 71' lang='grc' dir='ltr'>τοῦ</span> 
     </span>
    </p>
   </div>
   <div class='ocr_carea' id='block_1_40' title="bbox 43 998 451 1038">
    <p class='ocr_par' dir='ltr' id='par_1_40' title="bbox 43 998 451 1038">
     <span class='ocr_line' id='line_1_40' title="bbox 43 998 451 1038; baseline 0.002 -13"><span class='ocrx_word' id='word_1_264' title='bbox 43 998 104 1027; x_wconf 84' lang='grc' dir='ltr'>Υἱοῦ</span> <span class='ocrx_word' id='word_1_265' title='bbox 118 998 160 1038; x_wconf 18' lang='grc' dir='ltr'>,τὸ</span> <span class='ocrx_word' id='word_1_266' title='bbox 181 1001 286 1035; x_wconf 81' lang='grc' dir='ltr'>Πνεῦμα</span> <span class='ocrx_word' id='word_1_267' title='bbox 309 999 339 1026; x_wconf 80' lang='grc' dir='ltr'>τὸ</span> <span class='ocrx_word' id='word_1_268' title='bbox 364 998 451 1038; x_wconf 73' lang='grc' dir='ltr'>ἅγιον,</span> 
     </span>
    </p>
   </div>
   <div class='ocr_carea' id='block_1_41' title="bbox 78 1037 851 1083">
    <p class='ocr_par' dir='ltr' id='par_1_41' title="bbox 78 1037 851 1083">
     <span class='ocr_line' id='line_1_41' title="bbox 78 1037 851 1083; baseline 0.003 -13"><span class='ocrx_word' id='word_1_269' title='bbox 78 1037 131 1082; x_wconf 83' lang='grc' dir='ltr'>λγ’,</span> <span class='ocrx_word' id='word_1_270' title='bbox 155 1047 206 1072; x_wconf 82' lang='grc' dir='ltr'>Νῦν</span> <span class='ocrx_word' id='word_1_271' title='bbox 230 1042 251 1071; x_wconf 74' lang='grc' dir='ltr'>δ’</span> <span class='ocrx_word' id='word_1_272' title='bbox 275 1044 321 1072; x_wconf 74' lang='grc' dir='ltr'>οὒκ</span> <span class='ocrx_word' id='word_1_273' title='bbox 348 1042 422 1075; x_wconf 77' lang='grc' dir='ltr'>ὅπως</span> <span class='ocrx_word' id='word_1_274' title='bbox 448 1043 633 1083; x_wconf 70' lang='grc' dir='ltr'>ὶκπορεύεσθαι</span> <span class='ocrx_word' id='word_1_275' title='bbox 655 1044 686 1072; x_wconf 82' lang='grc' dir='ltr'>τὸ</span> <span class='ocrx_word' id='word_1_276' title='bbox 712 1046 818 1081; x_wconf 82' lang='grc' dir='ltr'>Πνεῦμα</span> <span class='ocrx_word' id='word_1_277' title='bbox 833 1054 851 1072; x_wconf 64' lang='grc' dir='ltr'>τι</span> 
     </span>
    </p>
   </div>
   <div class='ocr_carea' id='block_1_42' title="bbox 959 1037 1732 1083">
    <p class='ocr_par' dir='ltr' id='par_1_42' title="bbox 959 1039 1732 1077">
     <span class='ocr_line' id='line_1_42' title="bbox 959 1039 1732 1077; baseline 0 -7"><span class='ocrx_word' id='word_1_278' title='bbox 959 1041 994 1073; x_wconf 76' lang='grc' dir='ltr'>ι3.</span> <span class='ocrx_word' id='word_1_279' title='bbox 1014 1043 1229 1075; x_wconf 82' lang='lat' dir='ltr'><strong>Verumtamen</strong></span> <span class='ocrx_word' id='word_1_280' title='bbox 1245 1049 1324 1072; x_wconf 88' lang='lat' dir='ltr'><strong>nunc</strong></span> <span class='ocrx_word' id='word_1_281' title='bbox 1339 1050 1428 1072; x_wconf 85' lang='lat' dir='ltr'><strong>nemo</strong></span> <span class='ocrx_word' id='word_1_282' title='bbox 1443 1050 1479 1072; x_wconf 82' lang='lat' dir='ltr'><strong>ex</strong></span> <span class='ocrx_word' id='word_1_283' title='bbox 1493 1039 1632 1072; x_wconf 86' lang='lat' dir='ltr'><strong>Patribus</strong></span> <span class='ocrx_word' id='word_1_284' title='bbox 1646 1039 1732 1077; x_wconf 83' lang='lat' dir='ltr'><strong>dixit,</strong></span> 
     </span>
    </p>
   </div>
   <div class='ocr_carea' id='block_1_43' title="bbox 39 1086 861 1127">
    <p class='ocr_par' dir='ltr' id='par_1_43' title="bbox 39 1086 861 1127">
     <span class='ocr_line' id='line_1_43' title="bbox 39 1086 861 1127; baseline 0.002 -13"><span class='ocrx_word' id='word_1_285' title='bbox 39 1086 112 1126; x_wconf 73' lang='grc' dir='ltr'>ἅγιον</span> <span class='ocrx_word' id='word_1_286' title='bbox 137 1087 168 1116; x_wconf 80' lang='grc' dir='ltr'>ἐκ</span> <span class='ocrx_word' id='word_1_287' title='bbox 197 1087 277 1125; x_wconf 73' lang='grc' dir='ltr'>μόνου</span> <span class='ocrx_word' id='word_1_288' title='bbox 299 1091 345 1117; x_wconf 85' lang='grc' dir='ltr'>τοῦ</span> <span class='ocrx_word' id='word_1_289' title='bbox 374 1088 476 1127; x_wconf 58' lang='grc' dir='ltr'>Πατρὶς</span> <span class='ocrx_word' id='word_1_290' title='bbox 502 1089 548 1116; x_wconf 77' lang='grc' dir='ltr'>οὒκ</span> <span class='ocrx_word' id='word_1_291' title='bbox 579 1088 671 1127; x_wconf 76' lang='grc' dir='ltr'>εἴρηκε</span> <span class='ocrx_word' id='word_1_292' title='bbox 699 1091 752 1116; x_wconf 81' lang='grc' dir='ltr'>τῶν</span> <span class='ocrx_word' id='word_1_293' title='bbox 774 1088 861 1116; x_wconf 85' lang='grc' dir='ltr'>ἀπάν-</span> 
     </span>
    </p>
   </div>
   <div class='ocr_carea' id='block_1_44' title="bbox 37 1131 862 1172">
    <p class='ocr_par' dir='ltr' id='par_1_44' title="bbox 37 1131 862 1172">
     <span class='ocr_line' id='line_1_44' title="bbox 37 1131 862 1172; baseline 0.002 -13"><span class='ocrx_word' id='word_1_294' title='bbox 37 1143 90 1160; x_wconf 85' lang='grc' dir='ltr'>των</span> <span class='ocrx_word' id='word_1_295' title='bbox 120 1131 211 1168; x_wconf 75' lang='grc' dir='ltr'>οῦδεὶς,</span> <span class='ocrx_word' id='word_1_296' title='bbox 236 1131 305 1160; x_wconf 76' lang='grc' dir='ltr'>ἀλλὰ</span> <span class='ocrx_word' id='word_1_297' title='bbox 333 1133 378 1160; x_wconf 85' lang='grc' dir='ltr'>καὶ</span> <span class='ocrx_word' id='word_1_298' title='bbox 405 1131 506 1170; x_wconf 77' lang='grc' dir='ltr'>μᾶλλον</span> <span class='ocrx_word' id='word_1_299' title='bbox 536 1132 600 1161; x_wconf 76' lang='grc' dir='ltr'>ἔνιοι</span> <span class='ocrx_word' id='word_1_300' title='bbox 616 1135 667 1160; x_wconf 84' lang='grc' dir='ltr'>τῶν</span> <span class='ocrx_word' id='word_1_301' title='bbox 682 1133 763 1172; x_wconf 81' lang='grc' dir='ltr'>ἁγίων</span> <span class='ocrx_word' id='word_1_302' title='bbox 779 1133 862 1161; x_wconf 76' lang='grc' dir='ltr'>ἐκπο-</span> 
     </span>
    </p>
   </div>
   <div class='ocr_carea' id='block_1_45' title="bbox 38 1175 861 1216">
    <p class='ocr_par' dir='ltr' id='par_1_45' title="bbox 38 1175 861 1216">
     <span class='ocr_line' id='line_1_45' title="bbox 38 1175 861 1216; baseline 0.001 -12"><span class='ocrx_word' id='word_1_303' title='bbox 38 1175 153 1209; x_wconf 76' lang='grc' dir='ltr'>ρεύεσθαι</span> <span class='ocrx_word' id='word_1_304' title='bbox 181 1177 233 1204; x_wconf 83' lang='grc' dir='ltr'>κάκ</span> <span class='ocrx_word' id='word_1_305' title='bbox 253 1181 300 1206; x_wconf 84' lang='grc' dir='ltr'>τοῦ</span> <span class='ocrx_word' id='word_1_306' title='bbox 328 1178 389 1205; x_wconf 79' lang='grc' dir='ltr'>Υἱοῦ</span> <span class='ocrx_word' id='word_1_307' title='bbox 417 1176 522 1216; x_wconf 78' lang='grc' dir='ltr'>λέγουσι</span> <span class='ocrx_word' id='word_1_308' title='bbox 546 1178 576 1205; x_wconf 75' lang='grc' dir='ltr'>τὸ</span> <span class='ocrx_word' id='word_1_309' title='bbox 605 1180 709 1214; x_wconf 82' lang='grc' dir='ltr'>Πνεῦμα</span> <span class='ocrx_word' id='word_1_310' title='bbox 724 1178 754 1205; x_wconf 81' lang='grc' dir='ltr'>τὸ</span> <span class='ocrx_word' id='word_1_311' title='bbox 775 1177 861 1216; x_wconf 76' lang='grc' dir='ltr'>ἅγιον,</span> 
     </span>
    </p>
   </div>
   <div class='ocr_carea' id='block_1_46' title="bbox 37 1220 862 1262">
    <p class='ocr_par' dir='ltr' id='par_1_46' title="bbox 37 1220 862 1262">
     <span class='ocr_line' id='line_1_46' title="bbox 37 1220 862 1262; baseline 0.002 -14"><span class='ocrx_word' id='word_1_312' title='bbox 37 1223 75 1248; x_wconf 82' lang='grc' dir='ltr'>ὠν</span> <span class='ocrx_word' id='word_1_313' title='bbox 102 1221 207 1249; x_wconf 78' lang='grc' dir='ltr'>πάντων</span> <span class='ocrx_word' id='word_1_314' title='bbox 229 1222 250 1249; x_wconf 72' lang='grc' dir='ltr'>εἶ</span> <span class='ocrx_word' id='word_1_315' title='bbox 271 1223 315 1248; x_wconf 84' lang='grc' dir='ltr'>καὶ</span> <span class='ocrx_word' id='word_1_316' title='bbox 331 1224 376 1249; x_wconf 79' lang='grc' dir='ltr'>νῦν</span> <span class='ocrx_word' id='word_1_317' title='bbox 404 1220 455 1249; x_wconf 85' lang='grc' dir='ltr'>ὦδε</span> <span class='ocrx_word' id='word_1_318' title='bbox 481 1221 694 1260; x_wconf 78' lang='grc' dir='ltr'>προσκομίσομεν</span> <span class='ocrx_word' id='word_1_319' title='bbox 724 1222 756 1250; x_wconf 80' lang='grc' dir='ltr'>τὰ</span> <span class='ocrx_word' id='word_1_320' title='bbox 783 1222 862 1262; x_wconf 79' lang='grc' dir='ltr'>ῥητὰ,</span> 
     </span>
    </p>
   </div>
   <div class='ocr_carea' id='block_1_47' title="bbox 39 1265 865 1305">
    <p class='ocr_par' dir='ltr' id='par_1_47' title="bbox 39 1265 865 1305">
     <span class='ocr_line' id='line_1_47' title="bbox 39 1265 865 1305; baseline 0 -11"><span class='ocrx_word' id='word_1_321' title='bbox 39 1265 177 1300; x_wconf 73' lang='grc' dir='ltr'>λυθήσεται</span> <span class='ocrx_word' id='word_1_322' title='bbox 207 1266 239 1293; x_wconf 82' lang='grc' dir='ltr'>τὰ</span> <span class='ocrx_word' id='word_1_323' title='bbox 267 1268 315 1299; x_wconf 82' lang='grc' dir='ltr'>τῆς</span> <span class='ocrx_word' id='word_1_324' title='bbox 345 1265 455 1305; x_wconf 79' lang='grc' dir='ltr'>ἀπορίας</span> <span class='ocrx_word' id='word_1_325' title='bbox 491 1272 550 1297; x_wconf 72' lang='grc' dir='ltr'>τοῖς</span> <span class='ocrx_word' id='word_1_326' title='bbox 590 1265 782 1305; x_wconf 81' lang='grc' dir='ltr'>ἀντιλέγουσιν,</span> <span class='ocrx_word' id='word_1_327' title='bbox 812 1267 865 1295; x_wconf 78' lang='grc' dir='ltr'>Λύ-</span> 
     </span>
    </p>
   </div>
   <div class='ocr_carea' id='block_1_48' title="bbox 41 1309 866 1348">
    <p class='ocr_par' dir='ltr' id='par_1_48' title="bbox 41 1309 866 1348">
     <span class='ocr_line' id='line_1_48' title="bbox 41 1309 866 1348; baseline 0 -10"><span class='ocrx_word' id='word_1_328' title='bbox 41 1311 101 1338; x_wconf 81' lang='grc' dir='ltr'>τ’κα</span> <span class='ocrx_word' id='word_1_329' title='bbox 129 1313 191 1348; x_wconf 75' lang='grc' dir='ltr'>γοῦν</span> <span class='ocrx_word' id='word_1_330' title='bbox 206 1311 220 1338; x_wconf 77' lang='grc' dir='ltr'><strong>ὁ</strong></span> <span class='ocrx_word' id='word_1_331' title='bbox 243 1309 292 1343; x_wconf 79' lang='grc' dir='ltr'>τὴν</span> <span class='ocrx_word' id='word_1_332' title='bbox 317 1310 467 1348; x_wconf 83' lang='grc' dir='ltr'>ἁγιωσύνην</span> <span class='ocrx_word' id='word_1_333' title='bbox 495 1309 578 1342; x_wconf 82' lang='grc' dir='ltr'>πολὺς</span> <span class='ocrx_word' id='word_1_334' title='bbox 605 1309 777 1342; x_wconf 80' lang='grc' dir='ltr'>Ἀναστάσιος</span> <span class='ocrx_word' id='word_1_335' title='bbox 805 1309 866 1339; x_wconf 82' lang='grc' dir='ltr'>τάδε</span> 
     </span>
    </p>
   </div>
   <div class='ocr_carea' id='block_1_49' title="bbox 42 1353 865 1394">
    <p class='ocr_par' dir='ltr' id='par_1_49' title="bbox 42 1353 865 1394">
     <span class='ocr_line' id='line_1_49' title="bbox 42 1353 865 1394; baseline 0.001 -12"><span class='ocrx_word' id='word_1_336' title='bbox 42 1355 133 1394; x_wconf 73' lang='grc' dir='ltr'>φησὶν,</span> <span class='ocrx_word' id='word_1_337' title='bbox 161 1354 222 1383; x_wconf 72' lang='grc' dir='ltr'>ἔνθα</span> <span class='ocrx_word' id='word_1_338' title='bbox 249 1355 308 1392; x_wconf 82' lang='grc' dir='ltr'>περὶ</span> <span class='ocrx_word' id='word_1_339' title='bbox 336 1357 389 1382; x_wconf 85' lang='grc' dir='ltr'>τῶν</span> <span class='ocrx_word' id='word_1_340' title='bbox 417 1353 474 1382; x_wconf 79' lang='grc' dir='ltr'>καθ’</span> <span class='ocrx_word' id='word_1_341' title='bbox 501 1356 573 1392; x_wconf 81' lang='grc' dir='ltr'>ἡμᾶς</span> <span class='ocrx_word' id='word_1_342' title='bbox 601 1355 682 1394; x_wconf 78' lang='grc' dir='ltr'>ὀρθῶν</span> <span class='ocrx_word' id='word_1_343' title='bbox 716 1355 763 1389; x_wconf 76' lang='grc' dir='ltr'>τῆς</span> <span class='ocrx_word' id='word_1_344' title='bbox 794 1354 865 1388; x_wconf 81' lang='grc' dir='ltr'>ἀλη-</span> 
     </span>
    </p>
   </div>
   <div class='ocr_carea' id='block_1_50' title="bbox 39 1397 866 1438">
    <p class='ocr_par' dir='ltr' id='par_1_50' title="bbox 39 1397 866 1438">
     <span class='ocr_line' id='line_1_50' title="bbox 39 1397 866 1438; baseline 0 -10"><span class='ocrx_word' id='word_1_345' title='bbox 39 1399 109 1430; x_wconf 80' lang='grc' dir='ltr'>θείας</span> <span class='ocrx_word' id='word_1_346' title='bbox 147 1398 286 1438; x_wconf 63' lang='grc' dir='ltr'>δογμάτων</span> <span class='ocrx_word' id='word_1_347' title='bbox 326 1397 429 1431; x_wconf 71' lang='grc' dir='ltr'>διέξεισι</span> <span class='ocrx_word' id='word_1_348' title='bbox 446 1408 452 1414; x_wconf 73' lang='grc'><strong><em>⁸</em></strong></span> <span class='ocrx_word' id='word_1_349' title='bbox 503 1399 551 1428; x_wconf 80' lang='grc' dir='ltr'>Καὶ</span> <span class='ocrx_word' id='word_1_350' title='bbox 586 1400 691 1437; x_wconf 69' lang='grc' dir='ltr'>Πνεῦμα</span> <span class='ocrx_word' id='word_1_351' title='bbox 725 1400 804 1428; x_wconf 77' lang='grc' dir='ltr'>πάλιν</span> <span class='ocrx_word' id='word_1_352' title='bbox 839 1399 866 1433; x_wconf 70' lang='grc' dir='ltr'>εξ</span> 
     </span>
    </p>
   </div>
   <div class='ocr_carea' id='block_1_51' title="bbox 37 1442 866 1483">
    <p class='ocr_par' dir='ltr' id='par_1_51' title="bbox 37 1442 866 1483">
     <span class='ocr_line' id='line_1_51' title="bbox 37 1442 866 1483; baseline 0.001 -11"><span class='ocrx_word' id='word_1_353' title='bbox 37 1446 117 1474; x_wconf 69' lang='grc' dir='ltr'>αὖτοῦ</span> <span class='ocrx_word' id='word_1_354' title='bbox 171 1442 388 1483; x_wconf 75' lang='grc' dir='ltr'>ἐκπορευόμενον,</span> <span class='ocrx_word' id='word_1_355' title='bbox 452 1444 497 1472; x_wconf 88' lang='grc' dir='ltr'>καὶ</span> <span class='ocrx_word' id='word_1_356' title='bbox 553 1443 782 1482; x_wconf 78' lang='grc' dir='ltr'>ἆποστελλόμενον</span> <span class='ocrx_word' id='word_1_357' title='bbox 836 1445 866 1474; x_wconf 82' lang='grc' dir='ltr'>οὒ</span> 
     </span>
    </p>
   </div>
   <div class='ocr_carea' id='block_1_52' title="bbox 36 1488 865 1529">
    <p class='ocr_par' dir='ltr' id='par_1_52' title="bbox 36 1488 865 1529">
     <span class='ocr_line' id='line_1_52' title="bbox 36 1488 865 1529; baseline 0.004 -13"><span class='ocrx_word' id='word_1_358' title='bbox 36 1488 118 1527; x_wconf 86' lang='grc' dir='ltr'>μόνον</span> <span class='ocrx_word' id='word_1_359' title='bbox 159 1489 230 1528; x_wconf 66' lang='grc' dir='ltr'>παρὰ</span> <span class='ocrx_word' id='word_1_360' title='bbox 271 1492 317 1516; x_wconf 86' lang='grc' dir='ltr'>τοῦ</span> <span class='ocrx_word' id='word_1_361' title='bbox 357 1489 471 1528; x_wconf 79' lang='grc' dir='ltr'>Πατρὺς,</span> <span class='ocrx_word' id='word_1_362' title='bbox 513 1488 582 1517; x_wconf 78' lang='grc' dir='ltr'>ἀλλὰ</span> <span class='ocrx_word' id='word_1_363' title='bbox 623 1490 666 1518; x_wconf 82' lang='grc' dir='ltr'>καὶ</span> <span class='ocrx_word' id='word_1_364' title='bbox 707 1490 777 1529; x_wconf 79' lang='grc' dir='ltr'>παρὰ</span> <span class='ocrx_word' id='word_1_365' title='bbox 818 1493 865 1519; x_wconf 79' lang='grc' dir='ltr'>τοῦ</span> 
     </span>
    </p>
   </div>
   <div class='ocr_carea' id='block_1_53' title="bbox 36 1533 864 1573">
    <p class='ocr_par' dir='ltr' id='par_1_53' title="bbox 36 1533 864 1573">
     <span class='ocr_line' id='line_1_53' title="bbox 36 1533 864 1573; baseline 0.002 -11"><span class='ocrx_word' id='word_1_366' title='bbox 36 1535 109 1564; x_wconf 81' lang='grc' dir='ltr'>Υἱοῦ.</span> <span class='ocrx_word' id='word_1_367' title='bbox 139 1533 284 1571; x_wconf 78' lang='grc' dir='ltr'>Ττίξουσιν,</span> <span class='ocrx_word' id='word_1_368' title='bbox 308 1533 381 1573; x_wconf 74' lang='grc' dir='ltr'>οἶδα,</span> <span class='ocrx_word' id='word_1_369' title='bbox 411 1537 463 1561; x_wconf 82' lang='grc' dir='ltr'>τῶν</span> <span class='ocrx_word' id='word_1_370' title='bbox 486 1533 623 1572; x_wconf 81' lang='grc' dir='ltr'>ἐριστικῶν</span> <span class='ocrx_word' id='word_1_371' title='bbox 652 1536 676 1563; x_wconf 83' lang='grc' dir='ltr'>οἱ</span> <span class='ocrx_word' id='word_1_372' title='bbox 702 1534 806 1568; x_wconf 87' lang='grc' dir='ltr'>πλείους</span> <span class='ocrx_word' id='word_1_373' title='bbox 828 1536 864 1568; x_wconf 76' lang='grc' dir='ltr'>εἷς</span> 
     </span>
    </p>
   </div>
   <div class='ocr_carea' id='block_1_54' title="bbox 33 1578 865 1618">
    <p class='ocr_par' dir='ltr' id='par_1_54' title="bbox 33 1578 865 1618">
     <span class='ocr_line' id='line_1_54' title="bbox 33 1578 865 1618; baseline 0 -10"><span class='ocrx_word' id='word_1_374' title='bbox 33 1580 67 1608; x_wconf 79' lang='grc' dir='ltr'>τὸ</span> <span class='ocrx_word' id='word_1_375' title='bbox 95 1578 312 1618; x_wconf 63' lang='grc' dir='ltr'>ἐκπορευόμενον,</span> <span class='ocrx_word' id='word_1_376' title='bbox 337 1579 378 1606; x_wconf 84' lang='grc' dir='ltr'>κοὶ</span> <span class='ocrx_word' id='word_1_377' title='bbox 410 1578 492 1610; x_wconf 79' lang='grc' dir='ltr'>οὕτως</span> <span class='ocrx_word' id='word_1_378' title='bbox 521 1578 718 1618; x_wconf 84' lang='grc' dir='ltr'>ἀναγνώσονται</span> <span class='ocrx_word' id='word_1_379' title='bbox 753 1581 783 1608; x_wconf 83' lang='grc' dir='ltr'>τὸ</span> <span class='ocrx_word' id='word_1_380' title='bbox 805 1579 865 1608; x_wconf 78' lang='grc' dir='ltr'>λοι-</span> 
     </span>
    </p>
   </div>
   <div class='ocr_carea' id='block_1_55' title="bbox 34 1622 865 1664">
    <p class='ocr_par' dir='ltr' id='par_1_55' title="bbox 34 1622 865 1664">
     <span class='ocr_line' id='line_1_55' title="bbox 34 1622 865 1664; baseline 0.001 -12"><span class='ocrx_word' id='word_1_381' title='bbox 34 1624 98 1664; x_wconf 76' lang='grc' dir='ltr'>πδν,</span> <span class='ocrx_word' id='word_1_382' title='bbox 122 1623 153 1652; x_wconf 78' lang='grc' dir='ltr'>τὸ</span> <span class='ocrx_word' id='word_1_383' title='bbox 195 1626 301 1661; x_wconf 81' lang='grc' dir='ltr'>Πνεῦμα</span> <span class='ocrx_word' id='word_1_384' title='bbox 329 1624 359 1651; x_wconf 80' lang='grc' dir='ltr'>τὸ</span> <span class='ocrx_word' id='word_1_385' title='bbox 390 1623 465 1662; x_wconf 77' lang='grc' dir='ltr'>ἅγιον</span> <span class='ocrx_word' id='word_1_386' title='bbox 500 1622 672 1651; x_wconf 74' lang='grc' dir='ltr'>ἀποστέλλειν</span> <span class='ocrx_word' id='word_1_387' title='bbox 716 1625 792 1653; x_wconf 79' lang='grc' dir='ltr'>οίονεὶ</span> <span class='ocrx_word' id='word_1_388' title='bbox 820 1635 865 1653; x_wconf 86' lang='grc' dir='ltr'>και</span> 
     </span>
    </p>
   </div>
   <div class='ocr_carea' id='block_1_56' title="bbox 905 1083 1736 1126">
    <p class='ocr_par' dir='ltr' id='par_1_56' title="bbox 905 1083 1736 1126">
     <span class='ocr_line' id='line_1_56' title="bbox 905 1083 1736 1126; baseline -0.004 -8"><span class='ocrx_word' id='word_1_389' title='bbox 905 1095 941 1118; x_wconf 81' lang='lat' dir='ltr'><strong>ex</strong></span> <span class='ocrx_word' id='word_1_390' title='bbox 955 1086 1018 1118; x_wconf 90' lang='lat' dir='ltr'><strong>solo</strong></span> <span class='ocrx_word' id='word_1_391' title='bbox 1034 1086 1120 1118; x_wconf 84' lang='lat' dir='ltr'><strong>Patre</strong></span> <span class='ocrx_word' id='word_1_392' title='bbox 1147 1086 1290 1126; x_wconf 87' lang='lat' dir='ltr'><strong>Spiritum</strong></span> <span class='ocrx_word' id='word_1_393' title='bbox 1306 1090 1441 1117; x_wconf 89' lang='lat' dir='ltr'><strong>sanctum</strong></span> <span class='ocrx_word' id='word_1_394' title='bbox 1459 1085 1623 1126; x_wconf 80' lang='lat' dir='ltr'><strong>procedere</strong></span> <span class='ocrx_word' id='word_1_395' title='bbox 1637 1094 1645 1122; x_wconf 88' lang='lat'><strong>;</strong></span> <span class='ocrx_word' id='word_1_396' title='bbox 1662 1083 1736 1125; x_wconf 88' lang='lat' dir='ltr'><strong>quin</strong></span> 
     </span>
    </p>
   </div>
   <div class='ocr_carea' id='block_1_57' title="bbox 904 1129 1735 1171">
    <p class='ocr_par' dir='ltr' id='par_1_57' title="bbox 904 1129 1735 1171">
     <span class='ocr_line' id='line_1_57' title="bbox 904 1129 1735 1171; baseline -0.002 -9"><span class='ocrx_word' id='word_1_397' title='bbox 904 1133 964 1163; x_wconf 88' lang='lat' dir='ltr'>imo</span> <span class='ocrx_word' id='word_1_398' title='bbox 992 1131 1128 1162; x_wconf 90' lang='lat' dir='ltr'><strong>nonnulli</strong></span> <span class='ocrx_word' id='word_1_399' title='bbox 1143 1131 1232 1162; x_wconf 86' lang='lat' dir='ltr'><strong>etiam</strong></span> <span class='ocrx_word' id='word_1_400' title='bbox 1258 1140 1294 1162; x_wconf 83' lang='lat' dir='ltr'><strong>ex</strong></span> <span class='ocrx_word' id='word_1_401' title='bbox 1308 1130 1382 1162; x_wconf 87' lang='lat' dir='ltr'><strong>Filio</strong></span> <span class='ocrx_word' id='word_1_402' title='bbox 1398 1130 1563 1171; x_wconf 88' lang='lat' dir='ltr'><strong>procedere</strong></span> <span class='ocrx_word' id='word_1_403' title='bbox 1591 1129 1735 1171; x_wconf 86' lang='lat' dir='ltr'><strong>Spiritum</strong></span> 
     </span>
    </p>
   </div>
   <div class='ocr_carea' id='block_1_58' title="bbox 904 1174 1736 1212">
    <p class='ocr_par' dir='ltr' id='par_1_58' title="bbox 904 1174 1736 1212">
     <span class='ocr_line' id='line_1_58' title="bbox 904 1174 1736 1212; baseline -0.002 -5"><span class='ocrx_word' id='word_1_404' title='bbox 904 1180 1039 1207; x_wconf 90' lang='lat' dir='ltr'><strong>sanctum</strong></span> <span class='ocrx_word' id='word_1_405' title='bbox 1055 1180 1203 1208; x_wconf 86' lang='lat' dir='ltr'><strong>asserunt.</strong></span> <span class='ocrx_word' id='word_1_406' title='bbox 1230 1175 1362 1212; x_wconf 89' lang='lat' dir='ltr'><strong>Quorum</strong></span> <span class='ocrx_word' id='word_1_407' title='bbox 1378 1178 1512 1207; x_wconf 89' lang='lat' dir='ltr'><strong>omnium</strong></span> <span class='ocrx_word' id='word_1_408' title='bbox 1530 1174 1556 1206; x_wconf 91' lang='lat' dir='ltr'>si</span> <span class='ocrx_word' id='word_1_409' title='bbox 1570 1175 1651 1206; x_wconf 86' lang='lat' dir='ltr'><strong>dicta</strong></span> <span class='ocrx_word' id='word_1_410' title='bbox 1677 1175 1736 1206; x_wconf 86' lang='lat' dir='ltr'>huc</span> 
     </span>
    </p>
   </div>
   <div class='ocr_carea' id='block_1_59' title="bbox 905 1221 1734 1261">
    <p class='ocr_par' dir='ltr' id='par_1_59' title="bbox 905 1221 1734 1261">
     <span class='ocr_line' id='line_1_59' title="bbox 905 1221 1734 1261; baseline -0.001 -7"><span class='ocrx_word' id='word_1_411' title='bbox 905 1223 1097 1261; x_wconf 86' lang='lat' dir='ltr'><strong>adducamus,</strong></span> <span class='ocrx_word' id='word_1_412' title='bbox 1116 1223 1207 1254; x_wconf 85' lang='lat' dir='ltr'><strong>dubia</strong></span> <span class='ocrx_word' id='word_1_413' title='bbox 1220 1222 1491 1254; x_wconf 87' lang='lat' dir='ltr'><strong>contradicentium</strong></span> <span class='ocrx_word' id='word_1_414' title='bbox 1506 1222 1606 1253; x_wconf 88' lang='lat' dir='ltr'><strong>omnia</strong></span> <span class='ocrx_word' id='word_1_415' title='bbox 1621 1221 1734 1253; x_wconf 78' lang='lat' dir='ltr'><strong>dissol-</strong></span> 
     </span>
    </p>
   </div>
   <div class='ocr_carea' id='block_1_60' title="bbox 905 1267 1734 1308">
    <p class='ocr_par' dir='ltr' id='par_1_60' title="bbox 905 1267 1734 1308">
     <span class='ocr_line' id='line_1_60' title="bbox 905 1267 1734 1308; baseline 0 -11"><span class='ocrx_word' id='word_1_416' title='bbox 905 1272 1021 1299; x_wconf 86' lang='lat' dir='ltr'><strong>ventur.</strong></span> <span class='ocrx_word' id='word_1_417' title='bbox 1036 1267 1154 1299; x_wconf 88' lang='lat' dir='ltr'><strong>Primus</strong></span> <span class='ocrx_word' id='word_1_418' title='bbox 1177 1267 1275 1308; x_wconf 87' lang='lat' dir='ltr'><strong>itaque</strong></span> <span class='ocrx_word' id='word_1_419' title='bbox 1290 1267 1443 1298; x_wconf 83' lang='lat' dir='ltr'><strong>sanctitate</strong></span> <span class='ocrx_word' id='word_1_420' title='bbox 1460 1267 1635 1308; x_wconf 61' lang='lat' dir='ltr'><strong>praecellens</strong></span> <span class='ocrx_word' id='word_1_421' title='bbox 1649 1267 1734 1298; x_wconf 84' lang='lat' dir='ltr'><strong>Ana-</strong></span> 
     </span>
    </p>
   </div>
   <div class='ocr_carea' id='block_1_61' title="bbox 907 1311 1735 1352">
    <p class='ocr_par' dir='ltr' id='par_1_61' title="bbox 907 1311 1735 1352">
     <span class='ocr_line' id='line_1_61' title="bbox 907 1311 1735 1352; baseline 0 -10"><span class='ocrx_word' id='word_1_422' title='bbox 907 1313 1016 1343; x_wconf 85' lang='lat' dir='ltr'><strong>stasius</strong></span> <span class='ocrx_word' id='word_1_423' title='bbox 1031 1312 1094 1344; x_wconf 69' lang='lat' dir='ltr'><strong>haec</strong></span> <span class='ocrx_word' id='word_1_424' title='bbox 1109 1311 1209 1352; x_wconf 82' lang='lat' dir='ltr'><strong>habet,</strong></span> <span class='ocrx_word' id='word_1_425' title='bbox 1224 1315 1349 1343; x_wconf 81' lang='lat' dir='ltr'><strong>tractatu</strong></span> <span class='ocrx_word' id='word_1_426' title='bbox 1366 1313 1408 1343; x_wconf 91' lang='lat' dir='ltr'><strong>De</strong></span> <span class='ocrx_word' id='word_1_427' title='bbox 1434 1312 1527 1343; x_wconf 87' lang='lat' dir='ltr'><strong>rectis</strong></span> <span class='ocrx_word' id='word_1_428' title='bbox 1543 1320 1609 1352; x_wconf 60' lang='lat' dir='ltr'><strong>qua;</strong></span> <span class='ocrx_word' id='word_1_429' title='bbox 1624 1319 1735 1342; x_wconf 87' lang='lat' dir='ltr'><strong>secun-</strong></span> 
     </span>
    </p>
   </div>
   <div class='ocr_carea' id='block_1_62' title="bbox 906 1355 1736 1395">
    <p class='ocr_par' dir='ltr' id='par_1_62' title="bbox 906 1355 1736 1395">
     <span class='ocr_line' id='line_1_62' title="bbox 906 1355 1736 1395; baseline -0.001 -8"><span class='ocrx_word' id='word_1_430' title='bbox 906 1356 978 1387; x_wconf 85' lang='lat' dir='ltr'>dum</span> <span class='ocrx_word' id='word_1_431' title='bbox 994 1366 1048 1387; x_wconf 92' lang='lat' dir='ltr'>nos</span> <span class='ocrx_word' id='word_1_432' title='bbox 1063 1360 1142 1394; x_wconf 89' lang='lat' dir='ltr'><strong>sunt,</strong></span> <span class='ocrx_word' id='word_1_433' title='bbox 1160 1355 1293 1387; x_wconf 84' lang='lat' dir='ltr'><strong>veritatis</strong></span> <span class='ocrx_word' id='word_1_434' title='bbox 1307 1355 1496 1395; x_wconf 83' lang='lat' dir='ltr'><strong>dogmatibus</strong></span> <span class='ocrx_word' id='word_1_435' title='bbox 1512 1366 1519 1386; x_wconf 94' lang='lat'><strong>:</strong></span> <span class='ocrx_word' id='word_1_436' title='bbox 1534 1356 1573 1387; x_wconf 87' lang='lat' dir='ltr'><strong>Et</strong></span> <span class='ocrx_word' id='word_1_437' title='bbox 1599 1356 1736 1395; x_wconf 78' lang='lat' dir='ltr'><strong>Spiritus</strong></span> 
     </span>
    </p>
   </div>
   <div class='ocr_carea' id='block_1_63' title="bbox 907 1399 1736 1441">
    <p class='ocr_par' dir='ltr' id='par_1_63' title="bbox 907 1399 1736 1441">
     <span class='ocr_line' id='line_1_63' title="bbox 907 1399 1736 1441; baseline -0.002 -9"><span class='ocrx_word' id='word_1_438' title='bbox 907 1410 1015 1432; x_wconf 78' lang='lat' dir='ltr'><strong>rursus</strong></span> <span class='ocrx_word' id='word_1_439' title='bbox 1025 1403 1078 1440; x_wconf 89' lang='lat' dir='ltr'>qui</span> <span class='ocrx_word' id='word_1_440' title='bbox 1087 1409 1126 1432; x_wconf 76' lang='lat' dir='ltr'><strong>ex</strong></span> <span class='ocrx_word' id='word_1_441' title='bbox 1134 1401 1198 1441; x_wconf 84' lang='lat' dir='ltr'><strong>ipso</strong></span> <span class='ocrx_word' id='word_1_442' title='bbox 1207 1400 1345 1441; x_wconf 81' lang='lat' dir='ltr'><strong>procedit</strong></span> <span class='ocrx_word' id='word_1_443' title='bbox 1353 1404 1383 1431; x_wconf 90' lang='lat' dir='ltr'>et</span> <span class='ocrx_word' id='word_1_444' title='bbox 1395 1401 1527 1432; x_wconf 78' lang='lat' dir='ltr'><strong>mittitur</strong></span> <span class='ocrx_word' id='word_1_445' title='bbox 1537 1408 1600 1431; x_wconf 80' lang='lat' dir='ltr'><strong>non</strong></span> <span class='ocrx_word' id='word_1_446' title='bbox 1607 1399 1706 1430; x_wconf 76' lang='lat' dir='ltr'><strong>solum</strong></span> <span class='ocrx_word' id='word_1_447' title='bbox 1716 1408 1736 1430; x_wconf 83' lang='grc' dir='ltr'>α</span> 
     </span>
    </p>
   </div>
   <div class='ocr_carea' id='block_1_64' title="bbox 907 1444 1738 1485">
    <p class='ocr_par' dir='ltr' id='par_1_64' title="bbox 907 1444 1738 1485">
     <span class='ocr_line' id='line_1_64' title="bbox 907 1444 1738 1485; baseline -0.001 -8"><span class='ocrx_word' id='word_1_448' title='bbox 907 1445 1001 1477; x_wconf 81' lang='lat' dir='ltr'><strong>Patre</strong></span> <span class='ocrx_word' id='word_1_449' title='bbox 1013 1446 1068 1476; x_wconf 84' lang='lat' dir='ltr'>sed</span> <span class='ocrx_word' id='word_1_450' title='bbox 1082 1446 1175 1477; x_wconf 83' lang='lat' dir='ltr'><strong>etiam</strong></span> <span class='ocrx_word' id='word_1_451' title='bbox 1187 1454 1225 1476; x_wconf 73' lang='lat' dir='ltr'><strong>ex</strong></span> <span class='ocrx_word' id='word_1_452' title='bbox 1240 1444 1336 1476; x_wconf 81' lang='lat' dir='ltr'><strong>Filio.</strong></span> <span class='ocrx_word' id='word_1_453' title='bbox 1348 1444 1462 1476; x_wconf 83' lang='lat' dir='ltr'><strong>Puncto</strong></span> <span class='ocrx_word' id='word_1_454' title='bbox 1477 1444 1673 1485; x_wconf 76' lang='lat' dir='ltr'><strong>distinguent,</strong></span> <span class='ocrx_word' id='word_1_455' title='bbox 1690 1448 1738 1476; x_wconf 84' lang='lat' dir='ltr'>sat</span> 
     </span>
    </p>
   </div>
   <div class='ocr_carea' id='block_1_65' title="bbox 905 1489 1736 1530">
    <p class='ocr_par' dir='ltr' id='par_1_65' title="bbox 905 1489 1736 1530">
     <span class='ocr_line' id='line_1_65' title="bbox 905 1489 1736 1530; baseline -0.001 -9"><span class='ocrx_word' id='word_1_456' title='bbox 905 1490 981 1528; x_wconf 91' lang='lat' dir='ltr'><strong>scio,</strong></span> <span class='ocrx_word' id='word_1_457' title='bbox 997 1490 1094 1530; x_wconf 88' lang='lat' dir='ltr'><strong>potior</strong></span> <span class='ocrx_word' id='word_1_458' title='bbox 1107 1489 1360 1521; x_wconf 86' lang='lat' dir='ltr'><strong>contentiosorum</strong></span> <span class='ocrx_word' id='word_1_459' title='bbox 1374 1499 1442 1530; x_wconf 90' lang='lat' dir='ltr'><strong>pars</strong></span> <span class='ocrx_word' id='word_1_460' title='bbox 1456 1489 1542 1527; x_wconf 89' lang='lat' dir='ltr'><strong>illud,</strong></span> <span class='ocrx_word' id='word_1_461' title='bbox 1558 1490 1611 1528; x_wconf 84' lang='lat' dir='ltr'>qui</span> <span class='ocrx_word' id='word_1_462' title='bbox 1624 1498 1664 1520; x_wconf 76' lang='lat' dir='ltr'><strong>ea;</strong></span> <span class='ocrx_word' id='word_1_463' title='bbox 1675 1490 1736 1520; x_wconf 85' lang='lat' dir='ltr'>Pa-</span> 
     </span>
    </p>
   </div>
   <div class='ocr_carea' id='block_1_66' title="bbox 906 1533 1736 1576">
    <p class='ocr_par' dir='ltr' id='par_1_66' title="bbox 906 1533 1736 1576">
     <span class='ocr_line' id='line_1_66' title="bbox 906 1533 1736 1576; baseline -0.004 -9"><span class='ocrx_word' id='word_1_464' title='bbox 906 1539 951 1567; x_wconf 86' lang='lat' dir='ltr'>tre</span> <span class='ocrx_word' id='word_1_465' title='bbox 966 1535 1124 1576; x_wconf 81' lang='lat' dir='ltr'><strong>procedit;</strong></span> <span class='ocrx_word' id='word_1_466' title='bbox 1143 1534 1330 1575; x_wconf 89' lang='lat' dir='ltr'><strong>postmodum</strong></span> <span class='ocrx_word' id='word_1_467' title='bbox 1355 1534 1504 1576; x_wconf 90' lang='lat' dir='ltr'><strong>reliquum</strong></span> <span class='ocrx_word' id='word_1_468' title='bbox 1519 1534 1628 1574; x_wconf 75' lang='lat' dir='ltr'><strong>legent,</strong></span> <span class='ocrx_word' id='word_1_469' title='bbox 1660 1533 1736 1565; x_wconf 86' lang='lat' dir='ltr'><strong>mis-</strong></span> 
     </span>
    </p>
   </div>
   <div class='ocr_carea' id='block_1_67' title="bbox 905 1578 1734 1620">
    <p class='ocr_par' dir='ltr' id='par_1_67' title="bbox 905 1578 1734 1620">
     <span class='ocr_line' id='line_1_67' title="bbox 905 1578 1734 1620; baseline -0.001 -10"><span class='ocrx_word' id='word_1_470' title='bbox 905 1580 1022 1611; x_wconf 90' lang='lat' dir='ltr'><strong>sionem</strong></span> <span class='ocrx_word' id='word_1_471' title='bbox 1052 1579 1169 1611; x_wconf 87' lang='lat' dir='ltr'><strong>scilicet</strong></span> <span class='ocrx_word' id='word_1_472' title='bbox 1184 1578 1314 1620; x_wconf 90' lang='lat' dir='ltr'><strong>Spiritus</strong></span> <span class='ocrx_word' id='word_1_473' title='bbox 1327 1580 1422 1611; x_wconf 88' lang='lat' dir='ltr'><strong>sancti</strong></span> <span class='ocrx_word' id='word_1_474' title='bbox 1450 1579 1544 1610; x_wconf 88' lang='lat' dir='ltr'><strong>solam</strong></span> <span class='ocrx_word' id='word_1_475' title='bbox 1558 1578 1634 1610; x_wconf 88' lang='lat' dir='ltr'><strong>Filio</strong></span> <span class='ocrx_word' id='word_1_476' title='bbox 1665 1587 1734 1609; x_wconf 88' lang='lat' dir='ltr'>cum</span> 
     </span>
    </p>
   </div>
   <div class='ocr_carea' id='block_1_68' title="bbox 906 1622 1737 1664">
    <p class='ocr_par' dir='ltr' id='par_1_68' title="bbox 906 1622 1737 1664">
     <span class='ocr_line' id='line_1_68' title="bbox 906 1622 1737 1664; baseline -0.004 -8"><span class='ocrx_word' id='word_1_477' title='bbox 906 1624 992 1656; x_wconf 88' lang='lat' dir='ltr'><strong>Patre</strong></span> <span class='ocrx_word' id='word_1_478' title='bbox 1007 1624 1225 1660; x_wconf 84' lang='lat' dir='ltr'><strong>attribuentes;</strong></span> <span class='ocrx_word' id='word_1_479' title='bbox 1253 1623 1305 1654; x_wconf 92' lang='lat' dir='ltr'>sed</span> <span class='ocrx_word' id='word_1_480' title='bbox 1322 1633 1373 1654; x_wconf 90' lang='lat' dir='ltr'>eos</span> <span class='ocrx_word' id='word_1_481' title='bbox 1386 1623 1557 1663; x_wconf 85' lang='lat' dir='ltr'><strong>redarguet,</strong></span> <span class='ocrx_word' id='word_1_482' title='bbox 1581 1622 1660 1664; x_wconf 88' lang='lat' dir='ltr'><strong>quod</strong></span> <span class='ocrx_word' id='word_1_483' title='bbox 1676 1631 1737 1653; x_wconf 92' lang='lat' dir='ltr'>non</span> 
     </span>
    </p>
   </div>
   <div class='ocr_carea' id='block_1_69' title="bbox 35 1664 808 1709">
    <p class='ocr_par' dir='ltr' id='par_1_69' title="bbox 35 1667 806 1707">
     <span class='ocr_line' id='line_1_69' title="bbox 35 1667 806 1707; baseline 0.003 -12"><span class='ocrx_word' id='word_1_484' title='bbox 35 1668 117 1705; x_wconf 82' lang='grc' dir='ltr'>μόνον</span> <span class='ocrx_word' id='word_1_485' title='bbox 145 1671 184 1705; x_wconf 86' lang='grc' dir='ltr'>τῷ</span> <span class='ocrx_word' id='word_1_486' title='bbox 221 1669 273 1704; x_wconf 78' lang='grc' dir='ltr'>Υἷῷ</span> <span class='ocrx_word' id='word_1_487' title='bbox 303 1667 370 1705; x_wconf 77' lang='grc' dir='ltr'>μετά</span> <span class='ocrx_word' id='word_1_488' title='bbox 397 1678 428 1706; x_wconf 91' lang='grc' dir='ltr'>γε</span> <span class='ocrx_word' id='word_1_489' title='bbox 456 1670 501 1695; x_wconf 81' lang='grc' dir='ltr'>τοῦ</span> <span class='ocrx_word' id='word_1_490' title='bbox 538 1668 640 1707; x_wconf 75' lang='grc' dir='ltr'>Πατρὸς</span> <span class='ocrx_word' id='word_1_491' title='bbox 674 1667 806 1706; x_wconf 82' lang='grc' dir='ltr'>ἆπονέμον</span> 
     </span>
    </p>
   </div>
   <div class='ocr_carea' id='block_1_70' title="bbox 963 1664 1736 1709">
    <p class='ocr_par' dir='ltr' id='par_1_70' title="bbox 963 1667 1736 1709">
     <span class='ocr_line' id='line_1_70' title="bbox 963 1667 1736 1709; baseline -0.003 -9"><span class='ocrx_word' id='word_1_492' title='bbox 963 1673 973 1700; x_wconf 90' lang='grc' dir='ltr'>ι</span> <span class='ocrx_word' id='word_1_493' title='bbox 989 1669 1081 1700; x_wconf 86' lang='lat' dir='ltr'><strong>multa</strong></span> <span class='ocrx_word' id='word_1_494' title='bbox 1097 1668 1186 1700; x_wconf 86' lang='lat' dir='ltr'><strong>verba</strong></span> <span class='ocrx_word' id='word_1_495' title='bbox 1200 1668 1380 1706; x_wconf 86' lang='lat' dir='ltr'><strong>adnectitur,</strong></span> <span class='ocrx_word' id='word_1_496' title='bbox 1397 1673 1426 1700; x_wconf 86' lang='lat' dir='ltr'>et</span> <span class='ocrx_word' id='word_1_497' title='bbox 1440 1667 1518 1709; x_wconf 91' lang='lat' dir='ltr'><strong>quod</strong></span> <span class='ocrx_word' id='word_1_498' title='bbox 1530 1677 1620 1708; x_wconf 88' lang='lat' dir='ltr'><strong>supra</strong></span> <span class='ocrx_word' id='word_1_499' title='bbox 1633 1667 1665 1698; x_wconf 90' lang='lat' dir='ltr'>in</span> <span class='ocrx_word' id='word_1_500' title='bbox 1680 1667 1736 1698; x_wconf 89' lang='lat' dir='ltr'><strong>hac</strong></span> 
     </span>
    </p>
   </div>
   <div class='ocr_carea' id='block_1_71' title="bbox 35 1707 808 1755">
    <p class='ocr_par' dir='ltr' id='par_1_71' title="bbox 35 1711 807 1753">
     <span class='ocr_line' id='line_1_71' title="bbox 35 1711 807 1753; baseline 0.003 -13"><span class='ocrx_word' id='word_1_501' title='bbox 35 1711 154 1752; x_wconf 80' lang='grc' dir='ltr'>Ἐλέγξει</span> <span class='ocrx_word' id='word_1_502' title='bbox 176 1711 203 1740; x_wconf 73' lang='grc' dir='ltr'>δὲ</span> <span class='ocrx_word' id='word_1_503' title='bbox 225 1712 330 1743; x_wconf 78' lang='grc' dir='ltr'>πάντως</span> <span class='ocrx_word' id='word_1_504' title='bbox 353 1712 445 1744; x_wconf 75' lang='grc' dir='ltr'>αὐτοὺς</span> <span class='ocrx_word' id='word_1_505' title='bbox 467 1713 497 1740; x_wconf 84' lang='grc' dir='ltr'>τὸ</span> <span class='ocrx_word' id='word_1_506' title='bbox 519 1712 586 1750; x_wconf 80' lang='grc' dir='ltr'>μετά</span> <span class='ocrx_word' id='word_1_507' title='bbox 608 1723 669 1741; x_wconf 82' lang='grc' dir='ltr'>τινα</span> <span class='ocrx_word' id='word_1_508' title='bbox 683 1718 760 1742; x_wconf 84' lang='grc' dir='ltr'>τοῦτο</span> <span class='ocrx_word' id='word_1_509' title='bbox 775 1714 807 1753; x_wconf 82' lang='grc' dir='ltr'>ῥη</span> 
     </span>
    </p>
   </div>
   <div class='ocr_carea' id='block_1_72' title="bbox 963 1707 1736 1755">
    <p class='ocr_par' dir='ltr' id='par_1_72' title="bbox 964 1707 1736 1755">
     <span class='ocr_line' id='line_1_72' title="bbox 964 1707 1736 1755; baseline -0.003 -9"><span class='ocrx_word' id='word_1_510' title='bbox 964 1724 1010 1746; x_wconf 85' lang='lat' dir='ltr'>em</span> <span class='ocrx_word' id='word_1_511' title='bbox 1022 1715 1156 1746; x_wconf 88' lang='lat' dir='ltr'><strong>oratione</strong></span> <span class='ocrx_word' id='word_1_512' title='bbox 1168 1714 1358 1754; x_wconf 83' lang='lat' dir='ltr'><strong>digessimus,</strong></span> <span class='ocrx_word' id='word_1_513' title='bbox 1373 1707 1494 1755; x_wconf 79' lang='lat' dir='ltr'><strong>nempe,</strong></span> <span class='ocrx_word' id='word_1_514' title='bbox 1509 1714 1549 1745; x_wconf 83' lang='lat' dir='ltr'><strong>Et</strong></span> <span class='ocrx_word' id='word_1_515' title='bbox 1563 1707 1665 1745; x_wconf 77' lang='lat' dir='ltr'><strong>tamen</strong></span> <span class='ocrx_word' id='word_1_516' title='bbox 1676 1712 1736 1744; x_wconf 91' lang='lat' dir='ltr'>Do-</span> 
     </span>
    </p>
   </div>
   <div class='ocr_carea' id='block_1_73' title="bbox 36 1755 863 1798">
    <p class='ocr_par' dir='ltr' id='par_1_73' title="bbox 36 1755 863 1798">
     <span class='ocr_line' id='line_1_73' title="bbox 36 1755 863 1798; baseline 0.002 -13"><span class='ocrx_word' id='word_1_517' title='bbox 36 1757 102 1796; x_wconf 80' lang='grc' dir='ltr'>ὅπερ</span> <span class='ocrx_word' id='word_1_518' title='bbox 133 1757 276 1797; x_wconf 71' lang='grc' dir='ltr'>φθάσαντες</span> <span class='ocrx_word' id='word_1_519' title='bbox 305 1755 359 1784; x_wconf 68' lang='grc' dir='ltr'>ἅνω</span> <span class='ocrx_word' id='word_1_520' title='bbox 386 1760 432 1784; x_wconf 88' lang='grc' dir='ltr'>τοῦ</span> <span class='ocrx_word' id='word_1_521' title='bbox 461 1760 504 1784; x_wconf 93' lang='grc' dir='ltr'>νῦν</span> <span class='ocrx_word' id='word_1_522' title='bbox 540 1756 620 1796; x_wconf 66' lang='grc' dir='ltr'>λογου</span> <span class='ocrx_word' id='word_1_523' title='bbox 647 1756 863 1798; x_wconf 76' lang='grc' dir='ltr'>προδιελάϐομεν,</span> 
     </span>
    </p>
   </div>
   <div class='ocr_carea' id='block_1_74' title="bbox 35 1800 865 1839">
    <p class='ocr_par' dir='ltr' id='par_1_74' title="bbox 35 1800 865 1839">
     <span class='ocr_line' id='line_1_74' title="bbox 35 1800 865 1839; baseline 0.002 -9"><span class='ocrx_word' id='word_1_524' title='bbox 35 1801 77 1830; x_wconf 78' lang='grc' dir='ltr'>ὅτι</span> <span class='ocrx_word' id='word_1_525' title='bbox 116 1802 164 1830; x_wconf 78' lang='grc' dir='ltr'>Καὶ</span> <span class='ocrx_word' id='word_1_526' title='bbox 194 1801 248 1838; x_wconf 79' lang='grc' dir='ltr'>μὴν</span> <span class='ocrx_word' id='word_1_527' title='bbox 291 1802 305 1829; x_wconf 82' lang='grc' dir='ltr'>ὁ</span> <span class='ocrx_word' id='word_1_528' title='bbox 346 1801 443 1839; x_wconf 78' lang='grc' dir='ltr'>Κύριος</span> <span class='ocrx_word' id='word_1_529' title='bbox 472 1800 498 1833; x_wconf 76' lang='grc' dir='ltr'>ἐξ</span> <span class='ocrx_word' id='word_1_530' title='bbox 533 1801 625 1830; x_wconf 76' lang='grc' dir='ltr'>ἑαυτοῦ</span> <span class='ocrx_word' id='word_1_531' title='bbox 666 1801 766 1835; x_wconf 77' lang='grc' dir='ltr'>δεικνὺς</span> <span class='ocrx_word' id='word_1_532' title='bbox 801 1804 865 1832; x_wconf 65' lang='grc' dir='ltr'>αὑτὸ</span> 
     </span>
    </p>
   </div>
   <div class='ocr_carea' id='block_1_75' title="bbox 35 1844 864 1886">
    <p class='ocr_par' dir='ltr' id='par_1_75' title="bbox 35 1844 864 1886">
     <span class='ocr_line' id='line_1_75' title="bbox 35 1844 864 1886; baseline 0.005 -14"><span class='ocrx_word' id='word_1_533' title='bbox 35 1846 168 1885; x_wconf 70' lang='grc' dir='ltr'>ὑπάρχειν</span> <span class='ocrx_word' id='word_1_534' title='bbox 202 1844 327 1884; x_wconf 74' lang='grc' dir='ltr'>ἒμρυσῶν</span> <span class='ocrx_word' id='word_1_535' title='bbox 365 1851 424 1876; x_wconf 64' lang='grc' dir='ltr'>τοῖς</span> <span class='ocrx_word' id='word_1_536' title='bbox 460 1847 594 1883; x_wconf 72' lang='grc' dir='ltr'>μαθηταῖς</span> <span class='ocrx_word' id='word_1_537' title='bbox 630 1846 716 1886; x_wconf 72' lang='grc' dir='ltr'>ἔλεγε,</span> <span class='ocrx_word' id='word_1_538' title='bbox 765 1859 779 1875; x_wconf 74' lang='grc' dir='ltr'>α</span> <span class='ocrx_word' id='word_1_539' title='bbox 807 1849 864 1877; x_wconf 84' lang='grc' dir='ltr'>Δά-</span> 
     </span>
    </p>
   </div>
   <div class='ocr_carea' id='block_1_76' title="bbox 33 1888 865 1932">
    <p class='ocr_par' dir='ltr' id='par_1_76' title="bbox 33 1888 865 1932">
     <span class='ocr_line' id='line_1_76' title="bbox 33 1888 865 1932; baseline 0.005 -14"><span class='ocrx_word' id='word_1_540' title='bbox 33 1890 97 1918; x_wconf 81' lang='grc' dir='ltr'>ϐετε</span> <span class='ocrx_word' id='word_1_541' title='bbox 136 1893 242 1925; x_wconf 83' lang='grc' dir='ltr'>Πνεῦμα</span> <span class='ocrx_word' id='word_1_542' title='bbox 271 1888 357 1929; x_wconf 77' lang='grc' dir='ltr'>ἅγιον.</span> <span class='ocrx_word' id='word_1_543' title='bbox 389 1901 402 1916; x_wconf 73' lang='lat' dir='ltr'>n</span> <span class='ocrx_word' id='word_1_544' title='bbox 433 1894 515 1918; x_wconf 83' lang='grc' dir='ltr'>Τοῦτο</span> <span class='ocrx_word' id='word_1_545' title='bbox 546 1892 591 1919; x_wconf 77' lang='grc' dir='ltr'>καὶ</span> <span class='ocrx_word' id='word_1_546' title='bbox 624 1892 673 1931; x_wconf 78' lang='grc' dir='ltr'>γὰρ</span> <span class='ocrx_word' id='word_1_547' title='bbox 707 1890 865 1932; x_wconf 75' lang='grc' dir='ltr'>θεολογῆσαῑ</span> 
     </span>
    </p>
   </div>
   <div class='ocr_carea' id='block_1_77' title="bbox 31 1934 866 1976">
    <p class='ocr_par' dir='ltr' id='par_1_77' title="bbox 31 1934 866 1976">
     <span class='ocr_line' id='line_1_77' title="bbox 31 1934 866 1976; baseline 0.004 -12"><span class='ocrx_word' id='word_1_548' title='bbox 31 1936 113 1964; x_wconf 73' lang='grc' dir='ltr'>κάκεῖ</span> <span class='ocrx_word' id='word_1_549' title='bbox 146 1934 281 1967; x_wconf 78' lang='grc' dir='ltr'>συνίστησι</span> <span class='ocrx_word' id='word_1_550' title='bbox 315 1935 361 1962; x_wconf 82' lang='grc' dir='ltr'>τὸν</span> <span class='ocrx_word' id='word_1_551' title='bbox 389 1934 466 1963; x_wconf 73' lang='grc' dir='ltr'>αὐτὸν</span> <span class='ocrx_word' id='word_1_552' title='bbox 496 1935 540 1963; x_wconf 85' lang='grc' dir='ltr'>καὶ</span> <span class='ocrx_word' id='word_1_553' title='bbox 576 1935 782 1976; x_wconf 75' lang='grc' dir='ltr'>ἐκπορευόμενον</span> <span class='ocrx_word' id='word_1_554' title='bbox 813 1939 866 1967; x_wconf 72' lang='grc' dir='ltr'>κάκ</span> 
     </span>
    </p>
   </div>
   <div class='ocr_carea' id='block_1_78' title="bbox 31 1978 864 2022">
    <p class='ocr_par' dir='ltr' id='par_1_78' title="bbox 31 1978 864 2022">
     <span class='ocr_line' id='line_1_78' title="bbox 31 1978 864 2022; baseline 0.004 -14"><span class='ocrx_word' id='word_1_555' title='bbox 31 1983 80 2008; x_wconf 87' lang='grc' dir='ltr'>τοῦ</span> <span class='ocrx_word' id='word_1_556' title='bbox 107 1980 167 2007; x_wconf 80' lang='grc' dir='ltr'>Γὶοῦ</span> <span class='ocrx_word' id='word_1_557' title='bbox 187 1979 217 2007; x_wconf 73' lang='grc' dir='ltr'>τὸ</span> <span class='ocrx_word' id='word_1_558' title='bbox 241 1978 347 2016; x_wconf 82' lang='grc' dir='ltr'>Πνεῦμα</span> <span class='ocrx_word' id='word_1_559' title='bbox 376 1979 406 2006; x_wconf 82' lang='grc' dir='ltr'>τὸ</span> <span class='ocrx_word' id='word_1_560' title='bbox 430 1979 518 2018; x_wconf 75' lang='grc' dir='ltr'>ἅγιον,</span> <span class='ocrx_word' id='word_1_561' title='bbox 544 1981 591 2009; x_wconf 83' lang='grc' dir='ltr'>Καὶ</span> <span class='ocrx_word' id='word_1_562' title='bbox 617 1982 630 2009; x_wconf 87' lang='grc' dir='ltr'>ὁ</span> <span class='ocrx_word' id='word_1_563' title='bbox 645 1981 692 2013; x_wconf 65' lang='grc' dir='ltr'>τὰς</span> <span class='ocrx_word' id='word_1_564' title='bbox 708 1984 760 2010; x_wconf 84' lang='grc' dir='ltr'>τῶν</span> <span class='ocrx_word' id='word_1_565' title='bbox 782 1983 864 2022; x_wconf 82' lang='grc' dir='ltr'>ἁγίων</span> 
     </span>
    </p>
   </div>
   <div class='ocr_carea' id='block_1_79' title="bbox 31 2023 863 2066">
    <p class='ocr_par' dir='ltr' id='par_1_79' title="bbox 31 2023 863 2066">
     <span class='ocr_line' id='line_1_79' title="bbox 31 2023 863 2066; baseline 0.005 -14"><span class='ocrx_word' id='word_1_566' title='bbox 31 2025 60 2053; x_wconf 71' lang='grc' dir='ltr'>δὲ</span> <span class='ocrx_word' id='word_1_567' title='bbox 85 2023 220 2055; x_wconf 79' lang='grc' dir='ltr'>πολιτείας</span> <span class='ocrx_word' id='word_1_568' title='bbox 250 2023 293 2052; x_wconf 83' lang='grc' dir='ltr'>καὶ</span> <span class='ocrx_word' id='word_1_569' title='bbox 314 2024 360 2054; x_wconf 63' lang='grc' dir='ltr'>τὰς</span> <span class='ocrx_word' id='word_1_570' title='bbox 384 2023 468 2051; x_wconf 68' lang='grc' dir='ltr'>αῦιτῶν</span> <span class='ocrx_word' id='word_1_571' title='bbox 499 2023 625 2059; x_wconf 82' lang='grc' dir='ltr'>αθλήσεις</span> <span class='ocrx_word' id='word_1_572' title='bbox 654 2026 863 2066; x_wconf 72' lang='grc' dir='ltr'>ἀφηγησάμενος</span> 
     </span>
    </p>
   </div>
   <div class='ocr_carea' id='block_1_80' title="bbox 32 2067 862 2111">
    <p class='ocr_par' dir='ltr' id='par_1_80' title="bbox 32 2067 862 2111">
     <span class='ocr_line' id='line_1_80' title="bbox 32 2067 862 2111; baseline 0.006 -16"><span class='ocrx_word' id='word_1_573' title='bbox 32 2071 266 2108; x_wconf 78' lang='grc' dir='ltr'>μεταφραστικῶς,</span> <span class='ocrx_word' id='word_1_574' title='bbox 313 2068 350 2100; x_wconf 77' lang='grc' dir='ltr'>εἷς</span> <span class='ocrx_word' id='word_1_575' title='bbox 379 2069 410 2096; x_wconf 82' lang='grc' dir='ltr'>τὸ</span> <span class='ocrx_word' id='word_1_576' title='bbox 439 2072 485 2096; x_wconf 85' lang='grc' dir='ltr'>τοῦ</span> <span class='ocrx_word' id='word_1_577' title='bbox 507 2067 697 2109; x_wconf 73' lang='grc' dir='ltr'>Ἀρεοπαγίτου</span> <span class='ocrx_word' id='word_1_578' title='bbox 719 2072 862 2111; x_wconf 85' lang='grc' dir='ltr'>μαρτύριον</span> 
     </span>
    </p>
   </div>
   <div class='ocr_carea' id='block_1_81' title="bbox 33 2113 859 2157">
    <p class='ocr_par' dir='ltr' id='par_1_81' title="bbox 33 2113 859 2157">
     <span class='ocr_line' id='line_1_81' title="bbox 33 2113 859 2157; baseline 0.005 -15"><span class='ocrx_word' id='word_1_579' title='bbox 33 2114 183 2150; x_wconf 80' lang='grc' dir='ltr'>Διονυσίου,</span> <span class='ocrx_word' id='word_1_580' title='bbox 214 2113 282 2152; x_wconf 77' lang='grc' dir='ltr'>φημὶ</span> <span class='ocrx_word' id='word_1_581' title='bbox 317 2113 364 2140; x_wconf 79' lang='grc' dir='ltr'>τοῦ</span> <span class='ocrx_word' id='word_1_582' title='bbox 397 2113 450 2141; x_wconf 84' lang='grc' dir='ltr'>τῶν</span> <span class='ocrx_word' id='word_1_583' title='bbox 494 2113 649 2153; x_wconf 74' lang='grc' dir='ltr'>ἆποῤῥῆτων</span> <span class='ocrx_word' id='word_1_584' title='bbox 687 2115 859 2157; x_wconf 66' lang='grc' dir='ltr'>ἔκφάντορος,</span> 
     </span>
    </p>
   </div>
   <div class='ocr_carea' id='block_1_82' title="bbox 31 2157 859 2200">
    <p class='ocr_par' dir='ltr' id='par_1_82' title="bbox 31 2157 859 2200">
     <span class='ocr_line' id='line_1_82' title="bbox 31 2157 859 2200; baseline 0.004 -14"><span class='ocrx_word' id='word_1_585' title='bbox 31 2158 132 2190; x_wconf 75' lang='grc' dir='ltr'>δεησαν</span> <span class='ocrx_word' id='word_1_586' title='bbox 162 2158 247 2185; x_wconf 71' lang='grc' dir='ltr'>εἰπεῖν</span> <span class='ocrx_word' id='word_1_587' title='bbox 269 2157 397 2196; x_wconf 77' lang='grc' dir='ltr'>περὶτῆς</span> <span class='ocrx_word' id='word_1_588' title='bbox 428 2158 577 2192; x_wconf 74' lang='grc' dir='ltr'>οἰκονομίας</span> <span class='ocrx_word' id='word_1_589' title='bbox 603 2162 714 2198; x_wconf 71' lang='grc' dir='ltr'>Χριστοῦ</span> <span class='ocrx_word' id='word_1_590' title='bbox 742 2161 807 2200; x_wconf 78' lang='grc' dir='ltr'>πρὸς</span> <span class='ocrx_word' id='word_1_591' title='bbox 829 2162 859 2190; x_wconf 79' lang='grc' dir='ltr'>τὸ</span> 
     </span>
    </p>
   </div>
   <div class='ocr_carea' id='block_1_83' title="bbox 32 2201 860 2246">
    <p class='ocr_par' dir='ltr' id='par_1_83' title="bbox 32 2201 860 2246">
     <span class='ocr_line' id='line_1_83' title="bbox 32 2201 860 2246; baseline 0.006 -17"><span class='ocrx_word' id='word_1_592' title='bbox 32 2202 112 2233; x_wconf 78' lang='grc' dir='ltr'>τέλος</span> <span class='ocrx_word' id='word_1_593' title='bbox 142 2201 185 2229; x_wconf 69' lang='grc' dir='ltr'>ἐπὶ</span> <span class='ocrx_word' id='word_1_594' title='bbox 213 2201 307 2233; x_wconf 72' lang='grc' dir='ltr'>λέξεως</span> <span class='ocrx_word' id='word_1_595' title='bbox 337 2201 420 2233; x_wconf 77' lang='grc' dir='ltr'>οὕτως</span> <span class='ocrx_word' id='word_1_596' title='bbox 448 2201 589 2242; x_wconf 76' lang='grc' dir='ltr'>ἐφθέγξατο</span> <span class='ocrx_word' id='word_1_597' title='bbox 606 2211 613 2218; x_wconf 93' lang='lat'>&#39;</span> <span class='ocrx_word' id='word_1_598' title='bbox 646 2205 695 2233; x_wconf 72' lang='grc' dir='ltr'>Καί</span> <span class='ocrx_word' id='word_1_599' title='bbox 716 2205 752 2236; x_wconf 84' lang='grc' dir='ltr'>εἷς</span> <span class='ocrx_word' id='word_1_600' title='bbox 779 2206 860 2246; x_wconf 69' lang='grc' dir='ltr'>οὖρα-</span> 
     </span>
    </p>
   </div>
   <div class='ocr_carea' id='block_1_84' title="bbox 30 2246 859 2289">
    <p class='ocr_par' dir='ltr' id='par_1_84' title="bbox 30 2246 859 2289">
     <span class='ocr_line' id='line_1_84' title="bbox 30 2246 859 2289; baseline 0.007 -16"><span class='ocrx_word' id='word_1_601' title='bbox 30 2248 92 2279; x_wconf 76' lang='grc' dir='ltr'>νοὺς</span> <span class='ocrx_word' id='word_1_602' title='bbox 123 2247 138 2274; x_wconf 80' lang='grc' dir='ltr'>ὁ</span> <span class='ocrx_word' id='word_1_603' title='bbox 169 2246 233 2284; x_wconf 78' lang='grc' dir='ltr'>ἐμὸς</span> <span class='ocrx_word' id='word_1_604' title='bbox 272 2247 382 2285; x_wconf 81' lang='grc' dir='ltr'>Χριστὸς</span> <span class='ocrx_word' id='word_1_605' title='bbox 421 2246 588 2286; x_wconf 80' lang='grc' dir='ltr'>ἀναφέρεται,</span> <span class='ocrx_word' id='word_1_606' title='bbox 630 2249 674 2276; x_wconf 83' lang='grc' dir='ltr'>καὶ</span> <span class='ocrx_word' id='word_1_607' title='bbox 712 2250 777 2289; x_wconf 79' lang='grc' dir='ltr'>πρὸς</span> <span class='ocrx_word' id='word_1_608' title='bbox 815 2250 859 2279; x_wconf 79' lang='grc' dir='ltr'>τὸν</span> 
     </span>
    </p>
   </div>
   <div class='ocr_carea' id='block_1_85' title="bbox 29 2289 859 2333">
    <p class='ocr_par' dir='ltr' id='par_1_85' title="bbox 29 2289 859 2333">
     <span class='ocr_line' id='line_1_85' title="bbox 29 2289 859 2333; baseline 0.002 -12"><span class='ocrx_word' id='word_1_609' title='bbox 29 2291 162 2330; x_wconf 79' lang='grc' dir='ltr'>πατρικὸν</span> <span class='ocrx_word' id='word_1_610' title='bbox 199 2289 317 2318; x_wconf 72' lang='grc' dir='ltr'>ἐπάνεισι</span> <span class='ocrx_word' id='word_1_611' title='bbox 364 2290 466 2330; x_wconf 77' lang='grc' dir='ltr'>θρόνον,</span> <span class='ocrx_word' id='word_1_612' title='bbox 502 2291 546 2319; x_wconf 87' lang='grc' dir='ltr'>καὶ</span> <span class='ocrx_word' id='word_1_613' title='bbox 588 2292 618 2320; x_wconf 80' lang='grc' dir='ltr'>τὸ</span> <span class='ocrx_word' id='word_1_614' title='bbox 654 2292 859 2333; x_wconf 69' lang='grc' dir='ltr'>ἕκπορευόμενον</span> 
     </span>
    </p>
   </div>
   <div class='ocr_carea' id='block_1_86' title="bbox 30 2335 862 2374">
    <p class='ocr_par' dir='ltr' id='par_1_86' title="bbox 30 2335 862 2374">
     <span class='ocr_line' id='line_1_86' title="bbox 30 2335 862 2374; baseline 0.004 -9"><span class='ocrx_word' id='word_1_615' title='bbox 30 2337 112 2365; x_wconf 74' lang='grc' dir='ltr'>αὒτοῦ</span> <span class='ocrx_word' id='word_1_616' title='bbox 142 2339 250 2373; x_wconf 87' lang='grc' dir='ltr'>Πνεῦμα</span> <span class='ocrx_word' id='word_1_617' title='bbox 287 2336 330 2363; x_wconf 66' lang='lat' dir='ltr'><strong>hri</strong></span> <span class='ocrx_word' id='word_1_618' title='bbox 369 2338 403 2374; x_wconf 84' lang='grc' dir='ltr'>τῇ</span> <span class='ocrx_word' id='word_1_619' title='bbox 432 2338 485 2363; x_wconf 84' lang='grc' dir='ltr'>τῶν</span> <span class='ocrx_word' id='word_1_620' title='bbox 514 2335 630 2364; x_wconf 81' lang='grc' dir='ltr'>ἀπίστων</span> <span class='ocrx_word' id='word_1_621' title='bbox 655 2337 750 2366; x_wconf 80' lang='grc' dir='ltr'>ἐνθνῶν</span> <span class='ocrx_word' id='word_1_622' title='bbox 779 2350 862 2368; x_wconf 86' lang='grc' dir='ltr'>κατα-</span> 
     </span>
    </p>
   </div>
   <div class='ocr_carea' id='block_1_87' title="bbox 27 2379 861 2424">
    <p class='ocr_par' dir='ltr' id='par_1_87' title="bbox 27 2379 861 2424">
     <span class='ocr_line' id='line_1_87' title="bbox 27 2379 861 2424; baseline -0.002 -15"><span class='ocrx_word' id='word_1_623' title='bbox 27 2381 133 2419; x_wconf 79' lang='grc' dir='ltr'>πέμπει</span> <span class='ocrx_word' id='word_1_624' title='bbox 160 2387 218 2412; x_wconf 80' lang='grc' dir='ltr'>τοῖς</span> <span class='ocrx_word' id='word_1_625' title='bbox 252 2381 385 2417; x_wconf 77' lang='grc' dir='ltr'>μαθηταῖς</span> <span class='ocrx_word' id='word_1_626' title='bbox 432 2379 539 2424; x_wconf 73' lang='grc' dir='ltr'>οδηγίᾳ,</span> <span class='ocrx_word' id='word_1_627' title='bbox 571 2380 624 2410; x_wconf 81' lang='grc' dir='ltr'>Κᾶν</span> <span class='ocrx_word' id='word_1_628' title='bbox 653 2383 674 2410; x_wconf 74' lang='grc' dir='ltr'>αἱ</span> <span class='ocrx_word' id='word_1_629' title='bbox 696 2382 735 2420; x_wconf 84' lang='grc' dir='ltr'>μή</span> <span class='ocrx_word' id='word_1_630' title='bbox 765 2383 861 2424; x_wconf 75' lang='grc' dir='ltr'>πρότε-</span> 
     </span>
    </p>
   </div>
   <div class='ocr_carea' id='block_1_88' title="bbox 33 2423 863 2465">
    <p class='ocr_par' dir='ltr' id='par_1_88' title="bbox 33 2423 863 2465">
     <span class='ocr_line' id='line_1_88' title="bbox 33 2423 863 2465; baseline 0.004 -12"><span class='ocrx_word' id='word_1_631' title='bbox 33 2437 92 2465; x_wconf 85' lang='grc' dir='ltr'>ρον,</span> <span class='ocrx_word' id='word_1_632' title='bbox 124 2426 156 2453; x_wconf 80' lang='grc' dir='ltr'>τὸ</span> <span class='ocrx_word' id='word_1_633' title='bbox 177 2424 241 2463; x_wconf 77' lang='grc' dir='ltr'>γοῦν</span> <span class='ocrx_word' id='word_1_634' title='bbox 261 2428 306 2452; x_wconf 85' lang='grc' dir='ltr'>νῦν</span> <span class='ocrx_word' id='word_1_635' title='bbox 337 2424 401 2464; x_wconf 82' lang='grc' dir='ltr'>ἕχον</span> <span class='ocrx_word' id='word_1_636' title='bbox 430 2423 514 2464; x_wconf 78' lang='grc' dir='ltr'>ἐχρῆν</span> <span class='ocrx_word' id='word_1_637' title='bbox 544 2425 694 2454; x_wconf 78' lang='grc' dir='ltr'>παντάπασι</span> <span class='ocrx_word' id='word_1_638' title='bbox 723 2429 863 2461; x_wconf 75' lang='grc' dir='ltr'>πεισθῆναι</span> 
     </span>
    </p>
   </div>
   <div class='ocr_carea' id='block_1_89' title="bbox 27 2467 862 2507">
    <p class='ocr_par' dir='ltr' id='par_1_89' title="bbox 27 2467 862 2507">
     <span class='ocr_line' id='line_1_89' title="bbox 27 2467 862 2507; baseline 0.004 -9"><span class='ocrx_word' id='word_1_639' title='bbox 27 2470 91 2501; x_wconf 80' lang='grc' dir='ltr'>τοὺς</span> <span class='ocrx_word' id='word_1_640' title='bbox 115 2468 302 2507; x_wconf 77' lang='grc' dir='ltr'>ἀντιλέγοντας</span> <span class='ocrx_word' id='word_1_641' title='bbox 320 2477 327 2484; x_wconf 90' lang='grc'><strong>·</strong></span> <span class='ocrx_word' id='word_1_642' title='bbox 360 2467 503 2507; x_wconf 84' lang='grc' dir='ltr'>ἐπειδήπερ</span> <span class='ocrx_word' id='word_1_643' title='bbox 526 2469 557 2497; x_wconf 75' lang='grc' dir='ltr'>τὸ</span> <span class='ocrx_word' id='word_1_644' title='bbox 586 2467 628 2497; x_wconf 80' lang='grc' dir='ltr'>διὰ</span> <span class='ocrx_word' id='word_1_645' title='bbox 650 2472 748 2504; x_wconf 81' lang='grc' dir='ltr'>παντὸς</span> <span class='ocrx_word' id='word_1_646' title='bbox 763 2472 862 2507; x_wconf 84' lang='grc' dir='ltr'>ζητού-</span> 
     </span>
    </p>
   </div>
   <div class='ocr_carea' id='block_1_90' title="bbox 27 2513 863 2557">
    <p class='ocr_par' dir='ltr' id='par_1_90' title="bbox 27 2513 863 2557">
     <span class='ocr_line' id='line_1_90' title="bbox 27 2513 863 2557; baseline 0.005 -15"><span class='ocrx_word' id='word_1_647' title='bbox 27 2525 112 2553; x_wconf 79' lang='grc' dir='ltr'>μενον</span> <span class='ocrx_word' id='word_1_648' title='bbox 132 2514 235 2545; x_wconf 81' lang='grc' dir='ltr'>τούτοις</span> <span class='ocrx_word' id='word_1_649' title='bbox 269 2513 312 2541; x_wconf 82' lang='grc' dir='ltr'>καὶ</span> <span class='ocrx_word' id='word_1_650' title='bbox 347 2517 497 2553; x_wconf 76' lang='grc' dir='ltr'>πανταχοῦ,</span> <span class='ocrx_word' id='word_1_651' title='bbox 529 2514 558 2541; x_wconf 82' lang='grc' dir='ltr'>τὸ</span> <span class='ocrx_word' id='word_1_652' title='bbox 582 2513 765 2554; x_wconf 75' lang='grc' dir='ltr'>ἐκπορεύεσθαι</span> <span class='ocrx_word' id='word_1_653' title='bbox 793 2517 863 2557; x_wconf 81' lang='grc' dir='ltr'>λέγω</span> 
     </span>
    </p>
   </div>
   <div class='ocr_carea' id='block_1_91' title="bbox 28 2557 865 2602">
    <p class='ocr_par' dir='ltr' id='par_1_91' title="bbox 28 2557 865 2602">
     <span class='ocr_line' id='line_1_91' title="bbox 28 2557 865 2602; baseline -0.001 -15"><span class='ocrx_word' id='word_1_654' title='bbox 28 2560 83 2587; x_wconf 82' lang='grc' dir='ltr'>κὰκ</span> <span class='ocrx_word' id='word_1_655' title='bbox 98 2561 145 2587; x_wconf 84' lang='grc' dir='ltr'>τοῦ</span> <span class='ocrx_word' id='word_1_656' title='bbox 165 2559 225 2586; x_wconf 75' lang='grc' dir='ltr'>Υὶοῦ</span> <span class='ocrx_word' id='word_1_657' title='bbox 246 2558 276 2585; x_wconf 81' lang='grc' dir='ltr'>τὺ</span> <span class='ocrx_word' id='word_1_658' title='bbox 305 2560 411 2602; x_wconf 75' lang='grc' dir='ltr'>Πνεῦμα</span> <span class='ocrx_word' id='word_1_659' title='bbox 442 2559 473 2586; x_wconf 84' lang='grc' dir='ltr'>τὸ</span> <span class='ocrx_word' id='word_1_660' title='bbox 501 2557 588 2597; x_wconf 75' lang='grc' dir='ltr'>ἅγιον,</span> <span class='ocrx_word' id='word_1_661' title='bbox 617 2557 669 2593; x_wconf 68' lang='grc' dir='ltr'>ἤδη</span> <span class='ocrx_word' id='word_1_662' title='bbox 697 2560 741 2588; x_wconf 82' lang='grc' dir='ltr'>καὶ</span> <span class='ocrx_word' id='word_1_663' title='bbox 769 2572 865 2602; x_wconf 79' lang='grc' dir='ltr'>κηρυτ-</span> 
     </span>
    </p>
   </div>
   <div class='ocr_carea' id='block_1_92' title="bbox 26 2600 861 2642">
    <p class='ocr_par' dir='ltr' id='par_1_92' title="bbox 26 2600 861 2642">
     <span class='ocr_line' id='line_1_92' title="bbox 26 2600 861 2642; baseline 0 -11"><span class='ocrx_word' id='word_1_664' title='bbox 26 2605 144 2642; x_wconf 85' lang='grc' dir='ltr'>τόμενον</span> <span class='ocrx_word' id='word_1_665' title='bbox 172 2603 273 2641; x_wconf 78' lang='grc' dir='ltr'>τρανῶς</span> <span class='ocrx_word' id='word_1_666' title='bbox 301 2601 343 2629; x_wconf 74' lang='grc' dir='ltr'>ἐπ’</span> <span class='ocrx_word' id='word_1_667' title='bbox 367 2600 528 2635; x_wconf 84' lang='grc' dir='ltr'>Ἐκκλησίσς</span> <span class='ocrx_word' id='word_1_668' title='bbox 557 2603 682 2642; x_wconf 69' lang='grc' dir='ltr'>εὖρήκασι</span> <span class='ocrx_word' id='word_1_669' title='bbox 698 2600 861 2636; x_wconf 62' lang='grc' dir='ltr'>κατ’ἒνίαυ-</span> 
     </span>
    </p>
   </div>
   <div class='ocr_carea' id='block_1_93' title="bbox 26 2645 862 2692">
    <p class='ocr_par' dir='ltr' id='par_1_93' title="bbox 26 2645 862 2692">
     <span class='ocr_line' id='line_1_93' title="bbox 26 2645 862 2692; baseline 0.005 -19"><span class='ocrx_word' id='word_1_670' title='bbox 26 2650 88 2687; x_wconf 77' lang='grc' dir='ltr'>τὸν,</span> <span class='ocrx_word' id='word_1_671' title='bbox 120 2647 150 2675; x_wconf 72' lang='grc' dir='ltr'>οὐ</span> <span class='ocrx_word' id='word_1_672' title='bbox 171 2647 252 2692; x_wconf 74' lang='grc' dir='ltr'>μόνον</span> <span class='ocrx_word' id='word_1_673' title='bbox 281 2647 317 2692; x_wconf 71' lang='grc' dir='ltr'>ᾡς</span> <span class='ocrx_word' id='word_1_674' title='bbox 338 2646 372 2674; x_wconf 73' lang='grc' dir='ltr'>τὰ</span> <span class='ocrx_word' id='word_1_675' title='bbox 392 2645 479 2692; x_wconf 71' lang='grc' dir='ltr'>πολλὰ</span> <span class='ocrx_word' id='word_1_676' title='bbox 493 2650 546 2675; x_wconf 84' lang='grc' dir='ltr'>τῶν</span> <span class='ocrx_word' id='word_1_677' title='bbox 571 2645 712 2692; x_wconf 74' lang='grc' dir='ltr'>δογμᾴτων</span> <span class='ocrx_word' id='word_1_678' title='bbox 727 2652 862 2692; x_wconf 76' lang='grc' dir='ltr'>γραφόμι-</span> 
     </span>
    </p>
   </div>
   <div class='ocr_carea' id='block_1_94' title="bbox 28 2689 861 2739">
    <p class='ocr_par' dir='ltr' id='par_1_94' title="bbox 28 2689 861 2739">
     <span class='ocr_line' id='line_1_94' title="bbox 28 2689 861 2739; baseline 0 -18"><span class='ocrx_word' id='word_1_679' title='bbox 28 2704 89 2732; x_wconf 82' lang='grc' dir='ltr'>νον,</span> <span class='ocrx_word' id='word_1_680' title='bbox 112 2692 180 2731; x_wconf 81' lang='grc' dir='ltr'>πρὸς</span> <span class='ocrx_word' id='word_1_681' title='bbox 209 2690 237 2719; x_wconf 69' lang='grc' dir='ltr'>δὲ</span> <span class='ocrx_word' id='word_1_682' title='bbox 260 2691 304 2719; x_wconf 84' lang='grc' dir='ltr'>καὶ</span> <span class='ocrx_word' id='word_1_683' title='bbox 338 2689 558 2730; x_wconf 74' lang='grc' dir='ltr'>παραδιδόμενον.</span> <span class='ocrx_word' id='word_1_684' title='bbox 587 2693 617 2721; x_wconf 82' lang='grc' dir='ltr'>Οἱ</span> <span class='ocrx_word' id='word_1_685' title='bbox 642 2691 670 2721; x_wconf 77' lang='grc' dir='ltr'>δὲ</span> <span class='ocrx_word' id='word_1_686' title='bbox 695 2689 749 2728; x_wconf 80' lang='grc' dir='ltr'>τῆς</span> <span class='ocrx_word' id='word_1_687' title='bbox 767 2689 861 2739; x_wconf 59' lang='grc' dir='ltr'>μάχης</span> 
     </span>
    </p>
   </div>
   <div class='ocr_carea' id='block_1_95' title="bbox 63 2773 339 2814">
    <p class='ocr_par' dir='ltr' id='par_1_95' title="bbox 63 2773 339 2814">
     <span class='ocr_line' id='line_1_95' title="bbox 63 2773 339 2814; baseline -0.004 -6"><span class='ocrx_word' id='word_1_688' title='bbox 63 2775 98 2802; x_wconf 79' lang='grc'>80</span> <span class='ocrx_word' id='word_1_689' title='bbox 112 2775 197 2808; x_wconf 76' lang='lat' dir='ltr'><strong>loan.</strong></span> <span class='ocrx_word' id='word_1_690' title='bbox 214 2782 266 2814; x_wconf 78' lang='lat' dir='ltr'>xx,</span> <span class='ocrx_word' id='word_1_691' title='bbox 282 2773 339 2808; x_wconf 67' lang='lat'>22.</span> 
     </span>
    </p>
   </div>
   <div class='ocr_carea' id='block_1_96' title="bbox 907 1758 1737 1799">
    <p class='ocr_par' dir='ltr' id='par_1_96' title="bbox 907 1758 1737 1799">
     <span class='ocr_line' id='line_1_96' title="bbox 907 1758 1737 1799; baseline -0.004 -8"><span class='ocrx_word' id='word_1_692' title='bbox 907 1760 1007 1791; x_wconf 79' lang='lat' dir='ltr'><strong>minus</strong></span> <span class='ocrx_word' id='word_1_693' title='bbox 1015 1768 1054 1791; x_wconf 74' lang='lat' dir='ltr'><strong>ea:</strong></span> <span class='ocrx_word' id='word_1_694' title='bbox 1063 1759 1218 1799; x_wconf 83' lang='lat' dir='ltr'><strong>semetipso</strong></span> <span class='ocrx_word' id='word_1_695' title='bbox 1229 1768 1293 1790; x_wconf 74' lang='lat' dir='ltr'><strong>esse</strong></span> <span class='ocrx_word' id='word_1_696' title='bbox 1302 1758 1635 1799; x_wconf 77' lang='lat' dir='ltr'><strong>ostendens,insuﬁlans</strong></span> <span class='ocrx_word' id='word_1_697' title='bbox 1645 1758 1737 1789; x_wconf 78' lang='lat' dir='ltr'><strong>disci-</strong></span> 
     </span>
    </p>
   </div>
   <div class='ocr_carea' id='block_1_97' title="bbox 904 1801 1735 1845">
    <p class='ocr_par' dir='ltr' id='par_1_97' title="bbox 904 1801 1735 1845">
     <span class='ocr_line' id='line_1_97' title="bbox 904 1801 1735 1845; baseline -0.004 -10"><span class='ocrx_word' id='word_1_698' title='bbox 904 1803 986 1845; x_wconf 81' lang='lat' dir='ltr'><strong>pulis</strong></span> <span class='ocrx_word' id='word_1_699' title='bbox 1001 1803 1114 1836; x_wconf 85' lang='lat' dir='ltr'><strong>dicebat</strong></span> <span class='ocrx_word' id='word_1_700' title='bbox 1131 1814 1139 1836; x_wconf 89' lang='lat'>:</span> <span class='ocrx_word' id='word_1_701' title='bbox 1159 1815 1171 1833; x_wconf 74' lang='grc' dir='ltr'><strong><em>α</em></strong></span> <span class='ocrx_word' id='word_1_702' title='bbox 1188 1805 1319 1844; x_wconf 80' lang='lat' dir='ltr'><strong>Accipite</strong></span> <span class='ocrx_word' id='word_1_703' title='bbox 1338 1803 1493 1845; x_wconf 81' lang='lat' dir='ltr'><strong>Spiritum</strong></span> <span class='ocrx_word' id='word_1_704' title='bbox 1513 1807 1653 1835; x_wconf 84' lang='lat' dir='ltr'><strong>sanctum</strong></span> <span class='ocrx_word' id='word_1_705' title='bbox 1664 1801 1702 1834; x_wconf 73' lang='grc' dir='ltr'>⁸ο.</span> <span class='ocrx_word' id='word_1_706' title='bbox 1721 1813 1735 1831; x_wconf 75' lang='grc' dir='ltr'>ι</span> 
     </span>
    </p>
   </div>
   <div class='ocr_carea' id='block_1_98' title="bbox 906 1848 1736 1890">
    <p class='ocr_par' dir='ltr' id='par_1_98' title="bbox 906 1848 1736 1890">
     <span class='ocr_line' id='line_1_98' title="bbox 906 1848 1736 1890; baseline -0.002 -10"><span class='ocrx_word' id='word_1_707' title='bbox 906 1849 1041 1890; x_wconf 82' lang='lat' dir='ltr'><strong>Namque</strong></span> <span class='ocrx_word' id='word_1_708' title='bbox 1055 1849 1126 1880; x_wconf 89' lang='lat' dir='ltr'><strong>inde</strong></span> <span class='ocrx_word' id='word_1_709' title='bbox 1141 1848 1314 1880; x_wconf 87' lang='lat' dir='ltr'><strong>decernitur</strong></span> <span class='ocrx_word' id='word_1_710' title='bbox 1333 1852 1363 1880; x_wconf 89' lang='lat' dir='ltr'>et</span> <span class='ocrx_word' id='word_1_711' title='bbox 1378 1849 1580 1889; x_wconf 84' lang='lat' dir='ltr'><strong>conﬁrmatur,</strong></span> <span class='ocrx_word' id='word_1_712' title='bbox 1597 1848 1736 1879; x_wconf 86' lang='lat' dir='ltr'><strong>eumdem</strong></span> 
     </span>
    </p>
   </div>
   <div class='ocr_carea' id='block_1_99' title="bbox 906 1893 1735 1935">
    <p class='ocr_par' dir='ltr' id='par_1_99' title="bbox 906 1893 1735 1935">
     <span class='ocr_line' id='line_1_99' title="bbox 906 1893 1735 1935; baseline 0 -11"><span class='ocrx_word' id='word_1_713' title='bbox 906 1893 1004 1934; x_wconf 89' lang='lat' dir='ltr'><strong>ipsum</strong></span> <span class='ocrx_word' id='word_1_714' title='bbox 1033 1893 1176 1935; x_wconf 88' lang='lat' dir='ltr'><strong>Spiritum</strong></span> <span class='ocrx_word' id='word_1_715' title='bbox 1192 1897 1326 1925; x_wconf 88' lang='lat' dir='ltr'><strong>sanctum</strong></span> <span class='ocrx_word' id='word_1_716' title='bbox 1343 1902 1380 1925; x_wconf 88' lang='lat' dir='ltr'><strong>ex</strong></span> <span class='ocrx_word' id='word_1_717' title='bbox 1404 1893 1479 1925; x_wconf 89' lang='lat' dir='ltr'><strong>Filio</strong></span> <span class='ocrx_word' id='word_1_718' title='bbox 1493 1902 1613 1935; x_wconf 85' lang='lat' dir='ltr'><strong>quoque</strong></span> <span class='ocrx_word' id='word_1_719' title='bbox 1627 1901 1735 1934; x_wconf 87' lang='lat' dir='ltr'><strong>proce-</strong></span> 
     </span>
    </p>
   </div>
   <div class='ocr_carea' id='block_1_100' title="bbox 905 1938 1734 1979">
    <p class='ocr_par' dir='ltr' id='par_1_100' title="bbox 905 1938 1734 1979">
     <span class='ocr_line' id='line_1_100' title="bbox 905 1938 1734 1979; baseline 0 -10"><span class='ocrx_word' id='word_1_720' title='bbox 905 1938 988 1970; x_wconf 89' lang='lat' dir='ltr'><strong>dere.</strong></span> <span class='ocrx_word' id='word_1_721' title='bbox 1004 1939 1043 1970; x_wconf 90' lang='lat' dir='ltr'><strong>Et</strong></span> <span class='ocrx_word' id='word_1_722' title='bbox 1068 1938 1118 1979; x_wconf 90' lang='lat' dir='ltr'>qui</span> <span class='ocrx_word' id='word_1_723' title='bbox 1146 1938 1220 1969; x_wconf 88' lang='lat' dir='ltr'><strong>vitas</strong></span> <span class='ocrx_word' id='word_1_724' title='bbox 1235 1942 1264 1969; x_wconf 91' lang='lat' dir='ltr'>et</span> <span class='ocrx_word' id='word_1_725' title='bbox 1278 1946 1327 1969; x_wconf 88' lang='lat' dir='ltr'>res</span> <span class='ocrx_word' id='word_1_726' title='bbox 1354 1942 1453 1978; x_wconf 82' lang='lat' dir='ltr'><strong>gestas</strong></span> <span class='ocrx_word' id='word_1_727' title='bbox 1480 1943 1649 1969; x_wconf 89' lang='lat' dir='ltr'><strong>sanctorum</strong></span> <span class='ocrx_word' id='word_1_728' title='bbox 1679 1947 1734 1969; x_wconf 85' lang='lat' dir='ltr'><strong>eo-</strong></span> 
     </span>
    </p>
   </div>
   <div class='ocr_carea' id='block_1_101' title="bbox 906 1982 1734 2024">
    <p class='ocr_par' dir='ltr' id='par_1_101' title="bbox 906 1982 1734 2024">
     <span class='ocr_line' id='line_1_101' title="bbox 906 1982 1734 2024; baseline 0 -11"><span class='ocrx_word' id='word_1_729' title='bbox 906 1993 1033 2024; x_wconf 88' lang='lat' dir='ltr'><strong>rumque</strong></span> <span class='ocrx_word' id='word_1_730' title='bbox 1043 1983 1207 2014; x_wconf 82' lang='lat' dir='ltr'><strong>certamina</strong></span> <span class='ocrx_word' id='word_1_731' title='bbox 1221 1986 1334 2013; x_wconf 88' lang='lat' dir='ltr'><strong>mutalo</strong></span> <span class='ocrx_word' id='word_1_732' title='bbox 1355 1982 1430 2023; x_wconf 79' lang='lat' dir='ltr'><strong>stylo</strong></span> <span class='ocrx_word' id='word_1_733' title='bbox 1446 1983 1606 2021; x_wconf 87' lang='lat' dir='ltr'><strong>enarravit,</strong></span> <span class='ocrx_word' id='word_1_734' title='bbox 1622 1982 1654 2013; x_wconf 90' lang='lat' dir='ltr'>in</span> <span class='ocrx_word' id='word_1_735' title='bbox 1665 1982 1734 2013; x_wconf 93' lang='lat' dir='ltr'><strong>Dio-</strong></span> 
     </span>
    </p>
   </div>
   <div class='ocr_carea' id='block_1_102' title="bbox 904 2027 1734 2069">
    <p class='ocr_par' dir='ltr' id='par_1_102' title="bbox 904 2027 1734 2069">
     <span class='ocr_line' id='line_1_102' title="bbox 904 2027 1734 2069; baseline -0.002 -10"><span class='ocrx_word' id='word_1_736' title='bbox 904 2028 987 2069; x_wconf 79' lang='lat' dir='ltr'><strong>nysio</strong></span> <span class='ocrx_word' id='word_1_737' title='bbox 997 2028 1186 2069; x_wconf 81' lang='lat' dir='ltr'><strong>Areopagita,</strong></span> <span class='ocrx_word' id='word_1_738' title='bbox 1198 2028 1248 2069; x_wconf 88' lang='lat' dir='ltr'>qui</span> <span class='ocrx_word' id='word_1_739' title='bbox 1259 2027 1368 2058; x_wconf 89' lang='lat' dir='ltr'><strong>melius</strong></span> <span class='ocrx_word' id='word_1_740' title='bbox 1376 2027 1538 2065; x_wconf 86' lang='lat' dir='ltr'><strong>diceretur,</strong></span> <span class='ocrx_word' id='word_1_741' title='bbox 1549 2031 1734 2059; x_wconf 86' lang='lat' dir='ltr'><strong>secretorum</strong></span> 
     </span>
    </p>
   </div>
   <div class='ocr_carea' id='block_1_103' title="bbox 902 2071 1737 2112">
    <p class='ocr_par' dir='ltr' id='par_1_103' title="bbox 902 2071 1737 2112">
     <span class='ocr_line' id='line_1_103' title="bbox 902 2071 1737 2112; baseline -0.001 -8"><span class='ocrx_word' id='word_1_742' title='bbox 902 2077 1061 2112; x_wconf 61' lang='lat' dir='ltr'><strong>revelator,</strong></span> <span class='ocrx_word' id='word_1_743' title='bbox 1073 2082 1140 2104; x_wconf 90' lang='lat' dir='ltr'>cum</span> <span class='ocrx_word' id='word_1_744' title='bbox 1152 2073 1190 2104; x_wconf 89' lang='lat' dir='ltr'>de</span> <span class='ocrx_word' id='word_1_745' title='bbox 1205 2071 1373 2103; x_wconf 74' lang='lat' dir='ltr'><strong>(nconomia</strong></span> <span class='ocrx_word' id='word_1_746' title='bbox 1381 2071 1491 2103; x_wconf 85' lang='lat' dir='ltr'><strong>Christi</strong></span> <span class='ocrx_word' id='word_1_747' title='bbox 1502 2081 1602 2103; x_wconf 90' lang='lat' dir='ltr'><strong>sermo</strong></span> <span class='ocrx_word' id='word_1_748' title='bbox 1613 2071 1737 2103; x_wconf 86' lang='lat' dir='ltr'><strong>incidis-</strong></span> 
     </span>
    </p>
   </div>
   <div class='ocr_carea' id='block_1_104' title="bbox 900 2112 1736 2153">
    <p class='ocr_par' dir='ltr' id='par_1_104' title="bbox 900 2112 1736 2153">
     <span class='ocr_line' id='line_1_104' title="bbox 900 2112 1736 2153; baseline -0.002 -9"><span class='ocrx_word' id='word_1_749' title='bbox 900 2117 960 2152; x_wconf 63' lang='lat' dir='ltr'><strong>set,</strong></span> <span class='ocrx_word' id='word_1_750' title='bbox 977 2114 1008 2145; x_wconf 89' lang='lat' dir='ltr'>in</span> <span class='ocrx_word' id='word_1_751' title='bbox 1024 2113 1085 2144; x_wconf 82' lang='lat' dir='ltr'><strong>ﬁne</strong></span> <span class='ocrx_word' id='word_1_752' title='bbox 1114 2113 1177 2144; x_wconf 69' lang='lat' dir='ltr'><strong>haec</strong></span> <span class='ocrx_word' id='word_1_753' title='bbox 1193 2112 1344 2153; x_wconf 87' lang='lat' dir='ltr'><strong>ipsissima</strong></span> <span class='ocrx_word' id='word_1_754' title='bbox 1359 2112 1450 2144; x_wconf 88' lang='lat' dir='ltr'><strong>verba</strong></span> <span class='ocrx_word' id='word_1_755' title='bbox 1476 2115 1601 2153; x_wconf 87' lang='lat' dir='ltr'><strong>usurpat</strong></span> <span class='ocrx_word' id='word_1_756' title='bbox 1615 2121 1622 2144; x_wconf 91' lang='lat'>:</span> <span class='ocrx_word' id='word_1_757' title='bbox 1638 2112 1682 2144; x_wconf 90' lang='lat' dir='ltr'><strong>Et</strong></span> <span class='ocrx_word' id='word_1_758' title='bbox 1700 2112 1736 2143; x_wconf 78' lang='lat' dir='ltr'><strong>in</strong></span> 
     </span>
    </p>
   </div>
   <div class='ocr_carea' id='block_1_105' title="bbox 900 2156 1735 2198">
    <p class='ocr_par' dir='ltr' id='par_1_105' title="bbox 900 2156 1735 2198">
     <span class='ocr_line' id='line_1_105' title="bbox 900 2156 1735 2198; baseline -0.001 -9"><span class='ocrx_word' id='word_1_759' title='bbox 900 2157 1008 2194; x_wconf 69' lang='lat' dir='ltr'><strong>calum</strong></span> <span class='ocrx_word' id='word_1_760' title='bbox 1027 2158 1164 2189; x_wconf 81' lang='lat' dir='ltr'><strong>ascendit</strong></span> <span class='ocrx_word' id='word_1_761' title='bbox 1179 2166 1261 2189; x_wconf 84' lang='lat' dir='ltr'><strong>meus</strong></span> <span class='ocrx_word' id='word_1_762' title='bbox 1277 2156 1431 2198; x_wconf 77' lang='lat' dir='ltr'><strong>Christus,</strong></span> <span class='ocrx_word' id='word_1_763' title='bbox 1457 2160 1484 2189; x_wconf 88' lang='lat' dir='ltr'>et</span> <span class='ocrx_word' id='word_1_764' title='bbox 1499 2157 1539 2188; x_wconf 84' lang='lat' dir='ltr'>ad</span> <span class='ocrx_word' id='word_1_765' title='bbox 1559 2157 1661 2189; x_wconf 83' lang='lat' dir='ltr'><strong>sedem</strong></span> <span class='ocrx_word' id='word_1_766' title='bbox 1674 2165 1735 2197; x_wconf 86' lang='lat' dir='ltr'>pa-</span> 
     </span>
    </p>
   </div>
   <div class='ocr_carea' id='block_1_106' title="bbox 901 2203 1734 2244">
    <p class='ocr_par' dir='ltr' id='par_1_106' title="bbox 901 2203 1734 2244">
     <span class='ocr_line' id='line_1_106' title="bbox 901 2203 1734 2244; baseline 0 -8"><span class='ocrx_word' id='word_1_767' title='bbox 901 2209 1020 2237; x_wconf 85' lang='lat' dir='ltr'><strong>ternam</strong></span> <span class='ocrx_word' id='word_1_768' title='bbox 1033 2207 1208 2243; x_wconf 81' lang='lat' dir='ltr'><strong>revertitur,</strong></span> <span class='ocrx_word' id='word_1_769' title='bbox 1226 2208 1257 2235; x_wconf 89' lang='lat' dir='ltr'>et</span> <span class='ocrx_word' id='word_1_770' title='bbox 1272 2204 1325 2244; x_wconf 82' lang='lat' dir='ltr'>qui</span> <span class='ocrx_word' id='word_1_771' title='bbox 1354 2213 1394 2236; x_wconf 77' lang='lat' dir='ltr'><strong>ea;</strong></span> <span class='ocrx_word' id='word_1_772' title='bbox 1406 2207 1470 2244; x_wconf 84' lang='lat' dir='ltr'><strong>ipso</strong></span> <span class='ocrx_word' id='word_1_773' title='bbox 1482 2204 1619 2243; x_wconf 78' lang='lat' dir='ltr'><strong>procedit</strong></span> <span class='ocrx_word' id='word_1_774' title='bbox 1631 2203 1734 2244; x_wconf 82' lang='lat' dir='ltr'><strong>Spiri-</strong></span> 
     </span>
    </p>
   </div>
   <div class='ocr_carea' id='block_1_107' title="bbox 901 2248 1735 2289">
    <p class='ocr_par' dir='ltr' id='par_1_107' title="bbox 901 2248 1735 2289">
     <span class='ocr_line' id='line_1_107' title="bbox 901 2248 1735 2289; baseline -0.002 -7"><span class='ocrx_word' id='word_1_775' title='bbox 901 2254 965 2283; x_wconf 87' lang='lat' dir='ltr'>tum</span> <span class='ocrx_word' id='word_1_776' title='bbox 978 2250 1110 2282; x_wconf 81' lang='lat' dir='ltr'><strong>demittit</strong></span> <span class='ocrx_word' id='word_1_777' title='bbox 1143 2248 1311 2289; x_wconf 76' lang='lat' dir='ltr'><strong>discipulis,</strong></span> <span class='ocrx_word' id='word_1_778' title='bbox 1328 2252 1361 2280; x_wconf 81' lang='lat' dir='ltr'>ut</span> <span class='ocrx_word' id='word_1_779' title='bbox 1376 2252 1471 2280; x_wconf 83' lang='lat' dir='ltr'><strong>essent</strong></span> <span class='ocrx_word' id='word_1_780' title='bbox 1486 2248 1575 2280; x_wconf 78' lang='lat' dir='ltr'><strong>duces</strong></span> <span class='ocrx_word' id='word_1_781' title='bbox 1597 2249 1735 2289; x_wconf 85' lang='lat' dir='ltr'><strong>gentium</strong></span> 
     </span>
    </p>
   </div>
   <div class='ocr_carea' id='block_1_108' title="bbox 874 2293 1735 2348">
    <p class='ocr_par' dir='ltr' id='par_1_108' title="bbox 874 2293 1735 2348">
     <span class='ocr_line' id='line_1_108' title="bbox 874 2293 1735 2348; baseline -0.001 -22"><span class='ocrx_word' id='word_1_782' title='bbox 874 2295 1089 2348; x_wconf 71' lang='lat' dir='ltr'><strong>Din/idolium.</strong></span> <span class='ocrx_word' id='word_1_783' title='bbox 1116 2293 1179 2325; x_wconf 88' lang='lat' dir='ltr'><strong>Etsi</strong></span> <span class='ocrx_word' id='word_1_784' title='bbox 1195 2303 1254 2348; x_wconf 70' lang='lat' dir='ltr'>nqn</span> <span class='ocrx_word' id='word_1_785' title='bbox 1283 2297 1381 2344; x_wconf 71' lang='lat' dir='ltr'><strong>antea,</strong></span> <span class='ocrx_word' id='word_1_786' title='bbox 1399 2296 1494 2348; x_wconf 36' lang='lat' dir='ltr'><strong>certe:</strong></span> <span class='ocrx_word' id='word_1_787' title='bbox 1507 2302 1588 2348; x_wconf 49' lang='lat' dir='ltr'><strong>nunt:</strong></span> <span class='ocrx_word' id='word_1_788' title='bbox 1611 2302 1735 2348; x_wconf 71' lang='lat' dir='ltr'><strong>prorsus</strong></span> 
     </span>
    </p>
   </div>
   <div class='ocr_carea' id='block_1_109' title="bbox 903 2337 1734 2379">
    <p class='ocr_par' dir='ltr' id='par_1_109' title="bbox 903 2337 1734 2379">
     <span class='ocr_line' id='line_1_109' title="bbox 903 2337 1734 2379; baseline -0.002 -7"><span class='ocrx_word' id='word_1_789' title='bbox 903 2339 1049 2372; x_wconf 85' lang='lat' dir='ltr'><strong>suadendi</strong></span> <span class='ocrx_word' id='word_1_790' title='bbox 1078 2342 1181 2370; x_wconf 89' lang='lat' dir='ltr'><strong>essent</strong></span> <span class='ocrx_word' id='word_1_791' title='bbox 1195 2337 1367 2377; x_wconf 80' lang='lat' dir='ltr'><strong>adversarii,</strong></span> <span class='ocrx_word' id='word_1_792' title='bbox 1397 2337 1638 2379; x_wconf 85' lang='lat' dir='ltr'><strong>quandoquidem</strong></span> <span class='ocrx_word' id='word_1_793' title='bbox 1654 2338 1734 2378; x_wconf 88' lang='lat' dir='ltr'><strong>quod</strong></span> 
     </span>
    </p>
   </div>
   <div class='ocr_carea' id='block_1_110' title="bbox 902 2383 1734 2426">
    <p class='ocr_par' dir='ltr' id='par_1_110' title="bbox 902 2383 1734 2426">
     <span class='ocr_line' id='line_1_110' title="bbox 902 2383 1734 2426; baseline -0.002 -9"><span class='ocrx_word' id='word_1_794' title='bbox 902 2385 963 2426; x_wconf 87' lang='lat' dir='ltr'><strong>ipsi</strong></span> <span class='ocrx_word' id='word_1_795' title='bbox 992 2385 1131 2416; x_wconf 88' lang='lat' dir='ltr'><strong>continuo</strong></span> <span class='ocrx_word' id='word_1_796' title='bbox 1147 2387 1178 2416; x_wconf 91' lang='lat' dir='ltr'>et</span> <span class='ocrx_word' id='word_1_797' title='bbox 1201 2383 1312 2424; x_wconf 86' lang='lat' dir='ltr'><strong>ubique</strong></span> <span class='ocrx_word' id='word_1_798' title='bbox 1336 2383 1525 2423; x_wconf 74' lang='lat' dir='ltr'><strong>investigent.</strong></span> <span class='ocrx_word' id='word_1_799' title='bbox 1555 2383 1734 2426; x_wconf 87' lang='lat' dir='ltr'><strong>procedere,</strong></span> 
     </span>
    </p>
   </div>
   <div class='ocr_carea' id='block_1_111' title="bbox 903 2427 1733 2471">
    <p class='ocr_par' dir='ltr' id='par_1_111' title="bbox 903 2427 1733 2471">
     <span class='ocr_line' id='line_1_111' title="bbox 903 2427 1733 2471; baseline -0.001 -10"><span class='ocrx_word' id='word_1_800' title='bbox 903 2430 1037 2471; x_wconf 87' lang='lat' dir='ltr'><strong>inquam,</strong></span> <span class='ocrx_word' id='word_1_801' title='bbox 1073 2429 1162 2461; x_wconf 87' lang='lat' dir='ltr'><strong>etiam</strong></span> <span class='ocrx_word' id='word_1_802' title='bbox 1179 2437 1216 2460; x_wconf 86' lang='lat' dir='ltr'>ex</span> <span class='ocrx_word' id='word_1_803' title='bbox 1240 2428 1316 2460; x_wconf 88' lang='lat' dir='ltr'><strong>Filio</strong></span> <span class='ocrx_word' id='word_1_804' title='bbox 1332 2427 1475 2469; x_wconf 86' lang='lat' dir='ltr'><strong>Spiritum</strong></span> <span class='ocrx_word' id='word_1_805' title='bbox 1501 2433 1648 2469; x_wconf 85' lang='lat' dir='ltr'><strong>sanctum,</strong></span> <span class='ocrx_word' id='word_1_806' title='bbox 1669 2429 1733 2470; x_wconf 87' lang='lat' dir='ltr'>jam</span> 
     </span>
    </p>
   </div>
   <div class='ocr_carea' id='block_1_112' title="bbox 904 2472 1733 2516">
    <p class='ocr_par' dir='ltr' id='par_1_112' title="bbox 904 2472 1733 2516">
     <span class='ocr_line' id='line_1_112' title="bbox 904 2472 1733 2516; baseline -0.001 -10"><span class='ocrx_word' id='word_1_807' title='bbox 904 2474 1024 2506; x_wconf 85' lang='lat' dir='ltr'><strong>tandem</strong></span> <span class='ocrx_word' id='word_1_808' title='bbox 1041 2474 1199 2516; x_wconf 87' lang='lat' dir='ltr'><strong>perspicue</strong></span> <span class='ocrx_word' id='word_1_809' title='bbox 1217 2473 1249 2504; x_wconf 89' lang='lat' dir='ltr'>in</span> <span class='ocrx_word' id='word_1_810' title='bbox 1262 2472 1399 2504; x_wconf 84' lang='lat' dir='ltr'><strong>Ecclesia</strong></span> <span class='ocrx_word' id='word_1_811' title='bbox 1414 2473 1649 2515; x_wconf 83' lang='lat' dir='ltr'><strong>pronuntiatum,</strong></span> <span class='ocrx_word' id='word_1_812' title='bbox 1665 2473 1733 2505; x_wconf 85' lang='lat' dir='ltr'><strong>edi-</strong></span> 
     </span>
    </p>
   </div>
   <div class='ocr_carea' id='block_1_113' title="bbox 904 2517 1734 2560">
    <p class='ocr_par' dir='ltr' id='par_1_113' title="bbox 904 2517 1734 2560">
     <span class='ocr_line' id='line_1_113' title="bbox 904 2517 1734 2560; baseline 0 -9"><span class='ocrx_word' id='word_1_813' title='bbox 904 2524 1047 2560; x_wconf 87' lang='lat' dir='ltr'><strong>ctumque</strong></span> <span class='ocrx_word' id='word_1_814' title='bbox 1070 2518 1195 2559; x_wconf 80' lang='lat' dir='ltr'><strong>singulis</strong></span> <span class='ocrx_word' id='word_1_815' title='bbox 1211 2517 1309 2556; x_wconf 84' lang='lat' dir='ltr'><strong>annis,</strong></span> <span class='ocrx_word' id='word_1_816' title='bbox 1337 2526 1397 2550; x_wconf 86' lang='lat' dir='ltr'>non</span> <span class='ocrx_word' id='word_1_817' title='bbox 1422 2521 1537 2549; x_wconf 82' lang='lat' dir='ltr'><strong>tantum</strong></span> <span class='ocrx_word' id='word_1_818' title='bbox 1562 2523 1596 2550; x_wconf 91' lang='lat' dir='ltr'>ut</span> <span class='ocrx_word' id='word_1_819' title='bbox 1622 2523 1734 2551; x_wconf 66' lang='lat' dir='ltr'><strong>caetera</strong></span> 
     </span>
    </p>
   </div>
   <div class='ocr_carea' id='block_1_114' title="bbox 904 2562 1730 2605">
    <p class='ocr_par' dir='ltr' id='par_1_114' title="bbox 904 2562 1730 2605">
     <span class='ocr_line' id='line_1_114' title="bbox 904 2562 1730 2605; baseline 0.001 -9"><span class='ocrx_word' id='word_1_820' title='bbox 904 2565 1043 2604; x_wconf 83' lang='lat' dir='ltr'><strong>dogmata</strong></span> <span class='ocrx_word' id='word_1_821' title='bbox 1057 2564 1210 2605; x_wconf 80' lang='lat' dir='ltr'><strong>scriptum,</strong></span> <span class='ocrx_word' id='word_1_822' title='bbox 1227 2562 1281 2594; x_wconf 86' lang='lat' dir='ltr'>sed</span> <span class='ocrx_word' id='word_1_823' title='bbox 1305 2562 1394 2594; x_wconf 83' lang='lat' dir='ltr'><strong>etiam</strong></span> <span class='ocrx_word' id='word_1_824' title='bbox 1409 2563 1550 2595; x_wconf 82' lang='lat' dir='ltr'><strong>traditum</strong></span> <span class='ocrx_word' id='word_1_825' title='bbox 1563 2563 1730 2598; x_wconf 80' lang='lat' dir='ltr'><strong>inveniunt.</strong></span> 
     </span>
    </p>
   </div>
   <div class='ocr_carea' id='block_1_115' title="bbox 904 2607 1732 2648">
    <p class='ocr_par' dir='ltr' id='par_1_115' title="bbox 904 2607 1732 2648">
     <span class='ocr_line' id='line_1_115' title="bbox 904 2607 1732 2648; baseline 0 -7"><span class='ocrx_word' id='word_1_826' title='bbox 904 2609 960 2647; x_wconf 84' lang='lat' dir='ltr'><strong>Qui</strong></span> <span class='ocrx_word' id='word_1_827' title='bbox 974 2618 1044 2641; x_wconf 86' lang='lat' dir='ltr'><strong>vero</strong></span> <span class='ocrx_word' id='word_1_828' title='bbox 1072 2607 1275 2640; x_wconf 84' lang='lat' dir='ltr'><strong>simultatibus</strong></span> <span class='ocrx_word' id='word_1_829' title='bbox 1289 2617 1323 2640; x_wconf 84' lang='lat' dir='ltr'>ac</span> <span class='ocrx_word' id='word_1_830' title='bbox 1352 2607 1447 2639; x_wconf 87' lang='lat' dir='ltr'><strong>turbis</strong></span> <span class='ocrx_word' id='word_1_831' title='bbox 1474 2607 1664 2648; x_wconf 84' lang='lat' dir='ltr'><strong>addicuntur,</strong></span> <span class='ocrx_word' id='word_1_832' title='bbox 1681 2609 1732 2641; x_wconf 84' lang='lat' dir='ltr'><strong>hic</strong></span> 
     </span>
    </p>
   </div>
   <div class='ocr_carea' id='block_1_116' title="bbox 904 2652 1731 2696">
    <p class='ocr_par' dir='ltr' id='par_1_116' title="bbox 904 2652 1731 2696">
     <span class='ocr_line' id='line_1_116' title="bbox 904 2652 1731 2696; baseline 0 -10"><span class='ocrx_word' id='word_1_833' title='bbox 904 2663 1023 2696; x_wconf 89' lang='lat' dir='ltr'><strong>quoque</strong></span> <span class='ocrx_word' id='word_1_834' title='bbox 1038 2653 1092 2685; x_wconf 90' lang='lat' dir='ltr'>sed</span> <span class='ocrx_word' id='word_1_835' title='bbox 1119 2652 1256 2693; x_wconf 87' lang='lat' dir='ltr'><strong>improbe</strong></span> <span class='ocrx_word' id='word_1_836' title='bbox 1269 2653 1422 2684; x_wconf 82' lang='lat' dir='ltr'><strong>veritatem</strong></span> <span class='ocrx_word' id='word_1_837' title='bbox 1451 2657 1633 2694; x_wconf 79' lang='lat' dir='ltr'><strong>oppugnant,</strong></span> <span class='ocrx_word' id='word_1_838' title='bbox 1655 2663 1731 2687; x_wconf 88' lang='lat' dir='ltr'><strong>con-</strong></span> 
     </span>
    </p>
   </div>
   <div class='ocr_carea' id='block_1_117' title="bbox 905 2697 1731 2741">
    <p class='ocr_par' dir='ltr' id='par_1_117' title="bbox 905 2697 1731 2741">
     <span class='ocr_line' id='line_1_117' title="bbox 905 2697 1731 2741; baseline 0.001 -10"><span class='ocrx_word' id='word_1_839' title='bbox 905 2699 1090 2741; x_wconf 76' lang='lat' dir='ltr'><strong>tendantque</strong></span> <span class='ocrx_word' id='word_1_840' title='bbox 1104 2698 1202 2740; x_wconf 82' lang='lat' dir='ltr'><strong>potius</strong></span> <span class='ocrx_word' id='word_1_841' title='bbox 1214 2697 1304 2730; x_wconf 87' lang='lat' dir='ltr'><strong>etiam</strong></span> <span class='ocrx_word' id='word_1_842' title='bbox 1318 2697 1351 2730; x_wconf 90' lang='lat' dir='ltr'>in</span> <span class='ocrx_word' id='word_1_843' title='bbox 1364 2697 1422 2730; x_wconf 91' lang='lat' dir='ltr'><strong>hoc</strong></span> <span class='ocrx_word' id='word_1_844' title='bbox 1436 2697 1517 2734; x_wconf 87' lang='lat' dir='ltr'><strong>dicto</strong></span> <span class='ocrx_word' id='word_1_845' title='bbox 1531 2699 1662 2741; x_wconf 71' lang='lat' dir='ltr'><strong>maligne</strong></span> <span class='ocrx_word' id='word_1_846' title='bbox 1674 2699 1731 2732; x_wconf 80' lang='lat' dir='ltr'><strong>ad-</strong></span> 
     </span>
    </p>
   </div>
  </div>
