1941 3082
66 36 148 69 123⁸1
523 40 572 71 ΒΕ
597 37 832 71 PBOCESSION]

993 37 1117 69 [RITUS
1144 38 1258 70 ORAT.
1284 38 1325 70 Π.
1685 37 1759 71 1238

65 101 82 129 ὃ
121 100 202 141 λόγος
233 103 247 130 ὸ
272 103 303 131 τὸ
328 103 408 142 ῥητὸν
436 103 508 144 ἔχων
537 104 755 144 ἀναγινώσκεται.
779 104 831 134 K311-

998 105 1043 133 ter
1070 111 1240 134 sermonem
1267 101 1401 142 haberet,
1439 103 1636 144 praesentibus
1662 102 1763 134 multis

71 149 154 175 τοῦτο
183 146 318 175 διαλαθεῖν
347 149 408 181 τοὺς
435 149 536 180 πάντας
558 150 606 178 οὒκ
632 151 677 187 ἧν,
695 149 752 178 οὖδέ
766 149 837 189 διαδρ

997 155 1005 177 ι
1019 146 1112 187 idque
1127 147 1239 178 dictum
1254 146 1399 178 recitante
1413 147 1514 179 divina
1529 151 1628 179 mente
1641 146 1763 188 praadito

70 189 136 219 κατ’
162 190 243 225 αὒτήν
272 192 321 226 τὴν
349 193 507 232 ἀνάγνωσιν,
537 201 595 225 τοῖς
617 196 669 222 τῶν
691 193 778 222 ἄλλων
792 194 835 223 ἐπι

999 194 1130 229 ποι-διοτο,
1146 195 1175 222 et
1190 191 1278 222 simul
1294 191 1481 229 ostendente,
1507 191 1559 222 ille
1574 191 1655 222 nulla
1671 192 1765 231 posita

68 235 224 275 τικωτέροις
250 236 300 270 τὴν
332 236 447 266 διάνοιαν
481 238 593 278 εὑρεθὲν,
635 239 673 270 ὣς
699 238 780 279 δῶρόν
807 250 832 267 τι

997 244 1023 267 .‘a
1036 236 1152 267 occulta
1166 236 1275 267 mentis
1289 236 1440 274 revelavit,
1464 240 1494 267 et
1504 236 1701 276 jurejurando
1717 236 1763 267 di-

68 279 274 318 θεομεγαλύντῳ
302 280 407 319 βοσιλετ
441 282 659 320 προσενήνεκται.
694 283 767 312 Κατὰ
801 293 833 311 τα

1015 280 1216 311 conﬁrmavit:
1234 280 1297 312 Per
1328 289 1428 312 meam
1456 280 1593 318 salutem,
1616 290 1658 312 51c
1683 289 1766 312 more

70 322 101 351 δὲ
131 325 182 357 τὴν
205 324 307 364 ἡμέραν
329 326 372 354 καὶ
385 327 451 366 πρὸς
472 337 530 354 τινα
546 327 666 366 μοναχὸν
680 330 730 360 τῆς
752 338 836 365 συμμο

1000 324 1152 355 iachorum
1167 324 1371 363 locutus,dum
1381 326 1484 356 statim
1495 327 1590 356 vitam
1606 324 1687 356 beati
1698 325 1766 357 Dio-

70 368 160 396 αὖτῶν
188 368 268 409 ἔτυχε
293 371 453 405 ποιήσασθαι
484 369 564 409 λόγον
591 372 637 399 τὸν
664 371 788 412 θεόσοφον
820 372 836 406 ἡ

1001 370 1021 400 ii
1032 369 1149 409 publica
1161 370 1254 401 hodie
1267 371 1302 400 in
1316 369 1438 402 ecclesia
1452 369 1767 410 legebamus,mentem

67 413 252 452 αὐτοκράτορα
280 414 326 442 σὺν
362 415 461 448 ἑτέροις
498 415 589 444 οὐκοῦν
625 416 758 448 πλείστοις
787 427 833 454 κομ

999 422 1034 444 ns
1058 415 1157 445 nescio
1181 422 1240 454 quo
1264 415 1350 446 modo
1365 415 1397 446 in
1425 415 1616 454 assignatum
1638 414 1765 456 dictum,

63 457 111 485 καὶ
138 458 170 486 τὸ
197 460 316 487 τοιοῦτον
345 459 424 498 ῥητὸν
447 460 568 492 εὶπόντος
588 460 634 489 τού
651 460 791 501 θεόφρονος
815 465 829 489 Α

1001 466 1077 489 tmen
1092 459 1141 490 ira
1154 459 1304 490 exardens
1319 460 1385 499 igni
1400 459 1522 490 tradere
1534 458 1722 496 studueram,
1738 463 1767 490 et

62 501 178 541 νάρχου,
207 503 252 531 καὶ
288 504 354 541 ὁμοῦ
379 503 520 542 δείξαντος,
542 505 643 538 ἐκεῖνος
670 506 752 542 μηδὲν
777 505 827 543 μελ

1000 511 1019 533 ε
1033 506 1066 534 ut
1087 504 1137 534 ira
1158 503 1421 544 subministrabat,
1438 513 1504 535 rem
1516 504 1711 544 peregissem,
1737 506 1766 535 et

65 545 246 583 μηδοπωσοῦν
283 548 440 587 ἐξεκᾶλυψεν
471 551 549 578 αὐτοῦ
590 550 620 578 τὸ
662 549 823 590 ἆπόῤῥητον,

1000 549 1040 578 mi
1049 547 1180 579 concilia
1194 548 1284 588 ﬁnem
1297 548 1487 588 habuissent,
1501 548 1564 579 nisi
1574 548 1700 588 plenum
1714 556 1766 578 ηο-

69 590 105 619 δι’
137 593 215 631 ὁρκου
251 594 505 633 προπιοτωσάμενος
539 596 583 623 τὸν
627 594 705 634 λόγον
734 595 823 631 αὒτοῠ,

1000 601 1033 623 :m
1039 591 1139 624 orbem
1148 595 1229 624 terra
1235 593 1533 632 muriquesz'milium
1544 593 1694 624 librorum
1704 600 1766 623 esse

68 647 121 669 την
150 638 282 677 σωτηρίαν
310 650 371 676 μου,
402 639 460 667 κατ’
491 638 547 672 ἔθος
586 643 639 667 τῶν
667 642 794 679 μοναχῶν
823 649 834 667 ε

1004 638 1100 668 issem.
1132 636 1243 668 Similia
1271 638 1400 668 narranti
1440 647 1506 678 quae
1535 637 1578 668 rei
1607 637 1770 677 ignorantia

68 691 130 718 κεν,
161 682 197 714 ὡς
237 683 282 710 τὸν
310 683 365 720 βίον
399 688 446 713 τοῦ
482 684 599 724 μάκαρος
637 685 771 713 Διονυσίου
799 695 833 712 κα

1005 681 1134 714 buetur?
1157 682 1250 719 Quam
1280 691 1383 714 rursus
1399 682 1595 723 improbitatis
1623 690 1769 712 summam

65 725 119 759 τὴν
159 727 274 766 σήμερον
313 726 355 756 ἔπ’
396 727 552 769 ἐκκλησίας,
589 729 814 769 ἆνεγινώσκομεν,

1028 727 1213 758 excesserit?
1228 728 1373 767 Conspexi
1399 727 1463 767 ipse
1486 736 1604 768 quoque
1631 726 1769 774 volumen

69 775 132 799 νοῦν
167 770 325 812 ἐπιστήσας,
376 775 433 805 πῶς
475 773 522 801 οὐκ
567 772 628 802 οἶδα
667 773 710 802 καὶ
749 774 825 806 αὐτὸς

1002 779 1008 800 ς
1029 772 1179 812 antiquum
1208 776 1296 813 atque
1311 776 1467 809 vetustum,
1499 772 1597 802 multis
1613 769 1768 811 capitibus,

68 813 215 848 δηλωθέντι
263 817 347 855 ῥητῷ,
392 818 423 845 τὸ
457 817 569 856 βιϐλίον,
612 821 658 846 τοῦ
685 820 766 855 θυμοῦ
805 817 832 854 ζέ

1002 824 1050 855 par
1078 820 1152 853 erat,
1170 815 1260 847 ﬁdem
1288 815 1345 847 sibi
1361 816 1535 853 concilians,
1561 815 1639 856 quod
1655 815 1684 846 in
1698 824 1768 845 um-

70 869 133 896 τος,
171 860 231 900 πυρὶ
273 860 430 900 παραδοῦναι
464 860 649 902 βεϐούλευμαι,
683 863 727 890 καὶ
762 861 825 902 τάχ’

1002 869 1024 890 ιιι
1052 859 1107 891 hac
1137 861 1280 899 oratione,
1296 861 1339 891 uti
1365 861 1395 891 in
1424 860 1545 901 reliquis
1575 860 1641 891 aliis
1669 868 1768 900 neque

70 903 108 932 ὡς
137 904 299 944 ὐπηγόρευεν
329 907 342 934 ὁ
377 907 457 944 θυμὸς
485 905 675 946 διεπραξάμην,
706 907 749 935 καὶ
766 906 836 938 εἱςὲ

1003 905 1091 935 imam
1108 904 1261 945 lineolam,
1278 909 1391 936 tantum
1406 905 1490 936 abest
1513 908 1545 936 ut
1558 905 1696 942 litteram,
1714 905 1769 935 ha-

69 947 174 976 τέλειον
204 948 280 983 ἐξέϐη
308 950 341 978 τὰ
369 953 419 984 τῆς
441 949 552 988 βουλῆς,
569 951 592 978 εἰ
608 950 646 987 μὴ
662 950 753 990 πλήρη
768 953 823 978 τῶν

1003 952 1025 978 at
1040 958 1167 990 erasam,
1184 950 1237 980 sed
1252 950 1282 980 in
1298 950 1355 980 hoc
1384 949 1491 990 saepius
1506 958 1523 979 a
1538 948 1624 980 nobis
1639 949 1769 990 laudato,

70 993 136 1021 αὒτὸ
160 992 256 1031 βίϐλων
282 993 371 1022 τελεῖν
402 995 558 1033 ἠπιστάμην
593 995 643 1029 τὴν
672 993 729 1023 καθ’
757 996 828 1033 ἡμᾶς

1005 1002 1081 1034 oque
1098 994 1213 1024 crimini
1241 994 1368 1025 obnoxio
1384 994 1460 1024 dicto
1476 1002 1594 1024 erasum
1621 993 1770 1024 referebat

72 1037 207 1074 κουμένην
234 1039 299 1078 πρὸς
327 1040 378 1078 γῆν
406 1040 451 1067 καὶ
487 1041 552 1078 πρὸς
579 1039 720 1070 θάλατταν.
749 1043 836 1069 Ταῦτα

1003 1037 1064 1068 ium
1080 1037 1157 1069 inter
1169 1038 1318 1079 procedit,
1338 1042 1366 1069 et
1380 1046 1418 1070 ex
1432 1039 1497 1079 ipso
1512 1038 1700 1075 dictiones,in
1711 1047 1769 1078 quo

72 1081 189 1121 φήσαντι
216 1084 293 1110 ποίαν
319 1084 425 1122 ἄγνοιαν
454 1084 651 1123 ἐπιμαρτυρεῖ;
680 1084 759 1116 Ποίας
777 1083 803 1112 δὲ
818 1096 838 1112 π

1004 1086 1079 1122 ptum
1091 1086 1161 1120 erat,
1174 1083 1288 1124 δι’,ῳιω
1303 1083 1424 1113 omnino
1437 1082 1601 1123 prapositio
1616 1086 1660 1113 est
1673 1091 1770 1120 ;nam-

69 1124 221 1165 ὑπερϐολὴν
248 1128 342 1160 κακίας
366 1128 534 1164 ἆπέλειπενς
565 1129 645 1157 Εἶδον
673 1129 727 1168 ἐγὼ
751 1130 795 1157 καὶ
808 1129 835 1168 βίι

1006 1131 1186 1168 postremam
1196 1128 1330 1159 dictionis
1341 1128 1614 1167 ὲκπορευὸμενον,ᾳαὶ
1618 1127 1767 1167 procedit,

69 1171 130 1197 τινὰ
158 1174 211 1199 τῶν
232 1171 352 1211 ἀρχαίων
372 1174 415 1201 καὶ
443 1173 564 1201 παλαιῶν
585 1173 765 1213 πολλαχόθεν,
795 1174 830 1206 ὡς

1004 1171 1089 1210 ibam,
1108 1183 1150 1200 νον
1166 1182 1285 1212 nempe,
1303 1172 1385 1212 prius
1401 1172 1510 1203 ibidem
1521 1172 1684 1212 appositam
1700 1180 1770 1202 era-

71 1215 154 1250 εἰκὸς,
187 1215 349 1245 πλουτοῦσα)
376 1218 407 1245 τὸ
430 1216 591 1254 ἀξιόπιστον,
622 1217 679 1250 ἥτις
699 1217 726 1245 ἐν
751 1217 799 1255 μὲν
814 1217 837 1246 ἄη

1001 1224 1012 1245 s
1026 1216 1170 1256 quispiam
1184 1220 1329 1256 postea,ct
1341 1225 1432 1255 supra
1447 1216 1555 1247 lineam
1568 1225 1722 1256 apponens
1736 1219 1767 1246 ut

70 1270 96 1287 τι
126 1261 221 1297 τουτῳὶ
250 1264 288 1298 τῷ
317 1260 399 1301 λόγῳ,
429 1262 515 1294 καθὼς
532 1261 597 1295 δῆτα
626 1261 673 1290 κᾶν
695 1268 754 1294 τοῖς
775 1261 836 1290 λοιπ

999 1269 1025 1299 ge
1051 1261 1138 1292 etiam
1164 1261 1329 1301 inspicienti
1348 1264 1425 1291 notae
1447 1261 1609 1291 litterarum
1625 1260 1765 1299 designa-

72 1303 131 1332 οὒδέ
159 1306 264 1343 κεραίαν
292 1305 388 1345 σχεδὸν
409 1306 563 1346 ἐξεσμένην,
580 1306 619 1344 μὴ
634 1307 674 1335 τοί
697 1317 728 1346 γε
757 1317 836 1346 στοιχ

1000 1309 1018 1342 t,
1034 1314 1101 1335 cum
1131 1310 1232 1336 essent
1246 1305 1282 1336 ab
1311 1305 1437 1345 antiquis
1463 1305 1520 1335 illis
1537 1309 1624 1345 atque
1648 1305 1766 1335 vetustis

71 1349 107 1381 ἦν
134 1347 245 1389 ἕχιυσα,
277 1351 345 1378 κατὰ
379 1351 458 1388 μόνον
480 1350 507 1379 δὲ
535 1352 565 1379 τὸ
584 1350 713 1383 πολλάκις
735 1349 796 1390 παρ’
818 1352 835 1386 ἡ

998 1359 1073 1389 ιῐεω,
1090 1354 1119 1381 et
1134 1351 1333 1381 recentiorem
1358 1359 1477 1380 manum
1495 1349 1589 1390 palam
1607 1349 1764 1389 praesefer-

73 1393 183 1423 ἐνταῦθα
224 1393 365 1435 διαληφθὲν
389 1394 547 1429 ἀδιάϐλητον
591 1398 652 1424 πᾶσι
680 1395 759 1435 ῥητὸν
786 1395 839 1428 ἐξεσ

1000 1416 1013 1430 τ,
1039 1394 1149 1425 dictum
1179 1395 1219 1425 ita
1243 1395 1372 1426 exaravit
1392 1394 1437 1433 δι’,
1468 1394 1608 1425 audacter
1631 1394 1716 1424 nimis
1732 1402 1766 1424 ac

71 1449 116 1466 vov
145 1437 219 1479 ἔφερέ
239 1450 264 1467 τι
300 1440 399 1480 χωρίον
428 1440 525 1477 μεταξὺ
546 1443 593 1468 τοῦ
621 1439 827 1479 ἐκπορευόμενον

1003 1439 1105 1489 erarie,
1120 1444 1181 1470 tum
1198 1439 1386 1480 postmodum
1400 1438 1613 1489 apostrophum
1627 1437 1769 1489 superad-

68 1485 118 1516 τῆς
147 1485 226 1513 αὐτοῦ
253 1483 358 1521 λέξεως,
397 1484 424 1512 ἐν
459 1485 531 1524 ᾧπερ
573 1484 719 1524 ἐγέγραπτο
753 1484 786 1512 δι’
815 1497 834 1513 τ‹

1002 1487 1008 1514 l
1036 1483 1077 1514 illi
1107 1486 1183 1513 αὑτοῦ
1206 1493 1246 1516 ex
1268 1485 1354 1524 ipso:
1383 1483 1458 1515 adeo
1473 1487 1505 1514 ut
1528 1492 1587 1514 non
1603 1482 1768 1514 secundum

68 1527 95 1556 δὲ
123 1528 229 1561 πάντως
265 1529 399 1568 πρόθεσις,
428 1529 477 1558 Καὶ
515 1529 564 1569 γὰρ
592 1529 639 1562 τὴν
668 1528 817 1557 τελευταίαν
847 1533 893 1558 τοῦ
936 1528 1061 1568 positum
1079 1529 1174 1569 primo
1203 1529 1412 1569 ἐκπορευόμενον
1427 1529 1515 1568 αὐτοῦ,
1546 1527 1598 1558 Sed
1625 1527 1770 1566 ἐκπορευό-

68 1572 274 1612 ἐκπορευόμενον
290 1572 433 1611 συλλαϐὴν,
471 1573 593 1607 δηλονότι
616 1574 647 1601 τὸ
680 1585 735 1609 νον,
767 1573 833 1613 πρότ

1004 1585 1016 1600 ν
1033 1572 1078 1613 δι’,
1108 1574 1187 1603 αὑτοῦ
1209 1573 1278 1603 inde
1295 1573 1454 1613 legeretur.
1482 1572 1546 1604 Hoc
1561 1571 1769 1612 Metaphrastaa

67 1617 193 1654 κειμένην
225 1618 304 1645 ανξιτοῦ
331 1618 406 1650 ξέσας
434 1629 474 1650 τις
510 1617 626 1656 ὕστερον.
655 1618 699 1646 καὶ
727 1621 773 1646 τοῦ
801 1629 832 1645 στ

1002 1627 1075 1649 :men
1085 1628 1143 1650 una
1154 1629 1272 1650 mecum
1284 1628 1320 1651 ex
1332 1619 1532 1650 ecclesiastico
1539 1622 1618 1649 caetu
1630 1617 1768 1648 homines

69 1662 121 1691 θεὶς
149 1660 257 1702 ἄνωθεν,
276 1663 313 1694 ὡς
342 1663 385 1690 καὶ
407 1663 537 1702 μακρόθεν
552 1663 566 1690 ὁ
583 1662 723 1702 χαρακτὴρ
737 1665 790 1690 τῶν
805 1673 835 1701 γρ

1004 1664 1066 1694 iarii
1085 1664 1166 1695 multi
1188 1667 1420 1705 conspexerunt,
1437 1666 1508 1694 ante
1534 1671 1604 1693 vero
1620 1671 1725 1693 omnes
1741 1669 1770 1695 et

70 1706 160 1743 μάτων
187 1706 339 1746 ὑπέφαινεν,
382 1706 470 1740 ἄλλως
498 1707 536 1735 ὢν
559 1708 630 1745 παρὰ
658 1708 704 1735 τὸν
719 1706 835 1746 ἀρχαῖον

1001 1717 1006 1737 ι
1033 1708 1171 1740 omnibus
1186 1717 1292 1740 norma
1307 1713 1336 1739 et
1350 1708 1453 1748 regula
1478 1707 1646 1747 dogmatum
1675 1715 1767 1738 vene-

70 1750 193 1788 παλαιὸν,
224 1752 268 1779 καὶ
294 1762 317 1779 τι
350 1755 468 1791 φανερῶς
489 1752 533 1780 καὶ
559 1751 665 1787 ἀπόζων
693 1750 830 1788 νεότητος,

1001 1751 1048 1783 ius
1078 1757 1179 1784 noster
1207 1753 1374 1794 patriarcha
1410 1753 1530 1783 intuitus
1558 1755 1613 1783 est.
1637 1752 1680 1782 Ex
1710 1760 1767 1791 quo

70 1794 166 1835 λεχθὲν
197 1795 280 1827 οὕτως
321 1795 420 1835 ἔγραψε
457 1795 492 1824 δι’
525 1796 641 1834 θρασέως
669 1797 713 1824 καὶ
741 1795 836 1835 τολμηί

999 1805 1060 1828 rsus
1076 1798 1240 1829 ostenditur
1254 1802 1283 1829 et
1312 1797 1522 1838 quoquomodo
1537 1795 1765 1834 attendentibus,

69 1839 129 1868 εἶτα
151 1841 194 1868 καὶ
222 1840 384 1880 ἂφόστροφον
408 1841 444 1872 εἷς
472 1842 503 1868 τὸ
531 1843 610 1870 avito?)
625 1839 792 1881 διεχάραξεν,
827 1841 835 1868 ἐ

1001 1847 1093 1873 :ontra
1107 1852 1162 1873 nos
1192 1842 1371 1883 improbitati
1400 1842 1523 1873 minime
1538 1841 1654 1879 deditis,
1682 1839 1767 1879 illud,

70 1885 108 1923 μὴ
130 1885 198 1913 κατὰ
245 1885 293 1918 τὴν
333 1884 477 1924 ἔμπροσθεν
520 1885 590 1913 θέσιν
625 1886 656 1913 τὸ
692 1885 836 1924 ἐκπορευόμ

1002 1887 1073 1917 Filio
1098 1897 1216 1928 quoque
1246 1887 1384 1928 Spiritum
1411 1886 1587 1927 procedere,
1618 1889 1687 1916 ante
1713 1894 1768 1916 nos

69 1930 157 1966 αὒτοῦ,
211 1930 241 1957 τὸ
290 1928 318 1956 δὲ
375 1929 582 1968 ἐκπορευόμενον
623 1929 657 1957 δι’
699 1930 779 1958 αὐτοῦ
820 1941 834 1958 τ

1001 1940 1026 1961 m
1054 1933 1214 1963 nonnullos
1233 1941 1292 1963 non
1317 1940 1482 1963 recusasse.
1510 1930 1641 1970 Ideoque
1656 1930 1706 1971 qui
1732 1938 1767 1961 ex

69 1973 303 2013 ἀναγινώσκεσθαι.
343 1974 398 2007 Τὴν
446 1975 571 2007 τοιαύτητ
608 1974 824 2014 μεταφραστικὴν

999 1976 1101 2007 ismate
1116 1981 1212 2018 erant,
1228 1987 1288 2008 non
1314 1976 1412 2006 minus
1426 1977 1471 2007 his
1486 1977 1535 2017 qui
1550 1985 1630 2006 nunc
1657 1975 1765 2013 vivunt,

70 2017 132 2047 ὅλον
174 2019 220 2046 σὺν
258 2019 317 2056 ἓμοὶ
358 2019 403 2047 καὶ
435 2022 485 2047 τῶν
528 2019 653 2058 ἐκκρίτων
679 2019 819 2047 ἐθεάσαντο

1019 2021 1154 2052 facultate
1170 2031 1223 2053 sua
1251 2022 1376 2062 quisque
1391 2021 1549 2052 immutare
1565 2024 1593 2051 et
1622 2021 1768 2051 invertere

72 2062 232 2096 Ἐκιλησίας
260 2062 371 2100 πολλοί,
402 2064 451 2091 ποὺ
479 2064 585 2092 πάντων
620 2062 648 2091 δὲ
676 2064 720 2091 καὶ
745 2063 838 2100 μετὰτ

1001 2066 1036 2095 ati
1052 2069 1131 2097 sunt.
1161 2066 1209 2098 Sic
1226 2067 1322 2108 palam
1348 2068 1405 2099 hoc
1420 2064 1767 2108 conﬁrmavitadversus

73 2119 124 2136 των
153 2109 166 2135 ὁ
194 2107 284 2135 κακών
313 2108 366 2136 τῶν
390 2107 541 2148 δογμάτων,
569 2110 584 2136 ὁ
619 2109 713 2140 σεπτὸς
730 2108 836 2141 οὗτοςῆ

1000 2115 1005 2135 ι
1021 2111 1204 2146 opponentes
1219 2105 1321 2144 oratio,
1337 2106 1537 2148 processionis
1552 2105 1680 2136 dictione
1695 2113 1766 2134 non-

75 2152 240 2192 πατριάρχης
272 2151 397 2191 ἑώρακεν.
429 2152 473 2186 Ἐξ
506 2154 539 2186 ἧς
568 2153 674 2184 πάντως
702 2151 831 2180 δείκνυται

1000 2159 1037 2181 os
1064 2154 1184 2184 sanctos
1209 2161 1278 2183 usos
1306 2152 1405 2190 fuisse,
1436 2159 1503 2182 cum
1533 2149 1674 2190 Spiritum
1696 2157 1766 2179 san-

73 2204 130 2230 τοτς
168 2198 287 2225 δπωσοῦν
330 2195 512 2233 ἐπιϐάλλουσι,
543 2198 587 2226 καὶ
621 2197 659 2235 μὴ
685 2197 839 2237 συνεσχημέ

1000 2203 1018 2225 n
1034 2195 1121 2226 etiam
1136 2205 1171 2227 ex
1186 2196 1259 2227 Filio
1281 2196 1479 2228 exsisteutiam
1495 2194 1606 2226 habere
1621 2193 1766 2224 decreve-

72 2243 136 2280 ὂμοῡ
163 2242 242 2278 κακίᾳ
257 2244 291 2280 τῇ
311 2240 370 2270 καθ’
392 2242 481 2280 ἡμῶν,
498 2241 538 2270 ὅτι
560 2243 591 2270 τὸ
626 2241 835 2281 ἐκπορευόμενον
865 2241 896 2270 ἐκ
937 2243 1017 2271 runt.

71 2291 116 2316 τοῦ
144 2289 204 2315 Υἱοῡ
242 2289 347 2324 Πνεῦμα
377 2286 423 2314 καὶ
449 2290 501 2315 τῶν
533 2287 584 2326 πρὸ
618 2287 696 2324 ἡμῶν
724 2285 790 2314 ἔνιοι
824 2284 912 2325 λέγειν
933 2286 963 2314 τὺ
991 2285 1072 2324 ῥητὸν
1100 2287 1251 2322 νενοήκασι.
1285 2288 1334 2316 Διὰ
1368 2290 1445 2316 τοῦτο
1481 2285 1531 2324 γὰρ
1559 2284 1680 2312 κάκεῖνοι
1717 2286 1765 2311 τοῦ

71 2333 219 2373 σχίσμα-τος
247 2330 322 2363 ὄντες
349 2329 422 2359 οὐδὲν
449 2331 529 2364 ἧττον
557 2333 610 2360 τῶν
641 2335 696 2371 νῦν,
727 2331 764 2361 ὡς
792 2330 886 2370 εἶχον,
917 2329 981 2359 αὐτὸ
1001 2330 1192 2371 μεταποιῆσαι,
1223 2332 1267 2360 καὶ
1296 2330 1457 2370 μεταϐαλεῖν
1481 2328 1668 2373 ἐπειράθησαν.
1687 2326 1769 2373 Οὖτο

71 2371 169 2417 τρανῶς
205 2375 369 2416 παρέστησεν
398 2377 412 2404 ὃ
439 2375 518 2415 λόγος
548 2382 607 2408 non;
641 2374 816 2404 ἀντιϐαίνουσι
845 2375 875 2404 τὸ
897 2376 990 2412 παρὸν,
1022 2375 1058 2406 ὡς
1084 2375 1128 2404 καὶ
1152 2379 1187 2414 τῇ
1203 2376 1374 2416 ἐκπορεύεται
1397 2375 1465 2409 λέξει
1500 2373 1572 2405 τινὲς
1600 2372 1654 2400 τῶν
1681 2371 1766 2411 ἁγίων

74 2421 235 2462 ιχρήσαντο,
252 2422 283 2449 τὸ
301 2424 407 2458 Πνεῦμα
427 2421 460 2449 τὸ
478 2420 555 2460 ἅγιον
569 2422 613 2450 καὶ
641 2420 670 2448 ἐγ
693 2421 739 2448 τοῦ
769 2420 830 2448 Υἱοῦ
856 2420 907 2453 τὴν
937 2418 1045 2459 ὕπαρξιν
1066 2419 1139 2460 ἔχειν
1168 2421 1389 2461 θεολογήσαντες.

114 2457 165 2497 λδς.
202 2457 276 2494 ’Ᾰλλ¹
300 2465 392 2499 ἐπειδὴ
427 2467 471 2494 καὶ
503 2457 535 2494 τὸ
560 2466 721 2502 ζητούμενον
755 2464 880 2503 εὖρηκότε

1000 2464 1026 2496 ι.
1041 2457 1099 2495 Sed
1113 2465 1232 2505 quando
1243 2457 1405 2507 quaestione
1419 2465 1572 2504 comperta
1585 2470 1641 2493 nos
1653 2459 1766 2507 dubita-

75 2512 153 2549 ἡμεῖς
189 2510 239 2544 την
265 2511 374 2549 ἀπορίαν
405 2512 496 2542 αὐτοῖς
538 2512 575 2543 εἱς
601 2510 678 2542 τέλος
707 2508 841 2547 διελυσάμι

998 2517 1046 2539 em
1062 2509 1180 2540 illorum
1211 2505 1409 2551 dissolvimus,
1426 2518 1481 2550 age
1506 2517 1585 2539 nunc
1600 2507 1687 2551 etiam
1703 2505 1763 2544 hic,

74 2556 131 2596 φέρε
160 2555 253 2584 λοιπὸν
287 2554 417 2583 κᾶνταῦθα
450 2555 605 2595 προθέμενοι
632 2554 736 2594 βραχέα
757 2554 816 2592 περὶ
843 2554 892 2587 τῆς

74 2600 167 2633 λέξεως
192 2599 290 2633 ταύτης
317 2600 414 2640 εἰπεῖν,
444 2599 558 2640 ἴδωμεν,
594 2601 616 2629 el
644 2599 731 2637 δοκεῖ,
774 2601 892 2638 πρῶτον,

71 2648 126 2677 πῶς
159 2646 173 2673 ὁ
201 2644 394 2684 Χρυσοῤῥημων
432 2645 513 2679 αὐτὴν
549 2645 675 2678 Ἰωάννης
703 2644 868 2684 ἡρμήνευσεν
884 2652 892 2660 ⁸

82 2694 137 2730 Οτι,
178 2689 269 2730 φησὶν.
306 2687 375 2726 οῐδι,
421 2689 470 2724 τὴν
510 2688 686 2730 ιῦαγγιλικὴν
719 2687 892 2728 ἐξηγούμενος

934 2561 1002 2583 cum
1038 2554 1156 2585 animus
1191 2555 1230 2586 sit
1244 2565 1337 2596 pauca
1352 2550 1544 2586 de'dictione
1572 2553 1628 2584 hac
1652 2550 1765 2588 dicere,

935 2596 1099 2636 videamus,
1116 2599 1140 2629 si
1163 2599 1269 2640 placet,
1287 2601 1414 2641 primum
1430 2597 1579 2641 quomodo
1594 2605 1659 2628 eam
1675 2604 1766 2641 aureo

935 2641 1034 2682 lingua
1048 2643 1177 2675 Joannes
1192 2640 1402 2686 interpretatus
1415 2648 1480 2676 est:
1512 2642 1601 2681 Quod
1614 2641 1711 2682 novit,
1727 2640 1766 2671 ait

935 2687 1134 2728 evangelicum
1148 2697 1251 2722 vocem
1261 2699 1425 2733 exponens,
1438 2687 1628 2731 etprofunda
1646 2686 1721 2724 Dei;
1736 2688 1766 2716 ει
