1941 3082
161 53 238 87 1343

723 56 984 89 CONSTANTINI
1009 56 1288 89 MELITENIOTIE

1769 61 1840 111 424;

156 121 234 167 ritus
247 122 415 167 progressui
427 131 487 153 non
502 121 682 160 absimilem,
697 122 774 163 quod
792 121 967 163 potissimum

1048 123 1157 162 la'T-yeut
1173 131 1181 138 '
1198 124 1288 153 Τοίνυν
1317 124 1409 166 Πατὴρ
1426 126 1459 161 ἦν
1487 126 1540 160 ἀεὶ,
1563 127 1606 156 καὶ
1627 128 1658 156 τὸ
1682 131 1784 167 Πνεῦμα
1810 129 1835 160 lx

157 165 386 198 immortalitatis
401 175 479 198 verae
488 167 609 198 nomine
621 167 710 207 digne
719 169 804 198 Pater
818 167 975 206 insignitus

157 209 279 242 dixerat.
298 211 383 242 Hunc
397 215 532 243 sanctum
546 221 656 252 nempe
682 211 825 252 Spiritum
851 222 886 243 ex
901 211 975 243 Filio

156 255 271 294 spirare
298 256 402 287 beatus
416 261 445 287 et
459 256 516 294 Dei
541 256 638 288 ﬁdelis
663 265 765 288 servus
793 256 977 298 Epiphanius

155 303 258 340 aperte
272 300 512 332 decrevit.Modis
525 309 595 332 vero
607 300 745 331 omnibus
756 301 843 332 etiam
858 311 891 332 ex
902 301 977 332 Filio

155 344 257 384 spirat,
273 345 523 385 quemadmodum
546 354 581 376 ex
607 346 704 385 Patre,
730 355 797 377 cum
823 346 884 377 oris
898 346 976 378 illius

155 388 277 429 spiritus
291 389 380 421 sit.Et
403 389 539 431 spiritum
563 390 623 421 oris
640 391 732 421 Patris
748 391 918 430 esse.plena
931 395 977 422 est

155 433 334 466 testimoniis
348 443 365 466 a
376 435 438 466 Deo
460 434 602 475 inspirata
619 434 782 476 Scriptura.
802 435 874 466 Item
895 436 974 467 hunc

153 477 250 518 ipsum
267 479 404 519 spiritum
420 480 480 510 oris
493 479 561 512 Filii
575 489 653 520 esse,
670 479 750 511 solus
768 480 852 511 nobis
866 480 902 511 ad
917 481 973 511 hoc

154 522 340 563 probandum
352 524 469 555 divinus
484 524 643 565 Apostolus
658 524 823 565 suﬁecerit,
840 525 890 566 qui
905 534 973 556 cum

153 567 191 598 de
206 567 298 608 impio
312 568 343 599 in
358 569 515 609 postremis
529 568 637 600 diebus
654 569 825 606 revelando,
841 574 872 601 ut
887 574 974 601 antea

152 611 292 649 diximus,
310 622 478 644 sermonem
497 613 657 648 habuisset,
671 614 751 645 circa
763 614 865 653 ﬁnem,
878 614 974 653 Quem

152 656 391 689 DominusJesus
397 658 536 690 Christus
543 659 693 691 interimat
702 660 813 698 spiritu
818 660 972 700 oriuui85,

150 700 264 740 ingenti
279 711 351 733 voce
365 703 511 734 clamavit.
527 704 600 735 Cum
621 713 692 734 vero
707 703 836 744 Spiritus
850 708 972 736 sanctus

1017 169 1118 207 Πατρὸς
1150 169 1194 197 καὶ
1217 170 1276 198 Υἶοῦ
1301 169 1374 198 πνέει
1392 178 1399 185 '
1416 170 1546 200 κατέλαϐέ
1559 172 1588 200 τέ
1599 183 1656 204 πως
1671 173 1721 207 τὴν
1735 173 1832 202 πνεῦνιιι

1016 214 1051 249 τῇ
1079 215 1125 240 τοῦ
1153 213 1304 251 Πνεύματος
1337 213 1442 253 προόδῳ
1456 215 1636 253 κατάλληλον,
1655 218 1772 250 εἷπόντος
1785 217 1832 254 μέ-

1017 255 1094 284 λιστα
1115 260 1161 285 τοῦ
1190 257 1239 292 τῆς
1285 258 1424 291 ἂθανασίας
1468 260 1518 294 τῆς
1561 259 1674 294 ἀληθοῦς
1701 261 1833 299 ἆξιωνύμῡυ

1019 302 1133 340 Πατρὸς.
1164 305 1256 342 T0610,
1286 303 1316 330 τὸ
1338 302 1414 342 ἅγιον
1442 302 1545 338 δηλαδὴ
1575 308 1693 344 Πνεῦμα,
1730 306 1776 333 xix
1793 309 1833 333 τοῦ

1020 345 1078 373 rimi
1103 345 1190 374 πνέειν
1219 347 1233 374 ὁ
1262 347 1390 386 μακάριος
1425 347 1470 376 καί
1491 352 1537 376 τοῦ
1565 352 1631 377 Θεοῦ
1657 349 1772 389 θεράπων
1789 360 1832 377 πι-

1017 389 1077 433 στός
1106 388 1260 430 Ἐπιφάνιος
1296 395 1446 432 περιφανῶς
1477 392 1642 433 ἀπεφήνατο.
1674 388 1778 425 Πάντως
1807 393 1833 422 δὶ

1015 432 1088 478 ¹πνέει
1109 433 1161 462 κάκ
1185 439 1231 464 τοῦ
1261 437 1322 464 Υἱοῦ
1357 436 1474 476 καθάπερ
1500 437 1530 465 ἐκ
1558 442 1605 468 τοῦ
1632 439 1745 478 Πατρὸς,
1770 438 1833 467 ἒπει-

1014 476 1097 522 δῄπερ
1128 479 1240 508 καὶτοῦ
1281 480 1414 518 στόματος
1457 481 1537 510 αὐτοῦ
1577 476 1695 520 πνεῦμα·
1713 482 1830 522 πέφυκε-ι.

1017 517 1082 550 ’Ὁτι
1103 523 1148 551 καὶ
1177 524 1227 563 γὰρ
1257 528 1359 562 πνεῦμα
1394 525 1441 553 τοῦ
1461 526 1594 564 στόματος
1622 531 1667 555 τοῦ
1688 528 1796 566 Πατρὸς,
1816 529 1832 561 ἡ

1013 566 1185 611 θεόπνευστος
1214 569 1306 609 Γραφὴ
1335 568 1443 609 πλήρης
1471 571 1524 598 τῶν
1553 572 1689 611 χρήσεων.
1716 566 1779 601 1Ὀτι
1807 572 1832 600 δὲ

1014 610 1084 639 τοῦτ’
1111 612 1174 640 αὐτὸ
1193 614 1237 641 καὶ
1252 616 1356 651 πνεῦμα
1369 618 1416 642 τοῦ
1440 610 1572 652 στόματος
1586 619 1632 644 τοῦ
1659 617 1730 656 Υῖοῦ,
1760 617 1832 654 μόνος

1014 655 1091 695 ἀρκεῖ
1119 658 1184 696 πρὸς
1211 658 1297 686 πίστιν
1320 659 1388 696 ἡμῖν
1416 660 1429 687 ὁ
1449 661 1521 692 θεῖος
1547 655 1766 698 ’Λπόστολοςίός
1780 662 1833 701 περὶ

1012 704 1059 728 τοῦ
1088 701 1187 739 ἀνόμου
1209 707 1255 732 τοῦ
1284 701 1429 740 μέλλοντος
1445 702 1471 731 ἓν
1489 704 1614 744 ἐσχάτοις
1645 711 1749 744 καιροῖς
1768 705 1833 733 ἄπο-

150 745 272 797 ξρξινὶιυε
287 746 326 777 sit
339 747 400 777 oris
414 747 586 797 Filii,plane_
600 748 821 797 demonstratur
832 748 921 780 etiam
936 759 967 781 ex

1049 744 1312 797 Xuzpﬁﬁvat,“x10m:
1356 746 1577 788 πρσειδιελαὶϐομεν⁷
1621 749 1734 787 εἰρηκὼς
1773 750 1833 788 πρὸς

150 789 225 821 Filio
252 801 335 822 suam
361 792 562 823 exsislentiam
579 792 690 824 habere
718 793 908 833 Hujusceque
927 794 967 825 rei

1065 790 1140 823 τέλος
1158 799 1165 806 '
1198 789 1252 820 u0v
1280 793 1294 819 ὁ
1324 792 1416 831 Κύριος
1453 792 1555 826 Ἰησοῦς
1579 792 1670 821 ἀνελεῖ
1702 804 1740 830 τῳ
1757 795 1833 822 πνεύ-

151 839 340 876 mystagogus
356 841 400 867 est
416 846 539 877 magnus
559 837 697 878 Basilius,
723 838 773 877 qui
798 842 901 879 quarta
915 839 965 870 ad-

150 888 254 911 versus
265 880 443 912 Eunomium
460 882 592 913 oratione
609 883 703 923 palam
724 889 883 923 aperteque
908 884 971 915 haec

149 924 323 956 nominatim
334 925 423 957 habet
433 926 545 967 :Neque
551 929 631 959 enim
641 929 744 959 minus
752 928 824 968 quid
834 928 971 960 habituri

146 977 250 1001 sumus
256 970 296 1001 ad
301 972 537 1011 cognoscmtdum
544 971 698 1012 Spiritum
707 973 851 1004 exsistere
855 982 892 1004 ea:
900 973 970 1012 Deo,

147 1022 217 1045 cum
227 1015 375 1046 audimus
386 1016 535 1056 Spiritum
547 1017 611 1048 oris
621 1017 847 1056 ejus.Sedsatis
861 1022 904 1049 est
918 1017 972 1049 hoc

147 1060 247 1097 ipsum
255 1068 363 1090 nomen
376 1060 416 1091 ad
424 1061 657 1100 signiﬁcandam
668 1063 878 1093 arsistentiam
887 1061 970 1094 illius

148 1110 187 1134 ea:
194 1102 369 1140 θεωροίη-ο
377 1105 625 1144 quemadmodum
635 1105 706 1136 dum
720 1105 830 1138 dicitur
843 1106 970 1147 Spiritus

148 1151 279 1185 sanctus,
295 1148 416 1188 spiritus
430 1149 491 1180 oris
507 1149 570 1187 Dei,
587 1150 658 1180 satis
678 1154 723 1181 est
744 1151 780 1181 ad
811 1151 969 1182 notandam

148 1191 242 1231 ipsius
258 1194 460 1224 exsistentiam
477 1203 512 1225 ex
526 1195 756 1235 Iteo,sententia
771 1196 896 1235 hujusce
911 1205 958 1227 ma

146 1236 220 1267 ximi
247 1238 367 1269 Patris:
387 1239 424 1270 ita
459 1239 529 1270 dum
557 1239 665 1271 dicitur
688 1241 815 1280 Spiritus
839 1245 969 1276 sanctus,

144 1281 266 1321 spiritus
280 1283 340 1314 oris
364 1284 441 1321 Filii,
468 1294 536 1316 vere
552 1286 731 1325 proprieque
746 1285 817 1316 satis
832 1285 922 1316 fuerit
933 1285 969 1316 ad

146 1326 344 1359 denotandam
360 1328 453 1369 ipsius
468 1329 669 1361 exsistentiam
686 1338 720 1360 ex
735 1329 823 1360 Filio.
849 1329 886 1360 Et
913 1330 969 1360 hac

147 1371 263 1403 ratione
278 1373 378 1403 multis
393 1382 429 1404 ex
447 1373 581 1413 partibus
605 1375 697 1404 oratio
714 1380 816 1404 nostra
827 1373 969 1405 demons-

146 1417 449 1455 travit,exsistentiam
460 1417 570 1451 habere
582 1419 670 1449 etiam
685 1428 720 1449 ex
736 1418 810 1450 Filio
825 1417 968 1459 Spiritum

145 1466 292 1493 sanctum.

1013 847 1076 874 ματι
1105 835 1150 864 τοῦ
1187 836 1319 874 στόματος
1361 838 1450 872 αὐτοῦ,
1495 836 1690 877 μεγαλοφώνως
1732 838 1833 876 ἐϐόησε,

1012 881 1048 909 Τὸ
1077 879 1104 908 δὲ
1131 883 1237 918 Πνεῦμα
1265 881 1296 908 τὸ
1318 881 1394 920 ἅγιον
1415 882 1519 919 πνεῦμα
1540 881 1629 910 τελεῖν
1646 883 1690 910 καὶ
1711 887 1758 912 τοῦ
1778 883 1836 911 στό-

1014 936 1096 961 ματος
1122 930 1169 955 τοῦ
1191 927 1263 963 Υἱοῦ,
1289 924 1409 960 δήλωσις
1430 925 1576 966 ἀκραιφνὴς
1597 926 1637 954 ὅτι
1652 927 1704 955 κᾶκ
1718 930 1763 955 τοῦ
1777 928 1834 956 Υῑοῦ

1013 971 1062 1003 τὴν
1090 969 1198 1006 ὕπαρξιν
1227 971 1290 998 αὐτὸ
1318 970 1445 1004 κέκτηται
1464 979 1472 987 ο
1501 971 1545 998 καὶ
1573 971 1666 999 τούτου
1694 982 1834 1011 μυσταγω-

1012 1015 1059 1053 γὸς
1087 1014 1101 1042 ὃ
1130 1014 1213 1053 μέγας
1237 1014 1384 1047 Βασίλειος,
1415 1014 1496 1047 Οὗτος
1516 1015 1560 1043 καὶ
1582 1015 1632 1054 γὰρ
1653 1015 1689 1048 εἱς
1718 1016 1763 1044 τὸν
1778 1017 1834 1045 κατ’

1013 1059 1140 1097 Εὒνομίου
1161 1059 1285 1099 τέταρτον
1307 1058 1387 1098 λόγον
1418 1059 1496 1088 αὑτοῦ
1523 1058 1662 1098 διαῤῥήδην
1687 1060 1732 1090 καὶ
1748 1064 1834 1100 σαφῶς

1012 1103 1055 1132 ἐπὶ
1083 1103 1178 1136 λέξεως
1207 1107 1288 1132 ταῦτα
1311 1103 1433 1136 διέξεισιν
1447 1113 1455 1121 ⁸
1491 1103 1556 1133 οὐδὲ
1593 1105 1643 1144 γὰρ
1668 1103 1778 1133 ἔλαττον
1809 1116 1835 1133 τι

1012 1147 1076 1181 ἕξειν
1116 1148 1249 1186 μέλλομεν
1300 1149 1337 1180 εἰς
1390 1149 1420 1176 10
1461 1149 1601 1188 γινώσκειν
1651 1150 1682 1177 τὸ
1733 1153 1834 1188 Πνεῦμα

1011 1193 1141 1233 ὑπάρχειν
1169 1194 1198 1221 εγ
1248 1193 1325 1233 Θεοῦ,
1369 1196 1472 1231 Πνεῦμα
1512 1196 1557 1221 τοῦ
1591 1194 1724 1231 στόματος
1759 1195 1836 1222 αὐτοῦ

1012 1238 1152 1269 ἀκούοντος
1181 1238 1256 1267 αὐτὸ.
1293 1237 1368 1266 Ἀλλ’
1404 1238 1493 1266 ἱκανὸν
1522 1239 1566 1266 καὶ
1599 1241 1676 1266 τοῦτο
1695 1239 1727 1266 τὸ
1753 1239 1837 1276 ὁνομα

1010 1283 1059 1316 τὴν
1102 1281 1210 1322 ὕπαρξιν
1254 1283 1331 1312 αὐτοῦ
1370 1281 1489 1315 δηλῶσαι
1525 1282 1574 1316 τὴν
1608 1282 1639 1310 ἐκ
1673 1286 1750 1312 Θεοῦ.
1792 1288 1833 1312 K1

1010 1327 1094 1355 τοίνυν
1119 1328 1148 1355 ὃν
1174 1327 1272 1367 τρόπον
1296 1328 1326 1355 τὸ
1348 1325 1469 1365 λέγεσθαι
1498 1328 1529 1355 τὸ
1558 1330 1664 1365 Πνεῦμα
1692 1329 1723 1355 τὸ
1759 1327 1837 1366 ἅγιον

1009 1375 1111 1410 πνεῦμα
1139 1375 1185 1400 τοῦ
1206 1372 1337 1410 στόματος
1373 1371 1419 1399 τοῦ
1452 1374 1518 1400 Θεοῦ
1546 1370 1595 1406 τὴν
1629 1371 1737 1411 ὕπαρξιν
1758 1372 1839 1401 αὑτοῦ

1009 1416 1127 1451 δηλῶσαι
1147 1417 1197 1451 τὴν
1224 1416 1254 1445 ἐκ
1283 1420 1349 1445 Θεοῦ
1389 1416 1458 1445 κατὰ
1485 1420 1576 1445 τοῦτον
1617 1417 1662 1444 τὸν
1691 1417 1838 1456 πάμμιγαν

975 1462 1094 1493 Οῐκανὸν
1122 1461 1192 1489 ἔστιν
1210 1470 1218 1478 '
1239 1461 1286 1489 τὸν
1315 1461 1392 1489 αὺτὸν
1421 1460 1519 1500 τρόπον
1540 1461 1585 1489 καὶ
1605 1461 1636 1489 τὸ
1657 1460 1781 1500 λέγεσθαι
1806 1463 1838 1489 τὸ

146 1509 251 1544 Πνεῦμα
279 1509 310 1537 τὸ
338 1509 414 1548 ἅγιον
442 1510 486 1538 κτὶ
515 1513 617 1547 πνεῦμα
649 1514 696 1539 τοῦ
729 1510 860 1546 στόματος
881 1510 927 1537 τοῦ
959 1510 1020 1537 Υἱοῦ
1047 1507 1096 1535 τὶν
1117 1505 1223 1547 ὕπαρξιν
1251 1505 1330 1535 αὐτοῦ
1356 1504 1474 1539 δηλῶσαι
1498 1506 1548 1539 τὴν
1577 1506 1621 1534 καὶ
1645 1505 1677 1534 ἐκ
1690 1509 1737 1535 τοῦ
1773 1507 1836 1535 Υἱοῦ

145 1552 307 1586 καθέστηκεν
349 1555 438 1583 ἱκανὸν
481 1555 546 1593 πρὸς
584 1554 720 1590 ἀλήθειαν.

145 1594 219 1635 ἔχειν
240 1598 291 1626 κὰκ
322 1604 369 1628 τοῦ
388 1599 448 1628 Υίοῦ
468 1600 499 1628 τὸ
523 1602 627 1637 Πνεῦμα
645 1600 676 1627 τὺ
703 1599 788 1638 ἅγιον.

185 1640 234 1672 36.
251 1640 285 1671 Et
300 1642 370 1683 quid
387 1652 461 1683 opus
472 1647 528 1680 est,
544 1643 693 1684 inquiunt,
710 1643 756 1674 his
767 1642 878 1683 multis,
895 1652 967 1683 quo-

143 1693 209 1715 rum
223 1686 359 1726 quaedam
367 1687 442 1718 forte
451 1687 486 1718 ad
501 1697 607 1719 manus
621 1691 736 1719 nostras
750 1697 808 1719 non
825 1697 966 1728 pervene-

772 1554 847 1583 Οὕτω
874 1557 976 1594 τρανῶς
1004 1551 1172 1592 πολλαχόθεν
1201 1550 1332 1584 ἀπέδειξεν
1374 1552 1388 1579 ὁ
1417 1550 1496 1590 λόγος
1530 1551 1599 1588 ἡμῖν
1646 1552 1696 1585 τήν
1725 1551 1837 1591 ὕπαρξιν

1048 1635 1115 1678 λς’,
1138 1642 1186 1670 Καὶ
1211 1641 1235 1669 τί
1262 1639 1315 1678 δεῖ,
1339 1640 1411 1680 φασὶ,
1427 1643 1480 1669 τῶν
1501 1639 1608 1668 πολλῶν
1629 1640 1729 1668 τούτων
1757 1643 1838 1680 ὑμῖνι

1007 1687 1094 1725 ὦνπερ
1122 1697 1190 1714 τισιν
1218 1685 1286 1716 ’ἴσως
1314 1683 1367 1713 οὔδ’
1398 1684 1583 1725 ὲνετύχομενς
1631 1680 1659 1713 ὀ
1690 1686 1838 1723 Δαμασκό-

133 1729 193 1760 ro?
218 1729 418 1762 Damascenus
441 1732 561 1773 sapiens
588 1733 717 1764 Joannes
741 1733 804 1763 fere
827 1733 966 1764 omnibus

1076 1731 1156 1770 σοφὸς
1195 1729 1320 1763 Ἰωάννης
1359 1730 1580 1769 μεταγενέστερος
1602 1733 1698 1769 μικροῦ
1727 1730 1839 1758 πάντων

145 1777 292 1814 posterior
307 1785 428 1816 prorsus
453 1776 603 1817 prohibuit
618 1786 652 1808 ex
667 1777 742 1808 Filio
757 1777 964 1818 diciSpiritum

1048 1799 1055 1815 ,
1087 1775 1267 1815 ἀπηγόρευσεν
1296 1773 1366 1806 ὅλως
1395 1774 1426 1802 τὸ
1447 1774 1477 1802 ὲκ
1497 1777 1544 1802 τοῦ
1574 1775 1634 1803 Υίοῦ
1662 1773 1786 1813 λέγεσθαι
1808 1777 1839 1803 τὸ

143 1823 291 1870 sanctum,
309 1821 466 1870 et‘dictum
483 1821 614 1870 illiusita
628 1821 773 1861 digeritur
789 1831 796 1854 :
814 1822 965 1870 Spiritum

1048 1823 1113 1857 εὖμα
1129 1821 1159 1847 τὸ
1180 1819 1255 1858 ἅγιον
1272 1828 1281 1837 ·
1314 1819 1358 1847 καὶ
1379 1819 1409 1847 τὸ
1431 1819 1523 1847 τούτου
1543 1819 1624 1858 ῥητὸν
1645 1818 1728 1850 οὕτως
1759 1818 1839 1847 ἑκτέ-

143 1873 214 1896 vero
229 1865 454 1904 Filiidicimus,
471 1875 508 1898 ex
518 1866 601 1898 Filio
616 1876 688 1899 vero
702 1876 762 1899 non
777 1862 918 1900 dicimus.
931 1868 967 1899 Et

1048 1875 1089 1892 ται
1107 1872 1113 1878 '
1145 1867 1252 1901 Πνεῦμα
1280 1863 1329 1900 μὲν
1356 1864 1415 1891 Υἶοῦ
1442 1862 1570 1902 λέγομεν,
1616 1863 1646 1891 ἐκ
1687 1864 1734 1891 τοῦ
1778 1864 1840 1892 Υἱοῦ

142 1909 201 1941 alio
217 1909 281 1941 loco
295 1919 400 1942 rursus
416 1911 445 1942 id
462 1911 540 1942 idem
557 1912 737 1944 conﬁrmans
758 1922 764 1944 :
783 1913 871 1945 Solus
885 1914 966 1944 enim

1063 1910 1092 1938 οὗ
1123 1908 1247 1948 λέγομεν.
1272 1908 1322 1937 Καὶ
1346 1907 1466 1948 ἀλλαχοῦ
1480 1907 1553 1937 τουτ’
1570 1908 1634 1938 αὐτὸ
1658 1907 1741 1936 πάλιν
1770 1920 1838 1937 συν-

143 1963 235 1987 causa
246 1955 337 1987 Pater
347 1959 401 1994 est,
420 1955 504 1987 dixit.
517 1955 586 1988 Hac
600 1957 699 1998 itaque
706 1957 866 1989 adversarii
878 1957 966 1989 ambo

1048 1956 1101 1989 ςῶνΙ
1134 1953 1220 1986 Μόνος
1248 1953 1298 1992 γὰρ
1333 1952 1421 1985 αἴτιος
1448 1954 1462 1981 ὁ
1490 1953 1592 1993 Πατὴρ,
1622 1953 1715 1993 ἔφησε.
1748 1957 1840 1983 Ταῦτα

143 2000 174 2031 in
191 2009 281 2031 unum
304 2006 478 2040 aggerantes
504 2001 589 2032 nobis
614 1997 794 2042 preponunt,
817 2007 966 2042 postremo

1048 2012 1057 2026 ν
1086 1999 1109 2026 οἱ
1137 2001 1189 2026 τῶν
1217 1998 1342 2026 ἐναντίων
1370 1999 1405 2031 είς
1426 1997 1454 2026 ἓν
1478 1998 1636 2038 συνάγοντες
1663 1997 1744 2038 ἄμφω
1766 2009 1839 2038 προ-

142 2045 207 2077 loco
223 2050 397 2077 conservata
420 2046 462 2077 uti
487 2055 613 2077 occursu
639 2046 778 2084 infausta,
795 2051 824 2078 et
844 2051 966 2087 aspectu

1048 2053 1119 2071 νουσι
1153 2043 1219 2081 πρὸς
1241 2043 1324 2080 ἡμᾶς,
1348 2043 1381 2071 τὰ
1413 2042 1567 2071 τελευταῖον
1595 2043 1745 2083 τηρούμενα
1774 2044 1840 2072 τού-

144 2089 508 2128 terribilia,verumtamen
520 2091 703 2138 tantumdem
715 2100 817 2122 eversu
827 2086 965 2138 faciliaiis

1048 2099 1073 2128 ς,
1102 2088 1138 2119 ὡς
1166 2087 1313 2121 δυσάντητα
1341 2087 1417 2120 δῆθεν
1441 2088 1485 2116 καὶ
1517 2086 1733 2125 δυσαντίϐλεπτα,
1757 2088 1796 2116 τὰ.
1812 2087 1841 2116 δὲ

141 2135 191 2175 qui
212 2139 293 2166 recte
316 2139 513 2176 accurateque
532 2135 714 2173 discurrunt,
740 2140 881 2177 quantum
906 2136 965 2167 illis

1048 2136 1128 2161 τοῦτον
1156 2132 1333 2166 εὖανάτρεπτα
1353 2138 1411 2164 τοῖς
1440 2131 1538 2170 κομιδῆ
1575 2131 1757 2171 λογιζομένοις
1790 2133 1841 2172 ὀρ-

142 2179 193 2220 qui
205 2179 292 2211 aliter
309 2180 407 2211 affecti
422 2185 501 2215 sunt,
518 2185 694 2222 reputanlur
707 2186 874 2221 expugnatu
885 2180 964 2211 dilIi-

1048 2190 1068 2214 ς,
1092 2178 1153 2207 ὅσον
1170 2179 1241 2217 παρὰ
1263 2185 1320 2210 τοῖς
1351 2178 1458 2219 ἔχουσιν
1480 2178 1568 2212 ἄλλως
1596 2179 1685 2208 τελεῖν
1713 2180 1842 2211 δοκοῦσιν

141 2225 210 2256 cilia
224 2224 358 2266 Namque
372 2225 406 2256 ad
420 2227 547 2265 primum
564 2225 645 2257 illico
658 2226 876 2266 respondentes
888 2225 965 2257 dici-

1048 2223 1219 2263 ιταγώνιστα.
1251 2223 1299 2252 Καὶ
1327 2224 1376 2263 γὰρ
1404 2224 1470 2263 πρὸς
1499 2225 1548 2262 μὲν
1568 2225 1599 2253 τὸ
1620 2227 1725 2265 πρῶτον
1748 2237 1844 2266 φαμεν

143 2274 256 2307 mus,ut
267 2279 372 2310 magna
379 2270 551 2301 eorumdem
561 2270 683 2311 quaestio
695 2270 778 2302 brevi
789 2269 967 2301 dissolvatur

1048 2268 1242 2309 τιφθεγγόμειοι
1270 2269 1410 2307 παρευθὺς,
1435 2268 1481 2297 ἵνα
1510 2270 1540 2297 τὸ
1578 2269 1705 2310 μέγιστον
1734 2271 1844 2300 τούτων

141 2314 327 2352 oratione,iis
337 2315 387 2356 qui
401 2315 493 2356 probe
501 2315 719 2356 diligenterque
728 2314 838 2346 nostris
844 2313 964 2345 vocibus

1048 2324 1113 2351 ῖημα
1136 2315 1222 2352 μικρῷ
1244 2311 1317 2351 λόγῳ
1344 2311 1476 2350 λύσωμεν,
1507 2313 1547 2341 ὅτι
1574 2321 1634 2346 τοῖς
1669 2315 1844 2356 προσέχωσι

140 2363 272 2390 mentem
288 2360 459 2396 intendunt,
476 2369 585 2400 easque
600 2359 781 2397 examinant,
800 2368 896 2399 neque
911 2368 965 2389 nos

1048 2381 1049 2385 η
1077 2357 1268 2395 σκοπουμένοις
1297 2356 1411 2396 ἀκριϐῶς
1453 2359 1501 2389 τὰς
1530 2359 1662 2400 ἡμετέρας
1693 2362 1790 2400 φωνὰς
1811 2360 1844 2389 οὺ

140 2403 252 2444 absque
277 2404 491 2445 conjunctione
520 2404 725 2445 pronuntiare,
741 2413 780 2436 ea;
802 2403 882 2434 Filio
902 2412 965 2435 esse

1048 2413 1118 2440 νομεν
1151 2401 1203 2432 οὐδ’
1245 2402 1327 2439 ἡμεῖς
1370 2401 1527 2441 ἀσυνδέτως,
1564 2403 1594 2432 ὲκ
1631 2409 1677 2433 τοῦ
1714 2406 1779 2435 Υῐοῦ
1811 2406 1844 2433 τὸ

139 2448 293 2489 Spiritum
302 2449 511 2486 sanctum,sed
524 2450 604 2480 hunc
615 2450 707 2481 etiam
717 2458 755 2481 ea:
765 2448 848 2480 Filio
861 2452 963 2488 aperto

1048 2450 1111 2483 εῦμα
1138 2447 1168 2475 τὸ
1204 2446 1292 2486 ἅγιον,
1336 2445 1405 2475 ἀλλὰ
1447 2451 1524 2476 τοῦτο
1566 2450 1610 2477 καὶ
1637 2449 1668 2478 ἐκ
1691 2454 1740 2479 τοῦ
1778 2451 1845 2478 Υἱοῦ

140 2502 192 2524 ore
210 2493 480 2533 pradicamuleis
496 2494 624 2534 parvulis
647 2493 746 2525 verbis
760 2498 789 2524 et
803 2493 963 2524 admodum

1048 2492 1161 2532 πρυσίως
1189 2491 1364 2531 κηρύττομεν.
1408 2493 1513 2525 Τούτοις
1542 2501 1601 2527 τοῖς
1635 2495 1739 2533 ῥήμασι
1777 2501 1844 2526 τοῖς

141 2537 257 2578 pusillis
269 2538 433 2578 problema,
450 2538 528 2579 quod
555 2538 612 2579 ipsi
632 2539 767 2579 judicant
789 2537 960 2575 maximum,

1048 2543 1111 2576 ιροῖς
1138 2538 1181 2565 καὶ
1205 2536 1262 2564 λίαν
1296 2537 1448 2576 ὀΛιγοστοτς
1474 2538 1506 2566 τὸ
1534 2538 1659 2578 μέγιστον
1680 2542 1736 2568 τῶν
1767 2551 1845 2580 προ-

139 2582 401 2624 dissolvimus,quo
417 2592 519 2614 everso
533 2592 550 2614 a
561 2583 647 2614 nobis
661 2592 783 2624 prorsus
798 2582 961 2613 etalterum

1048 2581 1147 2620 λμέτων
1182 2582 1273 2613 αὐτοῖς
1307 2581 1459 2622 διαλύομεν,
1498 2584 1577 2624 οὗπερ
1605 2584 1695 2617 καλῶς
1723 2586 1843 2625 ἀναιρε-

139 2627 294 2660 evertitur.
318 2627 377 2659 Sed
400 2627 530 2659 breviter
543 2628 725 2668 propositum
740 2627 851 2659 dictum
867 2635 961 2667 expo-

1048 2638 1091 2658 τος
1119 2628 1187 2666 ἡμῖν
1214 2627 1319 2660 πάντως
1353 2628 1397 2655 καὶ
1431 2629 1462 2656 τὸ
1505 2627 1599 2659 λοιπὸν
1638 2631 1843 2669 συνανῄρηται.

224 2708 251 2741 lI
265 2707 371 2741 Thess.
388 2717 420 2748 ιι,
437 2708 468 2740 8.
