1941 3082
133 116 210 148 1247

694 113 953 149 CONSTANTINI
974 114 1146 148 MELITEN
1152 115 1250 148 ῐΟΤῘΕ

1740 114 1826 147 1248

116 191 176 223 per
194 183 312 215 Filium
338 183 530 224 effusus.Non
545 183 603 214 alia
624 188 726 215 mente
748 183 949 214 Damascenus

1033 182 1064 210 τὰ
1092 182 1190 217 ταὺτην
1223 183 1272 218 τὴν
1300 181 1400 212 ἔννοιαν
1423 184 1467 212 καὶ
1496 184 1510 211 ὁ
1534 182 1705 221 Δαμασκόθεν
1726 182 1814 222 σοφὸς

124 227 256 267 sapiens,
271 238 282 254 ι
295 229 347 260 Ea;
362 229 455 269 Filio,
469 227 623 269 inquit,uti
635 237 668 259 ex
685 227 780 268 prima
795 237 882 259 causa
892 236 952 259 non

124 272 263 305 dicimus.
283 286 294 301 ι
313 273 387 305 Illud
405 282 493 314 porro
509 274 601 304 etiam
620 281 661 304 ea:
674 273 825 309 Filimhoc
841 277 886 304 est
899 281 953 313 per

123 317 237 348 Filium
250 317 427 349 mediantem
445 317 629 353 naturaliter.
647 317 705 349 hoc
719 318 782 349 fere
799 317 835 348 ab
851 317 952 348 omni-

127 361 184 391 bus
198 361 326 402 Spiritus
343 363 442 394 aﬂlatu
459 362 652 403 loquentibus
667 363 803 394 Patribus
813 363 950 394 traditum

126 405 274 445 nobisque
291 416 351 437 non
367 408 464 439 minus
479 407 566 439 variis
582 417 684 438 eorum
698 408 818 448 scriptis
828 407 952 438 relatum

124 450 212 481 etiam
229 451 258 481 in
274 451 407 484 Ecclesia
422 453 486 493 ipsa
512 453 605 490 magis
634 461 744 483 sonore
764 452 952 483 decantatum

125 495 232 526 est.Sic
247 501 349 536 aperte
364 497 413 528 hic
428 507 545 538 quoque
560 497 679 528 divinus
706 497 839 528 Melodus
864 494 954 529 simili

125 539 254 579 dogmati
267 542 364 581 potius
388 542 568 582 patrocinari
590 542 718 578 videtur,
738 546 852 573 tantum
869 542 954 573 abest

125 588 158 614 ut
172 584 222 616 ille
236 585 272 616 ad
301 586 373 617 illud
390 586 594 624 evertendum,
613 590 644 617 ut
673 586 833 618 adversarii
848 588 950 619 existi-

127 633 219 667 mant,
237 630 351 663 tendat.

165 674 216 705 37.
234 675 334 706 Solum
353 676 422 706 item
437 675 558 707 Patrem
569 684 688 707 causam
703 685 781 714 esse,
800 676 887 707 etiam
896 677 951 708 hoc

126 718 224 758 ipsum
240 728 256 750 a
270 719 396 751 Numine
410 721 554 752 instructo
580 721 643 752 viro
656 721 703 762 pie
729 722 950 761 pronuntiatum

127 767 246 800 est,non
260 775 296 795 eo
312 774 402 805 scopo
418 775 538 806 prorsus
558 770 588 796 ut
603 766 746 806 destruat,
763 770 813 797 aut
827 770 949 804 evertat,

127 808 252 848 intelligi
268 809 358 840 etiam
374 820 409 841 ex
429 810 501 841 Filio
516 810 659 851 Spiritum
676 815 822 841 sanctum.
839 812 951 843 Rerum

997 236 1009 254 ι
1035 231 1072 255 Εκ
1097 230 1144 256 τοῦ
1168 229 1239 258 Υἶοῠ,
1256 228 1348 268 φησὶν,
1370 229 1407 259 ὡς
1421 227 1447 261 ἐξ
1465 227 1554 268 ἀρχῆς
1569 227 1677 267 πρώτης
1693 228 1723 256 οὐ
1737 225 1823 264 λέγο-

993 281 1052 309 μεν.
1071 281 1085 301 ι
1104 273 1139 301 Τ“ι
1165 271 1192 300 δὲ
1207 273 1250 301 καὶ
1272 274 1303 301 ὲκ
1317 275 1362 301 τοῦ
1378 274 1449 310 Υἱοῦ,
1485 272 1603 301 τουτέστι
1625 271 1666 299 διὰ
1694 275 1742 299 τοῦ
1758 272 1824 300 Υἱοῡ

993 316 1175 354 μεσιτεύοντος
1209 318 1337 357 φυσικῶς,
1360 321 1438 346 τοῦτο
1472 316 1569 357 σχεδὸν
1583 317 1627 345 καὶ
1652 322 1709 347 τοῖς
1735 325 1823 343 πνευ-

993 362 1189 400 ματοφθόγγοις
1218 362 1300 389 ἅπασι
1329 362 1446 401 Πατράτι
1468 360 1668 400 τεθεολόγητιι⁷
1690 360 1735 388 καὶ
1749 360 1823 396 ἡμῖν

996 405 1023 433 ἂν
1051 404 1184 445 διαφόροις
1213 406 1414 445 συγγράμμασιν
1445 405 1518 434 οὐδὲν
1552 407 1632 439 ἧττον
1661 403 1739 443 ῥηθὲν
1768 403 1823 431 ἀν-

995 450 1121 487 ὺμνηται,
1165 450 1228 479 κάπὶ
1267 453 1317 484 τῆς
1361 450 1519 484 Ἐκκλησίας
1548 450 1629 483 αὐτῆς
1653 448 1822 487 διαπρὺσιον.

996 493 1071 523 Οὕτω
1105 497 1195 534 σαφῶς
1216 495 1260 523 καὶ
1287 496 1362 527 οὗτος
1377 496 1391 524 ὁ
1405 494 1544 526 θεσπέσιος
1561 492 1684 531 Μελῳὸὸς
1704 496 1744 530 τῷ
1758 491 1823 531 δόγ-

997 550 1060 576 ματι
1081 540 1166 577 τούτῳ
1200 542 1352 579 συνηγορῶν
1379 539 1481 578 μᾶλλον
1502 539 1632 580 φαίνεται,
1659 538 1697 576 μή
1726 537 1822 575 μέντοι

996 584 1061 623 πρός
1089 585 1219 624 ἀναίρεσιν
1254 585 1347 614 τοὺτου
1362 585 1459 625 χωρῶν
1480 585 1549 613 κατὰ
1562 584 1610 618 τὴν
1625 584 1677 611 τῶν
1694 582 1822 610 ἐναντίων

992 628 1139 666 ὑπόληψιν.

1033 668 1085 708 λζ’.
1111 668 1177 703 ¹Ὀτι
1198 673 1226 702 δὲ
1250 675 1293 702 καὶ
1321 674 1402 712 μόνος
1432 674 1501 702 ἐστὶν
1517 672 1605 704 αἴτιος
1627 673 1640 700 δ
1656 671 1759 710 Πατὴρ,
1774 671 1821 698 καὶ

992 717 1063 746 τοῦτ’
1091 718 1154 746 αὐτὸ
1174 721 1214 755 τῷ
1243 719 1361 759 θεοσόφτρ
1375 718 1463 750 καλῶς
1479 717 1598 758 εἴρηται,
1613 715 1684 750 πλὴν
1699 715 1746 743 trba
1774 713 1819 742 ἐπ’

993 762 1121 801 ἀναιρέσει
1143 763 1173 790 τὸ
1202 764 1320 801 σύνολον,
1345 763 1398 792 οὐδ’
1420 763 1557 802 ἀνατροπῇ
1570 765 1616 790 τοῦ
1631 761 1747 789 νοεῖσθαι
1774 760 1822 787 καὶ

991 807 1023 834 Ex
1036 807 1083 834 τοῦ
1109 808 1168 835 Υἱοῦ
1188 807 1218 836 τὸ
1249 811 1354 845 Πνεῦμα
1375 808 1405 836 τὸ
1425 807 1514 847 ἅγιον.
1540 807 1588 835 Καὶ
1619 808 1671 833 τῶν
1700 803 1821 840 κτισμά-

127 847 274 900 siquidem
290 854 432 886 factarum
462 847 551 886 causa
579 855 660 886 solus
685 856 770 885 Pater
797 855 948 893 asseritur,

1033 861 1045 877 ν
1066 851 1116 890 γὰρ
1144 851 1249 891 λέγεται
1265 851 1346 890 μόνος
1376 852 1463 884 αἴτιος
1485 853 1499 880 ὁ
1516 851 1619 900 Πατὴρτ
1636 847 1823 898 δμολογομμέ-

126 897 196 928 licet
210 898 287 938 apud
302 908 407 930 omnes
424 901 452 930 in
464 899 600 931 confesso
621 899 670 936 sit,
683 908 734 930 eas
749 899 837 930 etiam
852 909 886 930 ex
899 899 949 930 Fi-

1033 906 1044 926 ς
1064 895 1117 923 κάκ
1146 899 1192 924 τοῦ
1220 898 1280 926 Υἱοῦ
1309 896 1491 925 πλουτούντων
1519 896 1568 929 τὴν
1590 894 1726 923 σύστασιν.

128 940 167 971 lio
184 943 423 975 constitutionem
442 944 607 984 possidere.
628 943 666 976 Ut
682 953 752 974 vero
768 952 805 974 ne
827 944 864 975 de
879 953 951 975 voce

126 986 208 1018 solus
222 996 327 1018 rursus
341 997 509 1019 sermonem
526 988 695 1025 instituens,
713 988 821 1028 saepius
843 989 949 1019 eadem

127 1035 278 1070 repetens,
295 1035 413 1073 tempus
429 1033 587 1069 insumam,
605 1036 634 1063 et
648 1032 752 1064 eadem
772 1033 948 1064 circumvol-

126 1083 210 1113 vens,
227 1076 348 1107 modum
364 1077 508 1108 excedere
530 1077 642 1115 videar,
659 1077 737 1117 quod
755 1077 904 1118 praecipue
919 1077 950 1108 in

127 1120 285 1151 antedictis
302 1121 417 1161 longius
433 1126 606 1164 prosecutus
621 1131 698 1159 sum,
717 1131 840 1162 magnus
864 1122 950 1153 Basi-

129 1163 187 1195 lius
210 1165 334 1195 aﬂirmat
362 1166 502 1197 adversus
519 1166 699 1197 Eunomium
715 1166 790 1197 libro
806 1167 949 1205 secundo,

128 1209 208 1240 hunc
224 1209 254 1240 in
273 1210 391 1248 modum
422 1220 590 1242 sermonem
615 1211 774 1242 instituens
800 1215 829 1242 et
847 1211 951 1252 dispo-

128 1262 221 1284 nens:
240 1254 325 1292 Quod
336 1264 354 1286 a
370 1255 454 1287 Filio
462 1256 579 1295 factum
592 1257 752 1293 asseritur,
768 1257 809 1286 ad
818 1257 953 1296 primam

130 1307 255 1330 causam
261 1299 407 1339 refertur;
416 1301 492 1332 adeo
501 1305 534 1332 ut
542 1303 599 1332 etsi
606 1301 710 1332 Omnia
716 1309 773 1341 per
779 1301 874 1332 Deum
885 1302 954 1333 Ver-

129 1344 197 1374 bum
203 1344 637 1385 productaessecredamus,sed
644 1353 770 1376 causam
780 1349 953 1376 cunctorum

128 1389 224 1420 Deum
234 1398 296 1421 esse
307 1399 369 1421 non
383 1389 740 1430 denegemus.Considera
755 1389 954 1430 interim,qui-

130 1442 248 1474 cunque
276 1434 307 1465 in
332 1435 488 1475 praesentia
502 1443 672 1465 sermonem
695 1438 827 1465 nostrum
855 1434 951 1472 audis,

127 1481 190 1508 tum
207 1479 285 1510 illius
306 1489 325 1510 a
352 1479 441 1513 Filio.
462 1483 521 1510 tum
537 1479 618 1510 illius
632 1488 684 1520 per
713 1480 806 1510 Deum
825 1479 953 1510 Verbum

127 1523 198 1559 vim,
216 1527 246 1554 ut
262 1523 331 1555 inde
343 1523 434 1555 rebus
452 1524 482 1555 in
497 1524 635 1555 omnibus
662 1523 816 1554 ambarum
846 1523 951 1555 harum

128 1568 370 1609 praepositionum
381 1569 459 1600 vires
469 1569 596 1608 mquales
610 1578 754 1609 agnoscas
767 1579 774 1598 :
792 1572 953 1609 praeterea-

129 1621 186 1653 que
201 1618 270 1644 ante
286 1613 341 1644 hoc
365 1614 491 1655 inspice,
522 1623 579 1654 qua
606 1614 722 1645 ratione
749 1617 950 1644 creaturarum

127 1659 258 1698 ipsarum
273 1658 353 1689 solus
371 1659 457 1689 Pater
470 1668 539 1689 vere
556 1668 645 1689 causa
661 1659 786 1696 exsistit,
810 1659 949 1698 quoniam

126 1703 203 1741 quod
217 1703 333 1742 factum
345 1712 408 1734 esse
417 1703 532 1734 dicitur
545 1712 562 1734 α
582 1703 677 1743 Filio,
694 1703 736 1733 ad
749 1702 949 1743 primam,ait,

126 1755 248 1778 causam
264 1747 482 1787 refertur,adeo
498 1751 532 1779 ut
543 1748 600 1779 etsi
611 1756 667 1787 per
677 1747 791 1779 Filium
804 1747 951 1787 producta

125 1799 186 1822 esse
198 1792 370 1832 credamus,
389 1793 442 1823 sed
452 1796 627 1824 cunctorum
642 1800 767 1823 causam
782 1801 844 1823 esse
859 1792 950 1823 Deum

126 1845 188 1866 esse
215 1845 277 1867 non
305 1837 497 1877 denegamus.
528 1837 586 1867 Sed
623 1845 661 1867 ne
691 1835 828 1867 turbetur
863 1837 949 1877 quis-

127 1881 205 1920 piam
222 1880 266 1911 vel
290 1881 443 1912 minimum
472 1891 520 1912 me
542 1881 572 1912 in
599 1880 767 1921 exemplum
792 1881 950 1912 adduxisse

129 1925 307 1956 creationem
324 1926 360 1956 ad
373 1925 482 1957 similia
495 1926 717 1957 demonstrand.
736 1925 868 1966 Namque
884 1926 949 1957 col-

126 1970 260 2010 loquium
270 1970 433 2001 Ortbodoxi
446 1975 475 2002 et
485 1970 621 2002 Anomcei
632 1970 786 2010 cujusdam
799 1980 950 2011 exponens

126 2015 244 2046 divinus
256 2015 405 2051 Patencui
421 2015 458 2046 ab
472 2015 668 2047 immortalite
684 2025 793 2046 nomen
810 2015 874 2051 fuit,
886 2016 950 2046 haec

125 2060 219 2091 habet
236 2069 243 2091 :
263 2061 363 2092 Causa
387 2064 431 2092 est
453 2061 509 2092 Dei.
531 2064 654 2097 natura,
667 2064 693 2092 et
703 2060 786 2101 Filii,
800 2063 829 2091 et
844 2060 948 2099 Spiri-

127 2109 175 2137 tus
188 2106 299 2146 sancti,
325 2106 416 2137 etiam
441 2107 591 2137 universw
611 2109 772 2136 creatures.
799 2104 861 2136 Sed
877 2106 951 2136 Filii

1775 897 1823 921 Ινα

990 938 1017 966 δὲ
1046 939 1084 977 μὴ
1103 939 1183 968 πάλιν
1205 939 1234 968 τῖ
1261 941 1321 980 περὶ
1354 945 1400 970 τοῦ
1435 940 1519 978 μόνος
1547 939 1641 978 εἰπὼν,
1669 936 1757 976 λέγων
1788 935 1822 963 τὰ

990 983 1056 1011 αὐτὰ
1077 983 1206 1016 πολλάκις
1229 984 1429 1025 ἐνδιατρίϐοιμι,
1465 985 1509 1013 καὶ
1543 990 1602 1012 τοῖς
1625 983 1716 1013 αὐτοῖς
1747 980 1821 1012 αὖθις

989 1028 1170 1056 ἓπεισκυκλῶν
1198 1029 1268 1058 οὕτω
1295 1031 1419 1069 περιττὸς
1448 1033 1513 1057 πᾶσι
1554 1027 1669 1064 δόξαιμι,
1706 1026 1767 1064 περὶ
1791 1026 1822 1053 οὗ

990 1071 1106 1109 μάλιστα
1127 1073 1205 1113 λόγον
1236 1068 1337 1114 συχνὸν
1367 1074 1393 1103 ἐν
1429 1081 1488 1105 τοῖς
1517 1071 1676 1112 προλαϐοῦσι
1701 1068 1822 1098 κατέϐα-

990 1115 1048 1154 λον,
1080 1119 1093 1145 ὁ
1116 1118 1199 1158 μέγας
1222 1119 1358 1151 Βασίλειος
1387 1123 1465 1148 τοῦτο
1492 1129 1573 1158 φησιν
1595 1117 1622 1144 ὲν
1649 1117 1688 1153 τῷ
1709 1114 1823 1153 δευτέρῳ

991 1165 1043 1189 τῶν
1071 1163 1136 1199 πρὸς
1152 1163 1292 1201 Εὐνόμιον,
1329 1163 1507 1203 τοιουτρόπως
1535 1161 1667 1190 διαλαϐὼν
1697 1160 1742 1188 τὸν
1769 1158 1820 1186 M-

992 1216 1039 1244 γον
1067 1207 1110 1235 καὶ
1151 1206 1301 1246 διαθέμενος
1316 1216 1324 1223 ·
1358 1209 1393 1238 Τό
1431 1209 1503 1247 παρὰ
1530 1210 1575 1235 τοῦ
1605 1205 1664 1234 Υἱοῦ
1703 1203 1820 1243 γεγενῆ-

993 1252 1051 1278 σθαι
1094 1250 1239 1291 λεγόμενον
1281 1254 1346 1293 πρὸς
1389 1253 1439 1287 τὴν
1487 1252 1596 1291 πρώτην
1637 1250 1721 1278 αἰτίαν
1769 1247 1820 1281 τὴν

993 1294 1123 1335 ἀναφορὰν
1165 1296 1224 1337 ἕχει
1242 1307 1249 1314 '
1292 1297 1372 1334 ὥστε,
1408 1297 1458 1326 κᾶν
1488 1297 1573 1325 πάντα
1602 1295 1638 1326 εἷς
1673 1295 1704 1322 τὸ
1748 1294 1820 1320 εἶναι

993 1342 1132 1380 παρ-ἦχθαι
1158 1335 1200 1369 δέᾶ
1235 1347 1281 1372 τοῦ
1329 1346 1396 1371 Θεοῦ
1423 1343 1509 1382 Λόγου
1545 1340 1714 1378 πιστεύομεν,
1751 1335 1822 1365 ἀλλά

993 1384 1024 1411 τὸ
1060 1385 1165 1413 πάντων
1194 1385 1280 1415 αἴτιον
1305 1387 1377 1416 εἶναι
1404 1388 1451 1416 τὸν
1486 1387 1550 1414 Θεὸν
1594 1387 1648 1413 τῶν
1679 1383 1749 1410 ὅλων
1773 1382 1821 1409 οὒκ

995 1427 1183 1468 ἀφαιρούμεθα.
1224 1431 1324 1460 Σκόπει
1356 1431 1464 1470 μεταξὺ,
1502 1430 1608 1468 σύμπας
1639 1430 1653 1457 ὁ
1674 1430 1728 1456 τῶν
1750 1426 1820 1454 κατᾶ

994 1474 1024 1501 τὸ
1053 1475 1136 1514 παρὸν
1180 1475 1328 1515 λεγομέιων
1370 1475 1517 1516 ἀκροατὴς,
1537 1475 1583 1503 τοῦ
1610 1484 1640 1503 τε
1668 1472 1739 1511 παρᾶ
1772 1473 1820 1516 τι·οὗ

995 1519 1056 1547 ι’ἱοῦ
1083 1519 1175 1548 τούτου
1202 1514 1246 1549 καὶ
1275 1525 1322 1550 τοῦ
1350 1521 1393 1550 διὰ
1413 1526 1460 1550 τοῦ
1490 1524 1555 1549 Θεοῦ
1585 1518 1670 1557 Λόγου
1696 1517 1747 1550 τὴν
1771 1514 1820 1543 δύ·

993 1573 1085 1600 ναμιν,
1108 1565 1145 1596 ὡς
1168 1563 1199 1593 ἂν
1227 1565 1358 1595 κάνταῦθα
1385 1566 1416 1594 τὸ
1443 1565 1512 1593 κατὰ
1538 1567 1590 1592 πᾶν
1605 1562 1695 1602 γνοίης
1723 1561 1820 1589 ταυτὸν

992 1607 1149 1647 ἀμφοτέρων
1177 1620 1207 1648 γε
1230 1613 1283 1637 τῶν
1311 1610 1436 1639 τοιούτων
1464 1610 1612 1649 προθέσεων
1631 1618 1638 1626 ·
1661 1607 1710 1646 δρα
1725 1604 1754 1633 δὲ
1768 1605 1820 1644 πρὸ

992 1653 1085 1680 τούτου
1114 1653 1171 1685 πῶς
1198 1655 1242 1682 καὶ
1263 1658 1315 1683 τῶν
1339 1654 1496 1692 ποιημάτων
1515 1653 1599 1682 αὕτων
1621 1651 1701 1690 μόνος
1716 1651 1731 1678 δ
1759 1652 1819 1677 Πα-

992 1696 1042 1736 τὴρ
1079 1697 1242 1731 καθέστηκεν
1284 1698 1389 1733 ἀληθῶς
1431 1698 1529 1735 αἴτιος,
1568 1696 1674 1733 ἓπειδὴ,
1703 1695 1740 1724 Τὸ
1769 1704 1818 1733 γε-

992 1743 1118 1781 γενῆσθαι
1166 1742 1312 1781 λεγόμενον
1361 1744 1432 1783 παρὰ
1475 1746 1521 1771 τοῦ
1566 1743 1626 1770 Υἱοῦ
1666 1739 1733 1779 πρὸς
1768 1739 1818 1772 τὴν

992 1785 1112 1825 πρώτην,
1149 1787 1239 1826 φησὶν,
1276 1788 1359 1816 αἰτίαν
1399 1795 1449 1822 τὴν
1496 1787 1628 1826 ἀναφορὰν
1663 1785 1792 1817 κέκτηται
1809 1791 1817 1798 ⁵

991 1830 1031 1858 διὸ
1059 1831 1102 1858 καὶ
1151 1831 1235 1860 πάντα
1276 1833 1433 1871 πιστεύομεν
1488 1832 1536 1870 μὲν
1585 1831 1723 1869 παρῆχθαι
1776 1827 1818 1856 διὰ

990 1878 1036 1903 τοῦ
1073 1876 1144 1915 Τίου,
1179 1876 1278 1905 τούτων
1300 1876 1328 1905 δὲ
1355 1877 1435 1908 πάλιν
1465 1876 1551 1905 αἴτιον
1593 1876 1638 1903 τὸν
1666 1874 1732 1902 Θεὸν
1764 1875 1816 1901 τῶν

992 1919 1061 1947 ὅλων
1089 1920 1265 1959 γινώσκομεν,
1302 1921 1386 1950 Ἀλλὰ
1419 1922 1458 1960 μὴ
1494 1920 1634 1960 θροησάτω
1671 1919 1730 1946 τινὰ
1764 1918 1817 1946 τῶν

992 1964 1114 1992 ἁπάντων
1155 1965 1331 2003 μηδοπωσοῦν
1359 1968 1389 1995 τὸ
1419 1967 1468 2000 τὴν
1496 1966 1580 1994 κτίσιν
1602 1964 1629 1992 ἐν
1650 1963 1753 1994 τούτοις
1784 1972 1817 2000 με

991 2007 1155 2048 παραλαϐεῖν
1198 2011 1234 2042 εἷς
1278 2010 1456 2050 παράδειγμα.
1499 2011 1550 2039 Καὶ
1584 2010 1634 2049 γὰρ
1676 2007 1816 2045 ὴθέμενος

990 2052 1142 2092 Ὀρθοδόξου
1175 2053 1288 2088 διάλεξιν
1308 2057 1352 2084 καὶ
1382 2056 1519 2093 Ἀνομοίου
1546 2055 1616 2086 τινος
1632 2055 1645 2082 ὁ
1663 2055 1736 2084 θεῖος
1759 2054 1817 2079 Πα-

990 2097 1040 2136 τὴρ
1066 2099 1080 2126 ὁ
1126 2099 1174 2133 τῆς
1217 2101 1356 2133 ἀθανασίας
1391 2101 1529 2138 ἐπώνυμος
1563 2098 1646 2131 οετως
1681 2097 1790 2137 εἴρηκεν
1807 2120 1815 2128 ο

125 2151 172 2182 uti
186 2150 278 2182 Verbi
292 2141 301 2181 Ξ
322 2161 334 2179 α
358 2149 396 2181 lu
412 2151 565 2191 pr-I’ucipio
581 2151 660 2181 enim
677 2153 747 2181 erat
765 2149 916 2186 Verbum;
932 2160 946 2179 ι

1033 2143 1066 2170 ;ία
1095 2144 1165 2172 ἐστὶν
1187 2145 1204 2178 ἡ
1227 2149 1274 2173 τοῦ
1305 2147 1371 2174 Θεοῦ
1398 2146 1473 2186 φύσις
1507 2145 1552 2173 καὶ
1585 2147 1631 2172 τοῦ
1671 2143 1732 2171 Υἱοῠ
1774 2141 1817 2169 καὶ

126 2195 262 2235 Spirilus
268 2199 385 2233 vero,ut
394 2194 625 2235 [lalusuFlatus
634 2195 716 2226 enim
729 2194 907 2234 Omnipoteu
913 2195 951 2224 tis

125 2241 177 2280 qui
196 2241 300 2272 docuit
317 2249 378 2279 me;
396 2241 562 2272 creationis
573 2240 704 2280 vero,uti
719 2247 819 2270 rerum
832 2242 950 2270 creata-

125 2294 248 2323 rum,ex
258 2285 369 2326 quibus
380 2286 574 2326 proportione
581 2285 713 2324 quadam
724 2292 829 2315 earum
841 2283 950 2314 condi-

127 2333 172 2360 tor
180 2329 442 2370 dignosciturﬂic
455 2339 543 2361 unam
555 2334 584 2360 et
592 2328 755 2361 divinitatis
765 2332 949 2359 causatarum

127 2374 527 2414 hyposlaseonetuniwraaa
543 2378 689 2405 creaturae
711 2382 830 2404 causam
848 2371 948 2408 tradit.

127 2418 197 2449 licet
212 2429 278 2450 mox
295 2419 388 2460 illius,
402 2424 431 2450 et
445 2428 638 2461 personarum
654 2417 773 2449 deitatis
789 2417 951 2448 discrimen

127 2472 213 2504 quam
238 2464 398 2495 maximum
424 2464 628 2504 assignaverit.
648 2463 744 2499 Quare
760 2472 819 2493 non
834 2462 950 2492 incom-

128 2508 217 2539 mode
237 2517 290 2548 ego
305 2509 393 2540 etiam
410 2518 495 2549 opem
512 2508 637 2540 orationi
649 2508 747 2539 ferens
759 2515 850 2546 nunc,
866 2514 952 2536 crea-

124 2553 235 2584 tionem
251 2553 281 2584 in
292 2553 459 2594 exemplum
474 2553 669 2594 usurpavi.At
685 2561 810 2592 magnus
825 2551 873 2582 hic
890 2559 949 2581 nou

126 2598 224 2629 minus
234 2601 263 2629 et
275 2598 333 2629 alia
348 2607 466 2639 quoque
479 2599 596 2630 ratione
612 2598 649 2629 de
664 2602 764 2628 nostro
781 2595 880 2636 priore
890 2604 951 2625 sco-

127 2653 164 2684 po
181 2652 351 2674 sermonem
363 2643 533 2681 instituens,
549 2644 580 2674 in
595 2644 640 2674 his
668 2651 732 2683 quae
755 2641 828 2672 dixit
843 2648 950 2681 proce-

125 2683 216 2720 dente
232 2688 367 2719 oratione
393 2687 525 2729 perfecte
550 2687 637 2718 nobis
661 2686 813 2727 suppetias
837 2683 948 2716 tulerit.

127 2735 264 2775 Namque
275 2734 337 2774 jam
348 2733 426 2764 dicta
435 2732 622 2770 continuans,
637 2733 699 2763 haec
715 2731 871 2772 perspicue
879 2738 950 2760 rur-

124 2788 176 2813 sus
189 2778 280 2812 tradit
293 2788 302 2812 :
318 2778 420 2820 Neque
432 2783 544 2822 sermo,
554 2778 608 2820 qui
611 2777 784 2820 profertur,
797 2784 853 2818 per
862 2783 949 2808 voca-

991 2193 1037 2217 τοῦ
1076 2189 1150 2227 ἁγίου
1193 2190 1347 2228 Πνεύματος
1392 2192 1437 2219 καὶ
1480 2190 1529 2224 τῆς
1569 2189 1680 2220 κτίσεως
1714 2188 1814 2221 πάσης.

992 2231 1075 2261 Ἀλλὰ
1102 2238 1147 2263 τοῦ
1177 2235 1225 2273 μὲν
1257 2237 1316 2264 ἶ·ἱοῦ
1350 2237 1387 2268 ὡς
1424 2235 1521 2275 Λόγου,
1547 2246 1560 2262 ι
1592 2232 1637 2263 Ἐν
1666 2233 1740 2273 ἀρχῇ
1767 2233 1817 2272 γὰρ

991 2278 1024 2312 ἦν
1052 2279 1149 2317 Λόγος,
1168 2291 1182 2308 ι
1217 2285 1263 2310 τοῦ
1291 2279 1318 2309 δὲ
1345 2281 1497 2319 Πνεύματος
1524 2281 1561 2311 ὡς
1590 2281 1686 2316 πνοῆς,
1711 2289 1726 2305 α
1744 2278 1816 2311 Πνοὴ

991 2323 1040 2362 γὰρ
1082 2325 1306 2364 Παντοκράτορος,
1360 2324 1482 2358 διδάξασά
1542 2325 1577 2363 με
1620 2335 1634 2351 ι
1684 2322 1733 2357 τῆς
1789 2322 1817 2350 δὲ

991 2369 1101 2400 κτίσεως
1129 2369 1165 2400 ὡς
1194 2370 1357 2408 κτίσμιίτων,
1389 2369 1415 2403 ἓξ
1443 2372 1480 2398 ὧν
1518 2369 1655 2408 ἀναλόγως
1696 2370 1711 2397 ὁ
1740 2378 1817 2407 γενε-

992 2414 1113 2452 σιουργὸς
1143 2416 1228 2443 αὐτῶν
1262 2417 1411 2455 θεωρεῖται,
1441 2415 1509 2443 Μίαν
1536 2414 1564 2443 δὲ
1591 2416 1635 2443 καὶ
1663 2415 1738 2446 οὗτος
1764 2413 1818 2441 τῶν

991 2457 1040 2491 τῆς
1070 2460 1195 2492 θεοτητος
1225 2461 1352 2489 αἱτιατῶν
1380 2461 1550 2489 ὑποστάσεων
1577 2461 1621 2488 καὶ
1651 2460 1739 2492 πάσης
1768 2459 1817 2492 τῆς

993 2503 1103 2536 κτίσεως
1132 2505 1217 2533 αἰτίαν
1239 2506 1316 2545 φησί⁷
1342 2505 1390 2534 κᾶν
1407 2506 1498 2534 αὐτίκα
1523 2506 1572 2540 τὴν
1603 2503 1728 2544 διαφορὰν
1749 2504 1817 2532 ταύ-

992 2559 1044 2581 τησ
1072 2559 1100 2576 τε
1123 2549 1167 2577 καὶ
1198 2551 1249 2578 τῶν
1288 2551 1414 2579 τοιούτων
1441 2551 1590 2590 θεαρχικῶν
1611 2550 1762 2587 προσὼπων
1782 2550 1819 2582 ὡς

992 2593 1121 2626 πλείστην
1143 2593 1343 2631 ἐπεσημήνατο,
1369 2597 1466 2623 Λοιπὸν
1492 2596 1539 2623 οὒκ
1563 2595 1669 2626 ἀτόπως
1704 2594 1818 2623 ἐπεκού-

994 2648 1062 2679 ρησα
1083 2642 1122 2675 τῷ
1143 2638 1216 2678 λόγῳ
1237 2640 1323 2679 κάγὼ,
1346 2639 1538 2680 παραδείγματι
1559 2641 1624 2678 πρὸς
1639 2641 1670 2667 τὸ
1685 2641 1770 2678 παρὸν
1784 2643 1820 2678 τῇ

992 2684 1075 2712 κτίσει
1111 2690 1296 2724 χρησάμενος.
1323 2681 1351 2714 l0
1379 2685 1406 2713 δὲ
1439 2685 1523 2725 μέγας
1550 2683 1623 2713 οὒόὲν
1645 2684 1756 2713 But-tm:
1776 2686 1821 2713 καὶ

991 2729 1082 2761 ἄλλως
1108 2734 1155 2758 τοῦ
1182 2729 1243 2759 καθ’
1284 2731 1355 2768 ἡμᾶς
1391 2730 1525 2769 ἁψάμενος
1554 2730 1680 2770 προτέρου
1706 2733 1821 2770 σκοποῦ,

991 2775 1042 2804 κάν
1068 2776 1153 2813 τούτῳ
1173 2774 1207 2804 δι’
1235 2776 1274 2804 ὦν
1299 2775 1477 2816 ὺπηγόρεῡσε,
1511 2775 1682 2815 παρακατιὼν
1709 2775 1820 2808 τελιίως
