1941 3082
147 172 229 205 1249

603 172 654 203 DE
675 170 929 203 PROCESSIONE
949 169 981 200 8.
1000 167 1182 200 ΒΡΙΒῘΤΠὸ
1203 167 1317 199 οιιΑΤ.
1340 164 1379 197 II.

1760 162 1839 195 1250

142 240 209 277 ἡμῖν
245 240 430 280 συνεκρότησε,
449 241 496 270 Καὶ
533 240 582 279 γὰρ
605 239 723 279 ἐχόμενα
740 242 792 267 τῶν
819 237 908 277 λεχθέν

1073 244 1188 275 argana
1199 236 1336 272 emissus,
1351 243 1449 275 neque
1459 234 1551 275 ﬂatus
1561 235 1615 275 qui
1625 232 1802 265 dissolvitur
1812 236 1839 263 et

144 286 214 321 αὖοτῷ
242 288 324 313 ταῦτα
360 287 510 324 περιφανῶς
540 284 612 315 αὖθις
641 283 770 316 διέξεισιν·
787 281 851 312 οὒτε
866 281 893 310 δὲ
921 281 971 310 λό-

143 340 190 368 γος
231 330 390 369 προφορικὸς
424 328 467 357 διὰ
494 332 547 357 τῶν
591 329 749 369 φωνητικῶν
777 327 895 366 ὁργάνων
923 326 971 355 ἐκ-

144 375 328 411 πεμπόμενος,
358 373 415 402 οῧτε
451 374 521 409 πνοή
550 385 591 405 τις
640 372 815 413 διαχεομένη,
858 372 901 400 καὶ
929 370 971 399 διὰ

144 421 196 447 τῶν
231 419 443 447 ἀναπνευστικῶν
488 418 606 458 ὀργάνων
654 417 844 455 ἐκπεμπομένη
887 416 968 444 ἰστίν·

144 462 212 491 ἀλλὰ
241 464 286 492 καὶ
322 463 406 502 Λόγος
448 464 500 499 ζῶν
533 463 576 491 καὶ
605 462 725 502 ἐνεργὴς,
759 473 773 489 α
805 462 894 490 Πάντα
921 461 971 501 γὰρ

145 506 178 535 δι’
215 508 293 537 αὺτοῦ
328 508 444 547 ἐγένετο,
470 518 482 536 ι
512 509 555 535 καὶ
584 510 691 545 Πνεῦμα
733 506 785 542 ζῶν
825 507 869 535 καὶ
897 505 971 545 ἔνερ-

143 553 201 593 γὸν,
242 563 254 580 α
286 553 374 581 Πάντα
408 553 459 592 γὰρ
487 557 569 582 ταῦτα
605 552 709 592 ἐνεργεῖ
741 552 773 580 τὸ
801 550 829 579 ἕν
857 551 900 579 καὶ
940 551 971 593 τὸ

144 591 207 625 αὐτὸ
235 600 353 633 Πνεῦμα.
388 608 402 624 ιι
432 597 528 636 Πρώην
557 597 681 637 εἰρηκὼς,
711 597 749 629 ὡς
778 595 889 636 ἔφημεν,
926 591 970 623 καὶ

145 641 221 674 αὐτὸς
253 641 337 669 αἰτίαν
361 642 409 674 τῆς
437 641 548 673 κτίσεως
576 642 622 670 τὸν
638 642 713 677 Θεὸν,
737 641 845 670 ἐνταῦθα
860 643 903 669 νῦν
928 638 970 667 διὰ

143 688 189 714 τοῦ
217 686 303 725 Λόγου
329 686 395 721 πρὸς
423 686 525 725 γένεσιν
541 685 631 715 ἆλθετν
659 686 692 714 τὰ
716 686 803 714 πάντα
839 685 969 722 μαρτύρε-

143 741 197 760 ται.
231 730 353 768 Καθάπερ
388 734 451 770 γοῦν
484 731 518 759 τὰ
546 731 685 768 ποιήματα
712 731 756 759 καὶ
777 730 808 758 ἐκ
828 733 875 758 τοῦ
897 730 968 765 Υἶοῦ,

142 775 240 803 τούτων
268 774 295 802 δὲ
316 775 397 803 πάλιν
434 775 549 815 πέφηνεν
571 776 585 803 ό
606 776 698 814 Πατὴρ
726 774 826 814 αἴτιος,
844 773 912 803 οὕτω
925 773 969 801 καὶ

141 819 171 847 τὸ
199 818 275 858 ἅγιον
303 822 409 856 Πνεῦμα
437 821 481 848 καὶ
508 819 538 848 ἐκ
566 824 613 849 τοῦ
643 821 713 848 Υἱοῦ·
742 819 809 852 τέως
833 820 846 847 ὁ
877 818 968 855 Πατὴρ

1012 289 1068 320 per
1082 282 1258 321 respirandi
1267 290 1382 321 organa
1391 282 1524 312 emissus
1533 281 1641 317 αδκειιά
1659 279 1782 311 Verbum
1796 282 1840 310 υί-

1015 334 1085 356 vens
1099 332 1284 366 etoperath
1304 338 1317 354 ιι
1337 327 1449 356 Omnia
1469 326 1549 356 enim
1571 334 1628 364 per
1645 325 1743 363 ipsum
1755 326 1838 362 facta

1012 373 1082 401 sunt
1093 370 1137 407 86;
1151 382 1161 396 ι
1176 375 1206 402 ει
1219 371 1353 411 Spiritus
1364 371 1469 401 vivens
1490 374 1518 400 et
1537 378 1680 409 operans:
1698 381 1711 395 «ι
1730 368 1838 400 Omnia

1013 414 1095 445 enim
1105 416 1167 446 hac
1178 419 1323 455 operatur
1333 423 1416 445 unus
1423 419 1450 445 ει
1462 414 1541 445 idem
1552 414 1683 454 Spiritus
1691 413 1751 444 8⁷.»
1765 413 1837 444 Cum

1015 459 1093 499 p.ius
1104 460 1236 498 dixisset,
1266 463 1298 490 ut
1324 459 1537 495 adnotavimus,
1551 458 1706 489 creationis
1718 466 1836 488 causam

1015 504 1121 538 Deum,
1139 504 1185 534 hic
1199 514 1277 534 nunc
1293 513 1347 543 per
1362 503 1492 534 Verbum
1508 503 1606 533 omnia
1621 502 1763 542 producta
1773 511 1839 532 esse

1013 551 1145 579 testatur.
1165 549 1261 579 Veluti
1286 549 1384 588 itaque
1412 557 1461 578 res
1477 552 1582 578 creatze
1597 547 1684 578 etiam
1701 555 1736 577 ex
1754 546 1836 584 Filio,

1013 601 1137 633 quorum
1151 603 1254 624 rursus
1265 594 1352 625 Pater
1363 602 1451 623 causa
1463 596 1517 630 est,
1537 592 1578 622 sic
1591 596 1618 622 et
1629 591 1754 631 Spiritus
1769 601 1836 622 san-

1013 642 1075 668 ctus
1086 639 1172 668 etiam
1186 647 1221 669 ex
1234 638 1325 676 Filio;
1343 637 1411 668 licet
1428 637 1503 667 illius
1515 646 1633 677 quoque
1647 638 1735 667 Pater
1749 645 1839 667 causa

1013 681 1316 723 est.Quandnquidem
1334 691 1402 717 una,
1421 682 1459 711 uti
1476 681 1613 712 doctores
1629 682 1759 718 tradunt,
1772 681 1837 711 dei-

1011 727 1077 757 tatis
1089 739 1095 757 ι
1106 731 1275 758 ausatarum
1285 727 1481 767 hypostaseon
1492 730 1520 757 et
1531 726 1675 757 universa:
1683 730 1836 766 creaturae,

1010 771 1073 802 Filii
1088 772 1207 812 quidem
1238 776 1266 802 et
1296 771 1421 812 Spiritus
1436 771 1591 804 naturalis.
1608 771 1754 800 universa
1768 780 1837 801 vero

1009 820 1152 847 creaturae
1181 815 1326 846 conditrix
1356 824 1442 846 causa
1467 819 1521 846 est.
1548 814 1602 851 Qui
1617 823 1685 845 vero
1701 814 1790 845 dicit:
1807 814 1837 846 Si

143 862 230 895 αἴτιος
258 863 302 892 καὶ
333 863 426 892 τούτου
446 863 617 898 καθέστηκεν,
642 862 800 902 Ἐπειδήπερ
826 863 853 891 ἓν
869 862 909 891 αἴι

1070 861 1136 891 ritus
1146 865 1264 891 sanctus
1276 861 1360 891 etiam
1383 869 1418 890 ex
1434 859 1507 890 Filio
1521 864 1574 900 est,
1592 859 1687 890 modis
1701 860 1836 890 omnibus

142 908 210 936 κατὰ
238 908 287 941 τὴν
322 910 374 935 τῶν
403 907 566 937 διδασκάλων
594 907 752 948 παράδοσιν,
770 909 784 936 ὁ
801 907 892 944 Πατὴρ
917 907 969 936 τῶν

143 962 172 980 τε
207 953 256 987 τῆς
284 953 410 986 θεότητος
447 953 572 981 αἱτιατῶν
599 953 779 989 ὑποστάσεων,
811 954 854 981 καὶ
882 952 970 985 πάσης

143 995 190 1030 τῆς
218 996 340 1033 κτίσεως,
370 1000 416 1026 τοῦ
451 997 500 1035 μὲν
537 998 597 1026 Υἷοῦ
610 998 654 1026 καὶ
669 1002 715 1027 τοῦ
728 998 880 1035 Πνεύματος
890 1008 969 1036 φυσι-

145 1041 203 1078 κὸν,
237 1040 426 1081 δημιουργικὸν
454 1041 481 1070 δὲ
509 1042 599 1076 πάσης
614 1042 663 1076 τῆς
684 1042 804 1075 κτίσεως.
824 1037 853 1071 ’0
875 1041 902 1069 δὲ
923 1041 968 1070 λέ-

145 1095 211 1124 γων,
242 1086 272 1114 Et
305 1086 336 1114 τὸ
364 1086 440 1126 ἅγιον
468 1089 574 1124 Πνεῦμα
595 1087 639 1115 καὶ
652 1088 684 1115 ἒκ
698 1090 745 1116 τοῦ
768 1088 841 1127 Υἱοὺ,
864 1087 970 1119 πάντως

145 1129 226 1169 ἁρχαὶ
251 1128 296 1158 δύο
324 1133 369 1159 τοῦ
396 1130 475 1159 αὗτοῦ
509 1132 552 1160 καὶ
574 1130 618 1159 δύο
632 1131 664 1159 τὰ
679 1130 765 1168 αἴτια,
781 1130 856 1160 δοκεῖ
871 1142 915 1169 μοι
932 1132 970 1169 μὴ

145 1174 176 1202 ἄν
204 1174 357 1203 ἐπίστασθαι
391 1176 422 1204 τὸ
450 1176 574 1215 παράπαν
605 1175 657 1204 κάκ
685 1179 731 1204 τοῦ
768 1176 828 1203 Υἱοῦ
855 1176 898 1204 καὶ
926 1177 972 1204 τοῦ

146 1219 298 1256 Πνιύματος
324 1219 374 1253 τὴν
400 1221 483 1248 κνίσιν
510 1219 612 1257 τελεῖν,
643 1219 661 1254 ἢ
695 1218 768 1248 τοῦτ’
796 1219 971 1258 ἐπιστάμενος

146 1262 233 1303 ἀρχὰς
247 1263 262 1290 ὁ
285 1268 402 1296 τοιοῦτος
431 1269 504 1304 τρεῖς
528 1263 642 1299 δοξάζειν
669 1264 719 1297 τῆς
748 1265 830 1297 αὐτῆς
858 1265 901 1292 καὶ
915 1264 972 1303 τρία

146 1307 180 1335 τὰ
214 1306 300 1343 αἴτια,
329 1306 392 1345 μηδ’
423 1307 455 1337 ἂν
479 1307 595 1339 συνόλως
620 1309 684 1336 Θεὸν
706 1306 798 1336 εἰδέναι
813 1307 914 1336 τέλειον
927 1309 973 1336 τὸν

148 1351 219 1388 Υἱὸν,
242 1350 310 1385 riu-.8}.
325 1351 406 1380 πάλιν
428 1353 493 1380 Θεὸν
519 1351 618 1381 τέλειον
654 1353 684 1380 τὸ
713 1355 819 1390 Πνεῦμα
833 1353 864 1380 τὸ
884 1351 971 1391 ἅγιονο

146 1395 164 1429 ἢ
190 1395 235 1424 καὶ
257 1399 339 1424 ταῦτα
367 1395 440 1429 εἰδὼς
465 1397 534 1426 κατὰ
556 1397 607 1431 τὴν
621 1400 675 1426 τῶν
697 1392 833 1433 Ἑλλήνων
846 1397 971 1426 πολύθεον

145 1439 277 1474 ἑξαπάνην
304 1447 375 1479 τρεῖς
404 1440 555 1481 πρεσϐεύειν
590 1442 681 1478 Θεούς,
708 1443 739 1470 τὸ
768 1445 814 1471 τοῦ
842 1452 971 1482 προειρη-

1013 905 1147 944 ejusdem
1157 905 1214 936 duo
1231 905 1385 945 principia,
1398 909 1427 934 ct
1437 904 1501 935 duae
1513 913 1610 935 causas
1621 904 1738 941 fuerint,
1755 904 1836 935 vide-

1011 954 1059 980 tur
1074 950 1143 980 mihi
1172 950 1257 990 plane
1286 950 1411 988 nescire,
1437 950 1523 980 etiam
1540 959 1573 980 ex
1592 948 1662 979 Filio
1677 953 1704 979 et
1719 958 1753 980 ex
1769 948 1837 989 Spi-

1011 995 1067 1025 ritu
1083 1004 1132 1026 res
1147 999 1259 1026 creatas
1274 1003 1340 1025 esse
1358 1004 1365 1024 :
1384 994 1429 1025 vel
1446 994 1474 1024 id
1491 994 1514 1024 si
1527 994 1643 1034 calleat,
1654 994 1678 1024 is
1693 994 1747 1024 tria
1760 994 1837 1033 ejus-

1013 1039 1081 1070 dem
1099 1039 1243 1079 principia
1259 1043 1289 1069 et
1305 1043 1365 1070 tres
1379 1047 1484 1069 causas
1498 1039 1779 1078 existimaremeque
1787 1038 1838 1069 ab-

1013 1083 1108 1114 solute
1124 1083 1215 1114 Deum
1238 1084 1401 1123 peifectum
1414 1083 1531 1123 Filium,
1551 1092 1606 1114 nec
1623 1092 1726 1114 rursus
1741 1084 1835 1114 Deum

1014 1130 1177 1169 perlectum
1193 1129 1332 1169 Spiritum
1349 1132 1484 1160 sanctum
1498 1137 1660 1168 agnoscere
1674 1137 1681 1159 :
1694 1127 1739 1159 vel
1751 1128 1774 1158 si
1782 1128 1836 1158 ista

1013 1173 1139 1212 sciverit,
1154 1173 1317 1204 secundum
1339 1173 1490 1213 gentilium
1513 1173 1550 1203 de
1566 1172 1690 1204 deorum
1704 1172 1836 1203 multitu-

1013 1217 1083 1248 dine
1109 1226 1243 1248 errorem
1270 1221 1332 1248 tres
1360 1217 1459 1248 colere
1472 1217 1556 1257 deos,
1573 1226 1638 1257 quae
1654 1226 1772 1248 summa
1793 1221 1837 1247 est

1014 1261 1137 1301 perditae
1145 1261 1314 1301 impietatis,
1324 1266 1353 1292 et
1364 1261 1452 1292 totius
1462 1261 1585 1292 insaniae
1605 1261 1838 1302 temeritatisque

1014 1306 1152 1346 caput.Et
1162 1306 1352 1337 nihilominus
1360 1306 1515 1346 theologia:
1525 1305 1661 1336 doctores
1675 1305 1836 1346 perfectum

1014 1349 1106 1381 Deum
1119 1349 1413 1390 Patrem,perfectum
1426 1350 1516 1381 Deum
1527 1357 1629 1380 rursus
1636 1349 1836 1389 Unigenitum,

1016 1396 1180 1436 perfectum
1211 1396 1304 1426 Deum
1325 1395 1464 1434 Spiritum
1482 1399 1615 1425 sanctum
1631 1398 1834 1433 agnoscentes,

1014 1449 1105 1470 unum
1123 1439 1282 1478 perfectum
1301 1441 1394 1471 Deum
1411 1439 1473 1470 haec
1497 1439 1551 1469 tria
1574 1439 1756 1479 pradicant:
1775 1438 1837 1478 pari

147 1483 226 1522 μένου
254 1483 451 1522 δυσσεϐήματος
483 1487 526 1514 καὶ
560 1486 649 1520 πάσης
677 1486 775 1520 λοιπῆς
803 1497 913 1526 κακοφρ(

1071 1485 1100 1515 io
1115 1489 1143 1515 et
1154 1485 1183 1515 in
1192 1485 1412 1516 constructione
1424 1488 1625 1515 creaturarum
1635 1483 1750 1514 Patrem
1768 1491 1837 1523 per-

148 1539 195 1562 νης
220 1528 377 1570 κεφάλαιον.
402 1531 451 1559 Καὶ
472 1530 527 1568 μὴν
549 1532 572 1559 οἱ
585 1533 634 1565 τῆς
653 1530 789 1570 θεολογίας
803 1531 972 1570 μυσταγωγοί

147 1572 248 1602 τέλειον
284 1574 348 1602 θεὸν
381 1575 427 1603 τὸν
455 1575 558 1615 Πατέρα
580 1575 768 1616 γινώσκοντες,
799 1576 863 1604 Θεὸν
892 1576 973 1605 πάλιν

146 1617 248 1646 τέλειον
282 1619 327 1646 τὸν
357 1621 506 1658 Μονογενῆ,
546 1619 647 1648 τέλειον
682 1621 748 1648 Θεὸν
769 1621 800 1648 τὸ
822 1623 928 1655 Πνεῦμα
941 1621 973 1648 τὸ

146 1661 233 1701 ἅγιον,
264 1661 309 1690 ἕνα
323 1662 424 1691 τέλειον
452 1664 517 1693 Θεὸν
538 1665 571 1693 τὰ
586 1665 643 1704 τρία
668 1665 851 1704 κηρὺττουσιν⁹
882 1665 972 1694 ὡσαύο

147 1717 200 1737 τως
228 1706 292 1736 κάπὶ
319 1709 368 1742 τῆς
404 1708 553 1741 συστάσεως
575 1712 628 1737 τῶν
653 1709 807 1747 κτισμάτων
828 1710 913 1738 αὐτῶν
927 1710 974 1738 τὸν

148 1751 251 1791 Πατέρα
278 1750 378 1780 τέλειον
418 1751 579 1793 δημιουργὸν
619 1753 860 1794 καταγγέλλοντες,
889 1754 972 1792 δημι-

147 1796 240 1835 ουργὸν
269 1796 341 1828 αὖθις
370 1796 470 1826 τέλειον
497 1799 543 1826 τὸν
565 1801 716 1838 Μονογενῆ,
731 1798 832 1827 τέλειον
847 1799 974 1839 δημιουρ-

148 1840 195 1879 γὸν
223 1840 254 1868 τὸ
289 1843 395 1879 Πνεῷα
421 1842 453 1870 τὸ
468 1841 555 1882 ἅγιον,
573 1842 619 1871 ἕνα
639 1842 741 1872 τέλειον
765 1842 925 1883 δημιουργὸν
941 1844 974 1872 τὰ

147 1884 206 1923 τρία
233 1883 491 1923 καταλαμϐάνουσιν,
528 1887 662 1918 Ἐντεῦθεν
676 1888 721 1916 καὶ
742 1888 775 1916 τὰ
795 1888 859 1928 παρ’
887 1888 974 1917 αὒτῶν

148 1928 271 1967 διδόμενα
299 1930 360 1962 τοῖς
388 1929 468 1964 ἀξίοις
498 1932 605 1972 χρηστὰ
625 1931 789 1961 διδάσκουσιν
809 1934 882 1971 ἡμᾶς
906 1934 973 1974 πρὸς

148 1973 251 2006 ταὺτοις
264 1975 315 2018 ,ὡς
345 1974 371 2008 ἐξ
399 1975 457 2008 ἑνὸς
495 1980 576 2005 ταῦτα
611 1976 735 2006 δίδοσθαια
757 1978 800 2006 καὶ
814 1988 891 2006 τουτο
905 1989 972 2018 τρα-

149 2022 200 2051 νῶς
223 2017 363 2058 βεϐαιώσει
398 2021 431 2049 τὰ
466 2024 510 2049 νῦν
538 2022 552 2050 ὁ
587 2021 620 2049 τὰ
633 2023 693 2050 θεῖα
708 2021 789 2054 πολύς
805 2022 971 2059 Ἀθαναίσιος,

1014 1529 1121 1560 lectum
1138 1529 1334 1567 conditorem,
1370 1528 1552 1560 conditorem
1577 1528 1719 1559 {actorum
1734 1536 1838 1558 rursus

1014 1573 1176 1614 perfectum
1186 1573 1385 1614 Unigenitum,
1399 1573 1562 1614 perfectum
1576 1573 1760 1604 conditorem
1771 1571 1838 1611 Spi-

1014 1619 1100 1649 ritum
1116 1623 1249 1649 sanctum
1261 1619 1459 1656 enuntiantes,
1478 1627 1568 1649 unum
1585 1618 1746 1658 perfectum
1761 1625 1837 1647 con-

1014 1663 1139 1695 ditorem
1157 1663 1220 1694 haec
1235 1664 1289 1695 tria
1304 1664 1405 1694 colunt
1421 1668 1450 1695 et
1465 1663 1622 1694 aestimant.
1637 1662 1713 1693 Hinc
1728 1665 1758 1693 et
1771 1670 1839 1702 qm

1014 1707 1110 1747 dignis
1123 1708 1281 1739 traduntur
1294 1707 1331 1739 ab
1343 1708 1413 1748 ipsis
1429 1707 1517 1744 bona,
1533 1712 1638 1748 prater
1650 1707 1712 1738 haec
1729 1716 1783 1738 nos
1795 1707 1840 1737 in-

1014 1755 1141 1792 struunt,
1157 1753 1198 1783 uti
1225 1762 1261 1783 ex
1282 1762 1341 1784 uno
1352 1753 1401 1783 illa
1417 1751 1548 1783 exhiberi
1563 1763 1571 1789 ;
1587 1751 1677 1792 idque
1691 1756 1793 1792 aperte
1809 1751 1838 1782 in

1016 1797 1151 1836 prasenti
1163 1797 1348 1828 conﬁrmabit
1363 1797 1562 1828 divinissimus
1578 1797 1771 1834 Athanasius,
1790 1796 1839 1837 qui

1014 1842 1044 1873 in
1059 1847 1164 1882 quarta
1173 1846 1277 1873 contra
1289 1842 1417 1873 Arianos
1428 1842 1570 1879 oratione,
1588 1842 1669 1873 hunc
1679 1842 1708 1872 in
1718 1841 1840 1872 modum

1014 1894 1185 1918 sermonem
1196 1886 1516 1928 disponit:Elargienle
1530 1887 1591 1918 Deo
1603 1887 1733 1926 gratiam
1745 1890 1771 1916 et
1782 1894 1840 1926 pa-

1016 1940 1088 1971 cem,
1105 1940 1175 1962 eam
1187 1931 1320 1963 etlr'itius
1331 1931 1492 1971 elargitur.
1511 1931 1578 1962 Una
1589 1931 1669 1962 enim
1680 1931 1841 1970 eademque

1017 1976 1116 2016 gratia
1141 1980 1184 2007 est
1207 1985 1246 2007 ea:
1266 1976 1359 2007 Patre
1378 1979 1406 2008 et
1420 1976 1560 2014 Filio,uti
1573 1979 1615 2006 cst
1631 1985 1723 2006 unum
1739 1975 1842 2006 lumen

1016 2021 1088 2051 solis
1098 2023 1125 2052 et
1136 2020 1228 2058 radii,
1249 2023 1277 2052 et
1299 2020 1494 2052 illumimatio
1504 2021 1575 2051 Solis
1589 2029 1645 2060 per
1654 2020 1774 2050 radium
1787 2023 1840 2050 est.

148 2063 176 2096 ὅς
204 2064 232 2107 εν
266 2063 304 2102 τῷ
337 2065 456 2104 τετάρτῳ
476 2065 545 2094 κατὰ
566 2064 710 2106 Ἀρειανῶν
725 2066 799 2105 λόγῳ
820 2067 914 2107 φησὶν

1074 2069 1172 2096 eterea
1178 2068 1206 2097 et
1215 2065 1331 2097 Paulus
1341 2066 1379 2096 ad
1390 2064 1667 2096 Thessalonicenses
1683 2064 1815 2096 scribens
1834 2073 1840 2094 :

147 2106 289 2145 λαμϐάνων
318 2109 413 2138 οὑτωσὶ
446 2111 490 2138 καὶ
529 2109 719 2148 διατιθέμενος·
769 2110 890 2144 Διδόντος
929 2115 975 2140 τοῦ

148 2153 251 2192 Πατρὸς
279 2153 359 2193 χάριν
393 2155 438 2183 καὶ
465 2155 584 2194 εἰρήνην,
614 2156 695 2190 αὗτὴν
729 2157 773 2184 καὶ
794 2157 808 2184 ὁ
838 2156 898 2188 Υἱὸς
931 2155 974 2184 δι-

149 2196 226 2229 δωσι,
254 2198 306 2226 Μία
338 2199 388 2238 γὰρ
415 2199 460 2227 καὶ
494 2200 560 2234 αὒτὴ
589 2200 668 2240 χάρις
709 2199 779 2228 ἐστὶν
815 2201 886 2240 παρὰ
915 2203 974 2229 Πα-

147 2243 209 2282 τρὸς
235 2241 262 2271 ἐν
286 2243 350 2283 Υἱῷ,
378 2244 414 2276 ὡς
440 2243 511 2273 ἔστιν
540 2243 568 2273 ἕν
603 2245 634 2273 τὸ
661 2245 717 2285 φῶς
745 2248 793 2274 τοῦ
825 2245 902 2279 ἡλίου
930 2246 975 2275 καὶ

148 2287 194 2315 τοῦ
234 2287 455 2329 ἂπαυγάσματος,
503 2290 547 2318 καὶ
594 2289 625 2318 τὸ
659 2290 779 2330 φωτίζειν
821 2293 868 2318 τοῦ
901 2289 976 2324 ἡλίου

148 2330 190 2362 διὰ
233 2342 280 2361 του
321 2333 529 2372 ἀπαυγάσματος
568 2334 682 2372 γίνεται.
728 2334 777 2362 Διὰ
814 2334 892 2363 τοῦτο
933 2335 977 2363 καὶ

147 2376 250 2410 Παῦλος
299 2378 365 2417 πρὸς
407 2378 469 2410 τούς
508 2378 713 2412 Θεσσαλονικετς
751 2378 848 2418 λέγων,
875 2390 890 2407 α
920 2378 975 2407 Αύ-

147 2422 192 2455 τὸς
228 2421 255 2450 δὲ
283 2423 297 2450 ὁ
329 2423 395 2455 Θεὸς
423 2423 467 2451 καὶ
503 2423 594 2461 Πατὴρ
636 2425 726 2461 ἡμῶν,
758 2424 803 2452 καὶ
838 2425 852 2452 ὸ
884 2423 977 2463 Κύριος

147 2466 252 2500 Ἰησοῦς
292 2467 401 2507 Χριστός
432 2468 584 2497 κατευθὺναι
625 2470 675 2502 τὴν
714 2467 774 2497 ὁδὸν
810 2469 883 2506 ὑμῶν
911 2468 977 2508 πρὸς

147 2511 232 2551 ἡμᾶς,
273 2522 285 2540 ι
323 2511 372 2546 τὴν
403 2512 516 2546 ἑνότητα
541 2516 587 2541 τοῦ
627 2513 729 2552 Πατρὸς
770 2513 814 2541 καὶ
841 2516 887 2541 τοῦ
917 2513 977 2542 Υῐοῦ

148 2554 285 2595 ἐφύλαξεν·
329 2556 358 2585 οὗ
409 2557 459 2597 γὰρ
497 2557 571 2594 εἶπε,
603 2558 797 2595 κατευθύναιεν,
834 2558 871 2589 ὡς
905 2558 977 2597 παρὰ

148 2599 193 2629 δύο
238 2599 377 2639 διδομένης
415 2602 488 2641 παρὰ
527 2603 621 2631 τούτου
662 2603 707 2632 καὶ
746 2603 852 2642 τούτου,
894 2601 975 2642 ἀλλὰ,

149 2645 320 2681 Κατευθύναι,
357 2645 403 2674 ἵνα
430 2644 510 2684 δείξῃ,
544 2646 585 2675 ὅτι
614 2647 706 2686 Πατὴρ
753 2645 786 2674 δι’
830 2647 890 2676 Υἷοῦ
938 2645 1027 2675 δίδωσι
1061 2645 1172 2679 ταύτην,

1020 2108 1103 2149 «Ipse
1117 2109 1196 2140 Deus
1206 2113 1232 2141 et
1242 2111 1333 2141 Pater
1343 2113 1482 2147 naster,et
1497 2109 1644 2140 Dominus
1656 2111 1744 2140 Iesus
1758 2108 1842 2139 Chri-

1015 2157 1079 2185 stus
1089 2153 1206 2194 dirigat
1214 2155 1295 2186 viam
1304 2158 1435 2186 vestram
1443 2155 1484 2185 ad
1492 2154 1765 2194 110388,nuiiitatem
1778 2154 1843 2184 Pa-

1017 2199 1106 2230 triset
1115 2199 1187 2230 Filii
1192 2199 1377 2231 conservavit
1381 2208 1490 2240 meque
1495 2200 1576 2231 enim
1583 2199 1653 2230 dixi
1656 2203 1677 2237 ι,
1685 2197 1841 2238 Dirigant,

1017 2246 1107 2283 quasi
1116 2252 1135 2274 a
1146 2243 1264 2275 duobus
1282 2244 1313 2275 id
1336 2245 1553 2276 concederetur
1563 2244 1602 2275 ab
1617 2243 1672 2275 hoc
1683 2246 1711 2274 et
1720 2242 1759 2273 ab
1774 2242 1839 2278 hoc,

1017 2288 1070 2318 sed
1082 2288 1209 2328 dirigat,
1220 2291 1253 2320 ut
1264 2289 1433 2320 ostenderet
1448 2297 1516 2320 eam
1528 2297 1547 2320 a
1565 2288 1658 2320 Patre
1664 2296 1722 2328 per
1729 2286 1844 2318 Filium

1018 2332 1163 2364 tradi.Sic
1176 2341 1231 2373 ego
1243 2337 1330 2364 teneo
1353 2334 1507 2374 sentioque
1517 2333 1554 2364 de
1564 2333 1621 2373 his,
1639 2341 1655 2363 a
1670 2332 1730 2362 Deo
1742 2332 1839 2372 inSpi-

1019 2377 1088 2407 ratis
1099 2376 1257 2417 Scripturis
1283 2378 1312 2408 in
1337 2377 1477 2409 omnibus
1492 2377 1582 2409 ﬁdem
1598 2376 1753 2417 adhibens,
1770 2385 1841 2416 pro-

1020 2426 1183 2462 ptereaque
1202 2422 1403 2453 exsistentiam
1425 2422 1514 2453 divini
1529 2421 1654 2462 Spiritus
1667 2420 1795 2452 credens
1810 2429 1845 2451 ex

1018 2466 1102 2504 Filio,
1131 2476 1222 2497 unum
1248 2466 1343 2498 fateor
1372 2475 1439 2498 esse
1463 2467 1638 2508 principium
1664 2467 1790 2503 Patrem,
1817 2468 1846 2496 et

1018 2520 1110 2541 unam
1139 2520 1270 2548 causam,
1302 2521 1369 2543 cum
1397 2511 1546 2542 referalur
1568 2511 1604 2542 ad
1626 2511 1722 2551 ipsum
1739 2510 1780 2541 uti
1808 2509 1845 2540 ad

1019 2556 1146 2596 primum
1173 2556 1348 2597 principium
1391 2556 1532 2587 adorandi
1566 2565 1685 2598 quoque
1721 2553 1847 2596 Spiritus

1019 2609 1120 2632 causa.

1218 2645 1294 2674 Οὕτω
1321 2649 1410 2685 φρονῶ
1443 2647 1487 2676 καὶ
1521 2645 1661 2686 λογίζομαι
1695 2645 1754 2684 περὶ
1783 2644 1848 2673 τού-

148 2700 202 2718 των
232 2689 299 2730 ἐγω,
328 2696 390 2722 ταῖς
425 2691 606 2724 θεοπνεύστοις
633 2695 754 2732 Γραφατς
778 2691 848 2720 κατὰ
876 2702 964 2720 παντα
997 2690 1165 2728 πειθόμενος·
1190 2689 1230 2718 διὸ
1267 2691 1311 2719 καὶ
1339 2692 1388 2726 τὴν
1417 2690 1525 2731 ὕπαρξιν
1555 2695 1601 2720 τοῦ
1625 2691 1694 2719 θείου
1723 2689 1847 2727 Πνεὺμα-

150 2745 197 2766 τος
231 2735 362 2764 πιστεύων
390 2735 444 2764 κάκ
461 2738 507 2764 τοῦ
538 2736 598 2764 Υἱοῦ
633 2737 696 2775 μίαν
723 2735 850 2775 ὁμολογῶ
877 2736 1022 2776 τυγχάνειν
1049 2735 1139 2775 ἀρχὴν
1166 2735 1211 2763 τὸν
1241 2736 1345 2776 Πατέρα
1373 2737 1417 2765 καὶ
1452 2736 1480 2765 ἔν
1514 2735 1614 2774 αἴτιον,
1647 2733 1846 2775 ἀναφερομένης

150 2780 216 2819 πρὸς
244 2779 323 2809 αὑτὸν
344 2780 381 2813 ὡς
410 2781 477 2822 πρὸς
502 2781 612 2820 πρώτην
641 2781 731 2822 ἀρχὴν
745 2781 790 2810 καὶ
811 2783 862 2815 τῆς
877 2781 960 2814 αἰτίας
981 2781 1064 2815 αὐτῆς
1092 2783 1139 2811 τοῦ
1169 2785 1353 2820 «gemini-:06
1380 2782 1544 2820 Πνεύματος.

191 2845 224 2871 8°
237 2845 336 2879 Colos.
352 2855 373 2885 ι,
389 2846 439 2878 16.
483 2846 542 2878 δτι
559 2848 627 2880 Cor.
644 2855 699 2887 xu,
717 2847 767 2878 lt.
808 2845 957 2880 881Thol

352 2855 373 2885 ι,
389 2846 439 2878 16.
483 2846 542 2878 δτι
559 2848 627 2880 Cor.
644 2855 699 2887 xu,
717 2847 767 2878 lt.
808 2845 841 2872 88
853 2845 866 2878 Ι
879 2847 988 2880 Thess.
1005 2855 1036 2879 ιιι
1057 2846 1104 2878 tt.
