1941 3082
102 151 177 184 1251

672 147 931 182 CONSTANTINI
953 148 1231 182 MELITENIOTIE

1714 148 1728 179 Ι
1735 146 1799 180 25‘2

145 217 549 260 38.ltaque,inferunt,Filius
558 226 676 258 quoque
687 217 781 248 Deum
791 220 911 256 generat

1029 211 1064 254 η’,
1101 217 1200 246 Οὐκοῦν
1227 217 1295 253 ken,
1333 215 1405 255 φασὶ,
1422 215 1546 256 θεογόνος
1560 215 1604 244 καὶ
1625 216 1639 244 ὃ
1656 215 1730 260 Υἱδς,
1747 214 1795 242 εἶ-

104 265 128 295 si
145 264 230 295 etiam
242 273 276 294 ex
291 263 364 294 Filio
380 262 504 303 Spiritus
519 266 639 293 sanctus
664 265 718 298 est,
734 260 928 301 quemadmo-

105 309 176 340 dum
189 312 234 339 est
254 316 355 338 rerum
371 307 512 338 factarum
533 306 681 343 conditor,
695 305 774 346 quod
789 305 876 337 etiam
891 315 926 336 ex

104 352 177 384 Filio
193 353 292 383 omnia
305 351 448 393 producta
463 355 551 382 sunt:
582 355 611 381 et
634 350 778 381 honorum
796 350 926 380 omnium

104 396 317 438 suppeditator,
329 395 406 436 quod
427 396 527 426 omnia
541 395 626 426 etiam
640 404 675 425 ex
690 394 762 426 Filio
783 394 926 435 suppedi-

103 447 211 473 tantur.
224 440 258 472 Ft
268 441 291 471 si
305 440 334 471 id
345 439 488 480 fuerit,uti
511 439 602 471 Filius
619 444 750 479 generat,
765 439 806 470 sic
818 447 924 470 neces-

103 487 180 517 sario
202 490 230 516 et
245 484 369 526 Spiritus
384 489 505 516 sanctus
516 488 648 524 generat.
660 483 744 520 Quod
760 484 838 515 enim
855 492 926 522 pro-

105 531 167 571 prie
178 530 214 561 de
226 529 286 560 Deo
298 529 502 560 consideratur
519 539 535 559 a
551 528 635 559 nobis
647 532 675 558 et
687 528 803 565 dicitur,
820 532 869 558 aut
883 532 925 558 est

103 583 258 606 csmmune
272 574 366 604 beata:
380 577 409 605 et
425 574 488 604 vita!
502 573 642 613 principis
653 572 777 609 Triadis,
789 577 838 603 aut
849 571 927 602 illius

105 619 336 651 veeerandarum
351 618 547 658 hypostaseon
568 618 618 648 uni
630 617 792 658 proprium,
807 618 886 656 quod
898 617 926 648 in

102 665 150 696 illa
165 662 368 694 tantummodo
384 666 432 693 aut
447 662 596 693 naturalia
622 666 671 692 aut
695 662 861 702 personalia
874 671 920 700 ag~

103 713 273 744 noscantur,
294 707 403 748 quibus
431 706 509 746 apud
526 706 682 746 theologos
697 706 886 746 conjungitur
899 709 928 736 et

103 753 290 788 discernitur,
321 756 350 783 et
365 761 427 792 prae
441 751 486 782 his
502 751 615 782 nullum
631 750 710 781 aliud
726 750 927 790 deprehendi-

103 802 162 828 tur.
188 796 286 847 Quare
297 806 378 847 lcum
406 795 500 827 Deum
525 796 759 847 generet__l’ater,
775 799 808 825 ut
822 803 925 827 omnes
937 822 955 847 Β

102 843 244 882 fatentur,
262 841 286 873 si
296 840 388 872 Deum
405 844 561 879 generaret
576 843 605 871 et
620 840 718 880 Filius,
731 844 760 871 et
774 848 833 870 non
847 842 926 870 esset

103 887 132 918 id
145 887 221 919 Patri
237 886 399 927 proprium,
417 894 541 917 necesse
556 888 634 916 esset
649 888 677 915 et
700 885 838 925 Spiritum
854 892 924 914 san-

103 936 182 963 ctum
196 939 354 972 generare,
372 934 402 961 et
414 930 458 961 sic
470 929 670 970 quodcunque
681 933 761 961 esset
775 929 806 959 in
819 927 926 959 Triade

101 976 303 1008 venerandum
334 983 387 1016 per
401 983 458 1005 nos
471 974 635 1005 tolleretur.
654 973 688 1004 Et
701 973 859 1014 qualenam
876 982 926 1003 es-

102 1020 242 1061 set,quod
255 1020 291 1051 ab
303 1020 366 1059 ipso
387 1018 590 1050 exsistentiam
612 1018 746 1055 haberet,
763 1018 787 1049 si
801 1018 830 1048 in
846 1026 926 1058 quae-

102 1066 198 1097 stione
210 1063 429 1095 immorandum
444 1067 501 1100 est,
513 1072 569 1094 nec
584 1063 660 1094 ultra
673 1062 744 1093 illud
755 1071 852 1103 neque
867 1062 923 1092 mi-

103 1111 229 1150 nimum,
254 1108 290 1139 ad
315 1108 481 1139 evitandum
510 1108 682 1138 inﬁnitatem
708 1107 836 1137 examini
858 1107 925 1138 huic

104 1154 268 1195 procedere
283 1152 376 1183 licet?
392 1153 463 1184 Haec
478 1152 631 1183 contrariae
642 1151 775 1183 factionis
789 1151 925 1182 homines

103 1198 190 1229 nobis
205 1201 406 1238 proponentes
422 1197 587 1228 existimant
610 1206 645 1228 eo
659 1196 807 1227 deducere
818 1196 925 1227 oratio-

103 1251 170 1274 nem
189 1246 329 1282 nostram,
343 1246 374 1272 ut
407 1250 503 1282 neque
518 1241 573 1271 vim
602 1241 767 1281 argumenti
783 1240 924 1280 ell‘ugere,

102 1297 200 1328 neque
211 1291 313 1318 contra
337 1286 448 1327 aliquid
474 1295 624 1326 opponere
639 1286 742 1318 valeat.
765 1284 824 1316 Nos
839 1294 926 1324 porro

967 271 1016 300 περ
1045 261 1089 289 καὶ
1117 260 1148 289 ἐκ
1188 264 1233 289 τοῦ
1265 261 1325 289 Υἱοῦ
1352 261 1383 289 τὸ
1411 263 1517 298 Πνεῦμα
1537 261 1569 289 τὸ
1590 260 1676 300 ἅγιον,
1702 259 1797 298 ὥσπερ

967 304 1125 345 δημιουργὸς
1153 308 1206 334 τῶν
1240 315 1390 345 γενομενων
1422 305 1518 342 αὐτῶν,
1545 304 1585 333 ὅτι
1600 304 1652 333 κάκ
1664 307 1712 333 τοῦ
1731 305 1797 333 Υἶοῦ

968 350 1001 379 τὰ
1039 349 1125 378 πάντα
1152 349 1322 384 συνέστηκεν
1351 350 1394 378 καὶ
1423 350 1557 390 παροχεὺς
1586 349 1710 378 ἁπάντων
1738 351 1796 376 τῶν

968 393 1073 433 ἀγαθῶν
1095 393 1134 422 ὅτι
1170 394 1222 423 κᾶκ
1253 399 1299 424 τοῦ
1329 394 1387 423 Tim-3
1414 398 1496 423 ταῦτα
1524 397 1660 433 νέμονται.
1690 393 1740 423 Καὶ
1771 393 1796 420 εἰ

967 441 1055 476 τοῦτο,
1091 439 1159 468 κατὰ
1186 440 1232 467 τὸν
1264 439 1323 468 ὶἿδν
1351 439 1455 477 ἀνάγκη
1482 438 1570 468 τελεῖν
1600 439 1722 478 Θεογόνον
1748 439 1796 466 καὶ

967 483 1030 512 αὐτὸ
1064 483 1095 511 τὸ
1121 486 1226 519 Πνεῦμα
1240 484 1270 512 τὸ
1285 484 1371 523 ἅγιον.
1396 479 1488 512 ι’Δτειιν
1511 485 1555 512 καὶ
1576 484 1624 523 γὰρ
1638 484 1669 511 τὸ
1694 483 1794 522 κυρίως

968 527 1011 556 ἐπὶ
1046 531 1111 556 Θεοῦ
1135 528 1313 568 θεωρούμενον
1341 529 1409 567 ἡμῖν
1436 529 1480 557 καὶ
1506 527 1650 568 λεγόμενον
1687 527 1705 561 ἢ
1740 528 1794 560 τῆς

968 572 1098 611 μακαρίας
1126 573 1169 600 καὶ
1212 573 1364 612 ζωαρχικῆς
1392 571 1500 612 Τριάδος
1543 573 1641 609 κοινὸν,
1684 571 1702 606 ἢ
1736 574 1794 599 τῶν

967 617 1064 650 ταύτης
1093 619 1197 645 σεπτῶν
1223 617 1392 646 ὑποστέσεων
1416 620 1479 655 μιᾶς
1514 616 1593 646 ἴδιον
1626 616 1667 645 ὅτι
1692 617 1794 656 φυσικὰ

969 661 1050 699 μόνον
1079 659 1121 689 ἐπ’
1143 660 1224 695 αὒτῆς
1237 660 1346 700 οἴδαμεν
1369 662 1412 690 καὶ
1426 661 1594 699 προσωπικά,
1610 660 1669 689 καθ’
1684 659 1701 689 ἃ
1728 660 1793 692 τοῖς

969 705 1133 744 θε;λογοῦσιν
1161 705 1261 739 ἣνωταί
1289 716 1318 734 τε
1347 706 1391 734 καὶ
1417 704 1589 746 διακέκριται.
1621 705 1695 745 Παρὰ
1707 708 1794 734 ταῦτα

967 748 990 778 δ’
1021 749 1094 778 οῦδὲν
1123 749 1188 778 ἄλλο
1212 750 1390 789 γινώσκομεν.
1415 745 1501 779 "001'
1524 749 1615 784 ἓπειδὴ
1639 749 1762 789 Θεογόνος
1778 750 1795 777 b

969 795 1059 834 Πατὴρ
1086 793 1306 834 ὁμολογουμένως
1341 795 1421 835 ἐστὶν,
1444 796 1466 824 εἰ
1486 796 1607 836 θεογόνος
1624 796 1667 824 καὶ
1686 796 1701 823 ὁ
1717 796 1793 834 Υἱὸς,

965 840 1009 868 καὶ
1035 841 1112 867 τοῦτο
1139 842 1185 867 τοῦ
1212 840 1314 879 Πατρὸς
1335 838 1415 877 ἴδιον,
1431 839 1535 879 ἀνάγκη
1556 839 1588 875 δή
1602 840 1727 880 θεογόνον
1742 849 1794 867 τε-

966 883 1025 912 λεῖν
1051 884 1096 912 καὶ
1130 884 1159 911 τὸ
1185 884 1290 921 Πνεῦμα
1318 885 1349 912 τὸ
1382 884 1471 925 ἅγιον,
1499 884 1587 914 καὶτὸ
1608 884 1657 918 τῆς
1681 882 1794 923 Τριᾶδος

967 929 1063 966 σεμνὸν
1090 927 1153 956 ὅσον
1180 928 1210 956 τὸ
1239 929 1276 961 εἰς
1291 929 1358 967 ὑμᾶς
1373 928 1494 969 οἴχεται.
1510 928 1584 963 Πλὴν
1607 935 1687 958 ποῖον
1701 929 1746 957 καὶ
1761 929 1795 956 τὸ

968 972 995 1006 ἐξ
1020 974 1099 1002 εὖτοῦ
1125 972 1287 1011 κεκτημένον
1314 973 1365 1007 τὴν
1379 972 1500 1014 ὓπαρξιν,
1527 974 1550 1002 εἰ
1570 973 1668 1014 μέχρις
1691 973 1796 1002 ἐκείνου

968 1017 1057 1058 χρεών
1090 1019 1187 1051 στῆναι
1212 1018 1246 1046 τὰ
1271 1019 1320 1051 τῆς
1336 1018 1485 1055 ζητήσεως,
1522 1019 1567 1046 καὶ
1581 1019 1620 1057 μὴ
1644 1018 1796 1058 περαιτέρω

965 1060 1108 1101 προϐῆναι,
1145 1061 1211 1100 μηδ’
1235 1062 1356 1091 ὁπωσοῦν
1382 1062 1432 1097 τὴν
1460 1061 1576 1096 ἐξέτασιν
1590 1063 1689 1097 ταύτην
1703 1061 1748 1092 διὰ
1761 1063 1796 1091 τὸ

967 1105 1073 1146 ἄπειρον
1090 1115 1099 1146 ;
1130 1111 1243 1137 Τοιαῦτα
1269 1106 1392 1147 λέγοντες
1420 1107 1445 1136 οἱ
1458 1107 1508 1142 τῆς
1530 1108 1622 1147 μοίρας
1643 1110 1697 1136 τῶν
1711 1107 1796 1136 ἄντι-

967 1150 1150 1189 διατιθεμένων
1178 1152 1258 1190 ἡμῖν,
1285 1152 1321 1183 εἷς
1350 1152 1469 1191 ἀνάγκην
1498 1151 1613 1192 ἄφυκτον
1625 1151 1699 1192 ἄγειν
1722 1151 1795 1181 οἴον-

967 1206 1009 1224 ται
1038 1196 1084 1224 τὸν
1118 1195 1197 1235 λόγον
1224 1197 1267 1225 καὶ
1295 1195 1492 1235 ἆναντίρῥητον.
1523 1193 1617 1235 ιΠμετς
1645 1196 1672 1225 δ’
1684 1197 1732 1226 ἵνα
1759 1197 1796 1226 τὰ

967 1239 1030 1279 παρ’
1058 1239 1142 1268 οὔτῶν
1172 1241 1240 1269 κατὰ
1267 1240 1339 1274 ταξιν
1381 1240 1540 1281 ἔλέγξωμεν,
1582 1244 1640 1274 πῶς
1668 1242 1796 1281 θεογόνσν

968 1285 1011 1313 καὶ
1025 1285 1070 1312 τὸν
1090 1285 1150 1313 Υίὸν
1163 1285 1235 1314 εἷναί
1262 1297 1351 1325 φασιν,
1370 1285 1411 1314 ὅτι
1426 1288 1478 1314 κὰκ
1505 1290 1552 1316 τοῦ
1570 1287 1629 1315 Υἱοῦ
1642 1287 1673 1315 τὸ
1686 1289 1795 1325 Πνεῦμα.

102 1337 133 1363 ut
143 1331 248 1363 ordine
272 1340 328 1371 per
353 1331 432 1372 ipsos
447 1328 537 1362 allata'
551 1330 728 1370 refutemus,
744 1339 801 1371 qua
813 1330 865 1360 rati

1027 1329 1127 1369 ἅγιονς
1158 1330 1207 1359 Καὶ
1236 1330 1289 1368 μὴν
1310 1330 1471 1365 καθέοτηκεν
1498 1331 1562 1360 αὐτὸ
1582 1331 1793 1371 προηγουμένως

101 1376 204 1408 Filium
219 1377 304 1407 etiam
316 1375 410 1407 Deum
422 1384 568 1415 generare
579 1375 691 1415 dicunt,
703 1375 781 1415 quod
792 1375 867 1405 etian

1026 1379 1070 1403 τοῦ
1099 1375 1211 1414 Πατρὸς,
1236 1375 1265 1403 οὒ
1278 1374 1320 1403 διὰ
1354 1380 1432 1404 τοῦτο
1446 1374 1469 1404 δ’
1484 1377 1552 1414 ἡμῖν
1566 1376 1689 1412 θεογόνος
1704 1377 1719 1404 ὁ
1734 1379 1792 1404 Πα-

103 1421 175 1452 Filiu
187 1421 310 1461 Spiritus
321 1424 439 1451 sanctus
451 1421 507 1451 est?
517 1419 552 1451 Et
579 1425 675 1451 tamen
687 1419 812 1460 Spiritus
822 1428 857 1450 ex

1049 1417 1168 1459 εἴρηται,
1182 1418 1224 1448 διὰ
1248 1418 1275 1447 δὲ
1291 1420 1336 1448 τὸν
1358 1422 1490 1459 μονογενῆ
1505 1420 1611 1452 πάντως
1628 1421 1698 1458 my,
1716 1421 1791 1452 ὅστις

103 1470 149 1497 tre
160 1465 361 1506 principaliter
373 1464 515 1502 subsistit,
531 1473 627 1505 neque
646 1469 828 1505 proptereaa
841 1473 869 1494 nt

1026 1462 1104 1492 αὑτοῦ
1131 1463 1259 1503 τυγχάνει
1287 1464 1463 1503 γεννώμενος.
1494 1465 1524 1493 Εἰ
1559 1463 1586 1493 δὲ
1614 1464 1737 1504 θεογόνος
1778 1466 1792 1493 ὁ

101 1511 189 1542 Pater
199 1518 343 1549 generare
357 1509 452 1541 Deum
463 1509 579 1546 dicitur,
594 1508 647 1540 sed
658 1508 843 1539 solummodo
854 1518 867 1548 p

1026 1507 1056 1547 ὴρ
1085 1506 1190 1547 λέγεται
1225 1507 1284 1536 κατ’
1319 1509 1423 1547 αὐτούς,
1447 1508 1590 1549 ἔπειδήπερ
1604 1508 1630 1542 ἒξ
1652 1511 1732 1539 αὑτοῦ
1746 1510 1792 1538 καὶ

102 1559 168 1595 pter
183 1554 365 1593 unigenitum
391 1553 495 1585 Filium
525 1553 574 1594 qui
604 1552 641 1584 ab
668 1553 731 1593 ipso
755 1561 868 1592 genera

1024 1554 1130 1590 Πνεῦμα
1165 1553 1196 1580 τὸ
1229 1552 1318 1594 ἅγιον,
1339 1552 1393 1582 ἰδού
1418 1554 1462 1582 καὶ
1490 1556 1568 1582 τοῦτο
1597 1552 1715 1594 δεύτερός
1749 1565 1790 1585 τις

103 1598 187 1635 Quod
204 1598 228 1629 si
244 1597 337 1630 Deum
353 1607 500 1638 generare
529 1599 615 1629 Pater
638 1598 790 1639 asseritur,
816 1602 847 1628 ut

1024 1608 1043 1629 ις
1072 1599 1149 1628 θεοῦ,
1181 1597 1322 1627 κάντεῦθεν
1351 1599 1382 1627 τὸ
1414 1609 1556 1638 μονογενες
1578 1597 1723 1638 διερῤύηκε.
1741 1599 1790 1628 Καὶ

101 1643 193 1680 aiunt,
212 1642 289 1684 quod
301 1652 336 1673 ex
351 1643 416 1683 ipso
427 1642 553 1683 Spiritus
565 1645 685 1673 sanctus
697 1646 752 1683 est,
770 1651 806 1674 en
821 1646 849 1673 et
863 1642 867 1672 i

1051 1641 1129 1670 πόθεν
1156 1642 1171 1670 ὁ
1191 1642 1251 1675 Υἱὸς
1279 1641 1310 1669 ἅν
1325 1653 1390 1672 ποτε
1403 1642 1515 1677 κληθείη
1530 1643 1688 1683 μονογενὴς,
1704 1643 1790 1683 ῦπάρ-

101 1687 251 1719 secundus
277 1687 330 1718 Dei
359 1686 450 1718 Filius
471 1686 568 1724 fuerit,
597 1687 723 1728 indeque
744 1686 867 1727 unigenii

1023 1696 1064 1718 εος
1091 1686 1169 1725 γόνου
1197 1687 1242 1715 καὶ
1282 1691 1328 1716 τοῦ
1361 1691 1544 1727 προσκυνητώ
1557 1688 1650 1717 τούτου
1665 1688 1789 1726 Πνεύμα-

101 1731 294 1773 deperdetur.
307 1731 392 1764 Unde
407 1732 485 1762 enirn
501 1731 591 1763 Filius
618 1741 749 1772 unquam
772 1740 867 1762 vocan

1025 1729 1125 1768 ςἈλλ¹
1147 1732 1176 1760 οὐ
1202 1731 1341 1770 θωμάζειν
1375 1731 1416 1761 δεῖ
1443 1733 1475 1761 τὸ
1498 1732 1622 1772 παράπαν
1653 1733 1738 1773 ἡμᾶς,
1768 1733 1789 1761 εἰ

101 1777 281 1817 unigenitus,
312 1785 378 1808 cum
404 1776 493 1807 Filius
507 1776 627 1807 exsistat
647 1776 816 1808 adorandus
837 1780 866 1808 et

1023 1786 1063 1809 την
1089 1776 1162 1805 αὐτοὶ
1188 1775 1237 1810 τὴν
1259 1775 1363 1811 πλάνην
1396 1776 1590 1815 πεπλάνηνται,
1605 1778 1728 1816 θεογόνον
1741 1776 1789 1805 δό-

102 1821 149 1852 hic
163 1820 312 1862 Spiritus?
341 1819 400 1852 Sed
427 1821 548 1851 minime
572 1821 678 1852 mirum
694 1825 749 1859 est,
772 1830 824 1852 eos
837 1821 868 1852 Sil

1023 1830 1054 1852 re;
1081 1820 1127 1848 τόν
1152 1820 1205 1848 τῶν
1232 1821 1355 1850 ἁπάντων
1372 1822 1446 1860 Θεὸν,
1480 1821 1535 1850 ἀνθ’
1560 1822 1647 1863 ὦνπερ
1670 1821 1696 1855 ἐξ
1711 1821 1789 1850 αὺτοῦ

101 1874 204 1897 errore
216 1864 447 1906 implicari,dum
460 1865 552 1896 Deum
563 1874 708 1904 generare
718 1866 922 1897 universorum

100 1910 194 1942 Deum
208 1910 317 1951 opinati
332 1914 411 1947 sunt,
429 1909 507 1949 quod
533 1919 568 1941 ex
584 1910 646 1950 ipso
663 1910 788 1952 Spiritus
803 1914 923 1942 sanctus

100 1955 207 1996 est,qui
218 1954 369 1986 luminum
381 1953 397 1985 Ι
408 1958 505 1986 utrem
514 1964 582 1985 eum
602 1956 775 1986 vocitantem
788 1955 903 1996 Scriptu
915 1972 922 1978 -

99 2009 164 2031 ram
180 1999 346 2038 audientes,
371 1999 488 2031 lumina
520 1999 624 2031 Filium
653 2004 682 2031 et
696 2000 836 2041 Spiritum
851 2009 922 2031 san-

100 2049 178 2076 ctum
195 2053 254 2075 non
270 2043 385 2085 absque
413 2045 497 2084 gravi
512 2053 614 2076 errore
629 2045 869 2086 interpretantur.
887 2045 924 2076 Et

100 2089 163 2121 haec
176 2099 235 2120 non
252 2089 281 2120 in
295 2089 371 2120 hanc
386 2089 562 2120 Sententiam
576 2089 683 2131 accipi,
706 2090 844 2130 exemplo
856 2098 923 2121 esse

99 2134 288 2175 potest,quod
299 2133 391 2165 Deum
406 2134 527 2166 Patrem
537 2134 815 2166 misericordiarum
826 2134 925 2176 appel-

99 2179 173 2212 lant.
187 2178 319 2220 Namque
335 2178 376 2209 uti
393 2177 484 2210 Pater
497 2179 778 2211 misericordiarum
792 2184 921 2217 vocatur,

964 1865 1008 1893 καὶ
1033 1866 1064 1894 τὸ
1093 1866 1199 1903 Πνεῦμα
1225 1866 1256 1894 τὸ
1271 1865 1358 1905 ἅγιονΙ
1382 1866 1409 1895 οἵ
1432 1867 1475 1895 γαὶ
1491 1869 1545 1895 τῶν
1564 1867 1660 1906 φώτων
1675 1867 1789 1895 ἀκούον-

963 1920 1006 1941 τες
1035 1909 1139 1949 Πατέρα
1171 1912 1221 1942 τῆς
1249 1913 1355 1951 Γραφῆς
1383 1910 1514 1951 λεγοὺσης
1541 1912 1632 1950 αὐτὸν,
1654 1914 1730 1951 φῶτα
1744 1912 1789 1940 τὸν

969 1955 1028 1982 Υίὸν
1057 1954 1102 1988 ὲξη
1111 1954 1210 1993 ίοῦνται
1245 1955 1381 1995 σφαλερῶς
1406 1957 1450 1984 καὶ
1465 1956 1495 1985 τό
1521 1957 1627 1994 Πνεῦμα
1643 1956 1675 1984 τό
1699 1955 1786 1996 ἂγιον,

964 2000 1014 2028 Καὶ
1040 2002 1124 2028 ταῦτα
1149 1998 1316 2039 παράδειγμα
1343 2003 1389 2028 τοῦ
1416 2001 1456 2039 μὴ
1484 2001 1552 2030 κατὰ
1565 2004 1684 2030 τοιοῦτον
1708 2000 1789 2041 λέγε-

964 2045 1022 2072 σθαι
1063 2047 1140 2072 τοῦτο
1182 2048 1254 2082 νοῦν,
1294 2045 1338 2073 καὶ
1378 2045 1408 2073 τό
1436 2046 1539 2086 Πατέρα
1563 2047 1616 2075 τιῦν
1645 2047 1789 2086 οἰκτιρμῶν

965 2088 1135 2127 ὀνομάζεσθαι
1162 2089 1208 2117 τόν
1243 2093 1308 2118 Θεον
1343 2089 1465 2130 ἔχοντες.
1494 2092 1543 2120 Καὶ
1594 2091 1644 2131 γὰρ
1671 2093 1789 2131 καθαπερ

966 2133 1056 2172 Πατὴρ
1077 2132 1200 2161 καλεῖται
1229 2137 1282 2162 τῶν
1317 2135 1470 2174 οἰκτιρμῶν,
1502 2136 1539 2167 ὡς
1569 2136 1657 2167 αἴτιος
1687 2136 1789 2175 οἰκτιρ-

964 2181 1022 2217 μῶν
1056 2177 1184 2218 ὑπάρχων
1213 2178 1257 2207 καὶ
1291 2179 1430 2219 πρὺτανις,
1458 2179 1528 2209 οὕτω
1556 2181 1600 2209 καὶ
1629 2180 1719 2219 Πατὴρ
1736 2183 1790 2210 τῶν

100 2224 179 2264 quod
192 2233 280 2255 causa
291 2224 328 2255 sit
340 2223 608 2255 misericordiarum
629 2228 657 2255 et
667 2223 864 2265 dispensator,

1023 2233 1059 2251 ων
1100 2222 1149 2263 ὥν³
1178 2224 1223 2252 καὶ
1249 2226 1327 2253 τοῦτο
1347 2225 1565 2263 κατονομάζεται,
1580 2229 1661 2254 Φῶτα
1676 2225 1703 2254 δὲ
1719 2226 1789 2254 πάν-

98 2273 127 2300 et
138 2269 230 2300 Pater
243 2269 391 2300 luminum
403 2268 550 2300 exsistens
565 2268 621 2300 hoc
637 2269 734 2309 ipsum
748 2270 834 2300 etiam
846 2270 923 2300 voci-

97 2317 185 2345 tatur.
201 2313 330 2345 Luminu
348 2321 469 2354 prorsus
492 2317 561 2344 sunt
574 2313 816 2355 illuminationes,
831 2314 924 2345 crele-

99 2358 153 2389 stia
164 2359 262 2389 omnia
272 2357 351 2389 dona
367 2358 441 2398 haec,
456 2362 487 2389 ut
503 2357 656 2399 Scriptura
680 2358 779 2396 tradit,
796 2363 825 2390 et
839 2358 925 2390 bona;

98 2402 276 2440 dationes,et
288 2403 419 2444 perlecta
434 2412 537 2434 revera
553 2412 686 2434 munera.
702 2402 814 2434 Horum
825 2408 924 2435 autem

58 2460 60 2462 τ
98 2447 303 2478 universorum
334 2449 411 2480 Deus
435 2449 552 2488 genitor
578 2452 633 2489 est,
659 2453 688 2479 et
716 2448 810 2486 dator,
838 2449 925 2479 etiam

99 2492 250 2530 omnibus,
280 2501 349 2533 quae
376 2501 466 2533 supra
491 2492 636 2524 mundum
654 2497 736 2531 sunt,
761 2492 922 2524 virtutibus.

100 2535 298 2568 Nihilominus
316 2537 373 2568 hia
388 2536 551 2578 Scripturae
563 2541 664 2569 mente
679 2537 766 2578 longe
781 2537 925 2569 deciden-

99 2585 156 2622 tes,
174 2580 286 2612 lumina
301 2581 510 2613 intellexerunt
527 2581 634 2613 Filium
658 2587 687 2614 et
698 2582 838 2622 Spiritum
854 2592 926 2613 san-

98 2630 191 2662 ctum.
207 2634 327 2666 prorsus
339 2634 400 2657 non
413 2626 616 2667 concipientes
631 2627 735 2659 eadem
760 2628 874 2659 ratione
888 2628 926 2659 ab

98 2671 169 2712 ipsis
185 2671 243 2703 dici
258 2670 364 2702 Filium
381 2674 411 2701 et
430 2670 527 2711 ipsum
553 2670 694 2713 Spiritum
710 2676 854 2704 sanctum.
872 2673 926 2710 Qui

98 2716 200 2758 itaque
218 2724 234 2746 e
250 2715 306 2746 iam
327 2715 356 2746 in
385 2715 441 2746 hoc
458 2725 476 2746 a
489 2725 559 2747 vera
582 2716 728 2748 sententia
752 2716 928 2750 aberrarunt

100 2761 216 2795 adeo.ut
225 2759 319 2793 Deum
328 2759 470 2792 adorandi
482 2760 607 2802 Spiritus
617 2760 734 2793 Patrem
745 2768 926 2802 assererem,

100 2810 316 2848 consequenter
336 2805 423 2838 etiam
440 2805 469 2837 in
494 2806 550 2837 hoc
566 2805 644 2847 quod
660 2805 740 2837 hunc
756 2806 786 2838 in
801 2817 926 2842 examen

963 2279 1016 2300 τως
1050 2268 1077 2295 αἱ
1104 2267 1254 2306 ὶλλάμψεις
1282 2269 1341 2309 εἶσὶ,
1357 2269 1390 2297 τὰ
1404 2268 1510 2310 οὐράνια
1536 2270 1621 2300 πάντα
1635 2271 1791 2311 χαρίσματα

964 2316 1057 2349 ταῦτα,
1086 2313 1154 2341 κατὰ
1174 2313 1223 2347 τὴν
1251 2314 1368 2354 Γραφιὶν,
1397 2315 1441 2343 καὶ
1469 2314 1554 2348 δόσεις
1569 2315 1675 2355 ἀγαθαὶ,
1691 2317 1736 2345 καὶ
1749 2315 1791 2344 τέ-

965 2357 1024 2386 λεια
1048 2359 1083 2396 τῇ
1116 2355 1225 2395 ἅληθείᾳ
1250 2357 1407 2398 δωρήματα.
1443 2361 1546 2389 Τούτων
1577 2360 1605 2389 δὶ
1648 2361 1755 2390 πάντων
1776 2362 1791 2389 ὸ

967 2403 1031 2435 Θεὸς
1059 2401 1169 2442 γενέτης
1195 2404 1239 2432 καὶ
1267 2405 1388 2444 χορηγὸς
1429 2406 1473 2434 καὶ
1499 2405 1597 2438 πάσαις
1619 2407 1712 2439 αὐταῖς
1728 2413 1790 2438 ταῖς

966 2447 1151 2488 ὑπερκοσμίοις
1166 2445 1315 2487 δυνάμεσιν,
1347 2446 1354 2456 ’
1366 2455 1446 2488 Ομως
1467 2449 1490 2478 δ’
1511 2451 1555 2480 οὖν
1577 2452 1601 2480 οἱ
1615 2451 1791 2480 τοιοῦτοιτοῦ

966 2496 1016 2526 τῆς
1044 2494 1150 2532 Γραφῆς
1171 2493 1328 2526 ἑκπεσόντες
1350 2499 1461 2536 σκοποῦ,
1477 2499 1552 2536 φῶτα
1565 2497 1610 2525 τὸν
1634 2497 1693 2525 Υἱὸν
1708 2496 1790 2530 ἐνόη-

967 2549 1016 2566 σαν
1044 2539 1089 2567 καὶ
1114 2539 1145 2567 τὸ
1177 2542 1283 2577 Πνεῦμα
1312 2539 1343 2568 τό
1364 2540 1451 2579 ἃγιον,
1481 2540 1520 2578 μὴ
1541 2540 1672 2572 συνιέντες
1687 2542 1717 2569 τὸ
1732 2541 1792 2569 σύν-

968 2582 1043 2622 ολον,
1070 2584 1107 2617 ὡς
1127 2584 1335 2623 τοιουτοτρόπως
1373 2585 1433 2617 Υἱὸς
1461 2585 1532 2625 παρὰ
1565 2585 1668 2618 τούτοις
1682 2584 1790 2625 λέγεται

967 2629 1012 2656 καὶ
1041 2627 1105 2658 αὐτὸ
1138 2629 1169 2657 τὸ
1192 2632 1299 2668 Πνεῦμα
1313 2629 1344 2658 τό
1358 2629 1446 2669 ἅγιον,
1469 2631 1500 2659 Οἱ
1533 2632 1583 2664 τῆς
1606 2629 1707 2662 ἐννοίας
1728 2631 1790 2669 γοῦν

968 2673 1167 2712 ἁμαρτήσαννες
1195 2673 1248 2702 κὰκ
1267 2674 1353 2711 τοὺτῳ
1379 2677 1428 2709 τῆς
1455 2673 1579 2715 ἄληθοῦς,
1595 2675 1631 2708 ὡς
1657 2675 1702 2703 καὶ
1730 2677 1791 2703 Πα-

967 2718 1029 2758 τέρα
1056 2719 1102 2747 τὸν
1130 2719 1195 2747 Θεὸν
1221 2718 1309 2759 λέγειν
1342 2724 1388 2749 τοῦ
1416 2720 1598 2759 προσκυνητώ
1625 2719 1789 2760 Πνεύματος,

968 2762 1116 2796 ἇκολοὺθως
1165 2764 1230 2793 καπὶ
1263 2767 1310 2793 τοῦ
1350 2765 1417 2804 πρὸς
1451 2764 1571 2798 ὶξάτασιν
1598 2764 1791 2804 προσκειμένου

969 2812 1012 2840 νῦν
1037 2813 1086 2844 τῆς
1119 2808 1242 2843 ἀληθείας
1286 2809 1357 2842 αὖθις
1384 2810 1428 2838 καὶ
1455 2810 1504 2845 τῆς
1533 2809 1612 2847 ὀρθῆς
1633 2808 1733 2841 ἑννοίας
1748 2808 1791 2837 δι-
