1941 3082
149 183 160 214 1
167 182 225 216 253

618 184 668 215 DE
688 182 943 215 PROCESSIONE
965 181 995 211 S.
1019 178 1195 211 SPIRITUS
1215 177 1328 209 ORAT.
1352 177 1391 208 ῙῙ.

1765 170 1839 204 1254

145 250 276 290 ήμαρτον,
298 250 355 279 ἐπεὶ
379 251 500 290 θιογόνος
526 250 540 278 ὁ
572 249 673 288 Πατὴρ,
711 248 768 277 ἐπεὶ
809 245 1182 290 γεννώμενοςΛρΓοροηὶΙυ]

1057 245 1205 285 oponitur,
1221 254 1238 275 a
1254 243 1381 290 veritate
1394 246 1535 290 rectaque
1549 240 1697 290 sententia
1711 239 1838 290 delapsi,

145 293 172 327 ἒξ
204 295 283 324 αὑτοῦ
309 295 424 336 πέφυκεν
453 296 467 323 ὁ
496 295 567 334 Υἱὸς,
597 293 649 333 οὒχ
664 292 704 321 ὅτι
727 293 754 321 δὲ
772 293 891 331 πρόεισιν
905 293 971 336 ἕχον

144 340 194 372 τὴν
221 339 328 379 ὕπαρξιν
351 332 395 372 'tg
430 339 508 367 0-5106
543 332 588 366 καὶ
610 332 647 366 τὸν
663 340 769 375 Πνεῦμα
782 338 813 366 τὸ
835 332 969 376 ἅγιονέῖο

145 382 172 411 δὲ
204 385 263 417 Υἱὸς
298 386 328 414 06
361 384 483 424 Θεογόνος
520 385 622 423 σαφῶς,
655 382 796 421 καθότιπερ
817 381 885 420 μηδὲ
913 383 970 411 Γίὸν

144 428 281 463 κέκτηται.
300 430 399 457 Λοιπὸν
434 428 464 456 οὗ
496 427 621 467 Θεογόνον
643 427 711 455 κατᾶ
731 427 777 455 τὸν
794 427 853 455 ι’ἱόν
877 426 969 455 οὔκουν

145 472 200 503 οὔδ’
228 474 291 502 αὒτδ
318 474 350 502 τὸ
378 476 484 508 Πνεῦμα
504 473 535 501 τὸ
551 471 637 511 ἅγιον·
669 472 713 499 καὶ
727 471 796 500 ἔστιν
811 469 879 499 ἴδιον
895 474 972 500 τοῦτο

146 517 260 555 μάλιστα
289 521 335 547 τοῦ
373 518 487 557 Πατρὸς,
524 518 567 545 καὶ
602 519 652 550 τῆς
694 515 864 548 ῦποστλσεως
893 517 972 544 αὐτοῦ

145 561 206 591 γατ⁹
234 562 372 602 ἐξαίρετον.
395 566 518 592 Τοιοῦτον
548 562 578 589 τὸ
599 560 657 589 καθ’
685 561 763 598 ἡμῶν
778 561 884 594 καὶτῆς
901 559 971 594 ἁλη-

146 607 216 639 θείας
244 607 326 641 αὖτῆς
361 607 432 644 παρὰ
458 608 511 634 τῶν
538 605 698 633 ὑπεναντίων
725 604 891 633 ἀναπλασοὲν
907 603 972 633 310-

146 662 207 681 πον.
239 650 314 680 Οὕτω
348 652 398 685 τῆς
427 650 514 691 ἀρχῆς
549 650 719 683 ὒποτεοείσης
740 648 862 688 ψευδοῦς,
879 649 922 678 καὶ
943 650 974 677 τὸ

146 695 323 733 συμπέρασμα
339 694 434 733 ψεῦδος
471 693 645 728 καθέστηκεν,

186 778 238 814 λθ’.
275 783 342 813 Οῒον
364 782 392 812 δὲ
413 783 533 821 κάκεῖνο,
557 782 591 811 δι’
609 784 639 812 οῦ
652 786 729 812 τοῦτο
751 783 889 822 συνάγουσι
909 782 973 811 συλ-

146 827 319 868 λογιστικῶς,
350 827 415 868 ὅπερ
445 828 489 868 καὶ
522 827 637 856 τιθέασιν
661 829 699 860 ὡς
728 828 759 856 ἂν
794 827 896 865 ἀξίωμα
931 827 976 856 καὶ

146 873 240 906 κοινὴν
275 873 403 910 ’ἑννοιανς
434 867 453 879 “’

146 917 324 957 θεωροὺμενον
357 918 426 955 ἡμῖν
454 918 499 945 καὶ
534 916 677 956 λεγόμενον
716 916 733 951 ἦ
761 919 809 950 τῆς
845 917 975 956 μακαρίας

146 962 192 990 καὶ
220 964 375 1002 ζωαρχικῆς
404 960 511 1000 Τρίάδος
528 961 629 998 κοινὸν⁷
652 961 670 996 ἢ
692 965 745 990 τῶν
760 962 857 994 ταύτης
874 964 976 989 σεπτῶν

147 1007 316 1036 ὒποστάσεων
346 1009 409 1044 μιᾶς
425 1005 503 1044 ἴδιον,
533 1007 570 1038 ὼς
598 1006 728 1046 ἀναγκαία
750 1018 790 1038 τις
819 1007 836 1040 ἡ
858 1006 977 1045 παροῦσα

148 1054 191 1079 νῦν
226 1050 295 1082 Θέσις
331 1052 428 1082 αὐτῶν.
457 1045 556 1080 ’Ἑνθεν
578 1062 617 1079 τοι
641 1051 685 1078 καὶ
707 1050 895 1079 ἀναπόδεικτον
909 1050 975 1078 116-

148 1106 197 1128 την
226 1095 394 1135 προφέρουσι,
428 1095 503 1129 ΠΛὴν
524 1096 590 1135 πρὸς
626 1095 719 1124 τοὺτου
734 1095 904 1134 ἐρωτήσομεν
931 1094 976 1124 δύο

148 1139 221 1171 τινὰς
251 1138 393 1179 ἔρωτήσιις
416 1140 511 1178 ἡμεῖς,
542 1139 586 1169 ἰὰν
616 1138 666 1180 ἄρα
693 1138 817 1168 δὺνωνται
845 1141 910 1180 πρὸς
925 1141 974 1174 τὴν

149 1183 267 1223 δευτέραν
302 1184 500 1223 ἀποκρίνασθαι·
539 1185 575 1214 Τὸ
604 1185 721 1213 αἱτιατὸν
751 1184 872 1224 Λέγεσθαι
907 1195 974 1224 τυγ-

172 1229 188 1256 ά
278 1228 319 1256 l‘
404 1233 416 1238 “
693 1229 700 1238 ‘
753 1229 759 1237 ‘
826 1230 840 1239 ’”
898 1229 904 1237 ’
931 1230 937 1238 ’

150 1240 171 1268 χ
190 1239 242 1257 νειν
291 1240 321 1257 πι
352 1232 418 1258 θεοῦ
441 1229 547 1261 πάντως
582 1229 614 1256 ἂν
639 1240 706 1257 κατα
734 1240 779 1261 τας
806 1239 858 1256 των
893 1239 975 1268 αγιων

150 1272 237 1312 φωνὰς
266 1273 372 1312 φαίητε.
417 1276 499 1302 τοῦτο
535 1271 562 1301 δὲ
597 1274 708 1312 πότερον
742 1273 790 1307 τῆς
828 1275 974 1313 θεαρχικῆς

150 1315 258 1355 Τριάὸος
293 1318 393 1354 κοινὸν,
423 1317 440 1351 ἢ
475 1320 528 1346 τῶν
553 1318 652 1352 ταύτης
677 1321 781 1346 σεπτῶν
807 1318 975 1346 δποστάσεων

150 1363 212 1399 μιᾶς
248 1359 315 1390 ἴδιον
333 1371 341 1397 ;
374 1357 420 1394 Ὧς
442 1363 507 1402 δρῶ,
524 1362 656 1402 κεχήνασι
671 1363 702 1390 τὸ
724 1363 809 1401 παρὸν
823 1361 976 1394 ἆτονοῦντες

149 1406 216 1444 πρὸς
246 1406 294 1440 τὴν
322 1405 472 1445 ἀπόκρισιν·
512 1406 619 1446 ἐπείπερ
653 1406 701 1435 οὒκ
742 1406 850 1447 ἔχουσιν
892 1407 977 1435 εἰπεῖν

151 1448 279 1487 οῦμενουν
301 1450 401 1478 τούτων
432 1449 576 1490 οὐδέτερον.
601 1452 637 1480 Τὸ
664 1452 715 1491 γὰρ
750 1452 865 1480 αἱτιατὸν
894 1450 977 1483 ὅντως

150 1495 193 1523 ἰπὶ
230 1498 296 1524 Θεοῦ
316 1495 500 1535 καθορώμενον
515 1496 581 1534 ὁμοῦ
602 1497 646 1524 καὶ
674 1495 818 1536 λεγόμενον
840 1495 898 1525 οὔτε
927 1499 976 1530 τῆς

150 1539 306 1579 ζωαρχικῆς
334 1540 435 1581 πέφηνε
465 1540 572 1579 Τριάδος
600 1541 700 1581 κοινὸν,
725 1540 785 1569 οὕτε
811 1543 864 1569 τῶν
878 1541 976 1574 ταύτης

150 1582 320 1611 ὑποστάσεων
346 1587 408 1622 μιᾶς
424 1583 505 1625 ἴδιον,
539 1586 591 1613 τῶν
619 1583 664 1613 δύο
691 1583 718 1613 δὲ
754 1585 854 1623 μόνων,
882 1585 918 1618 ὡς
945 1584 976 1613 ἂν

152 1625 225 1655 εἴποι
253 1639 305 1666 τις,
336 1627 403 1657 ἴδιον
424 1630 468 1657 καὶ
496 1630 596 1666 κοινὸν,
624 1629 743 1658 τουτέστι
778 1633 825 1658 τοῦ
846 1629 906 1658 Υἱοῦ
933 1629 977 1658 καὶ

151 1675 198 1700 τοῦ
225 1673 293 1702 θείου
326 1674 369 1701 καὶ
395 1677 562 1713 παντουργοῦ
591 1674 755 1710 Πνεύματος,
795 1669 883 1702 ιὨστε
907 1684 976 1702 κατ-

152 1713 251 1751 εῶήοη
267 1720 312 1745 νῦν
325 1718 356 1745 τὸ
377 1718 477 1746 τούτων
499 1717 613 1756 ἀξίωμα,
629 1719 673 1747 καὶ
686 1719 717 1748 τὸ
743 1717 791 1753 τῆς
813 1718 902 1752 κοινῆς
930 1718 976 1746 ἒν-

153 1759 223 1793 νοίας
247 1761 333 1789 αὐτῶν
362 1762 433 1802 παρὰ
461 1763 569 1791 πάντων
596 1764 829 1797 καταπεπάτηται,
859 1763 919 1795 Πῶς
946 1762 977 1791 ἄν

152 1815 217 1833 ποτε
250 1806 375 1840 τοιαύτην
410 1807 540 1845 σύντομον
562 1809 638 1841 νίκην
667 1808 783 1844 νικήσειε
803 1820 855 1843 τις,
889 1808 911 1836 εἰ
939 1807 978 1846 μὴ

153 1848 262 1894 ξυνάμει
284 1851 331 1880 τοῦ
352 1851 511 1890 ὶμπνέοντος
528 1853 571 1881 καὶ
585 1853 645 1885 τοῖς
668 1860 772 1894 νεκροῖς
801 1854 977 1891 Πνεῦματος;

154 1889 200 1927 Ὠς
224 1893 255 1924 ἄν
282 1894 309 1924 δὲ
331 1889 373 1924 διᾶ
398 1896 505 1926 πολλῶν
534 1898 579 1926 τὸν
608 1897 688 1938 λόγον
714 1889 904 1936 ⁷συιινστ-νίδσιομεν⁹
934 1889 978 1926 καί

153 1938 255 1976 μᾶλλον
277 1941 363 1970 αὐτῶν
390 1945 442 1970 τῶν
480 1941 588 1982 ἔγγιστα
621 1946 668 1972 τοῦ
702 1946 802 1972 σκοποῦ
827 1943 860 1972 τὰ
888 1942 977 1982 πόρῤω

152 1984 196 2012 καὶ
236 1984 269 2014 τὰ
304 1986 407 2026 μακρὰν
435 1987 654 2025 καταλείψαντες,
687 1989 718 2016 τὸ
745 1987 917 2016 ἀποστέλλειν
944 1988 975 2016 τὸ

152 2028 228 2068 ἅγιον
256 2033 362 2069 Πνεῦμα
387 2033 434 2060 τοῦ
461 2033 562 2070 Πατρὸς
585 2031 642 2071 ἅμα
669 2033 714 2062 καὶ
738 2034 785 2061 τοῦ
809 2034 881 2061 Υἶοῦ·
910 2033 974 2062 τού-

151 2084 199 2102 του
241 2073 268 2103 δὲ
295 2077 342 2104 τοῦ
381 2077 449 2105 θείου
489 2077 640 2116 Πνεύματος
677 2078 724 2106 οὐκ
758 2077 828 2106 ἕοτιν
856 2076 975 2116 οὐδαμῶς

153 2117 211 2148 οῦδὲ
245 2118 363 2158 λέγεται,
393 2119 435 2149 διὰ
456 2122 487 2150 τὸ
517 2122 556 2159 μὴ
571 2122 602 2150 τὸ
617 2123 680 2151 αὐτὸ
695 2121 814 2155 καθάπαξ
842 2121 976 2162 ἐγχωρεῖν

153 2162 319 2209 ἀποστάλλον
348 2164 436 2194 τελεῖν
475 2167 519 2194 καὶ
553 2166 794 2204 ἀποστελλόμενον·
824 2165 877 2195 οὔδ’
905 2167 1009 2209 ἀπο-ο

154 2207 271 2252 στέλλειν
292 2208 381 2250 ἕτερον
395 2221 420 2238 τι
450 2211 481 2239 τὸ
502 2211 624 2250 παράπαν
639 2211 732 2251 arb-L121,
752 2212 885 2252 τυγχάνον
906 2211 976 2249 ὁμό-

153 2251 226 2286 δοξον
247 2253 291 2282 καὶ
321 2254 449 2292 ὁμότιμον
478 2257 569 2287 αὐτοῦ.
599 2256 629 2285 Τί
644 2267 689 2294 μοι
705 2257 735 2284 τὸ
750 2257 833 2295 παρὸν
848 2256 914 2297 πρὸς
931 2257 976 2285 τὸν

152 2297 271 2339 ἀρχῆθεν
300 2298 399 2328 σκοπόν
421 2310 430 2338 ;
452 2300 572 2340 ἱχόμενα
598 2301 692 2329 τούτου
719 2301 763 2329 καὶ
777 2300 975 2340 πλησιαίτερον.

155 2344 223 2373 Αὒτδ
265 2346 371 2383 Πνεῦμα
403 2345 434 2373 τὸ
468 2344 544 2385 ἅγιον
578 2345 681 2384 πνεῦμα
715 2349 762 2375 τοῦ
795 2346 898 2385 Πατρὸς
933 2345 978 2374 καὶ

154 2391 257 2426 πνεῦμα
284 2393 330 2419 τοῦ
371 2388 444 2427 Υῐοῦ,
478 2394 583 2427 πνεῦμα
609 2388 637 2418 δὲ
664 2393 711 2419 τοῦ
738 2390 890 2428 Πνεῦματος
919 2389 977 2420 οὔτε

154 2433 279 2474 πέφυκεν,
309 2434 367 2463 οὔτε
404 2434 459 2473 μὴν
485 2435 654 2473 ὄνομὶζεται,
686 2433 728 2463 διὰ
742 2435 772 2463 τὸ
801 2433 868 2473 μηδέ
891 2435 978 2475 ὑπάρ-

155 2488 215 2518 χειν
259 2478 361 2515 ἑαυτοῦ,
403 2478 466 2518 μηδ’
495 2479 655 2520 εὑρίσκεσθαι
691 2480 768 2508 τοῦτο
801 2478 977 2518 καλούμενον.

156 2520 220 2550 Οὑδέ
259 2521 338 2551 πάλιν
365 2523 527 2557 καθέστηκεν
554 2524 601 2551 τοῦ
621 2523 774 2560 Πνεύματος
795 2521 859 2551 ἄλλο
874 2534 911 2560 τι,
927 2526 978 2558 τῆς

155 2566 279 2601 θεότητος
307 2567 449 2606 ἱσταμένης
478 2568 504 2597 ἂν
541 2569 624 2608 τρισὶν
660 2567 844 2597 ὑποστάσεσιν.
880 2569 979 2597 Λοιπὸν

156 2612 200 2640 καὶ
220 2612 270 2646 τὴν
311 2612 420 2653 ὓπαρξιν
447 2613 577 2643 πλουτοῦν
597 2613 627 2642 τὸ
656 2616 762 2651 Πνεῦμα
789 2613 821 2641 τὸ
848 2612 925 2652 ἅγιον
950 2612 980 2642 ἐκ

157 2659 203 2685 τοῦ
239 2657 341 2697 Πατρὸς
369 2656 424 2696 ἅμα
450 2659 495 2687 καὶ
515 2661 561 2687 τοῦ
590 2659 662 2695 Υίοῦ,
684 2658 782 2691 ταύτην
796 2657 826 2686 οὐ
839 2657 977 2695 κέκτηται,

157 2702 202 2730 καὶ
228 2699 292 2740 παρ’
320 2701 413 2732 ἑαυτοῦ
433 2703 464 2731 τὸ
504 2701 611 2732 σύνολον
625 2700 685 2731 οὐδὲ
699 2701 774 2742 ἔχειν
789 2703 849 2742 τοῖς
871 2708 980 2735 πιστοῖς

157 2745 378 2787 καταγγέλλεταυ
417 2746 485 2776 διότι
512 2745 580 2786 μηδὲ
611 2741 732 2785 smack,
749 2741 814 2785 μηδ’
832 2745 978 2787 ἕνδεχόμε-

158 2802 203 2821 νον
230 2793 362 2832 ὁπωσοῦν,
397 2795 476 2821 τοῦτο
502 2794 552 2826 τῆς
587 2791 720 2832 ὑπάρξεως
735 2793 784 2825 τῆς
797 2791 892 2825 οἰκείας
908 2792 979 2820 εἶναι

157 2836 304 2877 παραίτιον.
335 2837 389 2872 Τῆς
423 2836 451 2865 δί
487 2835 597 2876 τριάδος
637 2837 668 2866 τὸ
692 2835 792 2865 τέλειον
808 2836 938 2876 φερούσης
952 2836 979 2865 ἂν

1013 283 1043 320 in
1056 283 1247 320 maximarum
1261 297 1360 319 rerum
1374 286 1559 326 ignoratione
1569 284 1676 315 versati
1686 289 1754 315 sunt
1768 283 1838 315 Ideo

1012 334 1091 366 enim
1103 335 1197 365 Deum
1205 337 1327 373 generat
1338 331 1423 363 Pater
1436 331 1512 372 quod
1521 329 1638 369 genitus
1651 339 1684 361 ex
1697 339 1732 360 eo
1748 329 1840 360 Filius

1011 379 1216 419 est,nonquod
1234 377 1471 419 progreditur,ex
1487 377 1552 415 ipso
1566 374 1768 406 exsistentiam
1785 375 1840 405 ha-

1011 423 1086 455 bens
1098 424 1226 464 Spiritus
1237 427 1368 454 sanctus.
1381 422 1473 453 Filius
1483 427 1582 452 autem
1593 421 1647 452 Dei
1656 420 1771 459 genitor
1782 430 1841 451 non

1014 473 1071 506 est,
1087 478 1153 499 cum
1170 468 1244 499 Filio
1264 471 1381 499 careat:
1398 466 1441 497 sic
1457 475 1511 497 nec
1528 465 1580 498 Dei
1596 465 1712 505 genitor
1727 468 1782 505 est,
1800 465 1842 496 uti

1015 512 1206 553 nequeFilius
1213 516 1256 543 est
1264 511 1391 552 Spiritus
1399 514 1527 541 sanctus.
1537 511 1621 541 Etest
1628 511 1683 541 hoc
1690 511 1842 550 proprium

1015 562 1044 588 et
1051 555 1547 598 pracipuumPalris,ethypostasis
1554 555 1633 586 illius
1641 555 1844 587 excellentiori

1015 603 1143 642 quodam
1160 602 1261 633 modo.
1277 601 1313 632 Et
1327 601 1416 640 hujus
1431 604 1533 631 contra
1550 610 1603 631 nos
1619 604 1647 631 et
1659 601 1750 640 ipsam
1766 600 1843 632 veri—

1017 651 1105 677 tatem
1148 647 1184 677 ab
1227 646 1405 677 adversariis
1434 644 1554 676 absurdi
1591 646 1734 682 conﬁcti,
1776 655 1843 676 cum

1016 691 1197 731 principium
1231 691 1336 721 falsum
1369 694 1575 730 supponatur,
1621 690 1844 722 conclusionem

1015 736 1085 766 item
1104 735 1292 766 mendacium
1316 735 1471 766 continere
1487 744 1611 765 necesse
1627 739 1684 766 est.

1057 780 1105 812 39.
1122 780 1214 816 Quale
1229 780 1299 811 item
1316 784 1371 814 est,
1386 779 1464 820 quod
1481 779 1524 810 illi
1541 780 1752 811 ratiocinantes
1764 781 1846 811 colli-

1016 828 1102 864 gunt,
1119 830 1147 855 et
1162 825 1207 856 uti
1223 824 1444 864 pronuntiatum
1461 828 1490 855 et
1516 833 1704 855 communem
1721 829 1844 856 senten-

484 878 571 912 Απαν,
595 873 667 913 φασὶ,
688 873 720 901 τὸ
741 873 835 913 κυρίως
854 872 897 900 ἐπὶ
911 876 1006 902 ΘεοῦΒ
1019 869 1087 900 tiam
1105 878 1182 909 propr

1061 879 1087 899 m
1105 868 1302 909 proponunt?
1319 867 1478 908 Quidquid,
1506 868 1656 909 inquiunt,
1675 869 1793 910 proprie
1809 871 1846 901 de

1020 915 1080 945 Deo
1096 913 1302 944 consideratur
1317 923 1333 943 ιι
1360 912 1445 943 nobis
1461 917 1489 943 et
1503 913 1622 951 dicitur,
1640 918 1689 944 aut
1713 918 1757 945 est
1771 914 1844 945 bea-

1018 962 1054 988 ta:
1068 958 1193 999 vitaeque
1216 957 1360 999 principis
1376 957 1493 988 Triadis
1508 967 1678 999 commune,
1693 963 1743 990 aut
1759 960 1847 991 unius

1018 1003 1193 1033 venerandae
1208 1002 1375 1043 hypostasis
1390 1002 1555 1043 proprium.
1573 1002 1608 1034 Et
1627 1004 1704 1035 hanc
1719 1005 1845 1044 positio—

1020 1057 1087 1078 nem
1097 1047 1186 1078 veluti
1198 1047 1396 1078 necessariam
1403 1047 1516 1087 absque
1525 1047 1583 1078 ulla
1591 1047 1848 1081 demonstratione

1017 1092 1048 1123 in
1076 1092 1205 1123 medium
1229 1092 1394 1132 proferunt.
1410 1091 1470 1123 Nos
1500 1092 1696 1124 nihilominus
1725 1094 1848 1134 hujusce

1016 1146 1104 1168 causa
1119 1137 1177 1167 duo
1190 1136 1226 1167 ab
1242 1137 1314 1177 ipsis
1331 1137 1510 1177 petemus,si
1526 1141 1624 1168 tamen
1632 1138 1669 1169 ad
1677 1139 1841 1170 secundum

1016 1191 1118 1212 eorum
1129 1181 1313 1222 respondere
1325 1186 1462 1221 poterunt
1472 1193 1478 1212 :
1487 1181 1642 1213 Causatum
1652 1192 1718 1214 esse
1728 1183 1759 1214 in
1768 1183 1841 1223 Deo,

1017 1226 1042 1257 si
1058 1230 1226 1257 sanctorum
1242 1235 1330 1257 voces
1344 1226 1427 1267 sequi
1444 1236 1502 1257 non
1521 1226 1662 1264 abnuitis,
1679 1228 1736 1260 hoc
1751 1233 1794 1260 est
1805 1239 1842 1260 ne

1017 1270 1178 1301 divinitatis
1207 1270 1349 1311 principis
1373 1270 1490 1302 Triadis
1505 1280 1673 1310 commune,
1691 1282 1728 1303 an
1753 1282 1841 1304 reve-

1018 1315 1120 1346 rendw
1134 1315 1214 1346 illius
1229 1314 1396 1355 hypostasis
1410 1315 1497 1346 unius
1509 1317 1659 1356 proprium
1673 1317 1730 1349 YUt
1744 1317 1840 1355 video,

1012 1359 1074 1400 jam
1105 1363 1206 1399 aperto
1230 1368 1281 1390 ore
1297 1359 1389 1395 hiant,
1406 1360 1593 1400 responsioni
1618 1362 1757 1402 impares,
1775 1372 1840 1393 cum

1019 1408 1156 1434 neutrum
1172 1404 1273 1435 dicere
1288 1404 1415 1435 valeant.
1433 1406 1569 1446 Namque
1597 1410 1748 1438 causatum
1764 1408 1842 1448 quod

1018 1457 1088 1479 vere
1100 1448 1130 1479 in
1157 1448 1218 1479 Deo
1234 1448 1426 1488 conspicitur,
1443 1453 1472 1480 et
1501 1449 1537 1480 de
1554 1460 1588 1481 eo
1610 1451 1728 1490 dicitur,
1746 1462 1842 1493 neque

1019 1493 1084 1538 vitae
1101 1493 1246 1534 principis
1262 1493 1378 1524 'l‘ria‘dis
1398 1503 1556 1525 commune
1570 1499 1626 1536 est,
1643 1506 1741 1538 neque
1755 1498 1843 1529 unius

1018 1537 1099 1584 illius
1115 1538 1309 1584 hypostaseon
1324 1538 1475 1584 proprium
1489 1551 1496 1578 ς
1509 1539 1561 1570 sed
1573 1540 1710 1579 duarum,
1724 1546 1755 1573 ut
1765 1543 1844 1584 quis-

1018 1581 1096 1629 piam
1112 1582 1407 1629 di_ceret,rproprium
1424 1586 1453 1614 et
1468 1593 1637 1629 commune,
1654 1586 1722 1618 Filii
1737 1581 1843 1629 nempe

1019 1631 1048 1658 et
1063 1627 1153 1658 divini
1169 1628 1326 1668 omniaque
1337 1629 1485 1668 operantis
1501 1627 1640 1669 Spiritus.
1653 1630 1749 1667 Quare
1765 1627 1843 1665 nunc

1018 1681 1121 1703 eorum
1147 1673 1368 1712 pronuntiatum
1385 1682 1532 1712 eversum,
1549 1679 1579 1706 et
1592 1678 1760 1709 communis
1788 1688 1842 1710 eo-

1017 1717 1153 1748 rumdem
1183 1719 1333 1749 sententia
1347 1717 1383 1748 ab
1413 1718 1550 1750 omnibus
1585 1722 1758 1754 conculcata
1786 1728 1842 1760 est,

1017 1761 1148 1798 Quanam
1178 1761 1293 1793 ratione
1317 1762 1392 1793 adeo
1420 1763 1661 1803 compendiosam
1690 1766 1842 1799 victoriam

1018 1806 1243 1853 quispi_am,_nisi
1257 1807 1393 1848 Spiritus,
1410 1806 1460 1847 qui
1475 1808 1562 1853 etiam
1575 1809 1738 1842 demortuis
1753 1812 1845 1853 inspi-

1019 1855 1075 1890 rat,
1106 1851 1243 1882 facultate
1269 1853 1526 1892 consequeretur?
1540 1852 1578 1885 Ut
1606 1863 1674 1886 vero
1710 1851 1844 1895 pluribus

1019 1895 1182 1942 orationem
1193 1895 1430 1942 corroboremus,
1447 1896 1484 1927 iis
1495 1897 1680 1937 potissimum
1695 1910 1760 1942 quae,
1771 1911 1843 1942 pro-

1018 1939 1113 1981 posito
1130 1939 1264 1986 proxima
1280 1946 1358 1986 sunt,
1376 1944 1405 1971 et
1420 1950 1486 1982 qua;
1500 1941 1588 1981 longe
1603 1939 1840 1986 proculque‘ab-

1016 1989 1095 2022 sunt,
1112 1984 1267 2024 neglectis,
1299 1985 1416 2016 mittere
1431 1985 1573 2025 Spiritum
1589 1984 1726 2020 sanctum
1748 1991 1844 2027 Patris

1016 2033 1046 2060 et
1057 2028 1125 2060 Filii
1137 2033 1192 2069 est,
1205 2029 1329 2069 hujusce
1337 2038 1406 2060 vero
1418 2029 1544 2069 Spiritus
1554 2033 1649 2063 sancti
1662 2034 1742 2065 nullo
1755 2035 1842 2067 modo

1017 2078 1073 2112 est,
1091 2082 1187 2113 neque
1201 2073 1321 2110 dicitur,
1339 2074 1417 2114 quod
1433 2074 1497 2106 ﬁeri
1524 2075 1638 2116 nequit,
1665 2082 1695 2108 ut
1710 2078 1789 2109 idem
1805 2081 1844 2110 sit

1018 2118 1137 2150 mittens
1153 2121 1182 2148 et
1195 2117 1324 2159 missus;
1341 2128 1438 2159 neque
1452 2120 1531 2150 aliud
1547 2121 1696 2162 quidpiam
1727 2124 1844 2156 mittere

1018 2171 1139 2204 prorSus
1173 2161 1327 2202 gloriatur,
1356 2164 1434 2203 quod
1450 2165 1583 2204 ejusdem
1613 2161 1732 2198 sitcum
1750 2177 1784 2199 eo
1814 2173 1844 2200 et

1017 2207 1119 2247 gloria
1133 2211 1162 2238 et
1176 2207 1307 2238 honoris.
1322 2207 1399 2244 Quid
1415 2208 1471 2240 hoc
1485 2209 1523 2240 ad
1537 2219 1625 2250 quem
1643 2211 1715 2242 mihi
1736 2212 1773 2243 ab
1788 2212 1844 2244 ini-

1018 2251 1059 2283 tio
1072 2261 1194 2296 scopum
1205 2261 1415 2293 proposueram
1428 2253 1441 2284 ἲ
1455 2254 1591 2295 proprius
1606 2255 1641 2286 ad
1653 2255 1748 2296 ipsum
1760 2267 1844 2289 acce-

1018 2296 1135 2342 damus.
1152 2295 1279 2337 Spiritus
1291 2302 1410 2342 sanctus
1421 2298 1544 2338 spiritus
1555 2295 1705 2338 Patrisfet
1719 2301 1843 2342 spiritus

1018 2341 1096 2382 Filii,
1110 2341 1231 2382 spiritus
1239 2351 1307 2373 vero
1321 2341 1448 2383 Spiritus
1463 2352 1559 2385 neque
1570 2348 1614 2375 est
1625 2354 1722 2386 neque
1733 2341 1844 2379 vocita-

1020 2389 1077 2422 tur.
1095 2386 1173 2427 quod
1189 2396 1248 2417 non
1273 2391 1318 2418 est
1332 2387 1377 2418 sui
1391 2387 1495 2428 ipsius,
1513 2398 1609 2430 neque
1623 2390 1789 2430 reperiatur
1803 2392 1843 2423 ita

1019 2430 1330 2477 nuncupatussNeque
1344 2441 1445 2463 rursus
1455 2433 1534 2464 aliud
1549 2434 1700 2475 quidpiam
1711 2437 1844 2477 assigna-

1020 2480 1067 2507 tur
1079 2476 1136 2517 ipsi
1151 2475 1284 2521 Spiritui,
1301 2486 1368 2507 cum
1379 2477 1516 2509 Deitasin
1529 2478 1623 2510 tribus
1638 2475 1843 2521 hypostasibus

1019 2520 1172 2553 consistat.
1186 2520 1283 2567 Quare
1297 2530 1364 2552 cum
1378 2522 1580 2554 exsistentiam
1596 2523 1701 2556 habeat
1716 2526 1844 2567 Spiritus

1020 2570 1140 2612 sanctus
1156 2575 1190 2612 ex
1206 2565 1293 2612 Patre
1308 2567 1396 2598 simul
1410 2571 1440 2598 et
1457 2567 1543 2608 Filio,
1560 2578 1625 2601 eam
1642 2579 1700 2601 non
1711 2565 1844 2612 posside-

1020 2610 1065 2642 bit
1083 2611 1214 2657 omnino
1230 2611 1319 2657 etiam
1345 2621 1363 2643 a
1375 2613 1549 2654 semetipso,
1577 2624 1674 2657 neque
1689 2610 1800 2648 habere
1825 2627 1843 2648 a

1022 2656 1162 2703 ﬁdelibus
1170 2656 1393 2703 pronuntiatur,
1423 2659 1502 2698 quod
1527 2659 1591 2691 ﬁeri
1606 2656 1720 2703 nequit,
1747 2671 1844 2702 neque

1021 2701 1142 2733 omnino
1156 2701 1243 2733 liceat
1257 2701 1318 2747 ullo
1328 2702 1428 2744 modo,
1438 2703 1518 2736 hunc
1525 2701 1706 2738 exsistentize
1716 2701 1843 2747 propriae

1020 2755 1148 2792 causam,
1157 2755 1235 2778 esse.
1252 2745 1324 2778 Cum
1335 2757 1407 2779 vero
1417 2748 1503 2780 Trias
1514 2745 1726 2790 perfectionem
1740 2745 1801 2792 prae
1810 2760 1843 2782 se

1022 2791 1098 2823 [erat
1106 2791 1198 2823 rebus
1208 2791 1347 2824 omnibus
1357 2792 1387 2824 in
1398 2792 1524 2832 Deitate,
1536 2804 1666 2835 persona
1674 2795 1732 2828 alia
1741 2791 1844 2829 essen-

1021 2836 1130 2869 tiatiter
1139 2845 1174 2869 ex
1184 2836 1344 2879 semetipsa
1353 2847 1414 2870 non
1427 2840 1536 2881 prodit,
1548 2840 1584 2872 ad
1591 2840 1671 2881 quod
1681 2840 1842 2873 absurdum
