1941 3082
99 155 176 187 1255

676 151 936 187 GONSTANTINI
957 152 1233 189 MELITENIOTIE

1721 152 1805 187 1256

112 222 185 253 ﬂ'usa
198 222 439 254 adversariorum
450 220 546 252 oratio
559 229 611 251 nos
618 220 878 260 compellebatldt

1036 231 1073 254 rm
1109 221 1177 249 κατὰ
1205 224 1268 259 πᾶν,
1298 220 1357 250 ουδὲ
1386 221 1528 261 πρόσωπον
1550 220 1684 255 οὗσιωδῶς
1709 221 1802 259 ἕτερον

97 268 184 307 plane
207 266 333 297 minime
353 265 497 297 adorandi
527 264 654 304 Spiritus
672 264 842 296 imminutio
868 267 925 303 est,

96 311 349 352 quemadmodum
366 319 470 340 rursus
486 309 565 340 nulla
575 308 724 348 Unigeniti
747 309 926 347 extenuatio,

96 354 456 387 cumPaterhabetFilium
466 352 638 393 etSpiritum
646 358 842 384 sanctumase
850 354 914 394 ipso

97 400 240 440 Spiritum
251 403 384 430 sanctum
394 398 490 429 solum
501 387 560 428 a-se
569 398 632 438 ipso
644 398 751 429 Filium
760 387 927 439 possidere:

97 444 172 481 Quid
183 442 533 484 praeterea?personaliaa
541 442 725 473 naturalibus
731 443 924 483 distinguunt,

96 499 155 520 non
171 488 375 527 intelligentes
388 487 418 517 in
432 488 493 518 Deo
506 487 593 517 etiam
611 487 807 527 proprietates
823 493 927 518 natura

96 534 209 573 inesse,
226 542 292 563 cum
302 532 443 563 accidens
458 531 608 561 ibilocum
624 541 682 562 non
699 532 816 569 habeat,
831 530 860 563 et
874 532 926 564 ille

97 578 178 609 omni
193 577 409 617 compositione
418 576 554 616 superior
568 575 616 615 sit,
628 580 656 606 et
672 576 799 616 amplius
814 576 924 615 magis-

97 633 153 663 que
160 622 280 663 proprie
288 630 431 661 unaqqu
437 630 473 651 ue
480 620 773 660 personadivinitatis
787 621 925 661 princeps

97 673 126 698 et
141 666 329 698 solummodo
347 665 557 705 proprietatem
585 666 748 705 propriam,
763 674 828 706 quia
844 665 924 696 nullo

99 712 187 743 modo
205 719 332 751 unquam
346 709 628 750 incepit,possideat
644 711 862 750 Proptereaque
871 719 925 740 na-

99 761 164 788 tura
180 757 267 788 Pater
281 764 350 786 vere
363 756 450 786 Pater
465 758 521 794 est,
539 755 593 785 hoc
609 754 689 784 enim
701 753 757 786 soli
773 755 924 795 proprium

968 264 994 297 ἐξ
1029 266 1107 294 αὒτοῠ
1141 265 1233 294 τούτου
1266 266 1381 305 πρόεισι,
1405 267 1471 305 πρὸς
1486 267 1551 305 ὅπερ
1567 265 1665 296 ἄτοπον
1682 267 1696 294 ὁ
1720 265 1803 305 λόγος

968 311 983 337 ὁ
1007 309 1088 342 πολύς
1122 313 1176 338 τῶν
1204 310 1392 349 ἀντικειμένων
1423 312 1493 349 ἡμᾶς
1526 311 1682 346 συνήλαυνε.
1714 312 1802 339 Τοῦτο

969 352 996 381 δὲ
1024 353 1130 387 πάντως
1157 356 1210 395 οὔχ
1236 354 1325 395 ὕφεσις
1360 359 1406 384 τοῦ
1431 359 1613 394 προσκυνητοῠ
1641 353 1801 392 Πνεόματός

968 408 1020 438 τις,
1037 397 1125 438 ὥσπερ
1161 398 1184 426 δ’
1213 399 1245 427 αὖ
1257 398 1363 437 οὐδεμία
1377 403 1423 428 τοῦ
1438 403 1602 439 Μονογενοῦς
1616 398 1696 429 πάλιν
1711 399 1799 427 ἰλάτ-

967 452 1060 477 τωσις,
1077 442 1116 471 ὅτι
1137 446 1184 484 τος)
1206 444 1307 483 Πατρὸς
1323 444 1433 484 ἔχοντος
1454 445 1500 473 τὸν
1522 446 1581 473 risv
1603 445 1648 473 καὶ
1667 445 1699 473 τὸ
1716 444 1798 483 ἅγιον

967 486 1073 524 Πνεῦμα
1108 482 1173 527 παρ’
1199 482 1304 525 ἑαυτοῦ,
1337 482 1367 516 {6
1389 492 1494 527 Πνεῦμα
1509 489 1540 518 τό
1565 488 1640 527 ἅγιον
1655 487 1718 527 παρ’
1733 482 1801 516 ἔαυ-

967 534 1013 559 τοῦ
1036 531 1117 569 μόνον
1137 533 1182 560 καὶ
1210 532 1224 560 ὃ
1255 534 1315 564 Υἱὸς
1331 534 1405 566 οὗτος
1426 533 1567 567 κέκτηται.
1594 533 1626 562 Kl
1646 534 1713 573 πρὸς
1727 532 1797 560 τού-

966 586 1021 607 τοις
1053 576 1096 604 καὶ
1130 579 1182 605 τῶν
1197 577 1378 606 δποστατικῶν
1401 576 1584 617 ἀντιδιαιροῦσι
1619 578 1651 605 τὰ
1681 577 1795 617 φυσικὰ,

966 620 1005 657 μὴ
1037 624 1155 653 νοοῦντες
1188 622 1225 653 ὡς
1253 621 1296 650 ἐπὶ
1330 625 1395 650 Θεοῦ
1423 623 1466 651 καὶ
1500 624 1526 651 αἱ
1555 621 1683 655 ἰδιότητες
1717 621 1798 662 φύσει.

966 664 1100 703 πρόσεισιν
1128 674 1136 702 ;
1170 666 1226 694 ἐπεὶ
1254 665 1318 704 μηδ’
1354 665 1413 706 ἔχει
1448 667 1478 695 τὸ
1505 665 1672 705 συμϐεϐηκός
1697 666 1797 706 χώραν

966 708 1034 749 ἐκεῖ,
1066 710 1154 743 πάσης
1189 711 1269 739 αὺτοῦ
1297 711 1440 743 συνθέσεως
1464 711 1539 744 ὄντος
1578 711 1712 748 ἐπέκεινα,
1749 711 1798 738 καὶ

965 754 996 782 τὸ
1023 758 1115 791 μεῖζον
1137 755 1180 782 καὶ
1200 755 1357 795 κυριώτερον
1378 756 1490 784 ἑκάστου
1512 755 1544 790 δὴ
1571 758 1625 784 τῶν
1639 754 1795 794 προσώπων

98 806 143 832 est
158 805 188 831 et
203 804 377 841 perpetuum
390 811 398 838 -,
421 804 450 829 et
464 799 555 830 Filius
570 803 676 829 natura
690 798 768 829 ﬁlius
783 807 838 836 esu,
857 809 864 829 t

1027 809 1077 830 ιτος
1102 800 1154 831 τῶν
1176 800 1328 839 θεαρχικῶν
1357 801 1401 828 καὶ
1428 800 1515 838 μόνως
1539 800 1589 834 τὴν
1605 798 1724 832 ἰδιότητα
1741 798 1793 832 τὴν

97 847 146 878 nia
161 845 254 876 Patris
271 844 438 885 possidens.
458 852 545 873 unam
563 843 588 873 si
603 843 732 884 excipias
762 848 863 884 patern

1025 843 1074 881 ίαν,
1108 844 1151 872 καὶ
1176 843 1352 882 μηδοπωσοῦν
1380 844 1527 884 ἀρξαμένην
1554 843 1700 881 μηδέποτε.
1741 843 1791 871 Διὺ

99 896 180 927 tem;
196 888 284 920 sicuti
308 892 337 919 et
361 887 487 928 Spiritus
506 891 624 918 sanctus
652 894 753 918 natura
773 892 818 919 est
845 898 862 929 q

1027 898 1033 914 t
1060 889 1135 927 φύσιν
1164 889 1178 916 ὁ
1204 888 1295 928 Πατὴρ
1323 888 1406 921 ὅντως
1434 889 1534 928 πατὴρ,
1562 892 1639 917 τοῦτο
1666 889 1711 916 καὶ
1740 887 1793 926 γὰρ

99 939 297 975 nuncupatur,
326 933 395 963 licet
410 941 505 972 neque
532 932 737 972 paternitatem
758 933 865 972 partici‘

1027 943 1040 968 p
1064 932 1135 969 αὐτῷ
1161 933 1205 960 καὶ
1240 932 1338 973 ἀίδιον,
1367 933 1409 961 καὶ
1437 934 1492 965 υἱὸς
1519 933 1587 960 κατὰ
1611 933 1686 971 φύσιν
1702 931 1793 972 πέφυ-

99 988 198 1020 neque
219 978 392 1008 ﬁliationem
405 976 525 1007 sortitus
539 977 587 1008 sit.
619 978 728 1008 Natura
745 976 843 1017 itaque
858 987 865 1008 ξ

1032 977 1045 1004 ὁ
1063 977 1134 1014 Υἱὸς,
1150 977 1236 1006 πάντα
1250 978 1283 1006 τὰ
1303 981 1350 1007 τοῦ
1372 979 1473 1014 Πατρὺς
1495 977 1567 1017 ἔχων
1581 976 1652 1012 πλήν
1666 979 1716 1010 τῆς
1733 986 1796 1004 πα-

100 1025 129 1055 in
149 1019 288 1054 iminime
304 1021 467 1062 composita
482 1025 511 1052 et
538 1030 625 1062 quam
643 1021 769 1052 maxime
797 1022 866 1062 sim}

1031 1031 1105 1058 ητος,
1136 1022 1172 1053 ὥς
1200 1022 1287 1050 καὶτὸ
1303 1024 1408 1060 Πνεῦμα
1427 1024 1459 1052 τὸ
1472 1022 1548 1062 ἅγιον
1572 1022 1636 1061 ὅπερ
1659 1020 1795 1059 ὀνομάζε-

103 1068 211 1100 Triade
226 1068 297 1108 ipsze
311 1065 487 1097 differentiae
500 1065 734 1106 uniuscujusque
759 1066 869 1106 bypost:

1030 1066 1098 1094 κατὰ
1127 1066 1202 1106 φύσιν
1231 1066 1297 1107 ἐστὶ,
1313 1067 1382 1105 μὴτε
1409 1070 1456 1096 τοῦ
1470 1067 1561 1106 Πατὴρ
1575 1066 1705 1106 ὑπάρχειν
1721 1076 1794 1102 μετ-

99 1117 129 1144 et
144 1113 353 1153 proprietates,
365 1110 480 1141 etiamsi
488 1110 550 1150 jam
566 1110 635 1141 dicti
645 1119 711 1141 cum
723 1110 865 1151 reliquis:

1027 1111 1100 1147 ικὼς,
1132 1111 1200 1148 μήτε
1225 1111 1255 1140 τό
1284 1112 1343 1144 Υἱός
1368 1111 1588 1152 κληρωσάμενον.
1617 1111 1697 1139 Φύσει
1726 1115 1793 1148 γοῦν

98 1157 184 1198 plane
199 1157 229 1187 id
244 1155 459 1196 ignoraverint.

1034 1158 1083 1189 τῆς
1112 1155 1250 1185 ἀσυνθέτου
1278 1157 1323 1185 καὶ
1350 1156 1438 1190 ἁπλῆς
1466 1155 1581 1194 μάλιστα
1602 1154 1711 1194 Τριάόος
1737 1154 1791 1182 αὒ-

95 1206 145 1236 τῆς
173 1202 201 1237 αἵ
224 1213 252 1230 τε
280 1200 337 1229 καθ’
367 1201 510 1229 ὑπόστασιν
544 1200 659 1234 ὲκὰστην
686 1199 806 1241 διαφοραὶ
832 1202 876 1229 καὶ
904 1202 938 1230 τὰ
964 1200 1107 1241 ἰδιὼματα,
1142 1199 1190 1230 κὲν
1231 1202 1254 1230 οἱ
1289 1200 1451 1235 δηλωθέντες
1499 1201 1567 1239 μετὰ
1594 1202 1647 1228 τῶν
1684 1199 1791 1228 λοιπῶν

96 1246 231 1287 ἠγνόησαν
260 1246 304 1274 καὶ
325 1250 401 1275 τοῦτο
427 1245 605 1276 παντάπασιν,

136 1291 186 1324 40.
204 1289 281 1322 Satis
296 1289 474 1329 abundeque
498 1289 536 1320 de
551 1289 608 1320 hoc
623 1289 831 1322 disseruimus.
849 1291 902 1321 Pas

1025 1289 1046 1321 η’.
1079 1285 1187 1323 Ἰκανῶς
1228 1291 1273 1320 καὶ
1293 1290 1439 1331 ἀρκούντως
1466 1291 1535 1328 ἡμῖν
1549 1291 1594 1319 καὶ
1615 1289 1674 1328 περὶ
1688 1288 1791 1317 τούτων

95 1345 161 1367 sum
186 1334 382 1366 nihilominus
410 1339 439 1365 et
455 1333 522 1365 aliis
551 1334 650 1364 multis
669 1336 780 1374 scripto
809 1339 861 1366 tral

1025 1346 1115 1365 .εκται.
1144 1335 1218 1370 Πλὴν
1247 1335 1304 1376 ἔχω
1318 1336 1361 1364 καὶ
1389 1335 1432 1364 διὰ
1458 1335 1565 1364 πολλῶν
1580 1334 1675 1374 ἐτέρων
1689 1344 1791 1373 γραφι-

97 1379 275 1411 testimoniis
290 1379 506 1416 demonstrare,
523 1378 666 1418 Spiritum
683 1384 818 1410 sanctum
833 1385 862 1410 el

1046 1379 1128 1413 δεῖξαι
1157 1380 1245 1419 ῥητῶν
1279 1382 1316 1412 ὡς
1337 1381 1367 1409 τό
1395 1384 1501 1418 Πνεῦμα
1529 1380 1558 1408 τό
1573 1379 1648 1419 ἅγιον
1669 1378 1722 1406 κᾶκ
1742 1380 1792 1405 τοῦ

96 1435 131 1456 ex
139 1425 215 1456 Filio
225 1423 425 1456 exsislentiam
435 1423 626 1462 habere,quae
636 1423 736 1454 omnia
744 1433 830 1464 quam
840 1433 862 1454 Ol

1025 1442 1027 1450 ν
1054 1424 1125 1464 φέρει
1161 1425 1209 1459 τὴν
1223 1424 1341 1465 ὕπαρξιν,
1358 1425 1376 1453 ἅ
1395 1425 1482 1453 πάντα
1496 1424 1591 1464 τάχιον
1616 1422 1714 1463 ἂπάρτι
1730 1421 1791 1450 καθ’

96 1479 150 1501 suo
166 1469 270 1500 ordine
286 1478 365 1500 nunc
379 1468 409 1499 in
427 1467 558 1499 medium
577 1468 716 1503 atterens,
734 1469 862 1508 postmorl

1025 1469 1052 1498 όν
1087 1471 1116 1497 ἓν
1140 1473 1179 1507 τῷ
1208 1469 1282 1507 μέσῳ
1311 1469 1425 1509 πρόθεὶς,
1456 1469 1517 1498 εἶτα
1548 1469 1614 1509 πρὸς
1636 1465 1791 1506 συμϐουλὴν

97 1515 127 1546 in
138 1514 375 1546 adversariorum
382 1512 630 1545 consultationem
643 1517 671 1544 et
685 1513 863 1544 adhortatio:

1045 1514 1168 1542 ἐναντίων
1201 1515 1308 1554 τραπεὶς
1343 1515 1387 1543 καὶ
1427 1514 1578 1554 παραίνεσιν
1613 1513 1650 1545 εἷς
1679 1511 1790 1550 μετρίαν

95 1568 269 1599 conversus,
285 1559 315 1590 in
334 1558 515 1589 moderatam
532 1557 649 1589 laudem
666 1558 732 1596 Dei,
749 1562 777 1589 et
792 1563 861 1598 part

1024 1569 1065 1587 σιν
1098 1558 1144 1587 τόν
1172 1558 1252 1598 λόγον
1280 1560 1317 1592 ὡς
1344 1558 1450 1597 δύναμις
1479 1556 1717 1598 ἆνακεφαλαιώσω,
1744 1556 1790 1583 καὶ

94 1604 188 1636 larem
203 1605 363 1644 gratiarum
386 1603 548 1643 actionem,
565 1603 605 1633 uti
623 1607 739 1641 potero,
756 1603 860 1634 oratio:

1025 1604 1076 1638 κὴν
1103 1603 1276 1644 εὖχαριστίαν
1298 1608 1374 1641 Θεοῦ,
1404 1604 1470 1632 κατὰ
1502 1603 1548 1631 τόν
1581 1602 1698 1642 ἀρχῆθεν
1725 1611 1790 1629 σκο-

95 1649 126 1680 in
141 1658 286 1680 summam
302 1647 448 1687 redigam,
464 1647 506 1677 uti
518 1647 555 1677 ab
572 1646 656 1678 initio
672 1647 746 1678 mihi
762 1657 861 1688 propo:

1023 1671 1027 1683 ,
1056 1648 1100 1677 καὶ
1113 1649 1162 1682 τὴν
1189 1648 1216 1677 ὲν
1237 1652 1276 1686 τῷ
1303 1649 1432 1689 προοιμίῳ
1459 1647 1641 1687 μεταχείρισιν
1654 1650 1701 1675 τοῦ
1714 1646 1789 1683 ἡμε-

95 1703 171 1735 ram,
186 1698 215 1724 et
226 1693 256 1724 in
268 1692 405 1733 prooemii
415 1691 585 1731 egressione
599 1692 685 1732 primi
699 1692 755 1722 mei
767 1692 861 1724 Comn

1022 1697 1050 1722 οὗ
1083 1694 1188 1734 πρώτου
1220 1694 1414 1735 συντάγματος,
1437 1695 1485 1722 καὶ
1513 1693 1597 1725 οὕτως
1611 1690 1788 1728 ἐπευξάμενος

97 1738 165 1769 tarii
181 1737 406 1774 constitueram,
423 1736 527 1774 sicque
551 1735 767 1767 addecentibus
782 1737 924 1778 precibus

96 1781 208 1822 eﬁusis,
239 1781 281 1812 uti
311 1789 363 1821 par
391 1785 446 1816 est.
478 1780 600 1820 dignum
638 1780 738 1812 divina
771 1786 923 1813 annuente

96 1836 152 1867 ope
164 1825 232 1856 huic
245 1834 310 1856 meo
325 1825 417 1856 labori
429 1825 519 1856 ﬁnem
534 1824 758 1865 imponam.Sed
768 1826 830 1866 jam
844 1827 923 1858 dicta

96 1869 273 1910 compendio
302 1869 479 1909 apponenda
506 1873 586 1906 sunt,
616 1874 646 1900 et
666 1869 708 1901 uti
737 1879 769 1900 se
798 1870 919 1903 habent.

97 1915 175 1946 Ante
190 1914 265 1945 alios
281 1923 405 1953 magnus
419 1913 545 1945 Basilius
554 1913 584 1944 in
600 1913 690 1945 rebus
705 1914 813 1945 divinis
829 1925 923 1956 expo-

96 1959 203 1990 nendis
213 1958 504 1999 prazcellentissimus
512 1960 645 1990 oratione
652 1959 690 1990 de
697 1959 754 1990 ﬁde
762 1960 823 1990 hinc
831 1962 921 1992 certis

94 2003 194 2036 verbis
210 2003 363 2035 enuntiat:
380 2013 393 2033 ι
410 2003 548 2035 Vidimus
558 2004 705 2044 enim,ait
723 2005 925 2044 evangelista-

95 2049 227 2089 gloriam
236 2047 447 2088 eius,gloriam
455 2048 544 2088 quasi
556 2048 710 2087 Unigeniti
721 2057 739 2078 α
751 2049 845 2080 Patre
854 2049 892 2088 ⁸9,
907 2062 920 2078 ι

95 2094 149 2126 hoc
158 2097 266 2132 estnon
273 2101 311 2124 ex
317 2101 440 2124 munere
447 2092 616 2124 denovoilli
624 2092 921 2135 tributismiraculis,

95 2137 148 2169 sed
161 2146 198 2169 ex
208 2137 417 2168 communione
427 2137 592 2168 secundum
603 2140 745 2168 naturam
756 2138 924 2178 possidente

967 1739 999 1768 τὰ
1027 1739 1127 1774 εἰκότα,
1158 1740 1294 1779 κοθαπερεὶ
1331 1739 1404 1772 θέμις
1436 1738 1517 1776 ἐστὶν,
1555 1737 1626 1771 ἄξιον
1653 1736 1700 1764 σύν
1730 1738 1790 1772 Θεῷ

964 1783 1045 1822 πέρας
1070 1782 1188 1812 ἐπιϐάλῶ
1216 1787 1255 1821 τῷ
1289 1784 1398 1824 παρόντι
1419 1783 1568 1820 πονήματι,
1591 1781 1641 1811 Καὶ
1658 1780 1690 1814 δὴ
1705 1790 1790 1820 προσ-

963 1828 1050 1856 θετέον
1083 1829 1117 1857 τὰ
1130 1832 1183 1857 τῶν
1197 1828 1284 1867 ῥητῶν
1300 1829 1328 1857 ἐν
1348 1829 1469 1866 συντόμῳ
1486 1828 1531 1856 καὶ
1551 1827 1638 1858 καθὼς
1665 1825 1788 1865 ἔχουσιν.

964 1870 1008 1901 Ἐν
1036 1873 1152 1912 πρώτοις
1180 1873 1194 1901 ὅ
1220 1873 1303 1913 μέγας
1328 1873 1461 1905 Βασίλειος
1477 1874 1491 1901 δ
1506 1872 1551 1901 καὶ
1567 1872 1600 1900 τὰ
1619 1873 1680 1900 θεῖα
1703 1869 1789 1901 πολὺς

965 1916 992 1945 ἐν
1021 1921 1060 1955 τῷ
1094 1920 1153 1958 περὶ
1181 1920 1296 1951 Πίστεως
1334 1918 1405 1958 λόγῳ
1433 1918 1521 1957 ῥητῶς
1542 1919 1625 1946 ταῦτα
1653 1914 1787 1948 διέξεισιν·

967 1975 982 1993 α
1011 1961 1189 1999 Ἐθεασάμεθα
1229 1963 1291 2004 γὰρ⁷
1343 1964 1423 2003 φησὶν
1465 1963 1479 1991 ό
1507 1960 1716 2001 Εὒαγγελιστὴς,
1738 1959 1789 1993 τὴν

966 2006 1041 2040 δόξαν
1071 2009 1161 2045 αὑτοῦ,
1192 2006 1267 2041 δόξαν
1284 2009 1320 2040 ὡς
1336 2009 1500 2047 Μονογενοῦς
1534 2007 1606 2046 παρὰ
1630 2005 1746 2047 Πατρός,
1772 2016 1786 2031 ³

966 2048 1100 2077 τουτέστιν
1143 2044 1190 2076 οὐκ
1230 2048 1260 2076 ἐκ
1300 2049 1397 2088 δωρεᾶς
1414 2044 1421 2047 ⁷
1438 2048 1481 2076 καὶ
1522 2044 1634 2088 χάριτος
1661 2044 1789 2074 δοθέντων

964 2093 1036 2129 αὐτῷ
1057 2093 1109 2122 τῶν
1144 2094 1295 2134 θαυμάτων,
1318 2093 1376 2122 ἀλλ’
1413 2094 1444 2123 ἐκ
1469 2096 1519 2127 τῆς
1553 2093 1622 2121 κατὰ
1636 2091 1711 2132 φύσιν
1733 2101 1790 2119 κοι-

966 2137 1058 2170 νωνίας
1093 2137 1203 2178 ἔχοντος
1248 2142 1294 2167 τοῦ
1324 2140 1384 2168 Υἱοῦ
1420 2141 1469 2171 τῆς
1507 2139 1638 2178 πατρικῆς
1664 2136 1789 2170 θεότητος

95 2183 175 2214 Filio
182 2186 326 2224 paterna:
336 2182 460 2227 deitatis
472 2182 665 2222 dignitatem.
680 2182 823 2222 Accipere
832 2185 860 2214 si

1024 2181 1135 2221 ἀξίωμα,
1152 2184 1187 2212 Τὸ
1220 2185 1269 2220 μὲν
1296 2183 1346 2222 γὰρ
1374 2182 1466 2212 λαϐεῖν
1496 2183 1584 2227 κοινὸν
1598 2182 1722 2220 καὶπρὸς
1738 2179 1787 2214 τήν

95 2227 161 2259 dem
176 2235 332 2259 commune
341 2226 414 2267 quid
425 2229 467 2258 est
482 2228 574 2258 etiam
582 2229 743 2263 creaturae,
753 2227 806 2258 sed
815 2236 854 2258 ea;

1023 2237 1061 2266 ιν,
1101 2228 1133 2268 τὸ
1167 2226 1194 2256 δὴ
1222 2227 1296 2268 ’ἐχειν
1331 2228 1362 2256 ἐκ
1391 2228 1492 2268 φύσεως
1521 2225 1589 2255 ἴδιον
1617 2230 1664 2255 τοῦ
1688 2235 1789 2264 γεννη-

96 2277 165 2304 tura
180 2271 290 2304 habere
301 2266 463 2312 proprium
475 2275 518 2303 est
533 2271 632 2312 geniti
637 2269 700 2303 ,ΙΙιὶ
710 2271 814 2312 itaque
825 2272 860 2303 Fi

1026 2283 1066 2303 νς.
1103 2266 1150 2303 Ὦς
1178 2266 1301 2310 etiam
1347 2266 1407 2306 me
1442 2274 1560 2312 φυσικῶς
1595 2270 1724 2303 κέκτηται
1758 2269 1791 2298 τὰ

95 2317 285 2348 naturaliter
302 2316 437 2356 possidet
461 2324 646 2356 quacunque
662 2315 766 2347 Patris
780 2320 862 2357 sunt,
876 2318 925 2348 uti

98 2370 169 2393 vero
176 2361 219 2392 Un
225 2362 357 2402 igenitus
364 2361 507 2392 omniain
518 2360 676 2400 semetipso
686 2365 869 2401 congregata
875 2361 927 2392 ha-

97 2405 246 2443 bet,nullo
257 2406 290 2437 in
300 2406 395 2437 alium
406 2406 550 2438 divisan
561 2414 620 2436 uno
630 2405 926 2437 secundiThesauro-

97 2460 166 2482 rum
178 2450 274 2490 capite
286 2450 366 2482 nisce
374 2461 432 2482 non
441 2451 560 2482 dissona
566 2449 749 2481 admirabilis
756 2450 861 2482 scribit
869 2453 926 2492 Cy—

97 2495 352 2533 rilluszQuomodo
357 2495 437 2527 inter
445 2504 494 2527 res
498 2495 594 2535 factas
601 2496 927 2536 annuMerabitur,qut

97 2540 211 2572 divinae
217 2543 410 2579 paterneque
419 2543 665 2571 essentiwomnes
675 2542 707 2570 in
714 2548 745 2571 se
754 2540 925 2580 complecti-

97 2589 150 2617 tur
157 2584 445 2616 naturaliterPatris
451 2586 650 2624 proprietates
659 2593 695 2615 ac
706 2584 902 2617 excellentius
909 2587 925 2616 ἵ

96 2630 136 2662 Et
150 2638 254 2661 rursus
270 2629 300 2660 in
316 2629 373 2660 alio
385 2638 396 2660 :
408 2628 567 2667 Quomodo
579 2638 640 2660 non
654 2628 811 2660 eritFilius
821 2630 926 2661 vivens

97 2685 135 2708 ea;
145 2675 265 2707 vivente
280 2674 382 2715 Patre,
392 2683 461 2705 cum
477 2673 511 2704 in
525 2673 624 2714 ipsum
639 2673 828 2705 naturaliter
840 2683 926 2714 gene-

97 2720 198 2753 rantis
219 2721 389 2762 proprietas
413 2718 555 2751 immeet?
572 2717 673 2749 Hicin
702 2717 813 2750 dictum
829 2718 923 2751 illud:

137 2800 170 2826 89
183 2801 269 2833 Joan.
286 2809 307 2838 ι,
324 2802 375 2833 14.

965 2315 1012 2344 τοῦ
1040 2316 1153 2356 Πειτρὸς¹
1183 2318 1220 2349 ὡς
1242 2316 1269 2345 δὲ
1299 2318 1451 2356 Μονογενής
1485 2315 1536 2345 ὅλα
1565 2316 1625 2356 ἕχιι
1646 2316 1676 2343 iv
1705 2314 1792 2350 ἑαυτῷ

967 2359 1114 2397 σπδλλαῖὼν,
1165 2360 1268 2393 οὐδενὸς
1331 2360 1573 2401 καταμεριζομένου
1619 2360 1686 2399 πρὸς
1730 2357 1791 2386 ἕτε-

968 2418 1023 2446 ρον.
1055 2401 1110 2435 ’Ἐν
1144 2418 1195 2435 τινι
1216 2410 1269 2436 τῶν
1284 2407 1433 2448 κεφαλαίων
1454 2410 1500 2435 τοῦ
1521 2405 1640 2445 δευτέρου
1654 2404 1708 2434 τῶν
1730 2408 1791 2438 Θη-

968 2454 1070 2491 σαυρῶν
1097 2451 1190 2482 τῡότου
1216 2451 1317 2489 συνῳδὰ
1344 2453 1388 2481 καὶ
1422 2454 1437 2480 ὁ
1470 2451 1613 2490 θαυμάσιος
1632 2450 1705 2489 λέγει
1734 2449 1791 2478 Κύ-

967 2495 1066 2536 ριλλος.
1096 2499 1157 2529 Πῶς
1186 2496 1217 2524 ἂν
1245 2496 1291 2531 εἴη
1326 2500 1379 2525 τῶν
1405 2500 1540 2537 γεννητῶν
1569 2497 1583 2524 ὀ
1597 2497 1646 2529 τῆς
1675 2494 1746 2526 θείας
1761 2504 1790 2522 τε

965 2542 1010 2569 καὶ
1038 2541 1166 2581 Πατρῴας
1206 2542 1295 2574 οὐσίας
1341 2541 1413 2582 ἔχων
1440 2541 1468 2570 ἑν
1496 2542 1581 2578 ἑαυτῷ
1610 2543 1724 2581 φυσικῶς
1758 2540 1793 2568 τὰ

966 2589 1013 2614 τοῦ
1041 2586 1143 2626 Πατρός
1158 2585 1214 2615 ἴδια
1242 2587 1286 2615 καὶ
1313 2586 1455 2628 ἔξαίρετας
1487 2587 1537 2616 Καὶ
1561 2585 1641 2615 πάλιν
1665 2586 1694 2614 ἓν
1717 2583 1793 2622 ἄλλῳ

966 2633 1026 2663 Πῶς
1052 2632 1099 2659 οὒκ
1112 2631 1184 2660 ἔσται
1221 2633 1280 2665 Υἱὸς
1305 2633 1359 2668 ζῶν
1393 2632 1423 2661 ἐκ
1457 2635 1555 2668 ζῶντος
1581 2632 1695 2670 Πατρὸς,
1731 2629 1792 2659 δια-

966 2674 1107 2709 ϐαινοόσης
1149 2676 1185 2708 εἰς
1228 2675 1305 2706 αὐτὸν
1349 2680 1466 2718 φυσικῶς
1513 2679 1563 2711 τῆς
1610 2679 1657 2704 τοῦ
1689 2676 1791 2715 γεννή-

967 2731 1062 2753 σαντος
1104 2719 1235 2756 ἰδιότητος
1265 2730 1274 2760 ;
1325 2723 1406 2755 Οὗτος
1434 2722 1471 2755 εἷς
1503 2722 1534 2751 τὸ
1560 2721 1640 2761 ῥητὸν
1679 2721 1723 2761 τὸ,
1754 2722 1793 2750 Οὖ
