1941 3082
212 127 224 161 1
232 128 291 161 263
773 128 978 164 CONSTANT‘

1135 129 1342 164 ,ΙΤΕΝῘΟΤῶ
1836 126 1901 160 1264

205 193 263 227 vita
278 203 435 227 sermones
447 196 667 238 comprobat,et
678 205 835 229 sermones
848 198 935 229 vitam
949 207 971 229 ci

1131 209 1172 230 νες
1200 198 1293 235 πολλῷ
1314 210 1352 235 τῳ
1374 197 1473 238 μέτρῳ,
1495 197 1620 226 καὶκατὰ
1641 199 1693 225 πᾶν
1709 196 1817 225 τούτων
1832 197 1896 236 hap-

205 239 357 278 mendant,
370 240 420 281 qui
436 240 596 273 multorum
611 241 736 273 deorum
753 242 884 273 tenebris
901 242 971 276 dissi

1154 241 1362 282 ὑπερϐαίνουσιν,
1391 244 1428 271 ὧν
1458 243 1472 270 ὃ
1493 242 1549 280 βίος
1571 241 1619 280 μέν
1633 244 1671 278 τῷ
1684 240 1762 280 λόγῳ
1778 252 1895 280 συμμαρ-

205 284 254 320 tis,
272 288 300 315 et
314 284 467 316 baereseon
482 285 621 316 universa
636 285 763 326 caligine
774 286 910 327 disjecta,
923 286 971 318 sol:

1131 294 1155 328 τ,
1185 287 1228 315 καὶ
1257 288 1271 316 ὁ
1298 286 1377 325 λόγος
1411 286 1440 315 δέ
1469 287 1514 314 τὸν
1542 287 1598 325 βίον
1617 286 1783 325 συνίστησιν,
1801 285 1847 318 οἷς
1859 287 1894 314 καὶ

203 328 257 360 bus
268 328 360 360 radiis
375 329 406 360 in
422 329 534 361 mundo
545 330 706 362 dilucidius
719 331 938 371 prefulserunt,
954 341 969 362 a

1158 331 1234 366 ἡλίου
1269 334 1448 371 μαρμαρυγῶν
1477 330 1599 369 ἔλαμψαν
1620 330 1647 358 έν
1678 331 1777 368 κόσμῳ
1798 329 1893 371 φαιδρό·

200 377 232 404 ιιι
249 372 286 404 de
299 376 426 414 utroque
441 375 578 406 Satanam
606 374 757 416 puduerit,
783 384 887 406 eorum
912 375 966 406 vim

1126 387 1153 414 ιν,
1198 379 1285 404 πᾶσαν
1327 375 1528 416 ιεξαφανίσαντες
1569 376 1618 410 τὴν
1665 375 1714 408 τῆς
1753 374 1892 406 πολυθεὶας

201 416 284 449 hisce
299 417 549 460 conspicientem,
566 423 595 450 et
607 428 681 460 quos
705 419 906 460 angelicnrum
921 420 967 451 col

1126 422 1166 457 ζον,
1187 421 1231 449 καὶ
1252 421 1297 449 τὸν
1323 420 1401 460 ζόφον
1429 422 1481 448 τῶν
1511 420 1634 460 αἱρέσεων
1656 419 1743 448 πάντα
1756 418 1892 448 διασκεδᾶ-

199 461 273 493 tium
285 461 358 493 ordo
373 463 502 503 probans
518 463 626 494 mirum
642 464 673 494 in
689 464 808 495 modum
826 468 886 494 tum
903 467 1025 505 propter

199 506 229 537 in
245 508 372 550 utroque
389 507 559 539 firmitatem
583 508 736 546 eximiam,
755 512 814 539 tum
833 512 952 549 propter
966 509 1025 540 im-

201 559 336 583 mensam
353 551 559 583 fortitudinem
575 552 737 584 admiratus
754 557 810 584 est.
828 553 865 585 Et
879 553 1024 594 quodjam

200 595 280 627 dicta
295 597 397 628 omnia
427 601 557 638 superat,
584 601 614 629 et
640 602 778 639 tanquam
800 607 903 629 eorum
933 598 1026 638 magis

199 640 355 681 proprium
368 640 400 672 in
414 640 502 673 laude
518 642 648 682 ponitur,
660 652 763 674 eorum
776 642 989 674 commentaria
1000 650 1028 676 et

199 684 311 726 scripta
333 685 424 717 veluti
452 685 596 718 Mosaicas
627 686 742 718 tabulas
767 691 796 718 et
820 696 888 719 vere
915 686 1029 718 divinas

201 736 291 761 voces
323 729 387 767 Dei,
405 729 536 762 Ecclesia
563 730 715 772 excipiens
743 732 922 763 reverendas
942 730 1028 764 nobis

198 775 473 817 exosculandasque
498 776 694 807 concredidit.
719 776 750 808 Si
779 777 834 808 hos
853 777 942 817 igitur
968 786 1022 808 au-

1068 476 1172 503 σαντες,
1195 465 1232 497 ὠς
1261 465 1433 505 αἰσχυνθῆναι
1462 466 1506 493 καὶ
1521 464 1580 492 κατ’
1594 464 1743 505 ἀμφότερον
1766 464 1814 492 τὸν
1842 467 1892 491 Σι-

1066 511 1126 548 τὰν,
1146 511 1196 545 τὴν
1218 510 1245 538 ἒν
1282 511 1383 541 τούτοις
1405 509 1513 548 δύναμιν
1534 510 1619 539 αὐτῶν
1647 509 1826 547 θεασάμενον,
1855 509 1893 540 οὒς

1067 554 1241 595 διαφερόντως
1269 555 1314 583 καὶ
1336 555 1388 583 τῶν
1423 553 1572 593 ἆγγελικῶν
1592 554 1734 592 ταγμᾶτων
1762 554 1781 588 ἡ
1804 552 1892 581 διακό-

1068 610 1166 638 σμησις
1195 599 1353 639 ἀγασαμένη
1396 599 1460 627 κᾶπὶ
1499 598 1567 627 πολῦ
1593 601 1642 632 τῆς
1678 596 1891 638 ὑπερϐαλλούσης

1069 643 1240 683 στεῤῥότητος
1270 644 1296 672 ἒν
1341 644 1486 683 ἑκατέροις,
1516 644 1628 677 καὶτῆς
1662 643 1811 683 ὑπερφυοῦς
1848 643 1890 670 ἆν-

1068 688 1139 728 δρίας
1161 689 1369 728 ὺπερεθαύμασε.
1401 689 1436 718 Τὸ
1464 688 1570 716 πάντων
1605 687 1730 727 μέγιστον
1759 690 1817 716 τῶν
1851 688 1890 727 ῥη-

1067 733 1162 762 θέντων
1186 737 1241 770 νῦν,
1271 733 1315 761 καὶ
1342 734 1373 761 τὸ
1401 732 1502 771 μᾶλλον
1530 733 1615 761 αὐτῶν
1650 732 1824 772 κυριώτερον³
1859 734 1890 760 ὦν

1067 778 1100 806 τὰ
1127 778 1321 817 συγγράμματα
1342 777 1386 805 καὶ
1413 777 1474 809 τοὺς
1496 776 1590 816 λόγους
1612 777 1648 809 ὣς
1672 787 1748 809 τινας
1777 779 1890 805 Munii-

198 815 314 851 dientes
322 815 531 860 sequerentur,
547 821 589 852 uti
604 830 657 861 par
680 825 736 862 est,
748 815 907 852 addeceret
920 830 964 852 rui

1140 815 1245 855 πλᾶκας
1274 822 1405 862 ἄντικρυς,
1437 823 1480 850 καὶ
1501 815 1571 854 θείας
1597 822 1686 862 φωνὰς
1705 822 1723 855 ἦ
1747 819 1889 855 Ἐκκλησία

197 867 227 896 et
240 872 294 897 nos
310 873 414 896 omnes
429 865 550 896 eosdem
565 865 662 906 sequi,
677 869 707 897 et
721 875 825 897 eorum
849 865 937 898 dictis
952 875 963 896 ε

1138 871 1203 897 Θεου
1231 866 1359 905 δεξαμένη
1395 866 1547 903 σεϐοίζεσθαι
1588 861 1633 895 καὶ
1659 866 1793 906 κατέχειν
1830 867 1890 904 ἡμῖν

195 908 262 940 deri
274 914 303 941 et
314 910 490 942 credere.Et
505 910 562 942 hoc
577 920 699 952 prorsus
713 915 801 942 antea
817 911 898 943 nullo
911 915 1020 952 puncto

195 954 338 994 temporis
354 955 523 986 intermisso
539 964 605 986 cum
620 955 703 986 vobis
718 956 899 996 peregimus,
925 955 1022 986 donec

195 998 343 1030 contraria
358 995 390 1030 hi
414 1003 594 1036 asserentes,
611 995 814 1030 communium
831 1001 951 1032 Patrum
967 1009 1020 1030 ve-

195 1043 291 1082 stigiis
317 1042 457 1075 insistere
481 1043 685 1084 cognovimus.
701 1043 912 1075 Verumtamen
941 1053 1020 1075 nunc

195 1091 275 1119 esset
287 1088 444 1120 manifesta
457 1087 581 1120 dimotio
607 1088 728 1128 mentis,
746 1092 776 1120 et
788 1092 891 1130 aperta
905 1089 1018 1129 cogita-

195 1132 311 1164 tionum
327 1133 479 1174 alienatio,
495 1133 520 1164 si
536 1137 653 1165 sanctos
668 1133 818 1165 communi
840 1133 953 1165 calculo
967 1143 1019 1164 re-

195 1181 297 1217 ceptos
311 1177 495 1215 deserentes,
516 1177 600 1218 ipsos
614 1186 821 1219 sequeremur,
838 1178 888 1219 qui
912 1177 949 1209 ob
962 1177 1019 1208 do-

197 1221 327 1254 minandi
357 1222 524 1260 libidinem,
547 1226 577 1254 et
604 1223 683 1263 quod
713 1223 857 1255 Romanae
879 1222 1019 1254 Ecclesiae

195 1268 350 1311 privilegia
364 1268 528 1310 antiquitus
536 1272 565 1300 et
573 1277 627 1309 per
640 1278 728 1300 omne
742 1273 800 1301 tem
805 1279 858 1310 pus
865 1278 1018 1309 concessa,

193 1315 235 1346 uti
247 1323 301 1345 nos
312 1323 366 1345 nos
374 1317 432 1355 est,
448 1323 612 1353 agnoscere
622 1318 766 1353 renuunt,
783 1314 884 1345 omnia
897 1314 1019 1345 confun-

193 1356 298 1390 dentes
309 1362 339 1388 et
352 1358 512 1389 temerarie
526 1358 746 1399 perturbantes,
761 1358 1015 1394 contradixerunt,

193 1403 272 1445 quod
288 1402 401 1435 utinam
415 1402 524 1434 factum
541 1412 600 1433 non
613 1402 727 1439 fuisset,
747 1406 775 1434 et
791 1403 920 1443 dogmati
930 1411 1020 1434 rectae

194 1447 311 1489 piaque
322 1452 430 1479 nostrae
445 1447 514 1479 tidei
529 1447 630 1478 sensui
646 1447 748 1478 innixo
763 1447 940 1479 scandalum
955 1447 1020 1478 uni-

192 1493 321 1532 versale,
335 1492 497 1534 turbasque
511 1491 652 1523 omnibus
668 1491 838 1524 hominibus
848 1501 1020 1524 communes

1062 910 1224 952 παρέδωκεν.
1248 912 1278 940 ΕΙ
1306 918 1365 943 τοῖς
1400 912 1527 944 τοιούτοις
1563 911 1609 940 οὖν
1638 912 1709 939 οὗτοι
1740 911 1890 949 πειθόμενοι

1062 956 1283 993 κατηκολούθουν,
1307 957 1344 988 ὼς
1365 956 1396 984 τὸ
1424 956 1494 988 εἰκὸς
1516 955 1574 984 δέον
1602 955 1635 989 ἦν
1658 956 1729 986 αὖθις
1745 955 1792 983 καὶ
1824 955 1890 993 ἧμας

1062 1001 1163 1033 πάντας
1187 999 1393 1030 κατακολουθεῖν
1420 1000 1523 1033 τούτοις
1558 1000 1602 1028 καὶ
1631 999 1778 1030 πείθεσθαι.
1803 1000 1839 1028 Τὸ
1866 998 1890 1027 δὲ

1061 1046 1167 1078 πάντως
1191 1046 1222 1073 οὗ
1249 1044 1399 1082 διελίπομεν
1433 1044 1570 1076 τελοῦντες
1599 1044 1658 1082 μεθ’
1677 1044 1762 1082 ’ὑμῶν
1792 1043 1890 1083 πρότε-

1061 1101 1106 1131 ρον
1133 1091 1177 1118 καὶ
1204 1089 1287 1129 αὒτοὶ,
1317 1089 1414 1129 μέχρις
1434 1089 1465 1117 ἂν
1490 1089 1613 1117 τάναντία
1633 1088 1762 1127 λέγοντας
1780 1088 1889 1120 ’τούτους

1059 1141 1118 1166 τοῖς
1140 1140 1240 1166 κοινοῖς
1257 1133 1387 1172 Πιτρεὶσιν
1408 1133 1572 1172 ἐγνώκαμεν.
1600 1137 1651 1162 Νῦν
1680 1132 1707 1161 δέ
1723 1142 1754 1172 γε
1784 1135 1889 1172 προφα-

1060 1182 1108 1213 νὴς
1136 1178 1256 1211 ἔκστασις
1282 1178 1335 1207 τῶν
1357 1181 1466 1218 φρενῶν,
1496 1178 1540 1206 καὶ
1562 1177 1710 1211 κατάδηλος
1741 1177 1888 1216 παραπλη-

1060 1223 1100 1257 ξία
1114 1223 1166 1252 τῶν
1189 1222 1338 1262 λογισμῶν,
1370 1222 1391 1250 εἰ
1419 1223 1477 1255 τοὺς
1504 1221 1733 1261 ὁμολογουμένους
1762 1221 1888 1250 κατα).εέ-

1059 1270 1157 1307 ψαντες
1179 1267 1268 1307 ἁγίους
1291 1268 1380 1298 αὐτοῖς
1408 1267 1508 1300 τούτοις
1536 1266 1762 1307 ἀκολουθήσομεν,
1794 1266 1823 1295 οῗ
1852 1265 1888 1294 διὰ

1059 1306 1201 1354 φιλαρχίαν
1223 1313 1266 1340 καὶ
1294 1312 1324 1340 τὸ
1352 1312 1391 1349 μὴ
1420 1311 1555 1350 βούλεσθαι
1583 1311 1616 1339 τα
1653 1310 1700 1344 τῆς
1730 1306 1888 1349 Ῥωμαϊκῆς

1060 1356 1218 1390 Ἐκκλησίας
1248 1356 1371 1384 ἆνέκαθεν
1398 1354 1527 1395 πρεσϐεῖα
1556 1355 1598 1384 διὰ
1632 1358 1742 1393 παντὸς,
1768 1355 1807 1387 ὼς
1836 1355 1889 1387 res;

1059 1401 1104 1438 ἧν,
1128 1400 1271 1439 ἀπονέμειν
1293 1402 1360 1439 αὐτῇ
1387 1400 1549 1440 συγχέαντες
1577 1401 1610 1428 τὰ
1637 1400 1736 1440 πάντα³
1759 1400 1806 1428 καὶ
1828 1411 1890 1439 συγ-

1061 1447 1222 1481 κυκήσαντες
1244 1445 1340 1482 ἀδεῶς,
1363 1445 1501 1483 ἀντεῖπον,
1526 1446 1562 1477 ὡς
1578 1445 1616 1483 μὴ
1640 1444 1756 1484 ὤφελον,
1788 1446 1836 1473 καὶ

1061 1489 1122 1519 κατ’
1151 1490 1230 1529 ὀρθὴν
1273 1489 1392 1518 δνάνοιαν
1435 1492 1484 1524 τῆς
1510 1488 1631 1520 εὐσεϐοῦς
1666 1491 1745 1527 ἡμῶν
1775 1490 1891 1521 πίστεως

193 1541 398 1579 procurantes,
417 1533 452 1569 et
473 1541 576 1568 contra
601 1536 675 1568 illud
704 1542 878 1577 pugnantes,
907 1537 956 1568 nul

1124 1535 1186 1572 ιένῳ
1200 1533 1311 1574 δόγματι
1335 1535 1418 1572 τούτῳ
1438 1533 1583 1564 σκάνδαλον
1605 1534 1790 1571 οἱκουμενικὸν
1819 1545 1890 1574 παγ-

192 1583 282 1613 tinem
298 1581 447 1622 iecerunt,
463 1580 660 1612 absurdarum
677 1581 892 1612 sententiarum
914 1590 1020 1612 causas

192 1627 385 1667 coﬁngentes,
401 1626 498 1657 donec
513 1625 670 1656 dissidium
691 1625 770 1657 inter
785 1625 888 1657 ambas
912 1625 1019 1657 Eccle-

191 1671 305 1709 sias,in
319 1671 553 1702 destructionem
569 1670 700 1711 generis,
726 1670 831 1708 nostri,
856 1680 899 1701 vae
923 1670 1016 1701 mibi!

193 1715 436 1755 disseminarunt,
459 1718 489 1746 et
504 1715 666 1746 multorum
684 1715 844 1756 inscitiam,
860 1715 904 1746 vel
922 1715 1018 1756 potius

191 1760 360 1792 divinarum
377 1759 595 1799 Scripturarum
619 1759 839 1800 ignorationem
854 1760 892 1791 ad
916 1760 973 1791 boc
988 1759 1019 1790 in

193 1805 333 1836 auxilium
366 1803 423 1834 sibi
447 1807 644 1842 assumentes,
671 1808 699 1834 et
731 1803 842 1845 proprii
874 1804 1021 1845 propositi

193 1849 288 1881 socias
317 1848 374 1880 sibi
398 1848 608 1888 adjungentes,
639 1848 722 1889 cujus
752 1858 858 1888 causa,
888 1853 921 1879 ut
947 1848 1021 1879 mihi

194 1893 288 1935 probe
301 1893 423 1930 suadeo,
439 1893 539 1923 omnia
564 1902 619 1924 nos
644 1893 834 1933 postmodum
860 1893 948 1924 noxia
971 1893 1022 1924 illa

195 1947 384 1979 oppressere,
412 1941 445 1968 ut
476 1937 619 1968 delictum
636 1937 672 1968 ab
697 1937 767 1976 illis,
797 1938 848 1978 qui
870 1942 939 1969 ante
969 1947 1024 1969 nos

193 1983 292 2024 luere,
308 1982 450 2014 audacter
470 1983 500 2012 in
514 1982 632 2013 Numen
648 1981 824 2013 intentatum
854 1981 1022 2013 vindicare-

199 2032 257 2059 tur.
285 2026 462 2058 Dominandi
487 2036 574 2067 porro
604 2026 760 2058 libidinem
788 2031 817 2058 et
840 2026 1023 2058 desiderium

201 2082 268 2104 sese
283 2081 404 2113 pressus
419 2081 437 2103 a
447 2071 563 2112 judicio
577 2070 656 2102 illius
672 2071 822 2103 eximendi
844 2071 1026 2112 tempestatis

201 2117 292 2157 hujus
306 2125 512 2156 saevorumque
532 2115 673 2147 ﬂuctuum
685 2125 802 2147 causam
819 2116 919 2152 fuisse,
936 2125 1024 2157 quam

1061 1580 1172 1618 κοσμιόν
1201 1591 1230 1608 τε
1261 1579 1381 1620 τεραχὴν
1409 1578 1525 1607 ’ἐντεῦθεν
1553 1579 1821 1619 πραγματευόμενοι,
1851 1580 1892 1607 καὶ

1059 1624 1119 1654 κατ’
1163 1624 1242 1653 αὐτοῦ
1276 1623 1452 1662 πολεμοῦντες
1494 1623 1541 1652 οὒκ
1577 1624 1723 1652 ἐπαύσαντο
1765 1622 1800 1652 δι’
1832 1622 1891 1652 ὅλα.»

1059 1668 1220 1701 πλάττοντες
1248 1668 1291 1697 καὶ
1313 1671 1470 1708 παραλόγων
1507 1667 1613 1696 ἐννοιῶν
1641 1667 1733 1696 τέλεον
1756 1667 1890 1708 ἀφορμὰς,

1060 1713 1111 1746 ἕως
1131 1715 1162 1742 οὒ
1191 1713 1297 1753 σχίσμα
1325 1711 1422 1751 μεταξὺ
1449 1715 1501 1741 τῶν
1530 1712 1685 1753 ἀμφοτέρων
1721 1712 1891 1746 Ἐκκλησιῶν

1061 1758 1102 1787 ἐπ’
1125 1757 1256 1796 ἀπωλείᾳ,
1287 1757 1358 1798 ipsi)!
1384 1762 1431 1787 τοῦ
1456 1757 1548 1797 γένους
1574 1758 1650 1795 ἡμῶν
1680 1757 1890 1797 κατεπράξαντο,

1061 1803 1105 1832 καὶ
1126 1803 1175 1837 τὴν
1203 1805 1256 1830 τῶν
1278 1802 1386 1831 πολλῶν
1407 1802 1530 1840 ἀμαθίαν,
1553 1803 1571 1836 ἢ
1586 1800 1687 1840 μᾶλλον
1709 1802 1762 1836 τὴν
1784 1799 1891 1842 ἄγνοιαν

1061 1848 1111 1882 τὴν
1140 1848 1208 1876 κατὰ
1236 1847 1283 1880 τὰς
1326 1848 1395 1879 θείας
1437 1847 1542 1888 Γραφᾶς
1574 1847 1711 1886 επίκσυρον
1740 1847 1779 1879 εἷς
1818 1849 1891 1875 τοῦτο

1064 1891 1275 1933 προσλαϐόμενοι
1304 1893 1348 1920 καὶ
1376 1892 1498 1931 συνεργὸν
1528 1894 1577 1925 τῆς
1610 1891 1706 1924 οἶκείας
1728 1892 1891 1931 προθέσεως,

1065 1938 1094 1966 οὗ
1115 1936 1208 1978 χάριν,
1238 1937 1275 1969 ὡς
1302 1935 1417 1973 ἀκριϐῶς
1445 1936 1602 1975 πέπεισμαι,
1635 1937 1679 1965 καὶ
1707 1937 1797 1965 πάντα
1811 1936 1892 1964 κατέ-

1064 1980 1144 2011 λαεεν
1170 1982 1244 2019 ἡμᾶς
1266 1982 1423 2021 μεθύστερον
1451 1981 1542 2010 ἐκεῖνα
1571 1981 1603 2010 τὰ
1629 1980 1741 2021 χαλεπᾶ
1763 1982 1833 2019 πρὸς
1854 1979 1893 2008 ξιι-

1065 2037 1133 2056 τισιν
1160 2029 1206 2054 τοῦ
1228 2026 1438 2066 σκαιωρηθέντος
1459 2032 1520 2058 τοῖς
1544 2027 1595 2066 πρὸ
1615 2027 1692 2064 ἡμῶν
1707 2026 1815 2066 τούτοις
1830 2024 1893 2053 τολ-

1066 2074 1159 2111 μηρῶς
1188 2071 1224 2103 εῑς
1252 2071 1283 2099 τὸ
1312 2074 1391 2099 Θετον
1422 2071 1486 2100 αὐτό
1518 2065 1768 2109 πλημμελήματος.
1785 2065 1855 2100 "0n
1870 2068 1893 2097 ἃ

1067 2115 1196 2156 φιλαρχία
1225 2115 1269 2143 καὶ
1302 2116 1333 2143 τὸ
1354 2115 1491 2154 βούλεσθαι
1525 2116 1632 2148 τούτους
1660 2113 1802 2148 παντελῶς
1831 2114 1893 2142 ἄνι-

199 2166 229 2193 et
251 2161 386 2202 specioso
411 2160 533 2191 nomine
561 2160 718 2199 adornant,
745 2165 777 2193 ut
805 2161 933 2202 posteris
962 2171 965 2192 ι

1126 2161 1199 2193 ηίτους
1237 2159 1367 2189 διατελεῖν
1407 2164 1457 2199 τῇς
1483 2161 1607 2194 τοιαύτης
1635 2160 1808 2201 ἐχρημάτισε
1843 2169 1892 2199 τρι-

198 2206 311 2247 absque
336 2206 450 2237 ratione
465 2203 574 2236 factum
589 2205 884 2246 reputaretur,bujus
901 2206 1022 2246 dogma-

200 2251 238 2282 tis
252 2249 437 2282 eversionem
452 2258 520 2280 cum
531 2249 597 2280 aliis
614 2249 710 2280 noxiis
724 2250 855 2290 aggressi
866 2254 944 2288 sunt,
955 2255 1024 2282 ante

201 2295 344 2336 plurimos
358 2303 454 2326 annos
477 2297 563 2325 aetate
588 2293 686 2325 Photii
712 2294 888 2334 patriarchae
910 2295 1024 2326 facinus

200 2345 294 2377 atrox,
306 2339 446 2371 stentoris
457 2339 552 2370 instar
573 2347 679 2378 magna
699 2348 772 2370 voce
786 2339 902 2380 reboat,
914 2339 1023 2371 diluci-

202 2384 298 2425 deque
325 2387 550 2415 commonstrat.
573 2382 627 2413 Hic
651 2383 763 2414 etenim
792 2393 851 2414 non
873 2384 960 2416 aliam
986 2383 1024 2415 ob

202 2438 321 2460 causam
340 2428 427 2468 primi
444 2427 613 2459 schismatis
641 2432 745 2459 auctor
769 2428 874 2469 factus,
891 2433 921 2460 et
935 2428 1025 2460 simili

203 2473 333 2513 dogmati
349 2482 415 2503 cum
432 2471 498 2502 aliis
517 2481 570 2512 pro
585 2471 698 2503 viribus
722 2473 940 2511 contradicens,
957 2482 1025 2504 cum

205 2527 309 2549 eorum
325 2517 362 2548 de
378 2516 484 2557 quibus
495 2526 512 2547 a
524 2515 656 2548 Romana
677 2516 809 2548 Ecclesia
822 2517 1025 2557 accusabatur,

206 2571 272 2603 quae
285 2561 336 2592 ille
349 2565 419 2593 ante
442 2560 473 2591 in
496 2561 576 2592 illam
606 2561 803 2600 commiserat,
819 2562 856 2593 ad
881 2562 1027 2594 Constan-

206 2605 433 2646 tinopolitanum
461 2606 621 2637 maximum
652 2606 790 2637 thronum
820 2606 1027 2645 obtinendum,

207 2650 387 2682 ﬁnelitibus
416 2650 511 2692 posito
538 2652 657 2682 veniam
687 2650 875 2691 obtinuisset,
892 2656 921 2683 et
945 2656 1028 2693 post-

208 2694 330 2728 modum
345 2694 526 2735 benignitate
543 2696 701 2736 praesnlum
718 2696 867 2737 propriam
879 2697 909 2728 in
927 2697 1030 2728 sedem

207 2739 364 2773 restitutus
389 2741 495 2771 fuisset
523 2740 662 2772 omnibus
676 2740 794 2772 silentio
809 2740 958 2780 involutis,
975 2750 1032 2773 nec

208 2784 273 2816 ullo
297 2784 335 2816 de
362 2786 500 2825 dogmate
528 2784 620 2816 simili
646 2793 787 2817 sermone
810 2785 923 2824 habito,
949 2786 1030 2817 omni

1064 2207 1161 2244 κυμίας
1190 2206 1235 2234 καὶ
1262 2208 1309 2234 τοῦ
1337 2204 1467 2239 κ)ύδωνος
1496 2209 1542 2234 τοῦ
1562 2207 1680 2234 τοιούτου
1703 2205 1734 2234 τὸ
1750 2204 1854 2244 αἴτιον,
1870 2203 1892 2235 ίξ

1064 2253 1101 2279 ὧν
1130 2251 1199 2279 κατὰ
1220 2251 1349 2292 πρόφασιν
1372 2251 1492 2291 εὖπρεπῇ
1520 2249 1609 2288 δῆθεν,
1632 2249 1837 2290 εὖαπολόγητόν
1867 2259 1892 2277 τε

1064 2299 1125 2328 τοῦς
1154 2293 1214 2333 μετ’
1236 2295 1342 2333 αὖτοὺς,
1366 2296 1490 2335 καὶπρὸς
1511 2296 1560 2330 τὴν
1582 2298 1627 2323 τοῦ
1641 2295 1773 2334 παρόντος
1789 2293 1893 2334 δόγμα-

1064 2352 1109 2373 τος
1138 2340 1289 2379 ἆνατροπὴν
1306 2340 1352 2368 σὺν
1377 2345 1435 2372 τοῖς
1457 2339 1548 2373 ἄλλοις
1576 2346 1670 2373 κακοῖς
1692 2339 1838 2380 ὥρμησαν,
1866 2338 1893 2366 τὸ

1065 2383 1167 2424 συμϐὰν
1188 2384 1231 2413 ἐπὶ
1251 2385 1353 2413 Φωτίου
1383 2390 1429 2414 τοῦ
1459 2386 1719 2426 πατριαρχεύσαντος
1740 2385 1794 2424 πρὸ
1822 2382 1894 2412 πλεί-

1066 2441 1135 2458 στων
1176 2430 1243 2458 ἑτῶν
1285 2429 1422 2469 στὲντορος
1443 2429 1524 2464 ’δίκην
1553 2430 1653 2466 ἀναϐοᾷ
1679 2428 1892 2469 μεγαλοφώνως,

1066 2474 1110 2504 καὶ
1137 2473 1267 2514 λαμπρῶς
1296 2473 1432 2505 δείκνυσιν.
1477 2474 1558 2508 Οὒτος
1585 2475 1629 2504 καὶ
1656 2474 1706 2514 γὰρ
1742 2473 1787 2503 διὰ
1814 2473 1894 2502 ταῦτα

1068 2518 1208 2557 γενόμενος
1239 2522 1284 2547 τοῦ
1319 2519 1423 2558 πρώτου
1449 2520 1598 2560 σχίσματος
1624 2519 1762 2561 ἀρχηγὸς,
1786 2519 1832 2547 καὶ
1860 2520 1895 2554 τῷ

1069 2563 1179 2601 τοιούτῳ
1207 2561 1318 2603 δόγματι
1348 2564 1415 2596 μετὰ
1448 2567 1501 2592 τῶν
1530 2564 1617 2593 ἄλλων
1659 2561 1794 2592 ἆντειπὼν
1828 2563 1896 2592 κατὰ

1070 2607 1189 2650 δύναμιν,
1218 2607 1324 2648 ἰπείπερ
1353 2607 1393 2649 ἕρφ’
1420 2609 1464 2642 οἷς
1490 2609 1642 2638 ἐνεκαλεῖτο
1666 2609 1739 2648 παρὰ
1767 2603 1897 2643 τῆςῚιω-

1072 2655 1175 2691 μα’ίκῆς
1197 2652 1357 2686 Ἐκκλησίας
1379 2652 1586 2693 διαπραξάμενος
1615 2654 1652 2686 εἰς
1673 2654 1720 2682 τὸν
1741 2654 1795 2688 τῆς
1825 2658 1895 2683 Κων-

1072 2698 1208 2726 σταντίνου
1240 2698 1364 2738 μέγιστον
1391 2699 1481 2738 θρόνον
1502 2700 1532 2728 τὸ
1562 2698 1621 2739 πρὶν
1647 2698 1812 2738 συγγνώμης
1840 2698 1893 2726 ἴτυ-

1072 2753 1134 2783 χεν,
1192 2742 1308 2782 ὑστέροις
1363 2742 1389 2776 ἐξ
1451 2744 1533 2778 αὐτῆς
1585 2743 1720 2782 ταύτης,ι
1747 2744 1814 2782 δια.ὶρ
1832 2743 1892 2772 κατὰ

1073 2785 1267 2827 συγκατάϐασιν
1310 2787 1459 2828 ἀρχιερεῦσι
1500 2789 1684 2829 προσήκουσαν
1734 2787 1892 2829 παραδοχῆς
