1941 3082
61 159 138 192 1265

515 158 563 189 DE
585 154 841 203 PROGESSIONE
863 154 894 188 s.

924 152 1100 185 SPIBITUS
1121 153 1234 187 ORAT.
1259 152 1298 184 II.
1675 154 1754 187 1266

56 227 226 266 κατηξίωται,
268 227 421 256 καταλιπὼν
460 226 493 254 τὰ
521 225 618 264 πάντα,
645 225 689 257 καὶ
719 222 786 262 μηδὲ
815 235 822 251 1

983 218 1191 266 itu-ac_sedulo
1203 218 1301 250 studio
1324 218 1361 249 ad
1377 218 1473 266 {tectus
1486 218 1566 250 illico
1585 229 1749 266 pacemque

55 275 99 301 τοῦ
127 272 257 311 δόγματος
279 272 372 300 τούτου
393 271 574 309 ποιησάμενος
602 269 682 309 λόγον
702 269 772 306 τινὰ,
802 267 875 305 πάσῃ

55 316 155 355 σπουδῇ
176 318 219 345 καὶ
253 317 381 357 προθυμίᾳ
407 317 472 355 πρὸς
500 315 550 349 τὴν
579 314 751 354 καταλλαγὴν
782 312 874 351 ἀθρόον

55 362 98 389 καὶ
119 362 167 396 τὴν
189 362 296 402 εἰρήνην
321 361 457 401 ἓχώρησεζ
473 361 522 389 Καὶ
537 359 698 399 παρατρέχω
714 359 747 387 τὰ
762 357 825 402 μετ’,
837 357 876 384 αἷ-

55 404 114 438 δοῦς
142 407 185 435 καὶ
213 400 392 444 Ἴσεϐάσματος
421 406 487 445 πρὸς
513 404 558 433 τὸν
589 402 714 438 τηνικάδε
750 400 875 442 πρόεδρον

54 455 100 479 τοῦ
130 450 308 479 ἀποστολικοῦ
348 450 438 488 θρόνου
475 449 619 488 γράμματα
641 448 732 476 τούτου
758 447 802 475 καὶ
827 446 875 478 τὰς

55 494 206 527 ἐπιστολὰς,
245 494 304 523 ἔνθα
332 494 435 527 πολλὴν
463 493 558 531 ἐκεῖνῳ
587 491 794 533 προσμαρτυρῶν
829 491 878 523 τὴν

54 539 217 578 ἁγιωσύνην,
247 538 366 578 συνεχῶς
397 538 519 578 εὔχεσθαι
547 538 590 566 καὶ
623 536 688 576 ὑπὲρ
714 538 792 566 αὐτοῦ
827 534 880 563 δέε-

54 590 110 620 ται,
140 583 225 615 καθὼς
260 589 319 615 τοῖς
352 582 506 623 φιλο-πόνοις
527 580 679 616 ἓξήτασται.
711 581 801 610 Καίτοι
817 583 880 623 ,ποῦ

54 624 154 655 δίκαιον
197 626 332 656 συνελθεῖν
359 622 522 666 γᾶνθρώποις
566 626 643 655 αὐτὸν
679 624 706 652 ἒν
748 622 879 654 εὖσεϐείας

55 671 259 710 προσπταίουσιν
299 671 369 703 ὅλως
406 669 532 710 δόγματι,
564 670 605 708 μὴ
641 672 717 699 τοῦτο
752 667 879 707 πρότερον

54 715 283 754 ἀποϐαλλομένοις
309 715 398 748 καλῶς
425 715 470 743 καὶ
502 715 552 748 τὴν
574 714 676 754 α’ίρεσιν
705 712 791 742 αὐτῶν
812 711 880 740 ἀνα·-

53 761 207 797 θεματίστσι
226 770 235 799 ;
258 761 307 790 Καὶ
327 761 381 799 μὴν
407 760 460 789 οὐδ’
482 759 540 800 ἔχει
557 770 596 791 τις
612 758 695 792 δεῖξαι
716 757 803 786 πολλὰ
830 767 880 793 μο-

53 806 138 844 γήσας
161 804 220 834 κατ’
248 805 353 845 ἔρευναν
374 805 417 834 καὶ
444 805 549 842 καμὼν,
581 804 618 836 ὡς
639 803 773 842 διόρθωσιν
802 800 878 833 οὗτός

53 861 113 878 τινα
140 851 186 878 10-3
207 850 361 890 σφάλματος
383 849 486 878 ἐκεῖθεν
515 849 665 888 ἀπῄτησεν,
684 846 742 876 οὔτε
758 845 878 875 λίϐελλον

54 893 155 934 δηλαδὴ
176 895 290 927 πίστεως
320 893 453 934 εὖσεϐοῦς,
484 892 542 922 οὕτε
571 894 601 921 τὸ
615 893 781 933 βραχύτατον
797 890 879 927 ψιλὴν

55 932 104 966 κᾶν
130 939 276 979 ὑπόσχεσιν
293 947 301 954 '
324 938 364 967 ὅτι
386 938 413 966 δὲ
442 932 526 976 μόνην
541 938 591 972 τὴν
611 932 783 976 καταλλαγὴν
798 935 879 975 ἔσχεν

56 984 153 1021 εὒρεῖν,
196 983 478 1023 ἆπολνπράγμονήτως
522 983 594 1014 εὐθὺς
621 982 720 1015 ταύτην
747 980 877 1020 ἥρπασεν.

56 1027 132 1056 Οὕτω
159 1027 263 1060 Φώτιος
292 1029 306 1056 ὁ
333 1031 379 1056 τοῦ
407 1028 512 1067 πρώτου
540 1026 687 1067 σχίσματος
713 1025 847 1066 ἀρχηγὸς,
864 1025 878 1053 ὁ

55 1073 155 1100 τούτων
179 1072 246 1101 κατὰ
281 1072 347 1100 πολὺ
376 1072 408 1100 τὰ
436 1071 464 1104 ἐς
497 1071 593 1108 λόγους
607 1071 782 1111 ξσοφώτερος,
812 1069 877 1109 πρὸς

55 1116 119 1156 ἔριν,
145 1118 174 1146 οὗ
202 1117 268 1156 πρὸς
303 1116 429 1152 ἀλήθειαν
451 1115 544 1145 οὔκουν
574 1114 751 1152 οὖδοπωσοῦν,
767 1114 877 1142 ἀντεῖπε

53 1161 98 1189 καὶ
118 1163 157 1198 τῷ
183 1161 273 1190 καλὼς
302 1160 393 1201 ἔχοντι
414 1161 499 1190 τούτω
527 1159 651 1200 δόγματι.
669 1159 723 1193 Τῆς
740 1161 802 1198 γοῦν
816 1169 876 1187 τοι-

54 1206 137 1239 αύτης
159 1205 246 1234 ’ένεκεν
261 1206 343 1237 αἰτίας
365 1206 409 1234 καὶ
423 1206 445 1233 οἱ
469 1203 527 1243 μετ’
544 1206 620 1234 αὐτὸν
639 1204 747 1244 χρόνοις
763 1208 875 1243 συχνοῖς

54 1250 138 1287 οὗτοι,
165 1252 223 1290 περὶ
254 1252 291 1278 ὧν
318 1250 376 1290 ἄρτι
407 1251 505 1290 φαμεν,
534 1249 583 1283 τὴν
609 1249 669 1286 μίαν
697 1247 876 1280 ἆποστολικὴν

53 1295 130 1334 ἁγίαν
158 1295 202 1323 καὶ
228 1295 372 1328 καθολικὴν
405 1293 566 1327 Ἐκκλησίαν
595 1292 740 1333 διέῤῥηξαν,
770 1292 813 1320 καὶ
840 1291 877 1323 εἷς

54 1339 122 1380 μέρη
152 1339 309 1377 κατέτεμον,
334 1339 428 1379 λόγους
455 1339 569 1378 μακροὺς
585 1337 731 1380 ξκθέμενοι,
746 1337 791 1366 καὶ
811 1335 877 1365 πολ-

53 1384 115 1416 λοὺς
144 1385 211 1422 μετὰ
232 1387 285 1412 τῶν
312 1383 400 1412 ἄλλων
415 1386 516 1420 κακῶν,
533 1384 576 1411 καὶ
591 1379 659 1412 κατὰ
673 1385 719 1411 τοῦ
747 1381 876 1422 παρόντος

53 1429 121 1468 πρὸς
137 1428 270 1457 εὐσέϐειαν
284 1427 417 1469 ἀσφαλοῦς
439 1427 582 1467 δόγματος,
599 1428 643 1460 οἷς
672 1427 740 1460 ’ἴσως
767 1428 781 1455 ὁ
812 1427 877 1458 Θεὸς

52 1479 99 1503 τοῦ
127 1472 297 1512 ἐγκλήματος
323 1474 368 1502 καὶ
393 1473 496 1504 τούτοις
525 1472 663 1504 ἀποδιδοὺς
688 1472 737 1506 τῆς
766 1470 876 1504 ἀτοπίας

52 1518 205 1558 ἀνενεγκεῖν
232 1518 330 1551 ταύτης
352 1518 445 1549 αἶιτοὺς
475 1518 522 1546 οὐκ
549 1516 697 1551 ηὐδόκησεν
715 1525 723 1533 ⁵

52 1562 210 1592 κλέπτεσθαι
242 1561 368 1594 πολλάκις
398 1561 484 1602 φιλεῖ,
514 1562 564 1590 κᾶν
599 1563 621 1590 εἶ
641 1562 788 1595 καθέστηκε
816 1561 875 1589 λίαν

52 1607 245 1648 φιλάνθρωπος,
270 1608 306 1636 Οὔ
333 1606 404 1646 λέγω
432 1606 460 1635 δὲ
482 1607 580 1640 πάντας
608 1607 669 1639 τοὺς
684 1607 751 1635 κατὰ
764 1607 810 1634 τὸν
830 1609 877 1634 τοῦ

54 1653 202 1692 οχίσματος
224 1651 300 1684 ὄντας
330 1652 432 1692 καιρὸν,
462 1651 603 1692 ἐπειδήπερ
637 1650 695 1681 οὒδέ
716 1657 876 1690 κατηγορεῖδ

53 1697 159 1725 πάντων
186 1695 213 1725 δὲ
234 1707 335 1725 τουτων
356 1695 438 1729 ἂίξιον.
466 1697 520 1725 Εἰσὶ
548 1697 597 1736 γὰρ
626 1707 707 1734 τινες,
725 1696 799 1742 εἰσὶν,
817 1694 876 1734 οἷ’γε

51 1745 97 1770 τοῦ
125 1740 184 1769 κατ’
214 1741 307 1773 αὐτοὺς
337 1741 433 1773 πάθους
456 1741 581 1781 ἀνώτεροι
597 1740 719 1781 φανέντες
748 1739 877 1774 ὡςᾶλη-

51 1787 115 1822 θῶς,
139 1789 177 1823 τῷ
198 1786 309 1822 τοιούτῳ
344 1784 456 1824 δόγματι
492 1789 664 1825 συνηγοροῦσι
692 1786 823 1824 κραταιῶς
851 1783 879 1812 ἐν

52 1828 186 1869 διαφόροις
215 1832 300 1859 αὐτῶν
329 1830 548 1869 συγγράμμασιν,
582 1830 605 1857 οἷ
633 1829 682 1868 μὲν
716 1828 878 1864 ἀπερικαλύ-

51 1886 124 1906 πτως
147 1875 191 1902 καὶ
212 1877 330 1914 φανερῶς
358 1873 404 1902 ἅτε
432 1874 610 1914 τυγχάνοντες
639 1873 708 1906 ὅλως
730 1873 777 1902 τοῦ
799 1873 879 1902 Πνεύ-

52 1930 149 1956 ματος,
185 1920 208 1947 οἱ
236 1918 264 1947 δὲ
302 1918 541 1954 συνεσκιασμὲνως,
584 1920 669 1947 εἰπεῖν
702 1917 729 1946 δὲ
757 1917 876 1956 κάλλιον,

49 1965 250 2001 οἱκουμενικῶς,
278 1963 325 1993 οἶα
359 1964 403 1992 καὶ
428 1963 501 1992 αὐτοὶ
528 1962 610 1995 πάθος
632 1963 804 2003 ἀνθρώπινον,
820 1962 877 1991 δει-

49 2008 107 2036 λίαν
135 2009 215 2049 φημὶ,
246 2008 410 2048 πάσχοντες,
436 2002 501 2038 Ἵνα
524 2007 551 2035 δὲ
581 2007 803 2047 παραδηλώσαιμι
827 2011 878 2036 πᾶ-

48 2064 89 2080 σιν
112 2054 180 2090 ἡμῖν
208 2053 252 2082 καὶ
272 2053 322 2087 τὴν
344 2052 494 2091 οἰκονομίαν
523 2052 617 2092 αὐτὴν,
646 2052 673 2081 ἓν
701 2053 876 2093 προσχήματι

49 2097 174 2137 διαλόγου
203 2097 426 2137 παῤῥησιάζονται
454 2098 555 2136 τρανῶς
584 2097 633 2131 τὴν
662 2096 801 2134 ἀλήθειαν,
833 2098 876 2130 οὒς

50 2142 214 2182 ἀμφοτέρους
242 2141 296 2170 ῗδοι
323 2153 363 2174 τις
393 2141 424 2170 ἃν
445 2143 476 2170 ὲκ
498 2144 551 2170 τῶν
565 2142 743 2170 Θεοπνεύστων
768 2144 876 2182 Γραφῶν

48 2187 269 2218 ἀποδεικνύοντας
310 2186 373 2215 αὖτὸ
414 2187 444 2215 τὸ
473 2186 558 2226 δόγμα
585 2187 630 2215 καὶ
664 2186 876 2218 συνιστάνοντας,

48 2233 78 2261 Οἱ
113 2231 141 2259 δέ
176 2242 207 2271 γε
235 2235 281 2260 τοῦ
307 2233 457 2271 σχίσματος
487 2231 635 2260 τοῦναντίον
672 2230 874 2270 διαπράττονται

49 2280 113 2316 πᾶν,
140 2275 171 2304 ἐκ
194 2277 243 2310 τῆς
273 2275 373 2308 κοιλίας
409 2276 494 2304 αὐτῶν
522 2275 569 2306 τὰς
598 2275 748 2315 ἀντιλογίας
772 2275 874 2316 προφέ-

47 2331 146 2360 ρουσιν,
178 2321 274 2352 οἰκείας
296 2320 457 2352 πλάττοντες
473 2319 515 2348 ἐπὶ
544 2322 593 2353 τῆς
615 2319 752 2359 θεολογίας
775 2320 873 2360 ἀρχὰς,

47 2366 98 2394 κάκ
125 2365 226 2394 τούτων
248 2365 284 2398 εὶς
314 2364 399 2394 ἄτοπα
429 2363 515 2393 πολλὰ
536 2365 582 2392 τὸν
604 2363 683 2404 λόγον
713 2365 872 2404 ἀπάγοντες.

48 2415 112 2442 Τοῖς
141 2410 268 2442 τοιούτοις
296 2411 433 2449 τοιγαροῦν
471 2408 633 2449 προσέξομεν
668 2409 749 2446 ἡμεῖς
772 2409 877 2449 ἐρευγο-

46 2455 138 2493 μένοις
160 2454 204 2494 αφ’
241 2455 352 2494 ὲάυτῶν,
386 2453 513 2494 παρέντες
542 2453 603 2486 τοὺς
630 2454 733 2486 κοινοὺς
758 2454 876 2494 Πατέρας

47 2501 124 2537 ἡμῶν
153 2499 214 2531 τοὺς
247 2498 441 2539 φθεγγομένους
477 2498 544 2536 μετὰ
566 2501 612 2527 τοῦ
633 2499 808 2537 Πνεύματοςς
832 2499 876 2533 Μὴ

46 2545 114 2584 πρὸς
143 2544 192 2578 τῆς
215 2543 330 2581 ἐλπίδος,
353 2543 386 2578 ἢν
414 2543 565 2582 ἐλπίζομεν,
594 2542 717 2581 δυσωπῶ,
734 2544 800 2583 πρὸς
828 2543 876 2577 τῆς

47 2588 171 2628 Τριάδος,
193 2589 223 2617 τὸ
248 2588 372 2628 μέγιστον
414 2587 433 2626 ᾖ
457 2588 616 2627 λατρεύομεν
634 2596 642 2603 ⁸
680 2588 718 2622 μὴ
741 2588 799 2629 περὶ
827 2588 877 2622 τὴν

47 2634 146 2673 εὔχερῆ
167 2633 267 2667 ταῦτην
296 2632 425 2672 ἑπιλογὴν
453 2632 521 2661 οὕτω
543 2633 679 2672 γενώμεθα
705 2634 783 2662 κακοὶ
819 2631 877 2662 δια·

48 2678 196 2717 γνώμονες,
227 2679 262 2710 ὡς
291 2683 431 2717 προκρῖναι
459 2678 520 2709 τοὺς
548 2683 674 2717 γηγενεῖς
688 2681 741 2707 τῶν
755 2677 875 2718 ἄντικρυς

49 2722 175 2762 οὐρανίων
203 2722 315 2762 ἀνδρῶν,
341 2722 386 2751 καὶ
406 2725 459 2751 τῶν
475 2721 543 2750 νόων
571 2723 731 2764 αὐτόχρημα
745 2723 806 2756 τοὺς
826 2721 876 2751 λο-

47 2767 204 2808 γιζομένους
232 2767 292 2796 κατ’
326 2767 474 2805 ἄνθρωπον.
504 2769 597 2804 Δῶμεν
637 2768 702 2809 ποτέ
737 2768 876 2809 προθύμως

48 2813 95 2845 τὰς
122 2811 204 2845 ἀκοὰς
228 2817 289 2845 ταῖς
315 2812 368 2841 τῶν
398 2811 479 2852 ἁγίων
513 2812 598 2851 ἱεραῖς
626 2813 753 2854 χρήσεσι.
775 2813 806 2842 τί
834 2809 878 2841 καὶ

916 262 1056 293 Cucurrit.
1074 263 1111 293 Et
1126 267 1269 302 praetereo
1285 272 1360 304 quas
1383 262 1435 295 ille
1452 268 1626 295 reverenter
1641 264 1748 295 admo-

916 306 987 337 dum
1005 306 1211 347 submisseque
1226 310 1289 339 tum
1311 308 1348 339 ad
1363 307 1535 349 apostolicae
1550 308 1631 340 sedis
1646 309 1750 350 praesi—

917 352 985 383 dem
1001 352 1140 393 epistolas
1157 352 1325 394 scriptaque
1355 353 1449 392 dedit,
1466 353 1518 386 ubi
1536 350 1751 386 multam'illius

917 396 1105 428 sanctitatem
1135 401 1315 436 contestans,
1333 403 1366 430 ut
1382 399 1419 429 de
1444 408 1480 430 eo
1496 407 1603 439 preces
1619 398 1753 430 effundat

918 441 1071 482 continue,
1085 441 1243 483 supplicat,
1261 442 1348 473 sicuti
1364 442 1399 474 ab
1412 443 1564 474 industriis
1582 443 1752 475 hominibus

921 485 1121 518 examinatum
1151 491 1205 518 est.
1230 489 1265 518 Et
1279 491 1378 518 tamen
1394 497 1451 528 quo
1474 488 1542 528 jure
1557 487 1608 519 ille
1639 491 1753 528 poterat

920 540 987 561 cum
1025 529 1196 562 hominibus
1225 532 1255 562 in
1306 532 1424 573 pietatis
1450 532 1591 572 dogmate
1631 542 1753 573 prorsus

920 575 1319 617 aberrantibus_convenire,
1350 577 1380 607 ni
1395 577 1477 617 prius
1491 577 1562 608 illud
1579 577 1672 618 probe
1699 586 1750 608 re-

916 621 1070 659 jecissent,
1089 624 1118 650 et
1131 620 1269 651 haeresim
1285 621 1433 663 propriam
1449 621 1630 653 anathemati
1646 621 1750 661 subje-

922 664 1057 695 cissent?
1085 668 1115 695 et
1144 664 1337 696 nihilominus
1363 665 1432 696 licet
1453 666 1599 706 quispiam
1626 665 1751 697 multum

922 707 1102 740 laboraverit
1117 713 1146 740 et
1175 709 1378 750 perquirendo
1405 710 1582 748 delassetur,
1601 719 1751 751 nunquam

922 753 1052 794 reperiet
1066 762 1134 784 eum
1159 753 1287 794 aliquam
1313 755 1424 786 erroris
1440 757 1655 786 correctionem
1680 753 1752 786 inde

921 797 1132 838 expostulasse,
1161 807 1258 839 neque
1295 798 1430 830 libellum
1461 799 1517 840 piae
1546 799 1628 836 ﬁdei,
1654 809 1752 840 neque

921 842 1000 883 quod
1031 843 1184 872 minimum
1202 847 1265 874 erat
1281 843 1389 874 nudam
1408 844 1454 875 rei
1485 844 1750 884 pollicitationem:

920 887 974 918 sed
1003 886 1066 917 sola
1093 887 1340 919 reconciliatione
1368 887 1517 930 obtenta,
1555 888 1625 920 citra
1658 888 1751 920 ullum

921 939 1044 962 examen
1067 930 1164 961 statim
1193 931 1273 963 illam
1295 932 1431 974 arripuit.
1452 933 1502 965 Sic
1526 933 1649 965 Photius
1664 933 1752 974 primi

920 974 1091 1006 schismatis
1119 981 1222 1007 auctor
1255 976 1337 1008 hisce
1367 978 1471 1015 multo,
1489 977 1514 1008 si
1543 977 1664 1009 dicendi
1690 978 1751 1008 vim

920 1020 1104 1061 consideres,
1124 1020 1297 1062 sapientior,
1330 1022 1523 1054 contentione
1538 1031 1573 1053 ac
1587 1022 1750 1063 simultate,

920 1074 979 1095 non
994 1065 1126 1095 veritatis
1154 1074 1255 1097 amore
1277 1065 1338 1097 ullo
1360 1067 1461 1105 modo,
1478 1066 1557 1098 bene
1571 1075 1604 1097 se
1630 1065 1752 1098 habenti

919 1109 988 1140 huic
1003 1109 1133 1149 dogmati
1157 1110 1275 1142 restitit.
1292 1108 1376 1141 Hanc
1401 1111 1490 1150 igitur
1504 1111 1542 1142 ob
1568 1120 1687 1142 causam
1701 1110 1753 1153 qui

918 1163 987 1185 eum
1004 1154 1192 1194 postmodum
1217 1154 1368 1186 subsecuti
1383 1160 1454 1187 sunt
1483 1156 1591 1187 multos
1606 1159 1673 1197 post
1696 1165 1752 1186 an-

919 1207 983 1238 nos,
1013 1198 1051 1229 de
1080 1198 1189 1238 quibus
1218 1208 1298 1230 nunc
1326 1199 1486 1241 loquimur,
1509 1209 1598 1232 unam
1621 1204 1750 1231 sanctam

918 1241 1093 1273 catholicam
1110 1244 1140 1274 et
1154 1243 1347 1283 apostolicam
1372 1243 1535 1276 Ecclesiam
1551 1244 1750 1286 disciderunt,

919 1290 948 1317 et
967 1285 998 1317 in
1015 1291 1112 1327 partes
1127 1287 1363 1328 discerpserunt,
1376 1289 1492 1320 did‘usis
1518 1289 1678 1330 multisque
1691 1285 1752 1330 prae

918 1330 985 1361 aliis
1024 1330 1109 1362 malis
1126 1355 1134 1370 ,
1178 1335 1283 1363 contra
1325 1335 1419 1363 tutum
1454 1333 1511 1364 hoc
1553 1342 1751 1375 securumque

919 1375 1024 1414 dogma
1040 1375 1212 1407 tractatibus
1224 1376 1324 1416 editis,
1353 1377 1461 1418 quibus
1477 1378 1603 1410 fortasse
1618 1378 1698 1409 Deus
1712 1378 1750 1409 ob

918 1419 974 1450 hoc
988 1419 1102 1451 crimen
1119 1423 1232 1451 temere
1258 1425 1402 1452 tentatum
1431 1422 1613 1460 retribuens,
1646 1431 1750 1463 pinnas

918 1463 1054 1509 inﬂigere
1082 1473 1142 1495 non
1171 1464 1222 1495 diu
1251 1465 1367 1497 distulit
1384 1476 1392 1507 ;
1409 1475 1506 1508 neque
1535 1468 1615 1497 enim
1632 1466 1750 1509 culpam

754 1516 794 1545 ὅτι
808 1515 906 1554 Nec
916 1508 1072 1554 remittere
1089 1509 1251 1554 saepissime
1280 1509 1368 1548 solet,
1384 1510 1454 1542 licet
1482 1510 1685 1551 perhumanus
1699 1511 1750 1544 sit.

915 1551 1021 1593 Neque
1036 1553 1073 1584 de
1099 1553 1239 1584 omnibus
1264 1554 1382 1596 loquor,
1398 1555 1450 1595 qui
1472 1555 1642 1586 schismatis
1671 1560 1750 1587 tem-

916 1606 990 1638 pore
1002 1597 1132 1636 fuerunt,
1145 1607 1214 1629 cum
1228 1597 1288 1630 illis
1304 1599 1446 1631 omnibus
1461 1600 1575 1631 crimen
1585 1600 1750 1641 appingere

917 1651 1014 1682 neque
1039 1642 1194 1679 decorum,
1224 1652 1322 1684 neque
1345 1644 1460 1684 justum
1487 1648 1542 1677 est.
1571 1643 1656 1685 Sunt.
1670 1645 1750 1676 enim

920 1687 1052 1728 quidam,
1082 1691 1151 1718 sunt
1166 1687 1263 1729 plane,
1289 1688 1339 1729 qui
1354 1688 1446 1723 simili
1460 1689 1566 1720 affectu
1582 1690 1752 1730 superiores

920 1740 1007 1772 quam
1020 1731 1172 1763 verissime
1186 1732 1266 1770 facti,
1283 1732 1373 1773 hujus
1387 1733 1533 1774 dogmatis
1549 1733 1644 1765 valide
1658 1734 1751 1766 variis

919 1775 981 1807 suis
995 1775 1209 1817 scriptionibus
1221 1777 1418 1818 patrocinium
1434 1778 1614 1819 suscipiunt,
1631 1777 1751 1820 quidam

919 1820 1016 1861 palam
1044 1824 1206 1862 aperteque
1234 1826 1370 1863 tanquam
1397 1823 1448 1864 qui
1472 1831 1595 1865 prorsus
1624 1822 1750 1864 Spiritui

918 1865 1109 1906 addicuntur,
1139 1865 1259 1906 quidam
1286 1867 1481 1907 subobscure,
1510 1869 1555 1900 vel
1580 1871 1613 1900 ut
1639 1867 1750 1899 clarius

919 1909 1027 1948 dicam,
1055 1910 1180 1951 tempori
1196 1919 1263 1942 sese
1279 1911 1416 1944 humanae
1430 1914 1498 1944 vitae
1526 1912 1683 1953 fragilitate
1697 1921 1749 1943 ac—

919 1955 1152 1987 commodantes.
1169 1955 1206 1987 Ut
1224 1965 1294 1987 vero
1309 1957 1393 1988 vobis
1415 1957 1557 1989 omnibus
1572 1958 1667 1999 ipsam
1684 1966 1751 1989 sese

919 1999 1165 2031 accommodandi
1189 2000 1318 2041 tempori
1345 2002 1491 2033 rationem
1521 2003 1664 2043 aperiam,
1694 2001 1749 2033 sub

918 2045 1019 2085 specie
1034 2044 1142 2084 dialogi
1157 2045 1315 2085 perspicue
1330 2046 1482 2086 publicant
1495 2047 1659 2087 veritatem,
1677 2055 1752 2087 quos

919 2093 1060 2130 utrosque
1075 2089 1222 2130 quispiam
1239 2098 1274 2120 ex
1290 2090 1430 2122 divinitus
1446 2091 1598 2133 inspiratis
1613 2090 1750 2131 Scriptu-

919 2134 961 2165 ris
989 2134 1045 2165 hoc
1074 2134 1182 2174 dogma
1214 2134 1454 2168 demonstrantes
1483 2141 1513 2169 et
1538 2136 1750 2168 conﬁrmantes

919 2178 1120 2219 conspexerit.
1138 2178 1193 2215 Qui
1207 2188 1277 2210 vero
1293 2188 1329 2211 ex
1344 2180 1506 2213 schismate
1518 2186 1588 2213 sunt
1602 2181 1752 2213 contraria

889 2218 910 2243 D
919 2218 1036 2254 summo
1048 2222 1117 2254 nixu
1133 2223 1308 2263 moliuntur,
1337 2234 1373 2256 ex
1385 2230 1487 2258 ventre
1498 2225 1750 2257 contradictiones

915 2268 1085 2305 afferentes,
1102 2268 1223 2308 propria
1237 2268 1269 2299 in
1291 2268 1383 2301 rebus
1398 2270 1575 2312 theologicis
1603 2270 1751 2312 principia

915 2313 1130 2353 contingentes,
1148 2321 1182 2343 ex
1198 2313 1308 2354 quibus
1322 2315 1353 2345 in
1368 2315 1497 2348 absurda
1510 2315 1669 2347 innumera
1679 2324 1748 2346 ora-

917 2357 1028 2388 tionem
1043 2357 1212 2398 impellunt.
1227 2358 1317 2391 Hisce
1331 2359 1421 2400 igitur
1435 2371 1489 2393 nos
1505 2361 1637 2393 animum
1649 2360 1740 2393 adver

918 2411 1015 2437 tomus
1030 2403 1080 2443 qui
1096 2411 1131 2433 ex
1147 2403 1276 2444 propriis
1293 2404 1404 2437 similia
1423 2410 1570 2445 eructant,
1587 2405 1750 2437 communi-

917 2448 983 2495 bus»
1000 2448 1281 2495 nostris‘l’atribus,
1298 2452 1350 2491 qui
1365 2462 1432 2484 cum
1448 2453 1562 2495 Spiritu
1581 2452 1745 2493 loquuntur

918 2493 1087 2539 neglectis?
1102 2493 1146 2525 Ne
1170 2503 1224 2534 per
1238 2504 1335 2536 spem,
1352 2507 1441 2539 quam
1459 2493 1627 2539 speramus,
1645 2505 1748 2536 exoro,

918 2548 972 2580 per
986 2538 1125 2584 Triadem
1145 2546 1214 2584 erga
1230 2549 1319 2581 quam
1336 2538 1524 2584 potissimum
1539 2547 1642 2575 noster
1653 2542 1751 2574 cultus

918 2589 964 2630 est
975 2593 1038 2630 ;_ne
1052 2583 1132 2615 circa
1152 2583 1271 2616 facilem
1298 2583 1377 2619 hunc
1394 2588 1556 2630 delectum,
1572 2588 1646 2620 adeo
1662 2587 1752 2629 noxia

917 2628 1126 2669 dijudicemus,
1141 2632 1173 2659 ιιι
1187 2630 1351 2672 terrigenas
1365 2643 1435 2666 vere
1461 2628 1633 2666 caelestibus
1647 2632 1748 2664 homi-

917 2674 1004 2705 nibus
1019 2677 1049 2705 et
1063 2673 1192 2705 humano
1208 2685 1293 2709 more
1309 2678 1521 2712 ratiocinantes
1537 2677 1614 2711 veris
1636 2677 1751 2709 intelli-

917 2719 1024 2764 gentiis
1052 2728 1271 2761 praponamus.
1299 2723 1411 2757 Demus
1444 2725 1563 2758 tandem
1591 2722 1749 2764 aliquando

917 2763 1009 2795 alacri
1023 2764 1123 2795 animo
1138 2773 1228 2797 aures
1242 2768 1334 2800 sacris
1345 2775 1516 2803 sanctorum
1543 2763 1649 2801 dictis;
1658 2767 1747 2805 Quid,

919 2808 1003 2851 quasi
1017 2808 1113 2851 ipsam
1142 2809 1323 2845 audientiam
1351 2824 1536 2857 respuamus,
1552 2813 1664 2846 vultum
1694 2811 1749 2843 ob-
