  <div class='ocr_page' id='page_1' title='image "/cluster/home/n/w/nwhite01/storage/ocr_20150623/141/njp.32101010942868/642.png"; bbox 0 0 1941 3082; ppageno 0'>
   <div class='ocr_carea' id='block_1_1' title="bbox 51 123 817 181">
    <p class='ocr_par' dir='ltr' id='par_1_1' title="bbox 51 145 817 181">
     <span class='ocr_line' id='line_1_1' title="bbox 51 145 817 181; baseline 0.004 -3"><span class='ocrx_word' id='word_1_1' title='bbox 51 145 126 179; x_wconf 71' lang='grc'><strong>1273</strong></span> <span class='ocrx_word' id='word_1_2' title='bbox 517 150 566 181; x_wconf 84' lang='lat' dir='ltr'><strong>DE</strong></span> <span class='ocrx_word' id='word_1_3' title='bbox 586 147 817 181; x_wconf 80' lang='lat' dir='ltr'><strong>PROCESSION</strong></span> 
     </span>
    </p>
   </div>
   <div class='ocr_carea' id='block_1_2' title="bbox 972 123 1738 181">
    <p class='ocr_par' dir='ltr' id='par_1_2' title="bbox 972 146 1738 181">
     <span class='ocr_line' id='line_1_2' title="bbox 972 146 1738 181; baseline -0.003 -2"><span class='ocrx_word' id='word_1_4' title='bbox 972 146 1093 180; x_wconf 70' lang='grc' dir='ltr'><strong>[ΠΙΤΠὸ</strong></span> <span class='ocrx_word' id='word_1_5' title='bbox 1113 149 1226 181; x_wconf 77' lang='grc' dir='ltr'>ΟΒΑΤ.</span> <span class='ocrx_word' id='word_1_6' title='bbox 1251 150 1291 180; x_wconf 86' lang='grc' dir='ltr'><strong>Π.</strong></span> <span class='ocrx_word' id='word_1_7' title='bbox 1660 146 1738 178; x_wconf 78' lang='grc'><strong>1274</strong></span> 
     </span>
    </p>
   </div>
   <div class='ocr_carea' id='block_1_3' title="bbox 45 213 811 257">
    <p class='ocr_par' dir='ltr' id='par_1_3' title="bbox 45 215 811 257">
     <span class='ocr_line' id='line_1_3' title="bbox 45 215 811 257; baseline 0.001 -13"><span class='ocrx_word' id='word_1_8' title='bbox 45 216 126 254; x_wconf 65' lang='grc' dir='ltr'>βάθος</span> <span class='ocrx_word' id='word_1_9' title='bbox 161 215 288 254; x_wconf 81' lang='grc' dir='ltr'>πλούτου,</span> <span class='ocrx_word' id='word_1_10' title='bbox 317 217 362 245; x_wconf 84' lang='grc' dir='ltr'><strong>καὶ</strong></span> <span class='ocrx_word' id='word_1_11' title='bbox 396 216 502 257; x_wconf 76' lang='grc' dir='ltr'>σοφίας,</span> <span class='ocrx_word' id='word_1_12' title='bbox 531 217 574 246; x_wconf 81' lang='grc' dir='ltr'>καὶ</span> <span class='ocrx_word' id='word_1_13' title='bbox 615 227 739 256; x_wconf 76' lang='grc' dir='ltr'>γνωαεως</span> <span class='ocrx_word' id='word_1_14' title='bbox 768 218 811 251; x_wconf 68' lang='grc' dir='ltr'>σῆς</span> 
     </span>
    </p>
   </div>
   <div class='ocr_carea' id='block_1_4' title="bbox 972 213 1738 257">
    <p class='ocr_par' dir='ltr' id='par_1_4' title="bbox 972 213 1738 255">
     <span class='ocr_line' id='line_1_4' title="bbox 972 213 1738 255; baseline -0.001 -10"><span class='ocrx_word' id='word_1_15' title='bbox 972 213 1094 254; x_wconf 79' lang='lat' dir='ltr'><strong>igens,0</strong></span> <span class='ocrx_word' id='word_1_16' title='bbox 1103 214 1231 247; x_wconf 75' lang='lat' dir='ltr'><strong>altitudo</strong></span> <span class='ocrx_word' id='word_1_17' title='bbox 1246 215 1423 247; x_wconf 74' lang='lat' dir='ltr'><strong>divitiarum</strong></span> <span class='ocrx_word' id='word_1_18' title='bbox 1438 215 1594 255; x_wconf 71' lang='lat' dir='ltr'><strong>sapientiae</strong></span> <span class='ocrx_word' id='word_1_19' title='bbox 1605 216 1634 246; x_wconf 84' lang='lat' dir='ltr'><strong>et</strong></span> <span class='ocrx_word' id='word_1_20' title='bbox 1643 214 1738 245; x_wconf 78' lang='lat' dir='ltr'><strong>scien-</strong></span> 
     </span>
    </p>
   </div>
   <div class='ocr_carea' id='block_1_5' title="bbox 47 257 813 301">
    <p class='ocr_par' dir='ltr' id='par_1_5' title="bbox 47 260 813 301">
     <span class='ocr_line' id='line_1_5' title="bbox 47 260 813 301; baseline 0.001 -13"><span class='ocrx_word' id='word_1_21' title='bbox 47 260 167 289; x_wconf 84' lang='grc' dir='ltr'>Δέσποτα</span> <span class='ocrx_word' id='word_1_22' title='bbox 192 264 238 289; x_wconf 82' lang='grc' dir='ltr'>τοῦ</span> <span class='ocrx_word' id='word_1_23' title='bbox 270 262 381 301; x_wconf 80' lang='grc' dir='ltr'>παντὸς,</span> <span class='ocrx_word' id='word_1_24' title='bbox 418 261 502 294; x_wconf 75' lang='grc' dir='ltr'>οὕτως</span> <span class='ocrx_word' id='word_1_25' title='bbox 523 260 652 300; x_wconf 77' lang='grc' dir='ltr'>ἔκθαμϐος</span> <span class='ocrx_word' id='word_1_26' title='bbox 674 261 742 299; x_wconf 76' lang='grc' dir='ltr'>μετὰ.</span> <span class='ocrx_word' id='word_1_27' title='bbox 767 264 813 290; x_wconf 84' lang='grc' dir='ltr'>Παι</span> 
     </span>
    </p>
   </div>
   <div class='ocr_carea' id='block_1_6' title="bbox 970 257 1736 301">
    <p class='ocr_par' dir='ltr' id='par_1_6' title="bbox 972 257 1736 300">
     <span class='ocr_line' id='line_1_6' title="bbox 972 257 1736 300; baseline -0.003 -10"><span class='ocrx_word' id='word_1_28' title='bbox 972 262 1032 290; x_wconf 72' lang='lat' dir='ltr'><strong>tum</strong></span> <span class='ocrx_word' id='word_1_29' title='bbox 1041 259 1074 285; x_wconf 76' lang='grc'><strong>96</strong></span> <span class='ocrx_word' id='word_1_30' title='bbox 1086 259 1239 290; x_wconf 89' lang='lat' dir='ltr'><strong>:.omnium</strong></span> <span class='ocrx_word' id='word_1_31' title='bbox 1257 259 1430 300; x_wconf 88' lang='lat' dir='ltr'><strong>Domine,ut</strong></span> <span class='ocrx_word' id='word_1_32' title='bbox 1446 269 1513 290; x_wconf 91' lang='lat' dir='ltr'><strong>cum</strong></span> <span class='ocrx_word' id='word_1_33' title='bbox 1525 258 1616 290; x_wconf 89' lang='lat' dir='ltr'><strong>Paulo</strong></span> <span class='ocrx_word' id='word_1_34' title='bbox 1628 257 1736 290; x_wconf 82' lang='lat' dir='ltr'><strong>Christi</strong></span> 
     </span>
    </p>
   </div>
   <div class='ocr_carea' id='block_1_7' title="bbox 43 302 809 346">
    <p class='ocr_par' dir='ltr' id='par_1_7' title="bbox 43 304 777 346">
     <span class='ocr_line' id='line_1_7' title="bbox 43 304 777 346; baseline 0.001 -13"><span class='ocrx_word' id='word_1_35' title='bbox 43 304 118 343; x_wconf 78' lang='grc' dir='ltr'><strong>κάγὼ</strong></span> <span class='ocrx_word' id='word_1_36' title='bbox 155 305 296 345; x_wconf 79' lang='grc' dir='ltr'>κραυγάσω</span> <span class='ocrx_word' id='word_1_37' title='bbox 330 309 376 335; x_wconf 78' lang='grc' dir='ltr'><strong>τοῦ</strong></span> <span class='ocrx_word' id='word_1_38' title='bbox 413 307 635 346; x_wconf 72' lang='grc' dir='ltr'>χριστοκήρυκος,</span> <span class='ocrx_word' id='word_1_39' title='bbox 677 305 777 335; x_wconf 71' lang='grc' dir='ltr'>ἐκεῖθεν</span> 
     </span>
    </p>
   </div>
   <div class='ocr_carea' id='block_1_8' title="bbox 971 302 1737 346">
    <p class='ocr_par' dir='ltr' id='par_1_8' title="bbox 971 302 1737 345">
     <span class='ocr_line' id='line_1_8' title="bbox 971 302 1737 345; baseline -0.003 -11"><span class='ocrx_word' id='word_1_40' title='bbox 971 313 1052 335; x_wconf 80' lang='lat' dir='ltr'><strong>:cone</strong></span> <span class='ocrx_word' id='word_1_41' title='bbox 1076 303 1275 335; x_wconf 84' lang='lat' dir='ltr'><strong>admiratione</strong></span> <span class='ocrx_word' id='word_1_42' title='bbox 1303 304 1430 345; x_wconf 87' lang='lat' dir='ltr'><strong>quadam</strong></span> <span class='ocrx_word' id='word_1_43' title='bbox 1461 307 1643 340; x_wconf 86' lang='lat' dir='ltr'><strong>commotus,</strong></span> <span class='ocrx_word' id='word_1_44' title='bbox 1673 302 1737 342; x_wconf 88' lang='lat' dir='ltr'><strong>ipse</strong></span> 
     </span>
    </p>
   </div>
   <div class='ocr_carea' id='block_1_9' title="bbox 43 346 809 390">
    <p class='ocr_par' dir='ltr' id='par_1_9' title="bbox 43 348 809 390">
     <span class='ocr_line' id='line_1_9' title="bbox 43 348 809 390; baseline 0 -13"><span class='ocrx_word' id='word_1_45' title='bbox 43 348 251 389; x_wconf 74' lang='grc' dir='ltr'>ἔπραγματεύσω</span> <span class='ocrx_word' id='word_1_46' title='bbox 285 350 335 384; x_wconf 82' lang='grc' dir='ltr'>τὴν</span> <span class='ocrx_word' id='word_1_47' title='bbox 368 349 428 379; x_wconf 79' lang='grc' dir='ltr'>κατ’</span> <span class='ocrx_word' id='word_1_48' title='bbox 476 349 607 379; x_wconf 80' lang='grc' dir='ltr'>εὗσέϐειαν</span> <span class='ocrx_word' id='word_1_49' title='bbox 643 351 809 390; x_wconf 65' lang='grc' dir='ltr'>ὃμογνωμοπι</span> 
     </span>
    </p>
   </div>
   <div class='ocr_carea' id='block_1_10' title="bbox 969 346 1735 390">
    <p class='ocr_par' dir='ltr' id='par_1_10' title="bbox 970 346 1735 389">
     <span class='ocr_line' id='line_1_10' title="bbox 970 346 1735 389; baseline -0.003 -10"><span class='ocrx_word' id='word_1_50' title='bbox 970 357 1028 389; x_wconf 85' lang='lat' dir='ltr'><strong>que</strong></span> <span class='ocrx_word' id='word_1_51' title='bbox 1040 349 1244 380; x_wconf 74' lang='lat' dir='ltr'><strong>vehementius</strong></span> <span class='ocrx_word' id='word_1_52' title='bbox 1261 349 1423 380; x_wconf 85' lang='lat' dir='ltr'><strong>exclamem</strong></span> <span class='ocrx_word' id='word_1_53' title='bbox 1437 358 1445 386; x_wconf 90' lang='lat'><strong>;</strong></span> <span class='ocrx_word' id='word_1_54' title='bbox 1461 347 1532 379; x_wconf 89' lang='lat' dir='ltr'><strong>inde</strong></span> <span class='ocrx_word' id='word_1_55' title='bbox 1551 346 1735 388; x_wconf 88' lang='lat' dir='ltr'><strong>postmodum</strong></span> 
     </span>
    </p>
   </div>
   <div class='ocr_carea' id='block_1_11' title="bbox 42 390 808 434">
    <p class='ocr_par' dir='ltr' id='par_1_11' title="bbox 42 393 808 434">
     <span class='ocr_line' id='line_1_11' title="bbox 42 393 808 434; baseline 0.003 -12"><span class='ocrx_word' id='word_1_56' title='bbox 42 394 110 428; x_wconf 72' lang='grc' dir='ltr'>ἡμῖν</span> <span class='ocrx_word' id='word_1_57' title='bbox 134 394 178 422; x_wconf 81' lang='grc' dir='ltr'>καὶ</span> <span class='ocrx_word' id='word_1_58' title='bbox 205 393 385 434; x_wconf 83' lang='grc' dir='ltr'>πεπλήρωκας</span> <span class='ocrx_word' id='word_1_59' title='bbox 417 394 459 425; x_wconf 76' lang='grc' dir='ltr'><strong>διὰ</strong></span> <span class='ocrx_word' id='word_1_60' title='bbox 480 398 530 429; x_wconf 76' lang='grc' dir='ltr'><strong>τῆς</strong></span> <span class='ocrx_word' id='word_1_61' title='bbox 551 398 604 424; x_wconf 85' lang='grc' dir='ltr'><strong>τῶν</strong></span> <span class='ocrx_word' id='word_1_62' title='bbox 625 396 729 424; x_wconf 81' lang='grc' dir='ltr'>σεπτῶν</span> <span class='ocrx_word' id='word_1_63' title='bbox 751 395 808 424; x_wconf 70' lang='grc' dir='ltr'>ἆναπ</span> 
     </span>
    </p>
   </div>
   <div class='ocr_carea' id='block_1_12' title="bbox 970 390 1736 434">
    <p class='ocr_par' dir='ltr' id='par_1_12' title="bbox 970 390 1736 433">
     <span class='ocr_line' id='line_1_12' title="bbox 970 390 1736 433; baseline -0.003 -11"><span class='ocrx_word' id='word_1_64' title='bbox 970 404 972 421; x_wconf 71' lang='grc' dir='ltr'><strong>ι</strong></span> <span class='ocrx_word' id='word_1_65' title='bbox 986 392 1017 423; x_wconf 93' lang='lat' dir='ltr'><strong>in</strong></span> <span class='ocrx_word' id='word_1_66' title='bbox 1032 393 1150 433; x_wconf 86' lang='lat' dir='ltr'><strong>pietatis</strong></span> <span class='ocrx_word' id='word_1_67' title='bbox 1165 393 1354 424; x_wconf 77' lang='lat' dir='ltr'><strong>concordiam</strong></span> <span class='ocrx_word' id='word_1_68' title='bbox 1383 393 1533 428; x_wconf 79' lang='lat' dir='ltr'><strong>reductos,</strong></span> <span class='ocrx_word' id='word_1_69' title='bbox 1550 390 1736 422; x_wconf 87' lang='lat' dir='ltr'><strong>veneranda—</strong></span> 
     </span>
    </p>
   </div>
   <div class='ocr_carea' id='block_1_13' title="bbox 46 436 812 480">
    <p class='ocr_par' dir='ltr' id='par_1_13' title="bbox 46 437 812 480">
     <span class='ocr_line' id='line_1_13' title="bbox 46 437 812 480; baseline 0.001 -14"><span class='ocrx_word' id='word_1_70' title='bbox 46 437 110 471; x_wconf 80' lang='grc' dir='ltr'><strong>ξέως</strong></span> <span class='ocrx_word' id='word_1_71' title='bbox 135 439 180 467; x_wconf 79' lang='grc' dir='ltr'><strong>καὶ</strong></span> <span class='ocrx_word' id='word_1_72' title='bbox 199 439 275 467; x_wconf 79' lang='grc' dir='ltr'>θείων</span> <span class='ocrx_word' id='word_1_73' title='bbox 297 442 419 480; x_wconf 68' lang='grc' dir='ltr'>Γραςρῶν,</span> <span class='ocrx_word' id='word_1_74' title='bbox 454 440 498 468; x_wconf 86' lang='grc' dir='ltr'><strong>καὶ</strong></span> <span class='ocrx_word' id='word_1_75' title='bbox 529 442 579 473; x_wconf 76' lang='grc' dir='ltr'><strong>τῆς</strong></span> <span class='ocrx_word' id='word_1_76' title='bbox 608 439 724 468; x_wconf 73' lang='grc' dir='ltr'>ἒντεόθεν</span> <span class='ocrx_word' id='word_1_77' title='bbox 753 450 812 480; x_wconf 80' lang='grc' dir='ltr'>φανε</span> 
     </span>
    </p>
   </div>
   <div class='ocr_carea' id='block_1_14' title="bbox 971 436 1737 480">
    <p class='ocr_par' dir='ltr' id='par_1_14' title="bbox 971 436 1737 480">
     <span class='ocr_line' id='line_1_14' title="bbox 971 436 1737 480; baseline -0.003 -12"><span class='ocrx_word' id='word_1_78' title='bbox 971 447 983 468; x_wconf 78' lang='grc' dir='ltr'>[ι</span> <span class='ocrx_word' id='word_1_79' title='bbox 1000 447 1210 479; x_wconf 78' lang='lat' dir='ltr'><strong>sacrarumque</strong></span> <span class='ocrx_word' id='word_1_80' title='bbox 1224 438 1442 478; x_wconf 85' lang='lat' dir='ltr'><strong>Scripturarum</strong></span> <span class='ocrx_word' id='word_1_81' title='bbox 1468 436 1737 480; x_wconf 29' lang='lat' dir='ltr'><strong>expositionetqua</strong></span> 
     </span>
    </p>
   </div>
   <div class='ocr_carea' id='block_1_15' title="bbox 916 479 1738 523">
    <p class='ocr_par' dir='ltr' id='par_1_15' title="bbox 916 479 1738 523">
     <span class='ocr_line' id='line_1_15' title="bbox 916 479 1738 523; baseline -0.001 -10"><span class='ocrx_word' id='word_1_82' title='bbox 916 486 1030 514; x_wconf 87' lang='lat' dir='ltr'><strong>rectum</strong></span> <span class='ocrx_word' id='word_1_83' title='bbox 1047 482 1155 523; x_wconf 83' lang='lat' dir='ltr'><strong>dogma</strong></span> <span class='ocrx_word' id='word_1_84' title='bbox 1169 483 1309 520; x_wconf 79' lang='lat' dir='ltr'><strong>innotuit,</strong></span> <span class='ocrx_word' id='word_1_85' title='bbox 1327 482 1432 514; x_wconf 89' lang='lat' dir='ltr'><strong>eadem</strong></span> <span class='ocrx_word' id='word_1_86' title='bbox 1456 481 1652 513; x_wconf 86' lang='lat' dir='ltr'><strong>conﬁrmasti.</strong></span> <span class='ocrx_word' id='word_1_87' title='bbox 1674 479 1738 512; x_wconf 85' lang='lat' dir='ltr'><strong>Hoc</strong></span> 
     </span>
    </p>
   </div>
   <div class='ocr_carea' id='block_1_16' title="bbox 918 526 1738 568">
    <p class='ocr_par' dir='ltr' id='par_1_16' title="bbox 918 526 1738 568">
     <span class='ocr_line' id='line_1_16' title="bbox 918 526 1738 568; baseline -0.005 -10"><span class='ocrx_word' id='word_1_88' title='bbox 918 530 986 564; x_wconf 65' lang='lat' dir='ltr'><strong>tua,</strong></span> <span class='ocrx_word' id='word_1_89' title='bbox 1002 536 1067 568; x_wconf 61' lang='lat' dir='ltr'><strong>qua;</strong></span> <span class='ocrx_word' id='word_1_90' title='bbox 1081 536 1170 568; x_wconf 89' lang='lat' dir='ltr'><strong>supra</strong></span> <span class='ocrx_word' id='word_1_91' title='bbox 1184 536 1239 558; x_wconf 92' lang='lat' dir='ltr'><strong>nos</strong></span> <span class='ocrx_word' id='word_1_92' title='bbox 1253 531 1308 562; x_wconf 81' lang='lat' dir='ltr'><strong>est,</strong></span> <span class='ocrx_word' id='word_1_93' title='bbox 1325 526 1478 567; x_wconf 78' lang='lat' dir='ltr'><strong>sapientiae</strong></span> <span class='ocrx_word' id='word_1_94' title='bbox 1489 526 1543 557; x_wconf 92' lang='lat' dir='ltr'><strong>hac</strong></span> <span class='ocrx_word' id='word_1_95' title='bbox 1558 528 1642 556; x_wconf 83' lang='lat' dir='ltr'><strong>aetate</strong></span> <span class='ocrx_word' id='word_1_96' title='bbox 1656 527 1738 555; x_wconf 88' lang='lat' dir='ltr'><strong>recte</strong></span> 
     </span>
    </p>
   </div>
   <div class='ocr_carea' id='block_1_17' title="bbox 918 568 1736 609">
    <p class='ocr_par' dir='ltr' id='par_1_17' title="bbox 918 568 1736 609">
     <span class='ocr_line' id='line_1_17' title="bbox 918 568 1736 609; baseline -0.002 -7"><span class='ocrx_word' id='word_1_97' title='bbox 918 571 1111 603; x_wconf 65' lang='lat' dir='ltr'><strong>factumﬂzec</strong></span> <span class='ocrx_word' id='word_1_98' title='bbox 1127 571 1168 602; x_wconf 86' lang='lat' dir='ltr'><strong>tui</strong></span> <span class='ocrx_word' id='word_1_99' title='bbox 1182 571 1212 602; x_wconf 88' lang='lat' dir='ltr'><strong>in</strong></span> <span class='ocrx_word' id='word_1_100' title='bbox 1227 581 1281 602; x_wconf 86' lang='lat' dir='ltr'><strong>nos</strong></span> <span class='ocrx_word' id='word_1_101' title='bbox 1297 571 1395 602; x_wconf 85' lang='lat' dir='ltr'><strong>collati</strong></span> <span class='ocrx_word' id='word_1_102' title='bbox 1407 570 1545 601; x_wconf 88' lang='lat' dir='ltr'><strong>beneﬁcii</strong></span> <span class='ocrx_word' id='word_1_103' title='bbox 1560 568 1736 609; x_wconf 84' lang='lat' dir='ltr'><strong>amplitudo.</strong></span> 
     </span>
    </p>
   </div>
   <div class='ocr_carea' id='block_1_18' title="bbox 45 482 875 524">
    <p class='ocr_par' dir='ltr' id='par_1_18' title="bbox 45 482 875 524">
     <span class='ocr_line' id='line_1_18' title="bbox 45 482 875 524; baseline 0.004 -14"><span class='ocrx_word' id='word_1_104' title='bbox 45 492 111 515; x_wconf 81' lang='grc' dir='ltr'>σεως</span> <span class='ocrx_word' id='word_1_105' title='bbox 141 482 186 511; x_wconf 81' lang='grc' dir='ltr'>τοῦ</span> <span class='ocrx_word' id='word_1_106' title='bbox 212 483 288 522; x_wconf 74' lang='grc' dir='ltr'>ὀρθοῦ</span> <span class='ocrx_word' id='word_1_107' title='bbox 321 483 466 523; x_wconf 75' lang='grc' dir='ltr'>δόγματος.</span> <span class='ocrx_word' id='word_1_108' title='bbox 494 488 576 514; x_wconf 82' lang='grc' dir='ltr'>Τοῦτο</span> <span class='ocrx_word' id='word_1_109' title='bbox 611 487 661 518; x_wconf 79' lang='grc' dir='ltr'>τῆς</span> <span class='ocrx_word' id='word_1_110' title='bbox 695 484 759 524; x_wconf 81' lang='grc' dir='ltr'>ὑπὲρ</span> <span class='ocrx_word' id='word_1_111' title='bbox 795 485 875 522; x_wconf 79' lang='grc' dir='ltr'>ἡμῶν</span> 
     </span>
    </p>
   </div>
   <div class='ocr_carea' id='block_1_19' title="bbox 44 524 877 569">
    <p class='ocr_par' dir='ltr' id='par_1_19' title="bbox 44 524 877 569">
     <span class='ocr_line' id='line_1_19' title="bbox 44 524 877 569; baseline 0.004 -15"><span class='ocrx_word' id='word_1_112' title='bbox 44 527 136 567; x_wconf 78' lang='grc' dir='ltr'>σοφίας</span> <span class='ocrx_word' id='word_1_113' title='bbox 157 527 206 562; x_wconf 79' lang='grc' dir='ltr'>σῆς</span> <span class='ocrx_word' id='word_1_114' title='bbox 227 529 259 556; x_wconf 80' lang='grc' dir='ltr'>τὸ</span> <span class='ocrx_word' id='word_1_115' title='bbox 286 528 446 567; x_wconf 85' lang='grc' dir='ltr'>κατόρθωμα</span> <span class='ocrx_word' id='word_1_116' title='bbox 467 532 523 558; x_wconf 79' lang='grc' dir='ltr'>νῦν.</span> <span class='ocrx_word' id='word_1_117' title='bbox 557 532 640 558; x_wconf 85' lang='grc' dir='ltr'>τοῦτο</span> <span class='ocrx_word' id='word_1_118' title='bbox 667 540 715 558; x_wconf 78' lang='grc' dir='ltr'>σου</span> <span class='ocrx_word' id='word_1_119' title='bbox 743 528 791 563; x_wconf 71' lang='grc' dir='ltr'><strong>τῆς</strong></span> <span class='ocrx_word' id='word_1_120' title='bbox 818 524 877 569; x_wconf 83' lang='grc' dir='ltr'>περῖ</span> 
     </span>
    </p>
   </div>
   <div class='ocr_carea' id='block_1_20' title="bbox 44 569 876 613">
    <p class='ocr_par' dir='ltr' id='par_1_20' title="bbox 44 569 876 613">
     <span class='ocr_line' id='line_1_20' title="bbox 44 569 876 613; baseline 0.002 -14"><span class='ocrx_word' id='word_1_121' title='bbox 44 572 116 608; x_wconf 75' lang='grc' dir='ltr'>ἡμᾶς</span> <span class='ocrx_word' id='word_1_122' title='bbox 158 572 306 612; x_wconf 77' lang='grc' dir='ltr'>εὒεργεσίας</span> <span class='ocrx_word' id='word_1_123' title='bbox 353 574 383 601; x_wconf 78' lang='grc' dir='ltr'>τὸ</span> <span class='ocrx_word' id='word_1_124' title='bbox 426 573 547 612; x_wconf 79' lang='grc' dir='ltr'>μέγεθος.</span> <span class='ocrx_word' id='word_1_125' title='bbox 586 569 786 613; x_wconf 79' lang='grc' dir='ltr'>Ὀμολογοῦμεν</span> <span class='ocrx_word' id='word_1_126' title='bbox 830 574 876 602; x_wconf 77' lang='grc' dir='ltr'><strong>τὸν</strong></span> 
     </span>
    </p>
   </div>
   <div class='ocr_carea' id='block_1_21' title="bbox 44 612 810 658">
    <p class='ocr_par' dir='ltr' id='par_1_21' title="bbox 44 615 810 658">
     <span class='ocr_line' id='line_1_21' title="bbox 44 615 810 658; baseline 0.004 -15"><span class='ocrx_word' id='word_1_127' title='bbox 44 615 129 654; x_wconf 76' lang='grc' dir='ltr'>ἔλεον,</span> <span class='ocrx_word' id='word_1_128' title='bbox 152 617 189 649; x_wconf 83' lang='grc' dir='ltr'>ὡς</span> <span class='ocrx_word' id='word_1_129' title='bbox 212 618 294 650; x_wconf 74' lang='grc' dir='ltr'>εἰκὸς.</span> <span class='ocrx_word' id='word_1_130' title='bbox 326 621 381 651; x_wconf 82' lang='grc' dir='ltr'>Την</span> <span class='ocrx_word' id='word_1_131' title='bbox 401 617 482 657; x_wconf 79' lang='grc' dir='ltr'>χάριν</span> <span class='ocrx_word' id='word_1_132' title='bbox 502 618 542 646; x_wconf 77' lang='grc' dir='ltr'>ἀεὶ</span> <span class='ocrx_word' id='word_1_133' title='bbox 572 624 632 650; x_wconf 76' lang='grc' dir='ltr'>τοῖς</span> <span class='ocrx_word' id='word_1_134' title='bbox 660 621 724 646; x_wconf 80' lang='grc' dir='ltr'>πᾶσι</span> <span class='ocrx_word' id='word_1_135' title='bbox 747 618 810 658; x_wconf 79' lang='grc' dir='ltr'>κηρῦ</span> 
     </span>
    </p>
   </div>
   <div class='ocr_carea' id='block_1_22' title="bbox 970 612 1736 658">
    <p class='ocr_par' dir='ltr' id='par_1_22' title="bbox 970 612 1736 658">
     <span class='ocr_line' id='line_1_22' title="bbox 970 612 1736 658; baseline -0.005 -11"><span class='ocrx_word' id='word_1_136' title='bbox 970 616 1110 658; x_wconf 76' lang='lat' dir='ltr'><strong>iﬁtemur,</strong></span> <span class='ocrx_word' id='word_1_137' title='bbox 1126 617 1167 647; x_wconf 87' lang='lat' dir='ltr'><strong>uti</strong></span> <span class='ocrx_word' id='word_1_138' title='bbox 1181 616 1317 656; x_wconf 72' lang='lat' dir='ltr'><strong>addecet,</strong></span> <span class='ocrx_word' id='word_1_139' title='bbox 1334 613 1568 646; x_wconf 88' lang='lat' dir='ltr'><strong>misericordiam</strong></span> <span class='ocrx_word' id='word_1_140' title='bbox 1583 623 1591 652; x_wconf 87' lang='lat'><strong>;</strong></span> <span class='ocrx_word' id='word_1_141' title='bbox 1614 612 1736 653; x_wconf 82' lang='lat' dir='ltr'><strong>gratiam</strong></span> 
     </span>
    </p>
   </div>
   <div class='ocr_carea' id='block_1_23' title="bbox 43 658 809 703">
    <p class='ocr_par' dir='ltr' id='par_1_23' title="bbox 43 661 809 703">
     <span class='ocr_line' id='line_1_23' title="bbox 43 661 809 703; baseline 0.003 -15"><span class='ocrx_word' id='word_1_142' title='bbox 43 671 103 700; x_wconf 81' lang='grc' dir='ltr'>μεν,</span> <span class='ocrx_word' id='word_1_143' title='bbox 126 661 191 700; x_wconf 75' lang='grc' dir='ltr'>ὑπὲρ</span> <span class='ocrx_word' id='word_1_144' title='bbox 218 662 256 690; x_wconf 87' lang='grc' dir='ltr'>ὦν</span> <span class='ocrx_word' id='word_1_145' title='bbox 283 662 328 690; x_wconf 82' lang='grc' dir='ltr'><strong>καὶ</strong></span> <span class='ocrx_word' id='word_1_146' title='bbox 367 663 456 691; x_wconf 79' lang='grc' dir='ltr'>θυσίαν</span> <span class='ocrx_word' id='word_1_147' title='bbox 484 663 607 694; x_wconf 71' lang='grc' dir='ltr'>αῑνὲσεως</span> <span class='ocrx_word' id='word_1_148' title='bbox 635 663 680 691; x_wconf 80' lang='grc' dir='ltr'><strong>καὶ</strong></span> <span class='ocrx_word' id='word_1_149' title='bbox 702 664 809 703; x_wconf 72' lang='grc' dir='ltr'>εὖχαριο</span> 
     </span>
    </p>
   </div>
   <div class='ocr_carea' id='block_1_24' title="bbox 970 658 1736 703">
    <p class='ocr_par' dir='ltr' id='par_1_24' title="bbox 970 658 1736 703">
     <span class='ocr_line' id='line_1_24' title="bbox 970 658 1736 703; baseline -0.004 -13"><span class='ocrx_word' id='word_1_150' title='bbox 970 670 1014 691; x_wconf 80' lang='lat' dir='ltr'><strong>am</strong></span> <span class='ocrx_word' id='word_1_151' title='bbox 1044 660 1183 692; x_wconf 88' lang='lat' dir='ltr'><strong>omnibus</strong></span> <span class='ocrx_word' id='word_1_152' title='bbox 1209 660 1390 700; x_wconf 79' lang='lat' dir='ltr'><strong>sempiterno</strong></span> <span class='ocrx_word' id='word_1_153' title='bbox 1419 658 1659 700; x_wconf 68' lang='lat' dir='ltr'><strong>predicabimus,</strong></span> <span class='ocrx_word' id='word_1_154' title='bbox 1684 666 1736 703; x_wconf 83' lang='lat' dir='ltr'><strong>pro</strong></span> 
     </span>
    </p>
   </div>
   <div class='ocr_carea' id='block_1_25' title="bbox 40 701 806 747">
    <p class='ocr_par' dir='ltr' id='par_1_25' title="bbox 40 701 803 747">
     <span class='ocr_line' id='line_1_25' title="bbox 40 701 803 747; baseline 0.001 -14"><span class='ocrx_word' id='word_1_155' title='bbox 40 708 75 743; x_wconf 82' lang='grc' dir='ltr'><strong>τῇ</strong></span> <span class='ocrx_word' id='word_1_156' title='bbox 104 709 139 744; x_wconf 75' lang='grc' dir='ltr'>σῇ</span> <span class='ocrx_word' id='word_1_157' title='bbox 169 706 335 745; x_wconf 72' lang='grc' dir='ltr'><strong>χρηστότητι</strong></span> <span class='ocrx_word' id='word_1_158' title='bbox 364 707 521 747; x_wconf 74' lang='grc' dir='ltr'><strong>προσφέρειν</strong></span> <span class='ocrx_word' id='word_1_159' title='bbox 559 706 707 745; x_wconf 77' lang='grc' dir='ltr'><strong>βουλόμεθα</strong></span> <span class='ocrx_word' id='word_1_160' title='bbox 733 701 803 746; x_wconf 56' lang='grc' dir='ltr'>μὲν,</span> 
     </span>
    </p>
   </div>
   <div class='ocr_carea' id='block_1_26' title="bbox 970 701 1736 747">
    <p class='ocr_par' dir='ltr' id='par_1_26' title="bbox 970 701 1736 747">
     <span class='ocr_line' id='line_1_26' title="bbox 970 701 1736 747; baseline -0.005 -11"><span class='ocrx_word' id='word_1_161' title='bbox 970 704 1020 736; x_wconf 89' lang='lat' dir='ltr'><strong>bus</strong></span> <span class='ocrx_word' id='word_1_162' title='bbox 1035 709 1064 736; x_wconf 87' lang='lat' dir='ltr'><strong>et</strong></span> <span class='ocrx_word' id='word_1_163' title='bbox 1078 705 1258 737; x_wconf 82' lang='lat' dir='ltr'><strong>sacriﬁcium</strong></span> <span class='ocrx_word' id='word_1_164' title='bbox 1286 704 1394 744; x_wconf 85' lang='lat' dir='ltr'><strong>laudis,</strong></span> <span class='ocrx_word' id='word_1_165' title='bbox 1411 708 1440 735; x_wconf 86' lang='lat' dir='ltr'><strong>et</strong></span> <span class='ocrx_word' id='word_1_166' title='bbox 1454 703 1613 744; x_wconf 79' lang='lat' dir='ltr'><strong>gratiarum</strong></span> <span class='ocrx_word' id='word_1_167' title='bbox 1640 701 1736 747; x_wconf 82' lang='lat' dir='ltr'><strong>actio-</strong></span> 
     </span>
    </p>
   </div>
   <div class='ocr_carea' id='block_1_27' title="bbox 40 746 806 790">
    <p class='ocr_par' dir='ltr' id='par_1_27' title="bbox 40 746 806 790">
     <span class='ocr_line' id='line_1_27' title="bbox 40 746 806 790; baseline 0.001 -11"><span class='ocrx_word' id='word_1_168' title='bbox 40 748 170 788; x_wconf 81' lang='grc' dir='ltr'>δυνάμεθα</span> <span class='ocrx_word' id='word_1_169' title='bbox 196 750 223 778; x_wconf 78' lang='grc' dir='ltr'><strong>δὲ</strong></span> <span class='ocrx_word' id='word_1_170' title='bbox 251 749 293 779; x_wconf 72' lang='grc' dir='ltr'><strong>διὰ</strong></span> <span class='ocrx_word' id='word_1_171' title='bbox 321 751 351 779; x_wconf 73' lang='grc' dir='ltr'>τὸ</span> <span class='ocrx_word' id='word_1_172' title='bbox 380 746 578 790; x_wconf 72' lang='grc' dir='ltr'>ἀνυπέρϐλητον</span> <span class='ocrx_word' id='word_1_173' title='bbox 613 751 696 785; x_wconf 73' lang='grc' dir='ltr'>αὖτῆς</span> <span class='ocrx_word' id='word_1_174' title='bbox 724 753 754 780; x_wconf 82' lang='grc' dir='ltr'>τὸ</span> <span class='ocrx_word' id='word_1_175' title='bbox 779 763 806 780; x_wconf 74' lang='grc' dir='ltr'>π(</span> 
     </span>
    </p>
   </div>
   <div class='ocr_carea' id='block_1_28' title="bbox 968 746 1734 790">
    <p class='ocr_par' dir='ltr' id='par_1_28' title="bbox 979 746 1734 789">
     <span class='ocr_line' id='line_1_28' title="bbox 979 746 1734 789; baseline -0.004 -9"><span class='ocrx_word' id='word_1_176' title='bbox 979 753 1036 780; x_wconf 63' lang='lat' dir='ltr'><strong>tua;</strong></span> <span class='ocrx_word' id='word_1_177' title='bbox 1050 749 1175 781; x_wconf 89' lang='lat' dir='ltr'><strong>bonitati</strong></span> <span class='ocrx_word' id='word_1_178' title='bbox 1198 749 1312 781; x_wconf 81' lang='lat' dir='ltr'><strong>referre</strong></span> <span class='ocrx_word' id='word_1_179' title='bbox 1337 748 1475 789; x_wconf 89' lang='lat' dir='ltr'><strong>cupimus</strong></span> <span class='ocrx_word' id='word_1_180' title='bbox 1499 757 1553 779; x_wconf 88' lang='lat' dir='ltr'><strong>nos</strong></span> <span class='ocrx_word' id='word_1_181' title='bbox 1582 746 1734 788; x_wconf 85' lang='lat' dir='ltr'><strong>equidem,</strong></span> 
     </span>
    </p>
   </div>
   <div class='ocr_carea' id='block_1_29' title="bbox 41 790 807 836">
    <p class='ocr_par' dir='ltr' id='par_1_29' title="bbox 41 790 795 836">
     <span class='ocr_line' id='line_1_29' title="bbox 41 790 795 836; baseline 0.003 -14"><span class='ocrx_word' id='word_1_182' title='bbox 41 805 106 832; x_wconf 84' lang='grc' dir='ltr'>παν,</span> <span class='ocrx_word' id='word_1_183' title='bbox 130 795 168 832; x_wconf 82' lang='grc' dir='ltr'><strong>μή</strong></span> <span class='ocrx_word' id='word_1_184' title='bbox 190 795 231 824; x_wconf 83' lang='grc' dir='ltr'><strong>τοι</strong></span> <span class='ocrx_word' id='word_1_185' title='bbox 259 806 289 835; x_wconf 84' lang='grc' dir='ltr'><strong>γε</strong></span> <span class='ocrx_word' id='word_1_186' title='bbox 305 795 416 824; x_wconf 80' lang='grc' dir='ltr'>καθόσον</span> <span class='ocrx_word' id='word_1_187' title='bbox 429 796 500 824; x_wconf 71' lang='grc' dir='ltr'>ὶστῖν</span> <span class='ocrx_word' id='word_1_188' title='bbox 521 795 603 829; x_wconf 75' lang='grc' dir='ltr'>ἄξιον,</span> <span class='ocrx_word' id='word_1_189' title='bbox 622 790 704 825; x_wconf 81' lang='grc' dir='ltr'><strong>ιὈθεν</strong></span> <span class='ocrx_word' id='word_1_190' title='bbox 718 796 795 836; x_wconf 84' lang='grc' dir='ltr'>κᾶγὼ</span> 
     </span>
    </p>
   </div>
   <div class='ocr_carea' id='block_1_30' title="bbox 998 790 1764 836">
    <p class='ocr_par' dir='ltr' id='par_1_30' title="bbox 998 792 1764 836">
     <span class='ocr_line' id='line_1_30' title="bbox 998 792 1764 836; baseline -0.004 -11"><span class='ocrx_word' id='word_1_191' title='bbox 998 798 1112 835; x_wconf 72' lang='lat' dir='ltr'><strong>propter</strong></span> <span class='ocrx_word' id='word_1_192' title='bbox 1140 794 1185 825; x_wconf 87' lang='lat' dir='ltr'><strong>rei</strong></span> <span class='ocrx_word' id='word_1_193' title='bbox 1212 794 1334 825; x_wconf 85' lang='lat' dir='ltr'><strong>nimiam</strong></span> <span class='ocrx_word' id='word_1_194' title='bbox 1361 792 1599 833; x_wconf 84' lang='lat' dir='ltr'><strong>exsuperantiam</strong></span> <span class='ocrx_word' id='word_1_195' title='bbox 1616 800 1737 836; x_wconf 87' lang='lat' dir='ltr'><strong>prorsus</strong></span> <span class='ocrx_word' id='word_1_196' title='bbox 1761 792 1764 798; x_wconf 84' lang='lat'>&#39;</span> 
     </span>
    </p>
   </div>
   <div class='ocr_carea' id='block_1_31' title="bbox 42 835 808 881">
    <p class='ocr_par' dir='ltr' id='par_1_31' title="bbox 42 835 808 881">
     <span class='ocr_line' id='line_1_31' title="bbox 42 835 808 881; baseline 0.003 -14"><span class='ocrx_word' id='word_1_197' title='bbox 42 838 88 871; x_wconf 75' lang='grc' dir='ltr'>ξας</span> <span class='ocrx_word' id='word_1_198' title='bbox 111 842 159 868; x_wconf 74' lang='grc' dir='ltr'>τοῦ</span> <span class='ocrx_word' id='word_1_199' title='bbox 186 840 237 873; x_wconf 70' lang='grc' dir='ltr'><strong>τὴν</strong></span> <span class='ocrx_word' id='word_1_200' title='bbox 260 839 311 874; x_wconf 72' lang='grc' dir='ltr'>στὶν</span> <span class='ocrx_word' id='word_1_201' title='bbox 332 839 401 872; x_wconf 72' lang='grc' dir='ltr'>ὅλως</span> <span class='ocrx_word' id='word_1_202' title='bbox 423 844 467 869; x_wconf 81' lang='grc' dir='ltr'>νῦν</span> <span class='ocrx_word' id='word_1_203' title='bbox 489 840 719 881; x_wconf 71' lang='grc' dir='ltr'><strong>μεγαλοπρέπειαν</strong></span> <span class='ocrx_word' id='word_1_204' title='bbox 730 835 808 879; x_wconf 63' lang='grc' dir='ltr'>ἂνομν</span> 
     </span>
    </p>
   </div>
   <div class='ocr_carea' id='block_1_32' title="bbox 971 835 1737 881">
    <p class='ocr_par' dir='ltr' id='par_1_32' title="bbox 971 835 1737 878">
     <span class='ocr_line' id='line_1_32' title="bbox 971 835 1737 878; baseline -0.004 -9"><span class='ocrx_word' id='word_1_205' title='bbox 971 842 1064 870; x_wconf 89' lang='lat' dir='ltr'><strong>tarum</strong></span> <span class='ocrx_word' id='word_1_206' title='bbox 1079 839 1185 870; x_wconf 85' lang='lat' dir='ltr'><strong>virium</strong></span> <span class='ocrx_word' id='word_1_207' title='bbox 1201 838 1357 870; x_wconf 88' lang='lat' dir='ltr'><strong>inﬁrmitas</strong></span> <span class='ocrx_word' id='word_1_208' title='bbox 1371 837 1508 878; x_wconf 83' lang='lat' dir='ltr'><strong>impedit,</strong></span> <span class='ocrx_word' id='word_1_209' title='bbox 1523 840 1636 868; x_wconf 83' lang='lat' dir='ltr'><strong>tantum</strong></span> <span class='ocrx_word' id='word_1_210' title='bbox 1652 835 1737 867; x_wconf 67' lang='lat' dir='ltr'><strong>abes!</strong></span> 
     </span>
    </p>
   </div>
   <div class='ocr_carea' id='block_1_33' title="bbox 42 880 808 925">
    <p class='ocr_par' dir='ltr' id='par_1_33' title="bbox 42 880 808 925">
     <span class='ocr_line' id='line_1_33' title="bbox 42 880 808 925; baseline 0.004 -14"><span class='ocrx_word' id='word_1_211' title='bbox 42 884 73 911; x_wconf 79' lang='grc' dir='ltr'><strong>τὸ</strong></span> <span class='ocrx_word' id='word_1_212' title='bbox 94 883 154 912; x_wconf 62' lang='grc' dir='ltr'>ἀπὸς</span> <span class='ocrx_word' id='word_1_213' title='bbox 163 883 237 912; x_wconf 81' lang='grc' dir='ltr'>τοῦδε</span> <span class='ocrx_word' id='word_1_214' title='bbox 263 886 312 918; x_wconf 75' lang='grc' dir='ltr'>τῆς</span> <span class='ocrx_word' id='word_1_215' title='bbox 340 885 407 923; x_wconf 76' lang='grc' dir='ltr'>πρὸς</span> <span class='ocrx_word' id='word_1_216' title='bbox 435 885 465 913; x_wconf 74' lang='grc' dir='ltr'>σὲ</span> <span class='ocrx_word' id='word_1_217' title='bbox 487 886 533 914; x_wconf 83' lang='grc' dir='ltr'>τδν</span> <span class='ocrx_word' id='word_1_218' title='bbox 550 880 684 923; x_wconf 73' lang='grc' dir='ltr'><strong>Ι’Υψιοτον</strong></span> <span class='ocrx_word' id='word_1_219' title='bbox 700 885 808 925; x_wconf 70' lang='grc' dir='ltr'>εὒχῆςὶ</span> 
     </span>
    </p>
   </div>
   <div class='ocr_carea' id='block_1_34' title="bbox 968 880 1734 925">
    <p class='ocr_par' dir='ltr' id='par_1_34' title="bbox 968 881 1734 924">
     <span class='ocr_line' id='line_1_34' title="bbox 968 881 1734 924; baseline -0.004 -10"><span class='ocrx_word' id='word_1_220' title='bbox 968 883 989 914; x_wconf 36' lang='grc' dir='ltr'><strong>κά</strong></span> <span class='ocrx_word' id='word_1_221' title='bbox 1003 883 1148 924; x_wconf 75' lang='lat' dir='ltr'><strong>condigne</strong></span> <span class='ocrx_word' id='word_1_222' title='bbox 1162 883 1305 915; x_wconf 87' lang='lat' dir='ltr'><strong>concedat</strong></span> <span class='ocrx_word' id='word_1_223' title='bbox 1317 891 1471 923; x_wconf 78' lang='lat' dir='ltr'><strong>peragere.</strong></span> <span class='ocrx_word' id='word_1_224' title='bbox 1487 881 1564 913; x_wconf 85' lang='lat' dir='ltr'><strong>Hinc</strong></span> <span class='ocrx_word' id='word_1_225' title='bbox 1578 881 1643 922; x_wconf 91' lang='lat' dir='ltr'><strong>ipse</strong></span> <span class='ocrx_word' id='word_1_226' title='bbox 1654 884 1734 912; x_wconf 88' lang='lat' dir='ltr'><strong>tuam</strong></span> 
     </span>
    </p>
   </div>
   <div class='ocr_carea' id='block_1_35' title="bbox 43 927 809 970">
    <p class='ocr_par' dir='ltr' id='par_1_35' title="bbox 43 927 809 969">
     <span class='ocr_line' id='line_1_35' title="bbox 43 927 809 969; baseline 0.001 -13"><span class='ocrx_word' id='word_1_227' title='bbox 43 939 98 961; x_wconf 87' lang='grc' dir='ltr'>τως</span> <span class='ocrx_word' id='word_1_228' title='bbox 120 927 277 969; x_wconf 66' lang='grc' dir='ltr'>ἀπέρχομαι</span> <span class='ocrx_word' id='word_1_229' title='bbox 293 936 301 944; x_wconf 81' lang='grc'><em>’</em></span> <span class='ocrx_word' id='word_1_230' title='bbox 325 930 369 957; x_wconf 83' lang='grc' dir='ltr'><strong>καὶ</strong></span> <span class='ocrx_word' id='word_1_231' title='bbox 389 930 481 969; x_wconf 78' lang='grc' dir='ltr'>πρῶτα</span> <span class='ocrx_word' id='word_1_232' title='bbox 500 930 548 968; x_wconf 81' lang='grc' dir='ltr'>μὲν</span> <span class='ocrx_word' id='word_1_233' title='bbox 564 936 621 963; x_wconf 73' lang='grc' dir='ltr'>τοῖς</span> <span class='ocrx_word' id='word_1_234' title='bbox 649 928 809 969; x_wconf 61' lang='grc' dir='ltr'>ὄρθοδοξοτάπ</span> 
     </span>
    </p>
   </div>
   <div class='ocr_carea' id='block_1_36' title="bbox 969 927 1735 970">
    <p class='ocr_par' dir='ltr' id='par_1_36' title="bbox 969 927 1735 970">
     <span class='ocr_line' id='line_1_36' title="bbox 969 927 1735 970; baseline -0.005 -9"><span class='ocrx_word' id='word_1_235' title='bbox 969 929 1164 969; x_wconf 71' lang='lat' dir='ltr'><strong>gniﬁcentiam</strong></span> <span class='ocrx_word' id='word_1_236' title='bbox 1192 929 1328 961; x_wconf 86' lang='lat' dir='ltr'><strong>laudibus</strong></span> <span class='ocrx_word' id='word_1_237' title='bbox 1354 927 1494 970; x_wconf 82' lang='lat' dir='ltr'><strong>prosequi</strong></span> <span class='ocrx_word' id='word_1_238' title='bbox 1523 927 1655 967; x_wconf 85' lang='lat' dir='ltr'><strong>mittens,</strong></span> <span class='ocrx_word' id='word_1_239' title='bbox 1672 936 1735 967; x_wconf 89' lang='lat' dir='ltr'><strong>pos-</strong></span> 
     </span>
    </p>
   </div>
   <div class='ocr_carea' id='block_1_37' title="bbox 43 971 809 1014">
    <p class='ocr_par' dir='ltr' id='par_1_37' title="bbox 43 972 807 1014">
     <span class='ocr_line' id='line_1_37' title="bbox 43 972 807 1014; baseline 0.001 -13"><span class='ocrx_word' id='word_1_240' title='bbox 43 972 149 1013; x_wconf 80' lang='grc' dir='ltr'>δέομαι,</span> <span class='ocrx_word' id='word_1_241' title='bbox 172 974 215 1001; x_wconf 79' lang='grc' dir='ltr'>καὶ</span> <span class='ocrx_word' id='word_1_242' title='bbox 237 972 421 1002; x_wconf 63' lang='grc' dir='ltr'>πανεδσεϐέσιν</span> <span class='ocrx_word' id='word_1_243' title='bbox 456 974 644 1014; x_wconf 66' lang='grc' dir='ltr'>αὐτοκράτορσι</span> <span class='ocrx_word' id='word_1_244' title='bbox 676 974 720 1002; x_wconf 87' lang='grc' dir='ltr'>καὶ</span> <span class='ocrx_word' id='word_1_245' title='bbox 745 974 807 1013; x_wconf 85' lang='grc' dir='ltr'>βασι</span> 
     </span>
    </p>
   </div>
   <div class='ocr_carea' id='block_1_38' title="bbox 971 971 1737 1014">
    <p class='ocr_par' dir='ltr' id='par_1_38' title="bbox 971 971 1737 1014">
     <span class='ocr_line' id='line_1_38' title="bbox 971 971 1737 1014; baseline -0.007 -8"><span class='ocrx_word' id='word_1_246' title='bbox 971 984 982 1006; x_wconf 70' lang='lat'><strong>3</strong></span> <span class='ocrx_word' id='word_1_247' title='bbox 1007 978 1036 1006; x_wconf 83' lang='lat' dir='ltr'><strong>at</strong></span> <span class='ocrx_word' id='word_1_248' title='bbox 1063 979 1092 1005; x_wconf 91' lang='lat' dir='ltr'><strong>te</strong></span> <span class='ocrx_word' id='word_1_249' title='bbox 1126 974 1369 1006; x_wconf 84' lang='lat' dir='ltr'><strong>Excelsissimum</strong></span> <span class='ocrx_word' id='word_1_250' title='bbox 1406 972 1655 1014; x_wconf 83' lang='lat' dir='ltr'><strong>supplicationem</strong></span> <span class='ocrx_word' id='word_1_251' title='bbox 1692 971 1737 1002; x_wconf 86' lang='lat' dir='ltr'><strong>uti</strong></span> 
     </span>
    </p>
   </div>
   <div class='ocr_carea' id='block_1_39' title="bbox 44 1016 872 1058">
    <p class='ocr_par' dir='ltr' id='par_1_39' title="bbox 44 1016 872 1058">
     <span class='ocr_line' id='line_1_39' title="bbox 44 1016 872 1058; baseline 0.002 -12"><span class='ocrx_word' id='word_1_252' title='bbox 44 1029 86 1046; x_wconf 90' lang='grc' dir='ltr'><strong>σιν</strong></span> <span class='ocrx_word' id='word_1_253' title='bbox 110 1018 201 1057; x_wconf 77' lang='grc' dir='ltr'>ἡμῶν,</span> <span class='ocrx_word' id='word_1_254' title='bbox 228 1016 262 1046; x_wconf 80' lang='grc' dir='ltr'>δι’</span> <span class='ocrx_word' id='word_1_255' title='bbox 283 1018 372 1058; x_wconf 81' lang='grc' dir='ltr'>ὦνπερ</span> <span class='ocrx_word' id='word_1_256' title='bbox 400 1018 438 1052; x_wconf 85' lang='grc' dir='ltr'><strong>ὡς</strong></span> <span class='ocrx_word' id='word_1_257' title='bbox 465 1017 499 1047; x_wconf 84' lang='grc' dir='ltr'>δι’</span> <span class='ocrx_word' id='word_1_258' title='bbox 538 1020 674 1058; x_wconf 77' lang='grc' dir='ltr'>ὑπουργῶν</span> <span class='ocrx_word' id='word_1_259' title='bbox 703 1019 872 1058; x_wconf 57' lang='grc' dir='ltr'>θερμοτάτων</span> 
     </span>
    </p>
   </div>
   <div class='ocr_carea' id='block_1_40' title="bbox 41 1062 868 1104">
    <p class='ocr_par' dir='ltr' id='par_1_40' title="bbox 41 1062 868 1104">
     <span class='ocr_line' id='line_1_40' title="bbox 41 1062 868 1104; baseline 0.002 -14"><span class='ocrx_word' id='word_1_260' title='bbox 41 1073 71 1091; x_wconf 85' lang='grc' dir='ltr'><strong>τε</strong></span> <span class='ocrx_word' id='word_1_261' title='bbox 99 1063 143 1091; x_wconf 78' lang='grc' dir='ltr'><strong>καὶ</strong></span> <span class='ocrx_word' id='word_1_262' title='bbox 169 1062 333 1091; x_wconf 71' lang='grc' dir='ltr'><strong>πιστοτάτων</strong></span> <span class='ocrx_word' id='word_1_263' title='bbox 355 1063 385 1091; x_wconf 78' lang='grc' dir='ltr'><strong>τὸ</strong></span> <span class='ocrx_word' id='word_1_264' title='bbox 406 1064 453 1092; x_wconf 78' lang='grc' dir='ltr'>σὸν</span> <span class='ocrx_word' id='word_1_265' title='bbox 473 1067 550 1093; x_wconf 84' lang='grc' dir='ltr'>τοῦτο</span> <span class='ocrx_word' id='word_1_266' title='bbox 575 1063 760 1102; x_wconf 77' lang='grc' dir='ltr'>πιμμέγιστον</span> <span class='ocrx_word' id='word_1_267' title='bbox 788 1063 868 1104; x_wconf 75' lang='grc' dir='ltr'>ἔργον</span> 
     </span>
    </p>
   </div>
   <div class='ocr_carea' id='block_1_41' title="bbox 41 1106 869 1148">
    <p class='ocr_par' dir='ltr' id='par_1_41' title="bbox 41 1106 869 1148">
     <span class='ocr_line' id='line_1_41' title="bbox 41 1106 869 1148; baseline 0.001 -12"><span class='ocrx_word' id='word_1_268' title='bbox 41 1106 177 1144; x_wconf 78' lang='grc' dir='ltr'>ἐτέλεσας,</span> <span class='ocrx_word' id='word_1_269' title='bbox 206 1107 279 1140; x_wconf 74' lang='grc' dir='ltr'>νικας</span> <span class='ocrx_word' id='word_1_270' title='bbox 312 1106 476 1147; x_wconf 73' lang='grc' dir='ltr'>δωρούμενος</span> <span class='ocrx_word' id='word_1_271' title='bbox 524 1107 583 1136; x_wconf 81' lang='grc' dir='ltr'>κατ’</span> <span class='ocrx_word' id='word_1_272' title='bbox 625 1108 729 1148; x_wconf 79' lang='grc' dir='ltr'>ἐχθρῶν</span> <span class='ocrx_word' id='word_1_273' title='bbox 763 1108 869 1138; x_wconf 69' lang='grc' dir='ltr'>πάντῶν</span> 
     </span>
    </p>
   </div>
   <div class='ocr_carea' id='block_1_42' title="bbox 41 1151 867 1193">
    <p class='ocr_par' dir='ltr' id='par_1_42' title="bbox 41 1151 867 1193">
     <span class='ocr_line' id='line_1_42' title="bbox 41 1151 867 1193; baseline 0 -13"><span class='ocrx_word' id='word_1_274' title='bbox 41 1152 177 1192; x_wconf 76' lang='grc' dir='ltr'>λαμπρὰς,</span> <span class='ocrx_word' id='word_1_275' title='bbox 225 1152 278 1181; x_wconf 78' lang='grc' dir='ltr'><strong>τῶν</strong></span> <span class='ocrx_word' id='word_1_276' title='bbox 320 1152 403 1181; x_wconf 76' lang='grc' dir='ltr'>ἀθέων</span> <span class='ocrx_word' id='word_1_277' title='bbox 438 1153 593 1193; x_wconf 87' lang='grc' dir='ltr'>Ἀγαρηνῶν</span> <span class='ocrx_word' id='word_1_278' title='bbox 628 1151 686 1181; x_wconf 82' lang='grc' dir='ltr'>κατ’</span> <span class='ocrx_word' id='word_1_279' title='bbox 727 1152 867 1193; x_wconf 63' lang='grc' dir='ltr'>ἑξαίρετον,</span> 
     </span>
    </p>
   </div>
   <div class='ocr_carea' id='block_1_43' title="bbox 41 1197 870 1237">
    <p class='ocr_par' dir='ltr' id='par_1_43' title="bbox 41 1197 870 1237">
     <span class='ocr_line' id='line_1_43' title="bbox 41 1197 870 1237; baseline 0.001 -12"><span class='ocrx_word' id='word_1_280' title='bbox 41 1198 193 1237; x_wconf 79' lang='grc' dir='ltr'>χορηγοίης</span> <span class='ocrx_word' id='word_1_281' title='bbox 215 1197 316 1236; x_wconf 69' lang='grc' dir='ltr'>αὐτοῖς,</span> <span class='ocrx_word' id='word_1_282' title='bbox 340 1197 384 1225; x_wconf 83' lang='grc' dir='ltr'><strong>καὶ</strong></span> <span class='ocrx_word' id='word_1_283' title='bbox 405 1197 446 1226; x_wconf 70' lang='grc' dir='ltr'>διὰ</span> <span class='ocrx_word' id='word_1_284' title='bbox 475 1198 573 1226; x_wconf 77' lang='grc' dir='ltr'>τούτων</span> <span class='ocrx_word' id='word_1_285' title='bbox 594 1198 672 1225; x_wconf 77' lang='grc' dir='ltr'>παντὶ</span> <span class='ocrx_word' id='word_1_286' title='bbox 700 1199 738 1235; x_wconf 87' lang='grc' dir='ltr'>τῷ</span> <span class='ocrx_word' id='word_1_287' title='bbox 757 1198 870 1236; x_wconf 82' lang='grc' dir='ltr'><strong>ὑπηκόῳ</strong></span> 
     </span>
    </p>
   </div>
   <div class='ocr_carea' id='block_1_44' title="bbox 42 1239 868 1280">
    <p class='ocr_par' dir='ltr' id='par_1_44' title="bbox 42 1239 868 1280">
     <span class='ocr_line' id='line_1_44' title="bbox 42 1239 868 1280; baseline 0.002 -11"><span class='ocrx_word' id='word_1_288' title='bbox 42 1241 101 1278; x_wconf 85' lang='grc' dir='ltr'>λαῷ</span> <span class='ocrx_word' id='word_1_289' title='bbox 122 1241 230 1279; x_wconf 72' lang='grc' dir='ltr'>βαθεῖαν</span> <span class='ocrx_word' id='word_1_290' title='bbox 255 1239 382 1274; x_wconf 77' lang='grc' dir='ltr'>διηνεκῶς</span> <span class='ocrx_word' id='word_1_291' title='bbox 404 1241 431 1269; x_wconf 72' lang='grc' dir='ltr'><strong>εν</strong></span> <span class='ocrx_word' id='word_1_292' title='bbox 467 1241 563 1270; x_wconf 77' lang='grc' dir='ltr'>ἅπασιν</span> <span class='ocrx_word' id='word_1_293' title='bbox 586 1241 693 1280; x_wconf 74' lang='grc' dir='ltr'>εἰρήνην</span> <span class='ocrx_word' id='word_1_294' title='bbox 714 1242 758 1270; x_wconf 86' lang='grc' dir='ltr'>καὶ</span> <span class='ocrx_word' id='word_1_295' title='bbox 783 1242 868 1271; x_wconf 80' lang='grc' dir='ltr'>ἄστα-</span> 
     </span>
    </p>
   </div>
   <div class='ocr_carea' id='block_1_45' title="bbox 43 1284 870 1326">
    <p class='ocr_par' dir='ltr' id='par_1_45' title="bbox 43 1284 870 1326">
     <span class='ocr_line' id='line_1_45' title="bbox 43 1284 870 1326; baseline 0.002 -13"><span class='ocrx_word' id='word_1_296' title='bbox 43 1286 150 1314; x_wconf 76' lang='grc' dir='ltr'>σίαοτον</span> <span class='ocrx_word' id='word_1_297' title='bbox 167 1293 175 1301; x_wconf 89' lang='grc'>·</span> <span class='ocrx_word' id='word_1_298' title='bbox 205 1285 274 1323; x_wconf 76' lang='grc' dir='ltr'>μετὰ</span> <span class='ocrx_word' id='word_1_299' title='bbox 308 1284 335 1313; x_wconf 66' lang='grc' dir='ltr'><strong>δὲ</strong></span> <span class='ocrx_word' id='word_1_300' title='bbox 361 1289 443 1314; x_wconf 80' lang='grc' dir='ltr'>ταῦτα</span> <span class='ocrx_word' id='word_1_301' title='bbox 463 1287 502 1323; x_wconf 79' lang='grc' dir='ltr'>τῷ</span> <span class='ocrx_word' id='word_1_302' title='bbox 535 1285 609 1322; x_wconf 84' lang='grc' dir='ltr'><strong>καλῷ</strong></span> <span class='ocrx_word' id='word_1_303' title='bbox 637 1285 806 1326; x_wconf 75' lang='grc' dir='ltr'>ποιμέναρχῃ</span> <span class='ocrx_word' id='word_1_304' title='bbox 831 1289 870 1324; x_wconf 83' lang='grc' dir='ltr'>τῷ</span> 
     </span>
    </p>
   </div>
   <div class='ocr_carea' id='block_1_46' title="bbox 43 1329 868 1372">
    <p class='ocr_par' dir='ltr' id='par_1_46' title="bbox 43 1329 868 1372">
     <span class='ocr_line' id='line_1_46' title="bbox 43 1329 868 1372; baseline 0.001 -14"><span class='ocrx_word' id='word_1_305' title='bbox 43 1330 93 1364; x_wconf 78' lang='grc' dir='ltr'><strong>τῆς</strong></span> <span class='ocrx_word' id='word_1_306' title='bbox 121 1331 171 1363; x_wconf 83' lang='grc' dir='ltr'>σῆς</span> <span class='ocrx_word' id='word_1_307' title='bbox 199 1329 315 1367; x_wconf 76' lang='grc' dir='ltr'>ποίμνης</span> <span class='ocrx_word' id='word_1_308' title='bbox 341 1334 527 1368; x_wconf 72' lang='grc' dir='ltr'><strong>πνευματικῶς</strong></span> <span class='ocrx_word' id='word_1_309' title='bbox 550 1329 737 1370; x_wconf 72' lang='grc' dir='ltr'>προϊσταμένῳ</span> <span class='ocrx_word' id='word_1_310' title='bbox 758 1331 791 1359; x_wconf 83' lang='grc' dir='ltr'><strong>τὰ</strong></span> <span class='ocrx_word' id='word_1_311' title='bbox 812 1336 868 1372; x_wconf 76' lang='grc' dir='ltr'>νῦν,</span> 
     </span>
    </p>
   </div>
   <div class='ocr_carea' id='block_1_47' title="bbox 44 1372 868 1415">
    <p class='ocr_par' dir='ltr' id='par_1_47' title="bbox 44 1372 868 1415">
     <span class='ocr_line' id='line_1_47' title="bbox 44 1372 868 1415; baseline 0.001 -12"><span class='ocrx_word' id='word_1_312' title='bbox 44 1374 118 1406; x_wconf 81' lang='grc' dir='ltr'>ὅστις</span> <span class='ocrx_word' id='word_1_313' title='bbox 144 1372 257 1406; x_wconf 73' lang='grc' dir='ltr'>πολλοῖς</span> <span class='ocrx_word' id='word_1_314' title='bbox 278 1373 363 1414; x_wconf 78' lang='grc' dir='ltr'>ἀγῶσι</span> <span class='ocrx_word' id='word_1_315' title='bbox 385 1375 429 1403; x_wconf 85' lang='grc' dir='ltr'><strong>καὶ</strong></span> <span class='ocrx_word' id='word_1_316' title='bbox 450 1374 527 1407; x_wconf 68' lang='grc' dir='ltr'>αὐτὸς</span> <span class='ocrx_word' id='word_1_317' title='bbox 549 1375 582 1402; x_wconf 83' lang='grc' dir='ltr'><strong>τὰ</strong></span> <span class='ocrx_word' id='word_1_318' title='bbox 608 1373 711 1414; x_wconf 69' lang='grc' dir='ltr'>μεγάλα</span> <span class='ocrx_word' id='word_1_319' title='bbox 739 1376 868 1415; x_wconf 73' lang='grc' dir='ltr'>συνήρατο</span> 
     </span>
    </p>
   </div>
   <div class='ocr_carea' id='block_1_48' title="bbox 43 1417 868 1459">
    <p class='ocr_par' dir='ltr' id='par_1_48' title="bbox 43 1417 868 1459">
     <span class='ocr_line' id='line_1_48' title="bbox 43 1417 868 1459; baseline 0 -11"><span class='ocrx_word' id='word_1_320' title='bbox 43 1419 110 1458; x_wconf 80' lang='grc' dir='ltr'>πρὸς</span> <span class='ocrx_word' id='word_1_321' title='bbox 131 1419 162 1447; x_wconf 77' lang='grc' dir='ltr'><strong>τὸ</strong></span> <span class='ocrx_word' id='word_1_322' title='bbox 185 1417 262 1458; x_wconf 73' lang='grc' dir='ltr'>ἔργον</span> <span class='ocrx_word' id='word_1_323' title='bbox 289 1419 333 1447; x_wconf 83' lang='grc' dir='ltr'>καὶ</span> <span class='ocrx_word' id='word_1_324' title='bbox 361 1418 530 1459; x_wconf 76' lang='grc' dir='ltr'>συνεϐάλετο,</span> <span class='ocrx_word' id='word_1_325' title='bbox 565 1419 718 1459; x_wconf 73' lang='grc' dir='ltr'>παράσχοις</span> <span class='ocrx_word' id='word_1_326' title='bbox 741 1420 788 1454; x_wconf 70' lang='grc' dir='ltr'>τὴν</span> <span class='ocrx_word' id='word_1_327' title='bbox 818 1421 868 1454; x_wconf 81' lang='grc' dir='ltr'><strong>σὴν</strong></span> 
     </span>
    </p>
   </div>
   <div class='ocr_carea' id='block_1_49' title="bbox 43 1461 868 1504">
    <p class='ocr_par' dir='ltr' id='par_1_49' title="bbox 43 1461 868 1504">
     <span class='ocr_line' id='line_1_49' title="bbox 43 1461 868 1504; baseline 0.004 -13"><span class='ocrx_word' id='word_1_328' title='bbox 43 1463 125 1504; x_wconf 84' lang='grc' dir='ltr'>χάριν</span> <span class='ocrx_word' id='word_1_329' title='bbox 154 1461 254 1501; x_wconf 77' lang='grc' dir='ltr'>δαψιλῆ</span> <span class='ocrx_word' id='word_1_330' title='bbox 276 1463 319 1491; x_wconf 81' lang='grc' dir='ltr'><strong>καὶ</strong></span> <span class='ocrx_word' id='word_1_331' title='bbox 341 1462 477 1501; x_wconf 72' lang='grc' dir='ltr'>πλουσίαν,</span> <span class='ocrx_word' id='word_1_332' title='bbox 501 1465 515 1492; x_wconf 84' lang='grc' dir='ltr'>ὁ</span> <span class='ocrx_word' id='word_1_333' title='bbox 543 1463 666 1502; x_wconf 81' lang='grc' dir='ltr'>πρύτανις</span> <span class='ocrx_word' id='word_1_334' title='bbox 689 1464 795 1492; x_wconf 71' lang='grc' dir='ltr'>πάντων</span> <span class='ocrx_word' id='word_1_335' title='bbox 815 1467 868 1494; x_wconf 84' lang='grc' dir='ltr'><strong>τῶν</strong></span> 
     </span>
    </p>
   </div>
   <div class='ocr_carea' id='block_1_50' title="bbox 41 1507 584 1548">
    <p class='ocr_par' dir='ltr' id='par_1_50' title="bbox 41 1507 584 1548">
     <span class='ocr_line' id='line_1_50' title="bbox 41 1507 584 1548; baseline -0.002 -12"><span class='ocrx_word' id='word_1_336' title='bbox 41 1509 159 1548; x_wconf 80' lang='grc' dir='ltr'><strong>ἀγαθῶν,</strong></span> <span class='ocrx_word' id='word_1_337' title='bbox 189 1508 225 1540; x_wconf 85' lang='grc' dir='ltr'><strong>ὡς</strong></span> <span class='ocrx_word' id='word_1_338' title='bbox 267 1507 367 1540; x_wconf 81' lang='grc' dir='ltr'>πάντας</span> <span class='ocrx_word' id='word_1_339' title='bbox 404 1508 584 1548; x_wconf 70' lang='grc' dir='ltr'>ἐπαναγαγεῖν</span> 
     </span>
    </p>
   </div>
   <div class='ocr_carea' id='block_1_51' title="bbox 39 1551 869 1593">
    <p class='ocr_par' dir='ltr' id='par_1_51' title="bbox 39 1551 869 1593">
     <span class='ocr_line' id='line_1_51' title="bbox 39 1551 869 1593; baseline 0.004 -13"><span class='ocrx_word' id='word_1_340' title='bbox 39 1554 119 1591; x_wconf 81' lang='grc' dir='ltr'>ἡμῶν</span> <span class='ocrx_word' id='word_1_341' title='bbox 133 1551 232 1585; x_wconf 77' lang='grc' dir='ltr'>ἐσάπαξ</span> <span class='ocrx_word' id='word_1_342' title='bbox 246 1551 473 1587; x_wconf 77' lang='grc' dir='ltr'>ἀποπηδήσαντας</span> <span class='ocrx_word' id='word_1_343' title='bbox 491 1561 498 1569; x_wconf 86' lang='grc'>⁶</span> <span class='ocrx_word' id='word_1_344' title='bbox 526 1553 598 1591; x_wconf 74' lang='grc' dir='ltr'>ημᾶς</span> <span class='ocrx_word' id='word_1_345' title='bbox 624 1552 651 1580; x_wconf 83' lang='grc' dir='ltr'><strong>δὲ</strong></span> <span class='ocrx_word' id='word_1_346' title='bbox 678 1554 803 1582; x_wconf 66' lang='grc' dir='ltr'>ἑκάστοτε</span> <span class='ocrx_word' id='word_1_347' title='bbox 830 1555 869 1593; x_wconf 83' lang='grc' dir='ltr'><strong>τῷ</strong></span> 
     </span>
    </p>
   </div>
   <div class='ocr_carea' id='block_1_52' title="bbox 40 1596 868 1638">
    <p class='ocr_par' dir='ltr' id='par_1_52' title="bbox 40 1596 868 1638">
     <span class='ocr_line' id='line_1_52' title="bbox 40 1596 868 1638; baseline 0.002 -12"><span class='ocrx_word' id='word_1_348' title='bbox 40 1598 131 1636; x_wconf 83' lang='grc' dir='ltr'>ἀγαθῶ</span> <span class='ocrx_word' id='word_1_349' title='bbox 160 1596 293 1634; x_wconf 75' lang='grc' dir='ltr'>Πνεόματι</span> <span class='ocrx_word' id='word_1_350' title='bbox 321 1608 368 1625; x_wconf 87' lang='grc' dir='ltr'><strong>σου</strong></span> <span class='ocrx_word' id='word_1_351' title='bbox 403 1597 569 1636; x_wconf 77' lang='grc' dir='ltr'>καθοδηγῶν,</span> <span class='ocrx_word' id='word_1_352' title='bbox 596 1596 660 1637; x_wconf 81' lang='grc' dir='ltr'>ὅπερ</span> <span class='ocrx_word' id='word_1_353' title='bbox 682 1601 797 1638; x_wconf 77' lang='grc' dir='ltr'>φυσικῶς</span> <span class='ocrx_word' id='word_1_354' title='bbox 825 1597 868 1628; x_wconf 76' lang='grc' dir='ltr'><strong>καὶ</strong></span> 
     </span>
    </p>
   </div>
   <div class='ocr_carea' id='block_1_53' title="bbox 40 1642 867 1681">
    <p class='ocr_par' dir='ltr' id='par_1_53' title="bbox 40 1642 867 1681">
     <span class='ocr_line' id='line_1_53' title="bbox 40 1642 867 1681; baseline 0.002 -10"><span class='ocrx_word' id='word_1_355' title='bbox 40 1646 148 1680; x_wconf 79' lang='grc' dir='ltr'>Πνεῦμα</span> <span class='ocrx_word' id='word_1_356' title='bbox 169 1645 216 1670; x_wconf 83' lang='grc' dir='ltr'>τοῦ</span> <span class='ocrx_word' id='word_1_357' title='bbox 240 1647 396 1681; x_wconf 76' lang='grc' dir='ltr'>μονογενοῦς</span> <span class='ocrx_word' id='word_1_358' title='bbox 419 1643 479 1671; x_wconf 83' lang='grc' dir='ltr'><strong>Υἱοῦ</strong></span> <span class='ocrx_word' id='word_1_359' title='bbox 501 1653 548 1671; x_wconf 76' lang='grc' dir='ltr'>σου</span> <span class='ocrx_word' id='word_1_360' title='bbox 569 1642 671 1679; x_wconf 72' lang='grc' dir='ltr'>τελοῦν,</span> <span class='ocrx_word' id='word_1_361' title='bbox 695 1643 745 1676; x_wconf 78' lang='grc' dir='ltr'><strong>τὴν</strong></span> <span class='ocrx_word' id='word_1_362' title='bbox 772 1644 867 1673; x_wconf 77' lang='grc' dir='ltr'>οἰκείαν</span> 
     </span>
    </p>
   </div>
   <div class='ocr_carea' id='block_1_54' title="bbox 41 1684 868 1728">
    <p class='ocr_par' dir='ltr' id='par_1_54' title="bbox 41 1684 868 1728">
     <span class='ocr_line' id='line_1_54' title="bbox 41 1684 868 1728; baseline 0.002 -13"><span class='ocrx_word' id='word_1_363' title='bbox 41 1689 194 1726; x_wconf 82' lang='grc' dir='ltr'>θεοπρεπῶς</span> <span class='ocrx_word' id='word_1_364' title='bbox 221 1684 329 1725; x_wconf 74' lang='grc' dir='ltr'>ὕπαρξιν</span> <span class='ocrx_word' id='word_1_365' title='bbox 364 1687 409 1715; x_wconf 84' lang='grc' dir='ltr'><strong>καὶ</strong></span> <span class='ocrx_word' id='word_1_366' title='bbox 437 1687 463 1720; x_wconf 69' lang='grc' dir='ltr'>ἓξ</span> <span class='ocrx_word' id='word_1_367' title='bbox 508 1687 587 1715; x_wconf 64' lang='grc' dir='ltr'>αὒτοῦ</span> <span class='ocrx_word' id='word_1_368' title='bbox 623 1686 765 1728; x_wconf 78' lang='grc' dir='ltr'>κέκτηται,</span> <span class='ocrx_word' id='word_1_369' title='bbox 802 1690 868 1728; x_wconf 78' lang='grc' dir='ltr'>πρὸς</span> 
     </span>
    </p>
   </div>
   <div class='ocr_carea' id='block_1_55' title="bbox 40 1729 869 1770">
    <p class='ocr_par' dir='ltr' id='par_1_55' title="bbox 40 1729 869 1770">
     <span class='ocr_line' id='line_1_55' title="bbox 40 1729 869 1770; baseline 0 -12"><span class='ocrx_word' id='word_1_370' title='bbox 40 1729 161 1764; x_wconf 77' lang='grc' dir='ltr'>παντελῆ</span> <span class='ocrx_word' id='word_1_371' title='bbox 201 1729 320 1762; x_wconf 83' lang='grc' dir='ltr'>διιθύνοις</span> <span class='ocrx_word' id='word_1_372' title='bbox 364 1734 417 1759; x_wconf 87' lang='grc' dir='ltr'><strong>τῶν</strong></span> <span class='ocrx_word' id='word_1_373' title='bbox 465 1731 518 1760; x_wconf 84' lang='grc' dir='ltr'><strong>σῶν</strong></span> <span class='ocrx_word' id='word_1_374' title='bbox 559 1731 716 1769; x_wconf 79' lang='grc' dir='ltr'>θελημάτων</span> <span class='ocrx_word' id='word_1_375' title='bbox 764 1732 869 1770; x_wconf 75' lang='grc' dir='ltr'>ἆκπλή-</span> 
     </span>
    </p>
   </div>
   <div class='ocr_carea' id='block_1_56' title="bbox 41 1786 135 1816">
    <p class='ocr_par' dir='ltr' id='par_1_56' title="bbox 41 1786 135 1816">
     <span class='ocr_line' id='line_1_56' title="bbox 41 1786 135 1816; baseline 0 -12"><span class='ocrx_word' id='word_1_376' title='bbox 41 1786 135 1816; x_wconf 85' lang='grc' dir='ltr'>ρωσιν.</span> 
     </span>
    </p>
   </div>
   <div class='ocr_carea' id='block_1_57' title="bbox 81 1952 342 1993">
    <p class='ocr_par' dir='ltr' id='par_1_57' title="bbox 81 1952 342 1993">
     <span class='ocr_line' id='line_1_57' title="bbox 81 1952 342 1993; baseline 0.004 -7"><span class='ocrx_word' id='word_1_377' title='bbox 81 1952 115 1978; x_wconf 78' lang='grc'><strong>9⁸</strong></span> <span class='ocrx_word' id='word_1_378' title='bbox 129 1953 216 1986; x_wconf 79' lang='lat' dir='ltr'><strong>Rom.</strong></span> <span class='ocrx_word' id='word_1_379' title='bbox 233 1961 273 1993; x_wconf 71' lang='lat' dir='ltr'><strong>xz,</strong></span> <span class='ocrx_word' id='word_1_380' title='bbox 291 1953 342 1987; x_wconf 79' lang='lat'><strong>83.</strong></span> 
     </span>
    </p>
   </div>
   <div class='ocr_carea' id='block_1_58' title="bbox 914 1016 1736 1060">
    <p class='ocr_par' dir='ltr' id='par_1_58' title="bbox 914 1016 1736 1060">
     <span class='ocr_line' id='line_1_58' title="bbox 914 1016 1736 1060; baseline -0.004 -10"><span class='ocrx_word' id='word_1_381' title='bbox 914 1028 967 1060; x_wconf 89' lang='lat' dir='ltr'><strong>par</strong></span> <span class='ocrx_word' id='word_1_382' title='bbox 980 1023 1025 1050; x_wconf 87' lang='lat' dir='ltr'><strong>est</strong></span> <span class='ocrx_word' id='word_1_383' title='bbox 1037 1019 1174 1050; x_wconf 82' lang='lat' dir='ltr'><strong>exordiar</strong></span> <span class='ocrx_word' id='word_1_384' title='bbox 1186 1044 1194 1057; x_wconf 91' lang='lat'><strong>,</strong></span> <span class='ocrx_word' id='word_1_385' title='bbox 1221 1024 1250 1050; x_wconf 88' lang='lat' dir='ltr'><strong>et</strong></span> <span class='ocrx_word' id='word_1_386' title='bbox 1265 1019 1394 1060; x_wconf 84' lang='lat' dir='ltr'><strong>primum</strong></span> <span class='ocrx_word' id='word_1_387' title='bbox 1411 1018 1532 1059; x_wconf 88' lang='lat' dir='ltr'><strong>quidem</strong></span> <span class='ocrx_word' id='word_1_388' title='bbox 1549 1017 1579 1048; x_wconf 91' lang='lat' dir='ltr'><strong>in</strong></span> <span class='ocrx_word' id='word_1_389' title='bbox 1594 1016 1664 1048; x_wconf 91' lang='lat' dir='ltr'><strong>ﬁdei</strong></span> <span class='ocrx_word' id='word_1_390' title='bbox 1679 1016 1736 1047; x_wconf 93' lang='lat' dir='ltr'><strong>do-</strong></span> 
     </span>
    </p>
   </div>
   <div class='ocr_carea' id='block_1_59' title="bbox 910 1060 1730 1104">
    <p class='ocr_par' dir='ltr' id='par_1_59' title="bbox 910 1060 1730 1104">
     <span class='ocr_line' id='line_1_59' title="bbox 910 1060 1730 1104; baseline -0.005 -9"><span class='ocrx_word' id='word_1_391' title='bbox 910 1063 1056 1103; x_wconf 76' lang='lat' dir='ltr'><strong>gmatibus</strong></span> <span class='ocrx_word' id='word_1_392' title='bbox 1071 1064 1270 1103; x_wconf 86' lang='lat' dir='ltr'><strong>integerrimis</strong></span> <span class='ocrx_word' id='word_1_393' title='bbox 1283 1067 1312 1094; x_wconf 91' lang='lat' dir='ltr'><strong>et</strong></span> <span class='ocrx_word' id='word_1_394' title='bbox 1325 1063 1469 1104; x_wconf 88' lang='lat' dir='ltr'><strong>piissimis</strong></span> <span class='ocrx_word' id='word_1_395' title='bbox 1485 1061 1595 1093; x_wconf 88' lang='lat' dir='ltr'><strong>nostris</strong></span> <span class='ocrx_word' id='word_1_396' title='bbox 1608 1060 1730 1100; x_wconf 80' lang='lat' dir='ltr'><strong>regibus</strong></span> 
     </span>
    </p>
   </div>
   <div class='ocr_carea' id='block_1_60' title="bbox 910 1107 1727 1152">
    <p class='ocr_par' dir='ltr' id='par_1_60' title="bbox 910 1107 1727 1152">
     <span class='ocr_line' id='line_1_60' title="bbox 910 1107 1727 1152; baseline -0.005 -11"><span class='ocrx_word' id='word_1_397' title='bbox 910 1114 941 1142; x_wconf 82' lang='lat' dir='ltr'><strong>et</strong></span> <span class='ocrx_word' id='word_1_398' title='bbox 960 1110 1200 1151; x_wconf 78' lang='lat' dir='ltr'><strong>imperatoribus,</strong></span> <span class='ocrx_word' id='word_1_399' title='bbox 1217 1119 1342 1152; x_wconf 90' lang='lat' dir='ltr'><strong>quorum</strong></span> <span class='ocrx_word' id='word_1_400' title='bbox 1361 1109 1458 1140; x_wconf 88' lang='lat' dir='ltr'><strong>studio</strong></span> <span class='ocrx_word' id='word_1_401' title='bbox 1474 1116 1590 1149; x_wconf 89' lang='lat' dir='ltr'><strong>opeque</strong></span> <span class='ocrx_word' id='word_1_402' title='bbox 1605 1107 1650 1138; x_wconf 89' lang='lat' dir='ltr'><strong>uti</strong></span> <span class='ocrx_word' id='word_1_403' title='bbox 1665 1107 1727 1138; x_wconf 81' lang='lat' dir='ltr'><strong>fer-</strong></span> 
     </span>
    </p>
   </div>
   <div class='ocr_carea' id='block_1_61' title="bbox 909 1152 1729 1186">
    <p class='ocr_par' dir='ltr' id='par_1_61' title="bbox 909 1152 1729 1186">
     <span class='ocr_line' id='line_1_61' title="bbox 909 1152 1729 1186; baseline -0.005 -1"><span class='ocrx_word' id='word_1_404' title='bbox 909 1154 1127 1186; x_wconf 89' lang='lat' dir='ltr'><strong>vidissimorum</strong></span> <span class='ocrx_word' id='word_1_405' title='bbox 1166 1159 1195 1186; x_wconf 91' lang='lat' dir='ltr'><strong>et</strong></span> <span class='ocrx_word' id='word_1_406' title='bbox 1237 1155 1448 1186; x_wconf 88' lang='lat' dir='ltr'><strong>ﬁdissimorum</strong></span> <span class='ocrx_word' id='word_1_407' title='bbox 1485 1152 1729 1184; x_wconf 87' lang='lat' dir='ltr'><strong>administrorum</strong></span> 
     </span>
    </p>
   </div>
   <div class='ocr_carea' id='block_1_62' title="bbox 911 1197 1730 1241">
    <p class='ocr_par' dir='ltr' id='par_1_62' title="bbox 911 1197 1730 1241">
     <span class='ocr_line' id='line_1_62' title="bbox 911 1197 1730 1241; baseline -0.005 -9"><span class='ocrx_word' id='word_1_408' title='bbox 911 1209 999 1240; x_wconf 87' lang='lat' dir='ltr'><strong>quam</strong></span> <span class='ocrx_word' id='word_1_409' title='bbox 1016 1201 1173 1232; x_wconf 88' lang='lat' dir='ltr'><strong>maximum</strong></span> <span class='ocrx_word' id='word_1_410' title='bbox 1190 1201 1247 1232; x_wconf 88' lang='lat' dir='ltr'><strong>hoc</strong></span> <span class='ocrx_word' id='word_1_411' title='bbox 1261 1210 1336 1241; x_wconf 92' lang='lat' dir='ltr'><strong>opus</strong></span> <span class='ocrx_word' id='word_1_412' title='bbox 1348 1204 1429 1230; x_wconf 91' lang='lat' dir='ltr'><strong>tuum</strong></span> <span class='ocrx_word' id='word_1_413' title='bbox 1442 1197 1605 1235; x_wconf 87' lang='lat' dir='ltr'><strong>absolvisti,</strong></span> <span class='ocrx_word' id='word_1_414' title='bbox 1621 1197 1730 1229; x_wconf 86' lang='lat' dir='ltr'><strong>adver-</strong></span> 
     </span>
    </p>
   </div>
   <div class='ocr_carea' id='block_1_63' title="bbox 911 1242 1730 1285">
    <p class='ocr_par' dir='ltr' id='par_1_63' title="bbox 911 1242 1730 1285">
     <span class='ocr_line' id='line_1_63' title="bbox 911 1242 1730 1285; baseline -0.005 -9"><span class='ocrx_word' id='word_1_415' title='bbox 911 1254 964 1277; x_wconf 77' lang='lat' dir='ltr'><strong>sus</strong></span> <span class='ocrx_word' id='word_1_416' title='bbox 978 1254 1083 1276; x_wconf 83' lang='lat' dir='ltr'><strong>omnes</strong></span> <span class='ocrx_word' id='word_1_417' title='bbox 1097 1246 1210 1285; x_wconf 86' lang='lat' dir='ltr'><strong>hostes,</strong></span> <span class='ocrx_word' id='word_1_418' title='bbox 1236 1248 1266 1276; x_wconf 92' lang='lat' dir='ltr'><strong>et</strong></span> <span class='ocrx_word' id='word_1_419' title='bbox 1294 1244 1478 1285; x_wconf 82' lang='lat' dir='ltr'><strong>potissimum</strong></span> <span class='ocrx_word' id='word_1_420' title='bbox 1497 1242 1606 1283; x_wconf 88' lang='lat' dir='ltr'><strong>impios</strong></span> <span class='ocrx_word' id='word_1_421' title='bbox 1620 1242 1730 1281; x_wconf 79' lang='lat' dir='ltr'><strong>Agare-</strong></span> 
     </span>
    </p>
   </div>
   <div class='ocr_carea' id='block_1_64' title="bbox 911 1286 1730 1328">
    <p class='ocr_par' dir='ltr' id='par_1_64' title="bbox 911 1286 1730 1328">
     <span class='ocr_line' id='line_1_64' title="bbox 911 1286 1730 1328; baseline -0.006 -8"><span class='ocrx_word' id='word_1_422' title='bbox 911 1299 985 1327; x_wconf 91' lang='lat' dir='ltr'><strong>nos,</strong></span> <span class='ocrx_word' id='word_1_423' title='bbox 1012 1289 1150 1321; x_wconf 86' lang='lat' dir='ltr'><strong>victorias</strong></span> <span class='ocrx_word' id='word_1_424' title='bbox 1178 1289 1356 1325; x_wconf 87' lang='lat' dir='ltr'><strong>luculentas,</strong></span> <span class='ocrx_word' id='word_1_425' title='bbox 1388 1292 1417 1319; x_wconf 89' lang='lat' dir='ltr'><strong>et</strong></span> <span class='ocrx_word' id='word_1_426' title='bbox 1446 1296 1499 1328; x_wconf 89' lang='lat' dir='ltr'><strong>per</strong></span> <span class='ocrx_word' id='word_1_427' title='bbox 1523 1296 1575 1317; x_wconf 90' lang='lat' dir='ltr'><strong>eos</strong></span> <span class='ocrx_word' id='word_1_428' title='bbox 1591 1286 1730 1316; x_wconf 85' lang='lat' dir='ltr'><strong>universo</strong></span> 
     </span>
    </p>
   </div>
   <div class='ocr_carea' id='block_1_65' title="bbox 909 1331 1727 1375">
    <p class='ocr_par' dir='ltr' id='par_1_65' title="bbox 909 1331 1727 1375">
     <span class='ocr_line' id='line_1_65' title="bbox 909 1331 1727 1375; baseline -0.006 -10"><span class='ocrx_word' id='word_1_429' title='bbox 909 1333 982 1375; x_wconf 87' lang='lat' dir='ltr'><strong>ipsis</strong></span> <span class='ocrx_word' id='word_1_430' title='bbox 988 1333 1121 1374; x_wconf 84' lang='lat' dir='ltr'><strong>subjecto</strong></span> <span class='ocrx_word' id='word_1_431' title='bbox 1130 1334 1237 1374; x_wconf 89' lang='lat' dir='ltr'><strong>populo</strong></span> <span class='ocrx_word' id='word_1_432' title='bbox 1253 1336 1394 1374; x_wconf 89' lang='lat' dir='ltr'><strong>perpetuo</strong></span> <span class='ocrx_word' id='word_1_433' title='bbox 1406 1332 1437 1363; x_wconf 91' lang='lat' dir='ltr'><strong>in</strong></span> <span class='ocrx_word' id='word_1_434' title='bbox 1449 1331 1587 1362; x_wconf 86' lang='lat' dir='ltr'><strong>omnibus</strong></span> <span class='ocrx_word' id='word_1_435' title='bbox 1598 1331 1727 1370; x_wconf 72' lang='lat' dir='ltr'><strong>amplam</strong></span> 
     </span>
    </p>
   </div>
   <div class='ocr_carea' id='block_1_66' title="bbox 909 1375 1731 1420">
    <p class='ocr_par' dir='ltr' id='par_1_66' title="bbox 909 1375 1731 1420">
     <span class='ocr_line' id='line_1_66' title="bbox 909 1375 1731 1420; baseline -0.006 -11"><span class='ocrx_word' id='word_1_436' title='bbox 909 1382 1101 1420; x_wconf 81' lang='lat' dir='ltr'><strong>pacatamque</strong></span> <span class='ocrx_word' id='word_1_437' title='bbox 1117 1387 1221 1419; x_wconf 88' lang='lat' dir='ltr'><strong>pacem</strong></span> <span class='ocrx_word' id='word_1_438' title='bbox 1237 1377 1367 1409; x_wconf 86' lang='lat' dir='ltr'><strong>cencede</strong></span> <span class='ocrx_word' id='word_1_439' title='bbox 1379 1386 1413 1407; x_wconf 91' lang='lat' dir='ltr'><strong>ac</strong></span> <span class='ocrx_word' id='word_1_440' title='bbox 1428 1375 1531 1407; x_wconf 83' lang='lat' dir='ltr'><strong>defer:</strong></span> <span class='ocrx_word' id='word_1_441' title='bbox 1550 1379 1610 1420; x_wconf 85' lang='lat' dir='ltr'><strong>tum</strong></span> <span class='ocrx_word' id='word_1_442' title='bbox 1628 1376 1731 1420; x_wconf 80' lang='lat' dir='ltr'><strong>postea</strong></span> 
     </span>
    </p>
   </div>
   <div class='ocr_carea' id='block_1_67' title="bbox 910 1418 1729 1464">
    <p class='ocr_par' dir='ltr' id='par_1_67' title="bbox 910 1418 1729 1464">
     <span class='ocr_line' id='line_1_67' title="bbox 910 1418 1729 1464; baseline -0.009 -9"><span class='ocrx_word' id='word_1_443' title='bbox 910 1418 1088 1464; x_wconf 81' lang='lat' dir='ltr'><strong>probissimo</strong></span> <span class='ocrx_word' id='word_1_444' title='bbox 1113 1418 1169 1454; x_wconf 59' lang='lat' dir='ltr'><strong>tua;</strong></span> <span class='ocrx_word' id='word_1_445' title='bbox 1197 1422 1295 1462; x_wconf 77' lang='lat' dir='ltr'><strong>gregis</strong></span> <span class='ocrx_word' id='word_1_446' title='bbox 1310 1421 1433 1462; x_wconf 88' lang='lat' dir='ltr'><strong>spiritali</strong></span> <span class='ocrx_word' id='word_1_447' title='bbox 1450 1419 1587 1461; x_wconf 82' lang='lat' dir='ltr'><strong>praesenti</strong></span> <span class='ocrx_word' id='word_1_448' title='bbox 1604 1418 1729 1464; x_wconf 77' lang='lat' dir='ltr'><strong>pastori,</strong></span> 
     </span>
    </p>
   </div>
   <div class='ocr_carea' id='block_1_68' title="bbox 909 1463 1731 1508">
    <p class='ocr_par' dir='ltr' id='par_1_68' title="bbox 909 1463 1731 1508">
     <span class='ocr_line' id='line_1_68' title="bbox 909 1463 1731 1508; baseline -0.007 -9"><span class='ocrx_word' id='word_1_449' title='bbox 909 1463 960 1508; x_wconf 81' lang='lat' dir='ltr'><strong>qui</strong></span> <span class='ocrx_word' id='word_1_450' title='bbox 975 1468 1075 1499; x_wconf 88' lang='lat' dir='ltr'><strong>multis</strong></span> <span class='ocrx_word' id='word_1_451' title='bbox 1090 1467 1303 1499; x_wconf 89' lang='lat' dir='ltr'><strong>certaminibus</strong></span> <span class='ocrx_word' id='word_1_452' title='bbox 1329 1475 1363 1498; x_wconf 87' lang='lat' dir='ltr'><strong>ac</strong></span> <span class='ocrx_word' id='word_1_453' title='bbox 1392 1465 1495 1497; x_wconf 83' lang='lat' dir='ltr'><strong>sedulo</strong></span> <span class='ocrx_word' id='word_1_454' title='bbox 1513 1463 1731 1504; x_wconf 88' lang='lat' dir='ltr'><strong>multiplicique</strong></span> 
     </span>
    </p>
   </div>
   <div class='ocr_carea' id='block_1_69' title="bbox 632 1506 1398 1552">
    <p class='ocr_par' dir='ltr' id='par_1_69' title="bbox 632 1506 1398 1552">
     <span class='ocr_line' id='line_1_69' title="bbox 632 1506 1398 1552; baseline -0.001 -10"><span class='ocrx_word' id='word_1_455' title='bbox 632 1506 773 1542; x_wconf 68' lang='grc' dir='ltr'>δυνηθῆναι</span> <span class='ocrx_word' id='word_1_456' title='bbox 808 1506 1008 1544; x_wconf 73' lang='grc' dir='ltr'>τοὺςοέιυᾶίο</span> <span class='ocrx_word' id='word_1_457' title='bbox 1033 1513 1065 1544; x_wconf 90' lang='lat' dir='ltr'><strong>in</strong></span> <span class='ocrx_word' id='word_1_458' title='bbox 1092 1512 1236 1544; x_wconf 85' lang='lat' dir='ltr'><strong>auxilium</strong></span> <span class='ocrx_word' id='word_1_459' title='bbox 1265 1511 1363 1552; x_wconf 87' lang='lat' dir='ltr'><strong>operis</strong></span> <span class='ocrx_word' id='word_1_460' title='bbox 1384 1520 1398 1541; x_wconf 92' lang='grc' dir='ltr'><strong>ν</strong></span> 
     </span>
    </p>
   </div>
   <div class='ocr_carea' id='block_1_70' title="bbox 963 1506 1729 1552">
    <p class='ocr_par' dir='ltr' id='par_1_70' title="bbox 963 1508 1729 1552">
     <span class='ocr_line' id='line_1_70' title="bbox 963 1508 1729 1552; baseline -0.008 -8"><span class='ocrx_word' id='word_1_461' title='bbox 963 1513 1008 1544; x_wconf 85' lang='lat' dir='ltr'><strong>dio</strong></span> <span class='ocrx_word' id='word_1_462' title='bbox 1033 1513 1065 1544; x_wconf 90' lang='lat' dir='ltr'><strong>in</strong></span> <span class='ocrx_word' id='word_1_463' title='bbox 1092 1512 1236 1544; x_wconf 81' lang='lat' dir='ltr'><strong>auxilium</strong></span> <span class='ocrx_word' id='word_1_464' title='bbox 1265 1511 1363 1552; x_wconf 87' lang='lat' dir='ltr'><strong>operis</strong></span> <span class='ocrx_word' id='word_1_465' title='bbox 1384 1509 1477 1550; x_wconf 85' lang='lat' dir='ltr'><strong>venit,</strong></span> <span class='ocrx_word' id='word_1_466' title='bbox 1495 1513 1574 1540; x_wconf 87' lang='lat' dir='ltr'><strong>tuam</strong></span> <span class='ocrx_word' id='word_1_467' title='bbox 1604 1508 1729 1549; x_wconf 82' lang='lat' dir='ltr'><strong>gratiam</strong></span> 
     </span>
    </p>
   </div>
   <div class='ocr_carea' id='block_1_71' title="bbox 909 1552 1733 1597">
    <p class='ocr_par' dir='ltr' id='par_1_71' title="bbox 909 1552 1733 1597">
     <span class='ocr_line' id='line_1_71' title="bbox 909 1552 1733 1597; baseline -0.007 -9"><span class='ocrx_word' id='word_1_468' title='bbox 909 1557 1033 1588; x_wconf 90' lang='lat' dir='ltr'><strong>uberem</strong></span> <span class='ocrx_word' id='word_1_469' title='bbox 1060 1557 1293 1597; x_wconf 84' lang='lat' dir='ltr'><strong>alﬁuentemque</strong></span> <span class='ocrx_word' id='word_1_470' title='bbox 1309 1555 1446 1595; x_wconf 80' lang='lat' dir='ltr'><strong>elargire,</strong></span> <span class='ocrx_word' id='word_1_471' title='bbox 1462 1554 1514 1595; x_wconf 87' lang='lat' dir='ltr'><strong>qui</strong></span> <span class='ocrx_word' id='word_1_472' title='bbox 1540 1553 1618 1597; x_wconf 86' lang='lat' dir='ltr'><strong>bona</strong></span> <span class='ocrx_word' id='word_1_473' title='bbox 1631 1552 1733 1597; x_wconf 89' lang='lat' dir='ltr'><strong>omnia</strong></span> 
     </span>
    </p>
   </div>
   <div class='ocr_carea' id='block_1_72' title="bbox 909 1596 1730 1642">
    <p class='ocr_par' dir='ltr' id='par_1_72' title="bbox 909 1596 1730 1642">
     <span class='ocr_line' id='line_1_72' title="bbox 909 1596 1730 1642; baseline -0.007 -9"><span class='ocrx_word' id='word_1_474' title='bbox 909 1602 1075 1642; x_wconf 89' lang='lat' dir='ltr'><strong>dispensas,</strong></span> <span class='ocrx_word' id='word_1_475' title='bbox 1093 1606 1125 1632; x_wconf 90' lang='lat' dir='ltr'><strong>nt</strong></span> <span class='ocrx_word' id='word_1_476' title='bbox 1139 1601 1231 1642; x_wconf 90' lang='lat' dir='ltr'><strong>possit</strong></span> <span class='ocrx_word' id='word_1_477' title='bbox 1246 1596 1400 1632; x_wconf 82' lang='lat' dir='ltr'><strong>universos</strong></span> <span class='ocrx_word' id='word_1_478' title='bbox 1415 1599 1466 1640; x_wconf 89' lang='lat' dir='ltr'><strong>qui</strong></span> <span class='ocrx_word' id='word_1_479' title='bbox 1495 1607 1529 1629; x_wconf 81' lang='lat' dir='ltr'><strong>ex</strong></span> <span class='ocrx_word' id='word_1_480' title='bbox 1546 1596 1636 1642; x_wconf 80' lang='lat' dir='ltr'><strong>nobis</strong></span> <span class='ocrx_word' id='word_1_481' title='bbox 1647 1596 1730 1628; x_wconf 86' lang='lat' dir='ltr'><strong>desi-</strong></span> 
     </span>
    </p>
   </div>
   <div class='ocr_carea' id='block_1_73' title="bbox 909 1641 1732 1683">
    <p class='ocr_par' dir='ltr' id='par_1_73' title="bbox 909 1641 1732 1683">
     <span class='ocr_line' id='line_1_73' title="bbox 909 1641 1732 1683; baseline -0.007 -6"><span class='ocrx_word' id='word_1_482' title='bbox 909 1641 1071 1682; x_wconf 84' lang='lat' dir='ltr'><strong>lierunt,ab</strong></span> <span class='ocrx_word' id='word_1_483' title='bbox 1086 1641 1188 1678; x_wconf 85' lang='lat' dir='ltr'><strong>errore</strong></span> <span class='ocrx_word' id='word_1_484' title='bbox 1203 1653 1355 1682; x_wconf 85' lang='lat' dir='ltr'><strong>revocare;</strong></span> <span class='ocrx_word' id='word_1_485' title='bbox 1366 1648 1394 1674; x_wconf 88' lang='lat' dir='ltr'><strong>et</strong></span> <span class='ocrx_word' id='word_1_486' title='bbox 1409 1652 1463 1674; x_wconf 87' lang='lat' dir='ltr'><strong>nos</strong></span> <span class='ocrx_word' id='word_1_487' title='bbox 1477 1641 1609 1683; x_wconf 89' lang='lat' dir='ltr'><strong>quotidie</strong></span> <span class='ocrx_word' id='word_1_488' title='bbox 1621 1641 1732 1672; x_wconf 84' lang='lat' dir='ltr'><strong>docens</strong></span> 
     </span>
    </p>
   </div>
   <div class='ocr_carea' id='block_1_74' title="bbox 911 1685 1732 1732">
    <p class='ocr_par' dir='ltr' id='par_1_74' title="bbox 911 1685 1732 1732">
     <span class='ocr_line' id='line_1_74' title="bbox 911 1685 1732 1732; baseline -0.009 -10"><span class='ocrx_word' id='word_1_489' title='bbox 911 1700 945 1723; x_wconf 91' lang='lat' dir='ltr'><strong>ac</strong></span> <span class='ocrx_word' id='word_1_490' title='bbox 961 1701 1013 1732; x_wconf 89' lang='lat' dir='ltr'><strong>per</strong></span> <span class='ocrx_word' id='word_1_491' title='bbox 1029 1691 1128 1722; x_wconf 92' lang='lat' dir='ltr'><strong>omnia</strong></span> <span class='ocrx_word' id='word_1_492' title='bbox 1143 1690 1255 1722; x_wconf 91' lang='lat' dir='ltr'><strong>ducens</strong></span> <span class='ocrx_word' id='word_1_493' title='bbox 1270 1689 1347 1720; x_wconf 90' lang='lat' dir='ltr'><strong>bono</strong></span> <span class='ocrx_word' id='word_1_494' title='bbox 1364 1692 1412 1718; x_wconf 92' lang='lat' dir='ltr'><strong>tuo</strong></span> <span class='ocrx_word' id='word_1_495' title='bbox 1433 1686 1554 1732; x_wconf 85' lang='lat' dir='ltr'><strong>Spiritu,</strong></span> <span class='ocrx_word' id='word_1_496' title='bbox 1571 1685 1622 1727; x_wconf 92' lang='lat' dir='ltr'><strong>qui</strong></span> <span class='ocrx_word' id='word_1_497' title='bbox 1643 1689 1732 1716; x_wconf 85' lang='lat' dir='ltr'><strong>natu-</strong></span> 
     </span>
    </p>
   </div>
   <div class='ocr_carea' id='block_1_75' title="bbox 910 1731 1730 1777">
    <p class='ocr_par' dir='ltr' id='par_1_75' title="bbox 910 1731 1730 1777">
     <span class='ocr_line' id='line_1_75' title="bbox 910 1731 1730 1777; baseline -0.009 -10"><span class='ocrx_word' id='word_1_498' title='bbox 910 1731 1013 1767; x_wconf 87' lang='lat' dir='ltr'><strong>raliter</strong></span> <span class='ocrx_word' id='word_1_499' title='bbox 1028 1735 1156 1777; x_wconf 90' lang='lat' dir='ltr'><strong>Spiritus</strong></span> <span class='ocrx_word' id='word_1_500' title='bbox 1171 1733 1314 1775; x_wconf 81' lang='lat' dir='ltr'><strong>unigeniti</strong></span> <span class='ocrx_word' id='word_1_501' title='bbox 1329 1733 1397 1765; x_wconf 88' lang='lat' dir='ltr'><strong>Filii</strong></span> <span class='ocrx_word' id='word_1_502' title='bbox 1421 1731 1463 1777; x_wconf 82' lang='lat' dir='ltr'><strong>tui</strong></span> <span class='ocrx_word' id='word_1_503' title='bbox 1478 1731 1635 1777; x_wconf 81' lang='lat' dir='ltr'><strong>exsistens,</strong></span> <span class='ocrx_word' id='word_1_504' title='bbox 1658 1739 1730 1777; x_wconf 78' lang='lat' dir='ltr'><strong>pro-</strong></span> 
     </span>
    </p>
   </div>
   <div class='ocr_carea' id='block_1_76' title="bbox 911 1775 1732 1822">
    <p class='ocr_par' dir='ltr' id='par_1_76' title="bbox 911 1775 1732 1822">
     <span class='ocr_line' id='line_1_76' title="bbox 911 1775 1732 1822; baseline -0.009 -10"><span class='ocrx_word' id='word_1_505' title='bbox 911 1781 1018 1822; x_wconf 81' lang='lat' dir='ltr'><strong>priam,</strong></span> <span class='ocrx_word' id='word_1_506' title='bbox 1031 1775 1063 1811; x_wconf 75' lang='lat' dir='ltr'><strong>ut</strong></span> <span class='ocrx_word' id='word_1_507' title='bbox 1075 1781 1135 1813; x_wconf 88' lang='lat' dir='ltr'><strong>Deo</strong></span> <span class='ocrx_word' id='word_1_508' title='bbox 1151 1779 1298 1817; x_wconf 82' lang='lat' dir='ltr'><strong>convenit,</strong></span> <span class='ocrx_word' id='word_1_509' title='bbox 1316 1776 1524 1822; x_wconf 21' lang='lat' dir='ltr'><strong>exsistentiam»</strong></span> <span class='ocrx_word' id='word_1_510' title='bbox 1532 1775 1618 1807; x_wconf 88' lang='lat' dir='ltr'><strong>etiam</strong></span> <span class='ocrx_word' id='word_1_511' title='bbox 1636 1784 1671 1806; x_wconf 87' lang='lat' dir='ltr'><strong>ex</strong></span> <span class='ocrx_word' id='word_1_512' title='bbox 1683 1775 1732 1815; x_wconf 90' lang='lat' dir='ltr'><strong>ip-</strong></span> 
     </span>
    </p>
   </div>
   <div class='ocr_carea' id='block_1_77' title="bbox 910 1820 1732 1866">
    <p class='ocr_par' dir='ltr' id='par_1_77' title="bbox 910 1820 1732 1866">
     <span class='ocr_line' id='line_1_77' title="bbox 910 1820 1732 1866; baseline -0.01 -9"><span class='ocrx_word' id='word_1_513' title='bbox 910 1820 943 1856; x_wconf 80' lang='lat' dir='ltr'><strong>so</strong></span> <span class='ocrx_word' id='word_1_514' title='bbox 960 1820 1103 1866; x_wconf 82' lang='lat' dir='ltr'><strong>possidet,</strong></span> <span class='ocrx_word' id='word_1_515' title='bbox 1120 1824 1150 1855; x_wconf 91' lang='lat' dir='ltr'><strong>in</strong></span> <span class='ocrx_word' id='word_1_516' title='bbox 1165 1824 1330 1855; x_wconf 88' lang='lat' dir='ltr'><strong>absolutam</strong></span> <span class='ocrx_word' id='word_1_517' title='bbox 1346 1827 1462 1854; x_wconf 86' lang='lat' dir='ltr'><strong>tuarum</strong></span> <span class='ocrx_word' id='word_1_518' title='bbox 1481 1820 1662 1852; x_wconf 85' lang='lat' dir='ltr'><strong>voluntatum</strong></span> <span class='ocrx_word' id='word_1_519' title='bbox 1678 1828 1732 1850; x_wconf 87' lang='lat' dir='ltr'><strong>ex-</strong></span> 
     </span>
    </p>
   </div>
   <div class='ocr_carea' id='block_1_78' title="bbox 911 1869 1189 1911">
    <p class='ocr_par' dir='ltr' id='par_1_78' title="bbox 911 1869 1189 1911">
     <span class='ocr_line' id='line_1_78' title="bbox 911 1869 1189 1911; baseline -0.004 -10"><span class='ocrx_word' id='word_1_520' title='bbox 911 1871 1071 1911; x_wconf 88' lang='lat' dir='ltr'><strong>pletionem</strong></span> <span class='ocrx_word' id='word_1_521' title='bbox 1083 1869 1189 1911; x_wconf 76' lang='lat' dir='ltr'><strong>dirige.</strong></span> 
     </span>
    </p>
   </div>
  </div>
