1941 3082
105 178 184 212 1277

745 176 903 210 GEORGII
925 175 1158 209 METOCHITIE

1723 173 1798 206 1278

105 245 197 287 ιφεξῆς
219 245 339 286 ιπάγειν,
369 246 400 275 τὸ
428 248 533 286 πρῶτον
569 245 612 274 ἰπὶ
646 244 742 279 λέξεως
757 243 841 277 οὕτως
857 245 871 271 ε

1035 246 1142 281 tentes,
1157 247 1187 274 et
1200 242 1345 284 quidquid
1362 242 1488 274 examini
1513 241 1738 287 subjiciendum
1744 238 1801 287 ,ρει

106 286 224 329 θειμένον
252 290 467 328 διασκεψὼεμθα,
492 302 506 318 α
525 289 700 330 Ἐρωτητὲον,
727 289 839 328 πότερον
859 288 877 322 ἡ
906 286 936 314 ὶκ

106 336 208 374 Πατρὺς
235 336 279 363 καὶ
308 336 370 364 Υἱοῦ
403 339 450 364 τοῦ
481 335 556 374 ἁγίου
586 335 738 372 Πνεύματος
780 333 934 371 ἒκπόρειισις

105 379 174 414 ἄλλη
195 380 239 408 καὶ
256 379 338 417 ἄλλη,
355 379 373 414 ἢ
390 380 437 417 μία
451 380 495 408 καὶ
509 381 526 414 ἡ
542 380 620 413 αὐτὴ.
639 380 667 408 Εἰ
682 379 731 417 μὲν
747 378 790 407 οὖν
806 377 875 418 ἄλλη
891 376 935 404 καὶ

105 424 174 458 ἄλλη
203 425 268 460 icti,
300 423 381 458 διπλῆ
418 423 467 464 ἄρα
500 425 516 458 ἡ
546 423 698 464 ξκπόρευσις
730 423 815 460 ἔσται,
840 421 935 450 καὶτὸ

105 472 211 507 Πνεῦμα
231 467 350 506 διπλοῦν,
374 468 438 508 ὅπερ
466 468 575 498 ἄτοπον·
608 469 630 497 εἰ.
653 468 680 496 δὲ
703 468 750 503 μία
772 468 816 496 καὶ
836 468 854 501 ἦ
885 467 935 495 αὒ-

103 515 149 548 τὴ,
180 516 237 546 πῶς
252 513 282 542 ἐκ
304 516 354 547 τῆς
379 513 459 542 ἀΰλου
487 512 578 545 δυάδος
599 512 705 542 δύναται
727 513 757 541 τὸ
786 512 813 540 ἓν
842 518 934 550 etut;

104 559 190 591 Μονὰς
205 558 254 595 μὲν
271 558 322 597 γὰρ
343 558 416 598 ἀρχὴ
432 558 476 586 καὶ
491 558 560 586 αἰτία
586 560 615 588 οὗ
635 558 716 595 μόνον
731 555 836 594 δυάδος,
866 555 935 584 ἀλλὰ

103 603 147 631 καὶ
162 602 215 631 τῶν
231 601 318 631 ἄλλων
334 603 457 631 ἁπάντων
483 603 610 643 ἁριθμῶνο
634 602 694 635 δυὰς
723 601 750 630 δὲ
779 601 852 641 ἀρχὴ
887 600 931 628 καὶ

104 647 173 675 αἰτία
199 645 325 685 μονάδος,
355 645 407 676 εἴτ’
436 647 480 676 οὖν
495 647 567 684 ἑνὸς,
583 647 632 676 οὒκ
647 646 678 676 ἄν
693 646 807 686 γένοιτο.
824 646 860 675 οὗ
881 645 931 684 γὰρ

102 691 161 720 καθ’
210 691 379 732 ὑποστροφὴν
407 691 434 720 αἱ
467 691 583 731 γενέσεις
611 693 664 720 τῶν
699 691 827 730 ἀριθμῶν,
863 688 931 717 ἀλλὰ

102 736 171 764 κατὰ
185 735 311 776 πρόοδον.
340 736 428 768 Μονὰς
450 737 500 775 γὰρ
534 737 570 768 είς
606 735 685 765 δυάδα
699 742 824 775 κινεῖται,
839 734 932 763 κάκεῖ-

101 783 143 810 θεν
165 782 202 813 εἷς
231 780 324 820 τριάδα
352 781 396 809 καὶ
425 780 530 820 ἑφεξῆς,
561 782 597 810 Τὸ
625 782 676 820 γὰρ
712 780 798 820 λέγειν
826 780 856 808 ὲκ
882 781 932 813 τῆς

102 825 205 865 τριάδος
234 825 418 866 ἀφαιρεθείσης
451 825 564 863 μονάδος
600 825 679 854 δυάδα
710 826 836 864 γίνεσθαι,
879 823 932 851 κάκ

101 872 151 904 τῆς
180 868 271 901 δυάδος
310 870 408 907 ὁμοίως
446 869 557 907 μονάδα.
597 869 671 898 Ἀλλ’
706 869 776 898 αἰτία
802 869 931 897 κάνταῦθα

103 915 202 943 τούτων
237 915 254 947 ἡ
283 913 463 954 ἀφαιρουμένη
492 915 586 952 μονὰς,
623 914 684 943 ἀλλ’
712 915 760 943 οὐκ
788 913 868 945 ἄλλος
889 920 932 940 τις

102 959 222 998 ἀριθμός.
246 959 371 987 Λείπεται
401 959 450 999 ἄρα
480 960 519 997 μὴ
554 960 587 987 τα
608 958 653 988 δύο
681 958 755 988 αἴτια
786 960 856 987 εἶναι
885 962 931 987 τοῦ

102 1003 171 1042 ἰνὸς,
202 1001 272 1031 ἀλλᾶ
299 1003 330 1031 τὸ
343 1002 370 1031 ἓν
386 1006 438 1031 τῶν
453 1002 509 1034 δύο,
528 1004 576 1033 Καὶ
598 1004 666 1032 οὕτω
687 1003 736 1039 μὲν
751 1003 778 1032 ἐν
793 1009 852 1035 τοῖς
880 1002 929 1030 ἀΰ-

101 1047 170 1085 λοις,
201 1046 216 1075 ὅ
243 1047 293 1076 κᾶν
335 1051 369 1085 τῇ
390 1047 495 1082 θεότητι
511 1051 544 1086 τῇ
557 1048 646 1082 πάσης
661 1048 727 1082 ὕλης
751 1047 928 1087 ὑπερκειμένη

99 1091 222 1130 ἁρμόζειν
249 1092 331 1124 εἰκὸς.
364 1090 410 1121 Ἐν
437 1091 465 1120 δὲ
496 1093 557 1125 τοῖς
594 1092 696 1125 ἒνὺλοις
711 1093 808 1132 γίνεται
830 1092 879 1130 μὲν
898 1092 928 1120 ἐκ

102 1135 126 1146 λι
165 1135 178 1146 ’1
238 1135 252 1146 ΙΙ
335 1136 343 1145 \
398 1137 404 1147 Ι
522 1137 528 1147 1
589 1137 599 1147 ν
678 1139 684 1146 \
899 1137 905 1146 \

99 1145 143 1164 ουο
166 1147 205 1176 εν,
236 1147 254 1170 η
281 1147 350 1165 κατα
376 1136 493 1174 συνοδον,
516 1148 553 1169 ως
575 1137 600 1170 ἐς
615 1136 706 1176 ἀνδρος
732 1138 777 1166 καὶ
804 1148 926 1175 γοναικος

98 1180 201 1217 τέκνον,
232 1181 275 1209 καὶ
295 1181 327 1209 ὲκ
360 1180 468 1220 σιδὴρου
483 1182 527 1210 καὶ
547 1182 619 1210 λίθου
640 1185 701 1221 πῦρ,
718 1182 736 1216 ἣ
750 1182 819 1210 κατὰ
833 1182 925 1210 σύνθε-

100 1235 152 1261 σιν,
181 1226 218 1257 ὡς
240 1225 271 1253 ἐκ
298 1227 349 1264 γῆς
379 1226 422 1255 καὶ
436 1225 530 1258 ὕδατος
549 1226 647 1259 πηλός.
665 1225 738 1254 Ἀλλ’
755 1226 825 1254 ἔστιν
840 1227 925 1254 εἰπεῖν

99 1269 230 1299 κάνταῦθα
264 1273 356 1309 πρῶτα
383 1270 432 1308 μὲν
462 1271 498 1301 ὡς
521 1270 548 1298 ἐν
564 1277 625 1303 ταῖς
646 1271 727 1303 θείαις
752 1271 925 1299 δποστάσεσιν

99 1313 158 1342 οὔτε
187 1313 291 1347 σὺνοδος
318 1315 428 1348 τοιαύτη
443 1326 482 1348 τις
504 1314 659 1352 ἐπινοεῖται,
683 1314 741 1344 οὔτε
756 1315 809 1353 μὴν
833 1315 925 1343 σύνθε-

99 1367 152 1390 σις·
188 1357 305 1396 δεύτερον
333 1358 374 1398 δὲ,
397 1359 437 1387 ὃτι
466 1359 576 1388 ὶνταῦθα
607 1360 656 1397 μὲν
693 1366 852 1399 προηγεῖται
887 1362 925 1396 τῷ

99 1402 190 1443 χρόνῳ
217 1403 250 1431 τα
279 1401 324 1431 δὺο
347 1407 394 1432 τοῦ
408 1404 477 1443 ἑνὸς,
503 1403 624 1433 συναίδια
652 1404 679 1433 δὲ
693 1405 726 1433 τὰ
741 1407 791 1438 τῆς
816 1403 923 1444 Τριάδος

80 1447 236 1491 (πρόσωπα,
265 1448 363 1487 τρόπον
384 1448 423 1476 ὅτι
441 1449 468 1477 ἐν
481 1453 530 1486 μὲν
551 1455 610 1481 τοῖς
626 1449 727 1478 πλείοσι
743 1449 843 1478 τούτων
864 1449 923 1477 ἕτε-

98 1503 143 1532 ρον
170 1495 209 1529 τῷ
223 1491 290 1520 εἴδει
323 1494 394 1533 παρὰ
427 1494 460 1521 τὰ
475 1493 518 1522 δύο
540 1495 569 1522 τὸ
592 1493 630 1530 ἓν,
648 1493 717 1522 ἀλλὰ
732 1494 843 1522 κάκεῖνα
858 1495 923 1533 πρὸς

98 1535 203 1570 ἄλληλα
238 1536 314 1577 ἕτερα
327 1541 366 1575 τῷ
387 1537 463 1566 εἴδει*
480 1540 505 1566 αἱ
521 1537 548 1566 δὲ
562 1541 612 1572 τῆς
633 1538 740 1577 Τριάδος
764 1539 920 1570 ὑποστίςγεις

97 1584 146 1616 τῆς
176 1581 257 1616 αὐτῆς
286 1582 388 1623 φὺσεώς
424 1584 499 1612 εἰσιν·
543 1583 612 1612 ὥστε
635 1583 664 1612 οὗ
686 1583 754 1612 κατὰ
779 1583 856 1611 ἕνυλα
878 1585 922 1612 καὶ

96 1627 130 1654 τὰ
158 1625 234 1656 ἆθλα.
265 1628 319 1656 Οὒκ
346 1627 396 1665 ἂρα
417 1628 447 1656 ἐκ
476 1629 578 1667 Πατρὸς
593 1629 636 1656 καὶ
652 1629 752 1658 rio-31b
768 1631 885 1666 Πνεῦμα.
903 1638 918 1659 ι

97 1672 172 1700 Οὒτω
192 1671 241 1708 μὲν
253 1672 284 1700 τὸ
299 1671 453 1711 κειρᾶλαιον,
478 1671 694 1712 Προδιαληπτέον
709 1671 737 1700 δέ
758 1684 788 1711 γε
803 1673 862 1712 περὶ
877 1677 923 1702 τοῦ

96 1715 277 1754 ἐκπορεύεται,
306 1715 343 1743 ’ίν’
367 1716 483 1745 ἐντεῦθεν
511 1718 599 1757 σαφὴς
621 1717 730 1757 γένηται
746 1718 763 1751 ἡ
794 1717 922 1758 ἐξέτασις,

97 1760 140 1792 εἷς
156 1761 169 1788 ὁ
190 1763 243 1788 τῶν
265 1759 514 1798 ἑξετασθησομένων
527 1761 642 1799 μάλιστα
664 1763 800 1802 γεννήτωρ
814 1763 873 1799 περὶ
895 1763 925 1791 τὸ

95 1804 172 1837 τέλος
207 1808 253 1833 τοῦ
286 1816 374 1844 τριτου
403 1807 456 1834 τῶν
486 1806 636 1846 κεφαλαίων
666 1807 759 1847 φάσκει
782 1808 821 1845 μὴ
837 1807 867 1836 ἔκ
881 1812 927 1836 τοὺ

97 1850 158 1878 Υἱοῦ
192 1850 377 1889 ὶκπορεύεσθιι
404 1851 434 1879 τὸ
470 1852 575 1888 Πνεῦμα
591 1851 751 1891 εὑρίσκεσθαι
779 1855 812 1890 τῇ
827 1854 925 1891 γραφῇ.

97 1893 225 1930 Ταράσιος
254 1894 304 1932 μέν
333 1894 377 1923 οὖν
394 1896 407 1923 ὃ
422 1893 533 1935 ’ἔξαρχος
549 1898 599 1929 τῆς
620 1897 789 1935 παγκοσμίου
805 1896 929 1925 συνελεύ-

96 1949 163 1970 σεως
184 1941 233 1972 τῆς
248 1939 293 1967 τὸν
310 1937 482 1977 ἑϐδοματικὸν
507 1940 615 1980 ἀριθμὸν
632 1941 870 1980 περαιωσαμένης,
888 1940 930 1970 διὰ

95 1983 189 2021 τόμου,
225 1983 251 2012 ἐν
273 1985 296 2021 ᾧ
310 1985 353 2012 καὶ
376 1985 405 2012 τὸ
421 1985 451 2013 ἐκ
466 1986 568 2025 Πατρὸς
584 1984 618 2013 δι’
644 1987 705 2013 Υἱοῦ
721 1985 929 2025 ἐκπορευόμενον

95 2027 172 2067 ἅγιον
202 2031 308 2066 Πνεῦμα
326 2029 393 2066 μετὰ
409 2032 461 2057 τῶν
475 2029 564 2058 ἄλλων
589 2029 781 2069 διατρανοῦται,
805 2030 919 2069 βεϐαιω-

95 2071 184 2103 θέντος
204 2073 371 2113 ὑπογραφαϊς
387 2074 575 2114 οἶκειοχείροις
589 2077 641 2102 τῶν
659 2075 728 2113 αὗτῇ
742 2075 922 2114 συνδεδραμη-

94 2117 181 2145 κότων
194 2117 269 2146 θείων
284 2117 354 2146 ὅλων
382 2118 519 2157 Πατὲρων,
545 2120 589 2148 καὶ
610 2122 687 2148 τοῦτο
715 2122 923 2160 συνεπεκύρωσε,

94 2161 139 2189 καὶ
166 2160 254 2190 λοιποὶ
283 2162 334 2201 πρὸ
364 2162 442 2191 αὗτοῦ
457 2164 581 2202 θεηγόροι
603 2166 672 2192 θεῖοι
694 2163 843 2194 διδάσκαλοι
858 2166 926 2194 κατὰ

93 2205 168 2244 ῥῆμα
196 2205 408 2245 παραδεδώκασι,
432 2209 497 2246 πρὸς
527 2207 541 2235 ὅ
563 2207 721 2247 θεολογικῶν
744 2208 773 2237 ὲκ
794 2208 927 2249 διασαφή-

94 2259 162 2278 σεων
197 2251 331 2289 πατρικῶν
361 2252 516 2288 ματαιάζειν
548 2251 664 2281 δεικνύον
687 2253 747 2285 τοὺς
769 2251 929 2287 διαπληκτι-

94 2293 221 2332 ζομένους
250 2295 316 2334 πρὸς
350 2296 410 2327 τούς
446 2296 477 2325 ἔκ
498 2297 601 2335 Πατρὸς
631 2298 673 2325 καὶ
710 2299 770 2327 Υἱοῦ
803 2297 928 2338 λέγοντας

94 2338 290 2379 ἐκπορεύεσθαι,
329 2341 514 2380 μαχεσάμενοι
541 2349 599 2374 τοῗς
629 2343 743 2382 προὲῖᾱσι
758 2341 816 2371 καθ’
850 2344 927 2381 ἡμῶν

92 2382 242 2420 πανδήμοις
279 2383 470 2424 δικαστηρίοις,
495 2385 594 2414 ἐκεῖνοι
631 2386 744 2426 μεγάλοι
781 2388 927 2427 προήγοροι

93 2428 146 2456 τῶν
181 2429 249 2466 ἡμῖν
278 2429 518 2458 ἀντικαθιστάντων
554 2432 591 2463 εἰς
618 2430 725 2460 ἐννοιῶν
754 2433 926 2466 meo/ubam;

92 2475 139 2500 τοῦ
166 2471 351 2513 ἐκπορεύεσθαι
391 2475 435 2503 καὶ
477 2476 636 2513 ὁμωνυμιῶν
681 2476 839 2516 ἑτερότητας
867 2477 923 2505 άπ-

92 2516 259 2556 ηνέχθησαιν,
289 2518 328 2556 μὴ
364 2519 395 2547 τὸ
421 2521 489 2557 μετὰ
519 2521 618 2548 σκοπὸν
643 2521 778 2561 ἀποφῆναι
793 2522 925 2562 ἶσχὺσαν-

91 2572 150 2605 τες.
177 2562 225 2590 Καὶ
239 2562 324 2599 ὃπως,
347 2562 454 2603 ἐφεξῆς,
472 2565 544 2593 Μετὰ
560 2565 606 2597 τὰς
629 2565 840 2605 ἐπενηνεγμένας
855 2567 928 2603 ἡμῖν

93 2604 246 2639 πολυειδεῖς
274 2607 417 2640 καταδικας
440 2611 464 2637 οἱ
491 2609 584 2647 μέλανι
613 2610 764 2648 συνθέμενοι
788 2611 831 2639 καὶ
853 2609 922 2651 χειρὶ

90 2655 154 2696 ηις
180 2651 233 2696 τῷν
262 2651 424 2696 ἐτεροτάτων
453 2645 641 2694 καινοφωνίαις
670 2645 719 2689 τῆν
753 2656 788 2688 εἷς

93 2694 156 2733 μίαν
191 2695 402 2735 ἀνωμολόγησαν
417 2697 561 2730 ἔκπτωσιν.
577 2701 656 2733 Γνοίη
671 2699 694 2727 δ’
730 2700 760 2728 ἅν
776 2701 790 2728 ὂ
812 2694 921 2740 ἐρευνῆ-

93 2750 138 2768 σαι
172 2741 360 2779 προθυμηθεὶς,
378 2743 401 2770 εἰ
429 2744 472 2771 καὶ
508 2743 580 2776 αὖθις
601 2745 617 2778 ἡ
648 2743 793 2782 δυναστεία,
821 2746 864 2773 καὶ
888 2748 922 2783 τῇ

91 2787 139 2813 τοῦ
173 2786 289 2820 πλήθους
319 2790 499 2826 νενευρωμὲνῃ
527 2789 607 2827 ῥοπῇ,
638 2790 671 2817 τὰ
701 2790 766 2818 αότα
793 2790 919 2829 092:3»:-

91 2838 134 2856 ται
165 2829 222 2858 καθ’
250 2831 327 2868 ἡμῶν
350 2832 393 2859 καὶ
422 2831 569 2872 διορθὼσεις
598 2832 773 2873 προϐάλλεται
800 2838 838 2872 τῷ
852 2845 918 2874 συγ-

976 292 1170 327 apponentes,
1186 291 1254 318 ante
1270 287 1381 325 omnia,
1398 291 1430 318 ut
1444 287 1594 328 exposuit.
1609 286 1701 318 verba
1719 285 1800 316 illius

976 335 1141 372 numerata,
1166 342 1225 363 non
1255 331 1367 373 absque
1397 332 1584 363 discussione
1610 330 1799 372 postmodum

975 375 1186 415 dijudicemus.
1206 390 1219 405 ι
1235 377 1479 416 Interrogandum
1497 380 1551 414 est,
1566 385 1602 407 an
1619 385 1653 407 ex
1663 376 1752 407 Patre
1770 379 1799 405 et

978 420 1052 452 Filio
1067 423 1192 462 Spiritus
1207 423 1300 453 sancti
1317 421 1466 462 processio
1479 426 1523 452 est
1537 421 1646 459 alia,an
1661 429 1730 450 vero
1741 429 1799 450 una

978 469 1007 496 et
1019 466 1134 498 eadem.
1151 468 1226 499 Nam
1239 466 1263 498 si
1280 467 1337 497 alia
1351 471 1380 497 et
1394 466 1452 497 alia
1466 470 1523 502 est,
1536 475 1605 505 ergo
1618 464 1725 504 duplex
1742 464 1798 494 erit

978 511 1172 551 processio,et
1183 510 1310 551 Spiritus
1319 510 1520 551 duplex,quod
1537 511 1623 550 plane
1634 508 1796 540 ahsut‘dum

976 557 1032 595 est;
1048 554 1073 585 si
1089 564 1158 586 vero
1179 564 1238 586 una
1253 559 1281 586 et
1295 555 1411 592 eadem,
1425 564 1483 595 qua
1500 555 1615 586 ratione
1630 563 1664 584 ex
1681 551 1798 592 duplari

974 608 1099 630 numero
1115 599 1311 631 immateriato
1319 609 1410 631 unum
1422 600 1526 631 fuerit?
1535 599 1637 632 Unitas
1647 597 1727 628 enim
1737 606 1796 627 non

972 643 1105 684 duplaris
1120 646 1239 676 numeri
1255 644 1474 685 tantummodo,
1491 644 1543 676 sed
1560 647 1589 675 et
1612 643 1796 682 reliquorum

972 687 1105 718 omnium
1120 698 1314 720 numerorum
1330 688 1509 729 principium
1530 692 1559 719 et
1573 696 1661 719 causa
1679 689 1743 726 est;
1767 688 1797 715 at

975 731 1107 772 duplaris
1123 743 1266 765 numerus
1282 733 1484 774 unitatis,sive
1498 733 1586 764 etiam
1603 731 1706 772 unius,
1723 739 1797 761 nun-

974 785 1062 817 quam
1088 777 1265 818 principium
1282 782 1311 809 et
1326 787 1413 809 causa
1424 778 1523 818 fuerit;
1540 785 1635 817 neque
1651 775 1729 806 enim
1743 783 1795 805 re-

973 821 1189 861 trogradientes
1202 822 1329 859 numeri,
1347 823 1399 853 sed
1413 826 1480 853 ante
1492 821 1686 862 procedentes
1699 828 1796 858 gene-

945 885 964 910 B
975 865 1174 898 rantur.Unus
1182 866 1328 907 siquidem
1339 867 1368 897 in
1377 866 1676 907 duplarem,indeque
1686 864 1795 910 tripla-f

972 920 1049 949 rem,
1063 916 1092 943 et
1102 911 1145 943 sic
1156 913 1313 953 deicepsin
1321 913 1451 953 reliquos
1476 912 1604 943 decedit.
1622 912 1756 950 Namque
1768 909 1794 940 si

972 955 1053 987 dicas
1068 966 1102 987 ex
1118 957 1368 998 triplari,dempta
1383 958 1494 988 unitate
1509 957 1666 996 duplarem
1680 955 1793 992 ﬁeri,et

972 1009 1007 1031 ex
1019 1001 1135 1041 duplari
1150 1002 1287 1033 similiter
1297 1002 1451 1034 unitatem:
1465 1006 1493 1033 at
1509 1002 1557 1032 hic
1572 1009 1691 1042 quoque
1704 1008 1793 1030 causa

971 1045 1091 1086 dempta
1105 1046 1214 1087 unitas,
1232 1056 1287 1078 nec
1301 1046 1380 1077 ullus
1390 1047 1464 1077 alius
1479 1055 1622 1077 numerus
1638 1048 1692 1075 est.
1709 1043 1792 1075 Reli-

969 1100 1060 1131 quum
1075 1100 1145 1130 ergo
1161 1095 1205 1122 est
1220 1091 1277 1122 duo
1305 1101 1364 1122 non
1392 1100 1458 1122 esse
1481 1100 1600 1122 causam
1626 1089 1723 1125 unius,
1742 1088 1794 1119 sed

969 1135 1094 1166 duorum
1111 1138 1253 1168 unum.Et
1269 1135 1312 1167 sic
1323 1135 1352 1167 in
1366 1135 1573 1167 immateriatis
1589 1133 1797 1175 philosophan-

968 1179 1039 1210 dum
1051 1183 1107 1215 est,
1123 1179 1200 1220 quod
1218 1180 1305 1211 etiam
1329 1180 1446 1218 Deitati,
1472 1189 1537 1220 quas
1561 1188 1650 1219 supra
1679 1186 1798 1208 omnem

969 1228 1122 1255 materiam
1147 1229 1201 1262 est,
1240 1225 1399 1256 couvenire
1427 1234 1480 1265 par
1506 1229 1561 1256 est.
1589 1223 1622 1255 In
1647 1222 1799 1254 materieta

969 1278 1040 1299 vero
1055 1269 1087 1299 lit
1107 1279 1141 1300 ex
1163 1269 1280 1300 duobus
1296 1280 1387 1300 unum
1402 1270 1464 1300 sive
1475 1269 1701 1308 conjunctione,
1715 1274 1746 1298 ut
1761 1276 1796 1297 ex

968 1313 1092 1344 muliere
1119 1318 1148 1345 et
1169 1313 1290 1345 homine
1312 1314 1411 1355 (cetus,
1435 1319 1464 1345 et
1483 1324 1517 1345 ex
1534 1314 1614 1344 ferro
1640 1317 1669 1343 et
1694 1311 1795 1352 lapide

967 1354 1062 1397 ignis;
1080 1357 1141 1390 sive
1166 1359 1392 1399 compositione,
1404 1354 1441 1390 ut
1465 1369 1499 1390 ex
1515 1368 1590 1398 aqua
1606 1362 1637 1389 et
1649 1362 1728 1388 terra
1745 1357 1794 1386 lu-

966 1401 1040 1434 tum.
1059 1402 1272 1434 Verumtamen
1288 1403 1336 1435 hic
1351 1413 1468 1445 quoque
1483 1404 1610 1444 primum
1635 1401 1795 1433 dicendum

966 1451 1021 1485 est,
1033 1447 1064 1478 in
1076 1448 1183 1479 divinis
1199 1449 1417 1489 hypostasibus,
1437 1458 1535 1489 neque
1548 1447 1792 1488 conjunctionem

965 1491 1208 1533 similem,neque
1220 1493 1467 1534 compositionem
1478 1492 1790 1532 intelligi.SecunJum

932 1531 994 1568 cin
1010 1536 1057 1567 bis
1080 1531 1169 1568 etiam
1199 1531 1334 1578 tempore
1362 1547 1453 1569 unum
1478 1531 1593 1568 duobus
1623 1534 1794 1577 przecedere

964 1590 1030 1612 cum
1044 1591 1176 1621 persona;
1187 1582 1218 1613 iu
1235 1582 1384 1613 Trinitate
1405 1587 1558 1613 coaeternaa
1573 1581 1645 1612 sint.
1659 1579 1792 1611 Tertiam

963 1622 995 1656 in
1008 1625 1122 1666 potiore
1140 1625 1285 1657 similium
1308 1631 1389 1666 parte
1420 1635 1512 1657 unum
1544 1625 1664 1656 diﬂ'erre
1690 1621 1790 1663 specie

965 1669 1158 1711 duobus,quze
1173 1670 1287 1702 etiamsi
1302 1671 1379 1702 inter
1401 1679 1434 1702 se
1458 1671 1652 1702 conferantur
1672 1668 1790 1698 diversa

966 1715 1065 1755 specie
1080 1715 1335 1751 sunt,ubiTriadIs
1350 1716 1521 1756 hypostases
1532 1713 1668 1754 ejusdem
1678 1716 1790 1744 natura;

968 1763 1047 1800 sunt,
1064 1759 1192 1800 ideoque
1202 1760 1357 1791 materiata
1370 1760 1406 1791 ab
1417 1759 1621 1791 immateriatis
1641 1757 1793 1789 differunt.

968 1802 1032 1835 Non
1044 1809 1088 1835 est
1109 1814 1179 1844 ergo
1191 1814 1226 1836 ex
1240 1804 1325 1836 Patre
1337 1810 1365 1836 et
1376 1805 1450 1836 Filio
1468 1804 1608 1845 Spiritus.
1622 1816 1632 1830 ι
1651 1802 1687 1834 Ει
1702 1801 1746 1833 sic
1762 1809 1795 1831 se

968 1848 1058 1880 habet
1073 1855 1170 1890 caput.
1188 1850 1263 1880 Ante
1279 1859 1347 1881 vero
1360 1850 1416 1881 alia
1429 1850 1466 1881 de
1491 1849 1621 1880 dictione
1635 1846 1796 1889 procedere

970 1893 1196 1926 edisserendum
1215 1899 1271 1931 est,
1288 1899 1320 1925 ut
1334 1894 1405 1926 inde
1420 1904 1538 1935 quoque
1553 1903 1676 1925 examen
1692 1890 1798 1923 diluci-

971 1938 1038 1970 dius
1054 1939 1207 1980 procedat,
1220 1949 1287 1970 cum
1305 1940 1568 1971 examiuandorum
1586 1936 1795 1979 dijudicando-

970 1992 1096 2024 rumque
1112 1993 1219 2024 parens
1235 1983 1266 2015 in
1280 1985 1338 2015 fine
1355 1985 1432 2016 tertii
1443 1984 1548 2024 capitis
1562 1988 1687 2020 asserat,
1705 1981 1796 2020 Spiri-

964 2035 1026 2062 tum
1043 2033 1176 2059 sanctum
1207 2038 1241 2059 ex
1266 2028 1341 2060 Filio
1370 2029 1546 2070 procedere,
1569 2036 1713 2068 nusquam
1729 2033 1796 2057 esse

966 2072 1081 2113 scripto
1099 2072 1395 2105 traditum.Tarasius
1405 2074 1505 2114 itaque
1519 2072 1695 2111 universalis
1709 2081 1794 2112 syno-

967 2117 1080 2158 di,qua:
1094 2117 1220 2158 septima
1237 2127 1360 2149 numero
1379 2122 1432 2156 est,
1451 2126 1608 2159 praeses,“
1627 2116 1712 2147 Patre
1728 2125 1794 2156 per-

971 2161 1077 2194 Filium
1094 2162 1235 2202 Spiritum
1253 2163 1386 2193 sancium
1411 2162 1574 2203 procedere
1599 2170 1666 2192 cum
1683 2160 1749 2192 aliis
1763 2161 1794 2191 in

939 2197 1049 2237 I)tomo
1065 2216 1081 2238 a
1096 2197 1129 2238 se
1145 2206 1324 2244 confecto,ct
1337 2197 1609 2248 subscriptionibus
1625 2215 1727 2237 eorum
1744 2205 1794 2246 qui

970 2257 1170 2282 convenerant
1188 2256 1356 2283 sanctorum
1373 2253 1505 2284 omnium
1532 2254 1648 2283 Patrum
1665 2250 1794 2291 propriis

970 2296 1108 2327 manibus
1124 2296 1245 2336 signatis
1261 2297 1447 2336 conﬁrmato,
1476 2301 1578 2338 aperte
1607 2297 1747 2332 declarat,
1765 2299 1794 2326 et

968 2341 1017 2372 alii
1032 2346 1100 2372 ante
1115 2341 1212 2382 ipsum
1227 2342 1400 2383 diviniloqui
1416 2343 1511 2374 sancti
1533 2343 1669 2373 doctores
1685 2341 1791 2372 iisdem

968 2386 1127 2426 ipsissimis
1142 2386 1239 2418 verbis
1255 2387 1537 2424 tradideruntQuod
1553 2387 1623 2417 licet
1638 2390 1698 2417 tum
1711 2386 1793 2417 theo-

967 2431 1072 2471 logicis
1086 2431 1257 2466 enuntiatis,
1276 2437 1337 2462 tum
1349 2431 1465 2462 Patrum
1480 2431 1727 2472 explicationibus
1742 2440 1792 2461 os-

967 2476 1068 2507 tendat
1080 2485 1131 2507 eos
1139 2476 1190 2516 qui
1202 2486 1235 2507 ex
1247 2477 1332 2507 Patre
1346 2482 1373 2508 et
1385 2476 1458 2507 Filio
1469 2476 1612 2517 Spiritum
1629 2472 1792 2517 procedere

967 2521 1171 2552 asserentibus
1185 2525 1364 2561 repugnant,
1379 2521 1466 2552 stulte
1484 2521 1573 2551 nimis
1588 2530 1685 2560 agerc,
1698 2520 1792 2561 publi-

970 2566 1012 2597 cis
1027 2566 1171 2596 adversus
1187 2575 1239 2596 nos
1253 2565 1408 2606 praeteritis
1422 2565 1640 2606 annisjudiciis
1651 2565 1792 2596 constitu-

972 2611 1018 2649 tis,
1028 2610 1166 2642 refellere
1180 2610 1276 2642 conati
1294 2610 1389 2650 magni
1402 2609 1443 2641 ilti
1460 2610 1524 2650 viri,
1543 2615 1710 2641 nostrorum
1735 2610 1790 2641 ad—

964 2655 1162 2686 versariorum
1189 2655 1376 2696 defensores,
1407 2654 1442 2686 ad
1459 2654 1596 2686 confusas
1627 2663 1791 2696 pravasque

965 2700 1140 2736 sententias,
1158 2704 1187 2730 et
1199 2699 1279 2730 verbi
1293 2699 1456 2740 procedere
1470 2699 1544 2731 alios
1560 2704 1648 2740 atque
1662 2699 1736 2731 alios
1746 2699 1789 2730 si-

963 2744 1167 2785 gniﬁcatus,et
1181 2745 1275 2775 varias
1288 2744 1494 2785 homonymias
1506 2745 1712 2783 confugerunt,
1723 2753 1789 2774 cum

964 2800 1021 2820 non
1036 2789 1276 2830 potuermt,quo;l
1288 2789 1535 2829 illispropositum
1553 2790 1648 2819 fuerat
1662 2789 1789 2819 demon-

961 2838 1101 2870 strare,ct
1113 2835 1261 2875 quomodo
1279 2834 1306 2864 id
1327 2838 1476 2874 peractum
1490 2835 1539 2874 sit,
1557 2833 1789 2874 insequentibus
