1941 3082
73 135 150 167 1285

713 133 866 169 GEORGII
889 133 1120 167 METOCHITE

1684 133 1696 164 l
1703 131 1762 166 286

69 203 112 235 ὁος
134 202 177 231 διὰ
198 202 288 236 δυάδος
309 203 410 238 ἁπλῆς.
433 204 508 233 Ἐπεὶ
522 208 565 233 οὖν
579 205 610 233 τὸ
626 207 705 232 Θεῖον
721 204 747 232 ἐν
763 205 807 232 καὶ
818 215 833 231 τ

991 211 1037 233 res
1051 205 1231 242 asseverant,
1245 201 1349 233 eadem
1364 200 1391 232 vi
1407 201 1548 242 polleant.
1565 201 1684 233 Etenim
1691 210 1757 232 cum

70 243 136 283 ίστι,
163 249 207 276 καὶ
228 249 264 280 ὡς
282 249 331 286 μὲν
351 248 379 276 ἕν
405 248 588 288 ἆπαράδεκτον
615 248 670 277 ἐστι
700 249 743 277 καὶ
769 248 891 288 ἀριθμοῦ,

69 292 113 321 καὶ
127 292 287 331 μεσότητος,
304 294 347 322 καὶ
375 293 484 331 τάξεως,
507 295 551 322 καὶ
579 296 632 321 τῶν
661 293 788 322 τοιούτων
804 302 812 309 ’
842 295 893 321 ποῦ

69 337 119 376 γὰρ
134 340 173 374 τῷ
185 336 222 366 ἑνὶ
235 341 274 375 τῷ
295 339 362 378 ἁπὲρ
378 342 429 366 πᾶν
452 338 478 366 ἕν
502 338 557 367 ὄντι
575 339 660 367 ποσὸν
676 339 719 366 καὶ
748 337 829 376 μέσον
850 337 894 366 καὶ

69 380 141 414 τάξις
163 382 191 410 ἐν
212 382 329 411 πλείοσιν
355 383 373 417 ἢ
395 384 461 423 τρισῖ
490 383 665 423 τούλάχιστον
693 384 767 411 ταυτὶ
780 381 893 422 θεωρού-

71 435 137 463 μενα
152 436 160 467 ς
186 427 222 460 ὡς
238 427 265 455 δὲ
280 429 337 467 τρία
352 428 451 456 τούτων
467 428 521 457 ἐστὶ
535 427 664 464 δεκτικὸν,
682 427 752 462 πλήν
767 428 811 455 καὶ
825 427 894 455 οὕτω

69 471 235 510 θεοπρεπῶς,
265 473 309 500 καὶ
336 478 397 504 ταῖς
425 473 485 512 περὶ
499 473 566 501 Θεοῦ
581 471 756 508 κατολλήλως
771 471 894 507 ἐννοίαις,

70 514 114 542 καὶ
147 516 177 543 τὸ
211 521 258 545 τοῦ
288 516 398 556 ἀριθμοῦ
431 516 598 556 παράδειγμα
634 520 680 545 106
721 515 896 554 διωρισμένου

70 564 154 588 ποσοῦ
173 561 308 600 τυγχάνον
335 561 370 594 εἷς
407 561 521 590 εἰκασίαν
555 561 803 602 παραληφθήσεται,
832 560 897 588 καθὸ

70 603 114 631 καὶ
142 604 160 638 ἡ
189 605 267 644 Τριὰς
296 604 447 646 διορίζεται,
464 612 526 638 ταῖς
541 606 610 635 κατὰ
633 606 681 640 ’τί-,ιι
703 605 816 645 πρόοδον
831 605 897 632 ὑπο.

71 656 217 681 στατικαῖς
240 649 364 684 ἰδιότησι.
399 655 549 690 Διαιρεῖται
574 651 624 690 γὰρ
658 649 824 690 ἇδιαιρέτως,
852 649 897 677 καὶ

70 693 227 722 συνάπτεται
254 693 420 734 διῃρημένως
442 699 481 733 τῷ
508 694 647 735 παραδόξῳ
674 697 724 728 τῆς
745 695 815 726 θείας
844 703 895 731 με·

75 736 262 777 γαλειότητος.
306 744 358 769 Τοῦ
396 740 492 769 λοιπσῡ
523 741 640 780 πρόσχες
676 740 740 780 πρὸς
781 741 845 767 Θεοῦ
880 738 894 766 ὁ

72 781 219 819 ἆκροατής,
242 784 406 823 Προθέμενος
431 786 445 813 ὁ
474 785 590 825 ἐρωτῶν,
618 785 654 816 ὡς
676 782 894 823 διαπορούμενος,

69 829 128 858 πῶς
144 827 174 855 ἔκ
185 830 235 862 τῆς
252 828 331 857 ἀΰ).ου
349 829 441 862 δυάδος
457 831 487 858 τὸ
509 829 536 857 ’ἐν
549 831 618 858 εἶναι
633 828 750 865 δύναται,
767 829 810 857 καὶ
823 838 893 867 παρ-

71 872 143 904 ευθὺς
169 872 218 906 τὴν
248 874 332 902 αἰτίαν
351 874 492 914 ἐπαγαγὼν
521 875 567 902 τοῦ
587 874 626 912 μὴ
641 873 762 913 δυνατὸν,
783 875 822 910 τῷ
846 871 895 905 τὴν

70 915 172 953 μονάδα
187 918 271 945 αἰτίαν
287 918 357 946 εἶναι
373 919 417 947 καὶ
438 920 468 948 οὗ
486 918 576 956 δυάδι,
592 920 628 950 ὡς
645 918 740 946 ἐθέλων
754 917 796 946 διὰ
810 916 894 955 μέσης

70 961 223 1000 προτάσεως
249 964 310 1000 τῆς,
327 962 367 991 ὅτι
389 963 415 992 ἐν
431 964 461 991 τὺ
474 963 566 991 αἴτιον
581 963 623 992 καὶ
639 964 668 991 οὐ
685 962 741 1003 δύο,
756 959 894 1000 συμπερά-

71 1015 112 1032 ναι
127 1005 158 1033 τὸ
187 1006 226 1044 μὴ
254 1006 285 1036 ἐκ
300 1010 355 1036 τῶν
369 1007 413 1036 δύο
434 1008 465 1036 τὸ
487 1006 514 1036 ἕν
529 1008 600 1036 εἶναι
618 1015 625 1023 ⁸
642 1011 719 1036 τοῦτο
733 1007 783 1046 γὰρ
798 1006 894 1043 ἆπῇτει

69 1049 101 1077 τὸ
124 1051 251 1089 προταθὲν
277 1050 304 1085 ἒξ
325 1052 445 1091 ἀνάγκης
462 1060 469 1068 '
487 1053 501 1080 ὁ
517 1051 544 1080 δὲ
565 1052 609 1080 διὰ
629 1055 682 1080 τῶν
697 1050 793 1090 μεταξὺ
808 1049 895 1089 λόγων

70 1094 134 1123 αὖτό
155 1094 257 1132 μᾶλλον
278 1097 490 1134 κατασκευάσας,
512 1097 540 1126 ἐν
566 1097 611 1130 οἶς
633 1107 698 1136 φησι
717 1106 723 1113 ·
750 1095 833 1133 μονὰς
847 1094 896 1133 γὰρ

71 1139 107 1171 εἰς
134 1137 212 1167 δυάδα
240 1147 366 1182 κινεῖται,
396 1142 518 1170 κάκεῖθεν
540 1142 577 1173 εἰς
608 1140 715 1180 Τριάδα,
731 1143 808 1168 τοῦτο
823 1137 851 1166 δὲ
871 1139 896 1167 τί

71 1181 148 1221 ἄλλο,
171 1184 189 1218 ἢ
218 1183 258 1213 ὅτι
286 1185 315 1214 ὲκ
344 1185 455 1224 μονάδος
481 1185 555 1223 δυὰς,
580 1187 623 1214 καὶ
644 1185 675 1214 ἐκ
695 1183 787 1216 δυάδος
811 1183 894 1223 τριὰς,

71 1225 136 1267 ὅπερ
163 1229 194 1256 τὸ
224 1228 251 1256 ἕν
279 1230 348 1258 κατὰ
375 1231 406 1258 τὸ
429 1229 600 1270 διωρισμένον
629 1234 676 1259 τοῦ
710 1229 829 1269 ἀριθμοῦ,
859 1228 896 1258 ὡς

71 1271 222 1310 llr-1701s.“;
260 1273 274 1301 ὃ
296 1275 339 1302 καὶ
360 1274 374 1302 δ
396 1274 553 1312 περίπυστος
574 1276 604 1303 ἓν
624 1273 745 1313 θεολογίᾳ
765 1272 898 1305 συντίθησι

71 1316 180 1356 φάσκων
197 1325 204 1332 '
244 1327 259 1348 ι
281 1319 369 1352 Μονὰς
396 1320 446 1359 γὰρ
487 1320 523 1352 εἰς
553 1318 631 1348 δυάδα
653 1320 790 1352 κινηθεῖσα
818 1316 899 1356 μέχρι

72 1360 180 1401 Τριάδος
200 1361 264 1396 ἔστη
278 1372 286 1382 ⁸
311 1375 325 1392 ι
350 1364 506 1404 συνεπέρανε
526 1365 557 1393 τὸ
573 1365 611 1403 μὴ
626 1364 659 1392 τὰ
679 1363 724 1392 δύο
738 1362 813 1391 αἴτια
828 1363 898 1393 εἶναι

73 1407 119 1435 τοῦ
144 1407 213 1447 ἑνὸς,
244 1408 312 1439 ἀλλὰ
339 1410 370 1438 τὸ
396 1409 423 1438 ἓν
451 1413 504 1438 τῶν
532 1409 589 1441 δύο.
615 1405 738 1438 "Ec-use
754 1408 840 1437 αἴτιον
852 1409 898 1435 106

73 1451 255 1485 ἁνακολούθως
271 1453 351 1491 οὕτω,
385 1455 428 1483 καὶ
456 1455 495 1493 μὴ
515 1455 583 1483 κατᾶ
604 1455 635 1483 τὸ
665 1452 897 1493 προϐληματισθὲν

72 1496 104 1524 τὸ
139 1497 315 1537 συμπέρασμα
343 1498 442 1540 θέσθαι,
482 1510 512 1528 τε
540 1499 641 1528 οἴεσθαι
666 1498 711 1528 δύο
739 1498 814 1526 αἴτια
839 1497 896 1525 εἷσ-

934 246 1132 286 intcrrogans,
1149 255 1247 286 neque
1263 245 1331 276 aliis
1344 254 1440 286 neque
1456 246 1611 286 exemplis,
1625 245 1676 286 qui
1692 254 1758 276 eum

935 295 1166 332 praecesserunt,
1182 291 1351 322 divinorum
1365 290 1485 331 pietatis
1501 291 1692 332 principium,
1706 291 1759 322 sed

936 335 1064 376 propriis
1080 336 1208 376 insistat,
1220 345 1322 367 eorum
1334 345 1452 376 queque
1467 335 1546 367 dicta
1560 345 1620 367 non
1634 336 1670 367 ab
1680 336 1757 376 ipso,

935 380 987 411 sed
1004 390 1020 411 a
1036 381 1159 412 veritate
1173 380 1399 418 emanantia,uti
1416 380 1461 411 illi
1485 380 1758 411 lucidissimeirra-

936 424 1029 462 diare,
1047 425 1461 456 demonstrabitur.Numerus
1471 424 1551 455 enim
1564 425 1650 456 divisi
1663 429 1758 463 est,ex

936 478 995 509 quo
1010 469 1235 508 enascitur,non
1249 469 1396 509 continui,
1410 475 1439 500 et
1453 469 1618 500 secundum
1634 470 1758 500 divisio-

937 521 1006 544 nem
1021 513 1211 553 singulariter
1227 514 1372 555 provenit,
1383 523 1441 545 non
1457 514 1620 545 secundum
1633 523 1757 555 compo-

937 557 1088 595 sitionem,
1104 567 1139 589 ex
1153 558 1265 589 unitate
1276 558 1412 598 dualitas,
1430 562 1458 588 et
1471 568 1506 590 ex
1518 559 1658 590 dualitate
1674 560 1756 597 trias,

938 610 998 632 non
1022 612 1088 642 qua:
1111 607 1316 643 compoantur,
1333 603 1386 634 sed
1403 612 1437 633 ex
1451 603 1588 634 dualitate
1619 603 1706 634 veluti
1721 604 1758 634 ad

937 646 1093 688 unitatem,
1111 657 1177 687 qnze
1191 652 1260 678 ante
1275 647 1439 688 ipsam-est,
1462 652 1512 678 aut
1527 657 1562 679 ex
1577 648 1691 679 unitate
1705 657 1759 689 per

937 690 1107 722 dualitatem
1124 691 1428 732 simplicem.Quando
1444 692 1618 731 igiturDous
1628 699 1758 724 unnmet

935 734 1039 766 trintas
1063 741 1118 773 est,
1135 741 1165 767 et
1179 741 1210 767 ut
1225 746 1329 774 unum,
1347 746 1445 777 neque
1467 746 1637 778 numerum,
1661 747 1759 778 neque

935 779 1079 818 medium,
1096 789 1193 821 neque
1208 781 1356 822 ordinem,
1381 790 1477 822 neque
1498 781 1607 813 similia
1621 782 1756 822 suscipit.

935 822 1089 855 Undenam
1111 826 1189 856 enim
1215 825 1246 856 in
1271 835 1341 863 uno,
1359 826 1438 866 quod
1461 835 1552 866 supra
1566 835 1654 857 omne
1665 836 1756 861 unum

936 872 990 902 est.
1009 872 1038 899 et
1052 870 1198 909 quantitas
1221 875 1251 902 et
1276 870 1405 901 medium
1431 875 1460 901 et
1474 870 1547 901 ordo
1562 871 1593 901 in
1609 871 1754 911 pluribus,

936 917 985 943 aut
1000 913 1094 944 tribus
1110 914 1264 945 minimum
1281 915 1537 946 consideraveris?
1554 916 1600 947 Uti
1616 925 1685 947 vero
1703 918 1755 948 tria

936 957 1009 995 hac,
1026 959 1077 989 sed
1104 959 1202 990 divino
1227 960 1354 1000 quodam
1372 961 1471 998 modo,
1489 963 1520 992 et
1531 961 1757 999 cogitationibus

937 1002 997 1033 Deo
1012 1003 1076 1044 ipso
1091 1004 1303 1036 addecentibus
1318 1005 1454 1043 admittit,
1472 1009 1501 1036 et
1517 1006 1685 1046 exemplum
1703 1016 1758 1037 nu-

937 1047 1023 1088 meri,
1040 1048 1090 1088 qui
1105 1049 1309 1080 determinataa
1324 1049 1497 1090 quantitatis
1511 1053 1556 1080 est
1569 1049 1600 1080 in
1615 1050 1757 1082 similitu-

937 1091 1037 1122 dinem
1050 1099 1230 1134 assumetur,
1246 1103 1313 1124 cum
1339 1098 1368 1124 et
1380 1094 1508 1125 Trin’tas
1529 1095 1759 1134 proprietatibus

937 1137 1100 1180 secundum
1118 1147 1304 1178 progressum
1318 1138 1760 1180 determinetur;namqueindi—

936 1179 1000 1211 vise
1015 1181 1164 1218 dividitur.
1178 1187 1208 1214 et
1222 1183 1316 1214 divise
1330 1184 1497 1215 admirabili
1512 1183 1618 1216 divinae
1627 1179 1761 1225 magniﬁ-

939 1226 1043 1257 centiae
1070 1227 1157 1258 modo
1179 1228 1379 1268 conjungitur.
1398 1228 1519 1260 Interim
1534 1234 1645 1261 attento
1659 1231 1760 1262 animo

939 1270 980 1301 sis
995 1280 1049 1311 per
1063 1272 1188 1310 Deum,o
1203 1274 1408 1304 auditor.Cum
1423 1273 1608 1314 interrogans
1622 1275 1680 1306 sibi
1690 1285 1760 1316 pro-

939 1317 1096 1355 posuisset,
1113 1317 1196 1357 quasi
1211 1318 1460 1359 addubitans,qua
1474 1319 1588 1350 ratione
1603 1329 1637 1350 ex
1652 1320 1761 1351 imma-

939 1361 1044 1393 teriato
1058 1361 1174 1401 duplari
1197 1371 1320 1393 numero
1343 1372 1434 1393 unum
1451 1372 1516 1394 esse
1544 1363 1646 1403 possit,
1662 1369 1692 1395 et
1707 1375 1761 1405 per

940 1414 1027 1445 quam
1039 1405 1137 1436 subito
1153 1416 1270 1437 causam
1286 1407 1448 1438 adnectens
1463 1407 1528 1438 ﬁeri
1540 1417 1599 1438 non
1614 1417 1712 1447 posse,
1731 1414 1763 1440 ut

940 1450 1037 1481 unitas
1051 1459 1139 1482 causa
1153 1451 1202 1489 sit,
1220 1456 1248 1482 et
1261 1460 1320 1482 non
1336 1452 1431 1483 dualis
1447 1453 1760 1493 numerus,quasivel-

938 1498 980 1530 let
995 1504 1049 1535 per
1060 1495 1189 1526 mediam
1206 1496 1451 1537 propositionem,
1468 1506 1560 1528 unum
1573 1506 1682 1538 nempe
1697 1507 1762 1530 esse

73 1541 160 1581 άγειν,
176 1542 198 1582 εἰ
218 1541 289 1582 λέγει
316 1554 356 1576 τις
385 1543 415 1572 ἐκ
442 1544 496 1573 τῶν
515 1543 560 1572 δύο
574 1545 604 1572 τὶ
619 1543 658 1576 ἕν,
674 1544 756 1573 Τοῦτο
770 1542 798 1571 δὲ
819 1543 839 1570 0i

997 1549 1057 1570 sam
1074 1544 1103 1571 et
1117 1550 1176 1571 non
1204 1542 1274 1579 duo,
1301 1541 1480 1573 concludere
1495 1551 1585 1572 unum
1598 1551 1633 1573 ex
1648 1543 1763 1576 duobus

74 1589 144 1624 μῶς.
178 1582 258 1615 ’Ἐστι
288 1587 337 1625 μὲν
364 1588 414 1627 γὰρ
436 1589 467 1616 εκ
487 1587 577 1621 δυάδος
592 1589 622 1617 τὺ
637 1588 676 1625 ἓν,
692 1590 723 1617 Ex
737 1587 781 1616 δύο
796 1585 898 1620 δηλαδὴ

75 1630 194 1668 μονάδων
221 1632 296 1672 τρίτη
326 1633 420 1671 μονάς.
451 1634 480 1662 Εἰ
508 1633 556 1665 μὲν
582 1634 626 1662 οὗν
641 1633 729 1662 ἐκδύο
743 1631 898 1672 ἂντιδιῃρη-

74 1675 161 1712 μένων
182 1675 225 1714 ἦν,
256 1676 274 1711 ἢ
306 1676 473 1716 διῃρημένων
503 1677 599 1715 οὕτως,
629 1679 665 1710 ὡς
686 1678 717 1706 τὸ
743 1677 831 1716 ἕτερον
860 1676 899 1714 μὴ

74 1720 139 1757 πρὸς
167 1721 198 1748 τὸ
219 1720 306 1761 ἕτερον
327 1721 509 1762 ἀναφέρεσθαι,
540 1722 598 1760 μετ’
625 1722 650 1755 ἐξ
672 1722 771 1751 ὴείνου
784 1723 814 1750 τὸ
830 1723 899 1750 εἶναι

75 1763 161 1804 ἔχειν,
192 1766 260 1804 μήτε
289 1767 423 1804 μεσότητα
442 1767 491 1801 τὴν
506 1768 574 1796 κατὰ
595 1768 644 1802 τὴν
664 1766 777 1806 πρόοδον
792 1774 800 1782 '
818 1767 836 1800 ἦ
851 1766 900 1805 γὰρ

75 1809 106 1837 ἂν
134 1811 168 1848 ἦν
195 1809 274 1851 οὕτω,
305 1812 350 1840 καὶ
377 1813 408 1840 τὸ
429 1813 515 1853 τρίτον
536 1813 565 1841 οὔ
579 1813 677 1852 τρίτον,
700 1812 768 1841 ἀλλὰ
783 1811 901 1851 δεύτερον

74 1853 206 1893 ἑκατέρων
235 1855 305 1884 ἔνθεν
333 1857 378 1885 καὶ
406 1856 476 1886 ἔνθεν
502 1857 700 1897 θεωρουμένων,
725 1857 768 1886 καὶ
783 1857 813 1885 οὗ
833 1857 901 1885 κατὰ

74 1899 123 1933 τὴν
148 1899 207 1933 ἑξῆς
241 1901 398 1941 τοπαράπαν
426 1901 580 1942 προέλευσιν
597 1910 605 1918 '
629 1902 737 1935 εἰκότως
764 1901 796 1930 ἂν
823 1903 837 1930 ὁ
853 1901 900 1935 τῆς

74 1943 214 1984 δυαρχίας,
243 1945 287 1973 καὶ
313 1945 362 1980 τῆς
389 1946 486 1980 διπλῆς
522 1946 604 1979 αἰτίας
645 1945 724 1986 λόγος
754 1947 875 1986 εἰσήγετο
892 1959 899 1967 ·

75 1988 132 2017 ἰπεὶ
159 1988 187 2017 δὲ
214 1993 296 2018 ταῦτα
325 1991 394 2019 κατὰ
418 1992 449 2019 τὸ
475 1990 601 2029 ἔμπαλιν,
631 1992 675 2019 καὶ
698 1992 715 2025 ἡ
730 1991 805 2031 τρίτη
820 1990 902 2029 μονὰς

74 2032 117 2061 διὰ
140 2033 190 2068 τῆς
217 2033 301 2072 μέσης
332 2035 443 2073 μονάδος
469 2035 499 2063 ἐκ
519 2035 567 2069 τῆς
595 2035 704 2075 πρώτης
727 2036 771 2064 καὶ
786 2034 901 2076 ἇρχικῆς

73 2079 106 2106 τὸ
134 2078 206 2107 εἶναι
227 2079 350 2120 πλουτεῖ,
373 2080 431 2109 γὀθεν
457 2081 500 2109 καὶ
521 2081 539 2114 ἡ
567 2080 637 2118 μέση
663 2080 745 2119 μονάς
763 2088 770 2096 ⁶
801 2080 902 2116 ἔκετθεν

74 2122 124 2164 ἄρα
145 2124 189 2152 καὶ
210 2124 260 2158 τὴν
288 2125 371 2154 αἰτίαν
398 2124 481 2163 ἕλκει,
510 2124 634 2173 κάκείνην
662 2125 750 2173 ἀρχὴν
775 2123 833 2153 οἶδε
852 2129 902 2173 καὶ

941 1593 1000 1614 non
1015 1593 1100 1615 esse:
1114 1586 1170 1616 hoc
1184 1585 1330 1626 siquidem
1344 1587 1422 1627 quod
1432 1587 1763 1628 proposuitnecessario

940 1628 1189 1670 requirebat,ipse
1203 1631 1397 1663 nihilominus
1408 1641 1462 1672 per
1472 1632 1661 1672 interpositae
1668 1633 1761 1665 ratio-

941 1683 995 1704 nes
1009 1674 1039 1704 id
1053 1674 1150 1714 ipsum
1164 1675 1256 1715 magis
1268 1677 1505 1717 conﬁrmat,cum
1516 1676 1672 1708 ait:Unitas
1682 1678 1762 1709 enim

941 1719 972 1749 in
987 1718 1158 1750 dualitatem
1175 1725 1319 1759 movetur,
1339 1721 1469 1763 indeque
1494 1721 1524 1752 in
1543 1721 1716 1763 trinitatem,
1732 1723 1762 1755 id

941 1772 1010 1794 vero
1026 1764 1095 1804 quid
1112 1769 1156 1795 est
1166 1765 1245 1795 aliud
1257 1775 1344 1805 quam
1361 1775 1394 1797 ex
1410 1767 1523 1798 unitate
1538 1767 1677 1804 dualitas,
1689 1772 1718 1799 et
1728 1778 1763 1800 ex

942 1809 1084 1839 dualitate
1101 1809 1310 1850 lrinitas,quod
1325 1815 1370 1842 est
1387 1821 1475 1843 unum
1485 1814 1649 1846 secundum
1662 1815 1764 1846 deter-

943 1854 1085 1900 minatum
1102 1863 1272 1900 numerum,
1290 1860 1321 1886 ut
1336 1856 1524 1889 dicebamus?
1531 1862 1561 1889 et
1574 1859 1604 1890 in
1618 1860 1764 1900 theologia

943 1897 1131 1937 praecelebris
1142 1899 1312 1938 concordat,
1330 1910 1397 1932 cum
1408 1901 1515 1942 inquit,
1536 1916 1549 1931 α
1565 1903 1667 1936 Unitas
1683 1897 1763 1936 enim

942 1943 973 1990 in
984 1942 1157 1990 dnalitatem
1174 1945 1299 1981 mota,in
1314 1946 1458 1977 Trinitate
1471 1948 1764 1990 subsistit,-conclu-

944 1987 1055 2024 sit,duo
1071 1988 1159 2020 unius
1169 1998 1286 2020 causam
1301 2000 1360 2021 non
1377 1992 1509 2029 esse,sed
1520 1987 1615 2024 unum'
1627 1995 1763 2026 duorum.

945 2034 1038 2065 Causa
1053 2041 1121 2064 vero
1137 2034 1270 2074 est,adeo
1282 2035 1645 2076 inconsequenter,etnon
1660 2048 1767 2070 secun-

944 2079 1019 2123 dum
1025 2078 1208 2118 propositum
1221 2079 1373 2119 problema
1383 2081 1604 2114 conclusionem
1612 2084 1764 2123 colligere,

944 2122 1022 2163 quod
1038 2123 1263 2169 opinetur,duas
1275 2134 1377 2156 causas
1388 2125 1589 2165 introducere,
1605 2122 1703 2169 siquis
1717 2129 1766 2160 di—

74 2168 157 2208 ῥίζαν,
174 2169 211 2200 ὡς
234 2169 295 2207 μίαν
310 2169 382 2198 εἶναι
397 2169 541 2211 διαφαδῶς.
572 2165 691 2208 ’Ἰδωμεν
717 2169 809 2199 οὒκοῦν
835 2182 840 2197 ι

999 2167 1032 2205 it,
1045 2176 1080 2198 ex
1095 2167 1211 2199 duobus
1239 2178 1330 2200 unum
1346 2178 1424 2200 esse.
1451 2171 1512 2202 Sed
1533 2171 1565 2203 in
1581 2165 1663 2204 nullo
1676 2173 1764 2204 modo

74 2223 124 2252 περ
152 2213 176 2241 οἰ
204 2215 256 2241 τῶν
281 2213 358 2242 θείων
388 2214 543 2255 ὲκφάντορες
565 2214 597 2243 τὸ
625 2217 741 2254 πρῶτον,
760 2215 791 2243 τὸ
806 2214 898 2253 μέσον,

73 2258 105 2286 τὸ
133 2257 231 2298 τρίτον,
256 2259 287 2287 τὸ
309 2258 337 2292 ἑξ
360 2259 460 2300 ἀμφοῖν
482 2259 524 2288 ἐπὶ
544 2259 597 2287 τῶν
618 2260 767 2299 θεαρχικῶν
793 2258 899 2297 λαμϐά-

75 2313 164 2335 νοντες
203 2303 374 2334 ὒποστάσεων
423 2303 583 2343 θεολογικῶς
618 2303 807 2334 ἆκδιδάσκουσι.
851 2305 901 2334 Καὶ

75 2350 180 2387 πρῶτος
207 2348 286 2380 αὐτὸς
316 2350 330 2377 ὁ
358 2348 407 2383 τὴν
436 2348 537 2387 μονάδα
574 2350 727 2382 κινηθεῖσαν
756 2350 793 2381 εἰς
821 2348 900 2380 δυάδα

74 2392 156 2433 μέχρι
185 2392 292 2433 Τριάδος
332 2393 426 2429 στῆναι
467 2392 656 2433 φθεγξάμενος,
687 2394 701 2421 ὃ
729 2394 774 2422 καὶ
808 2395 822 2422 ό
856 2395 907 2428 τὴν

74 2438 204 2478 ἐρώτησιν
241 2438 379 2479 προφέρων
420 2439 539 2479 φαίνεται
575 2436 752 2477 διαγγέλλων,
802 2439 829 2468 ἓν
862 2440 906 2472 οἷς

75 2482 180 2522 ἑρωλίζει
208 2483 255 2515 τὰς
285 2485 349 2524 πρὸς
371 2483 513 2523 παρθένους
542 2483 689 2520 ὑποθήκας,
705 2482 774 2512 οὕτω
801 2485 880 2525 φησίν
896 2496 904 2504 ι

77 2539 92 2556 ε
116 2528 159 2568 Et:
189 2529 254 2561 Θεὸς
282 2528 313 2557 ὲκ
338 2528 448 2568 γενέταο
469 2527 503 2556 δι’
532 2528 592 2559 Υἰος
607 2526 671 2562 ’ίστη
689 2537 695 2545 ·
723 2538 736 2555 ι
753 2530 820 2568 μετά
834 2541 904 2568 τινα,

77 2583 90 2601 ε
116 2566 271 2611 ἰσταμένης
313 2566 438 2608 θεότητος
474 2573 511 2601 ἐνὶ
547 2571 662 2601 τελέοὶσι
696 2566 812 2608 τελείης.
829 2587 843 2603 ι
877 2566 905 2606 ’ὁ

74 2617 199 2658 σύμφρων
234 2619 325 2646 τούτου
357 2619 402 2648 καὶ
426 2618 568 2657 ὁμώνυμος
603 2617 742 2648 Νυσσαέων
777 2618 903 2660 λαμπτὴρ

74 2661 102 2690 ἄν
129 2665 168 2700 τῷ
196 2663 254 2702 περὶ
276 2668 324 2693 τοῦ
352 2663 428 2702 ἁγίου
457 2663 610 2700 Πνεύματος
641 2663 709 2691 κατὰ
738 2664 904 2694 Μακεδονιᾶ-

74 2709 127 2736 νῶν
161 2706 235 2747 λόγῳ
249 2710 328 2748 φησίν
345 2717 353 2725 ⁸
381 2718 393 2736 ε
412 2707 471 2748 Ἐφ’
486 2708 523 2735 ὧν
538 2707 588 2747 γὰρ
612 2707 629 2741 ἡ
656 2708 724 2737 κατᾶ
747 2710 778 2738 τδ
805 2709 902 2750 ἀγαθὸν

75 2751 194 2792 ἰνὲργεια
222 2751 351 2795 οὐδεμίαν,
387 2752 543 2791 ἰλᾶττωσιν,
573 2750 591 2786 ἢ
619 2753 794 2796 παραλλαγὴν
828 2755 900 2796 ἔχει,

73 2799 132 2831 πῶς
154 2796 224 2826 ἐστιν
246 2792 353 2838 εὔλογον
381 2798 429 2833 τὴν
451 2798 518 2826 κατὰ.
544 2796 589 2826 τὸν
614 2795 723 2837 ἀριθμὸν
738 2792 809 2833 τάξω
825 2792 902 2830 ὲλᾶτί

942 2216 1132 2253 est,namque
1147 2216 1191 2243 est
1202 2222 1237 2244 ex
1252 2213 1393 2245 dualitate
1407 2224 1513 2256 unum,
1523 2225 1558 2247 ex
1572 2216 1689 2249 duabus
1704 2218 1766 2249 sci-

941 2257 1013 2288 licet
1027 2256 1192 2288 unitatibus
1207 2258 1294 2289 tertia
1308 2258 1519 2299 unitas.Igitur
1532 2261 1559 2292 si
1573 2271 1608 2292 ex
1620 2262 1737 2293 duobus
1751 2272 1769 2294 a

941 2311 974 2333 se
989 2301 1146 2342 disjunctis
1156 2308 1235 2335 esset
1249 2308 1299 2335 aut
1313 2303 1353 2335 ita
1364 2304 1477 2343 divisis,
1487 2309 1527 2336 ‘ut
1540 2315 1631 2338 unum
1645 2307 1682 2338 ad
1696 2307 1768 2339 alte-

948 2356 1014 2378 rum
1022 2356 1087 2393 non
1098 2347 1271 2389 referretur,
1284 2357 1381 2389 neque
1392 2348 1491 2381 abillo
1504 2350 1768 2393 exsisteret,neque

950 2392 1082 2423 medium
1097 2393 1215 2423 essetin
1227 2402 1394 2434 progressu,
1411 2393 1448 2433 si,
1464 2394 1597 2435 inquam,
1614 2396 1669 2428 hoc
1679 2392 1768 2428 modo

948 2446 981 2468 se
996 2437 1131 2475 haberet,
1148 2442 1177 2468 et
1191 2437 1310 2469 tertium
1326 2448 1384 2469 non
1396 2438 1527 2479 tertium,
1540 2441 1593 2472 sed
1603 2441 1768 2473 secundum

947 2482 1018 2514 hinc
1029 2486 1058 2513 et
1069 2482 1138 2513 hinc
1151 2483 1231 2514 inter
1244 2483 1331 2514 ambo
1344 2483 1594 2527 consideraretur,
1606 2491 1635 2517 et
1648 2496 1708 2518 non
1724 2496 1769 2518 se-

947 2527 1077 2558 cundum
1093 2527 1184 2559 seriei
1198 2527 1410 2559 asservientem
1421 2529 1636 2569 egressionem,
1650 2541 1709 2563 non
1720 2532 1769 2562 in-

947 2581 1080 2611 congrue
1093 2572 1218 2604 duorum
1247 2572 1475 2613 principiorum,
1492 2578 1522 2606 et
1536 2575 1664 2617 duplicis
1675 2585 1772 2608 causae

946 2617 1020 2648 ratio
1032 2617 1283 2648 introduceretur.
1302 2617 1511 2651 Verumtamen
1526 2630 1592 2653 cum
1609 2622 1655 2653 hae
1669 2631 1703 2653 ex
1714 2621 1770 2652 ad-

945 2670 1031 2693 verso
1043 2671 1075 2693 se
1090 2661 1263 2700 habeant,et
1278 2661 1364 2693 tertia
1375 2663 1472 2694 unitas
1484 2674 1538 2705 per
1554 2666 1684 2698 mediam
1700 2666 1770 2697 uni-

945 2710 1035 2739 tatem
1045 2716 1079 2739 ex
1095 2708 1190 2748 prima
1206 2711 1236 2738 et
1246 2706 1403 2752 principali
1415 2711 1635 2752 monade,quod
1651 2711 1687 2742 sit
1697 2720 1771 2751 pos-

944 2753 1050 2791 sideat,
1067 2752 1139 2784 inde
1154 2761 1226 2793 ergo
1241 2755 1271 2784 et
1286 2751 1386 2784 media
1403 2753 1502 2786 unitas
1525 2751 1645 2787 causam
1671 2755 1770 2790 trahit,

942 2799 1087 2840 illamque
1092 2797 1273 2840 principium
1281 2800 1370 2838 atque
1381 2797 1526 2839 originem
1536 2800 1583 2832 sui
1592 2800 1773 2841 agnoscit,“
