1941 3082
108 193 182 224 1417
825 187 874 218 FB

1033 184 1072 216 ‘A.
1725 181 1799 214 1418

105 258 174 288 οὕτω
202 258 310 298 γράφειν
338 268 366 285 τε
394 257 438 284 καὶ
458 255 610 295 κηρύττειν,
626 255 669 283 καὶ
690 259 738 283 τοῦ
759 253 798 292 μὴ
820 252 871 281 ὂυντ

1032 250 1187 298 ibjectant,
1201 254 1229 282 et
1244 259 1311 298 cum
1325 259 1359 281 ea
1368 251 1431 298 jam
1443 250 1575 298 rediviva
1589 250 1798 298 dissidii,quod

103 295 332 334 ἅλλωςῖίτῶν
353 301 390 333 εἷς
424 303 501 328 τοῦτο
527 298 760 339 παραδειγμάτων,
793 297 862 326 ὥστε
890 297 929 335 μὴ
971 295 1799 341 Ecclesiasoccupavit,negotiumjamrenovatumfuisse:

105 347 199 386 χώραν
226 347 256 374 τὸ
285 345 451 384 παλίμϐολον
477 343 551 384 ἔχειν
577 343 698 383 ἰκτίνοις,
717 342 785 371 ἀλλὰ
813 343 857 370 καὶ

1034 349 1043 370 2
1071 340 1172 370 omnia
1197 344 1310 371 temere
1325 349 1358 370 ac
1376 339 1505 370 inaniter
1519 339 1598 370 dicta
1623 339 1800 371 Antiocheni

180 390 323 429 ὁμολογίαν
364 383 522 429 ἱνπερφεροῦς
558 387 688 426 Μαξίμου,
723 387 796 419 ἔθους
839 386 869 415 αὖ

1033 384 1138 414 tissimi
1150 384 1284 425 prasulis
1295 384 1406 425 scripta
1415 383 1446 414 in
1457 383 1581 424 epistola
1589 384 1727 429 probant,
1739 389 1799 416 tum

107 428 302 475 κεκρατηκότος
331 434 400 463 οὕτω
416 428 516 462 νποιεϊν
550 433 594 461 καὶ
628 433 736 472 γράφειν
764 431 873 471 διαγορει

1037 429 1072 466 is,
1103 439 1177 469 quos
1204 429 1255 460 ille
1270 434 1431 470 computat,
1456 432 1519 459 tum
1537 438 1573 460 ex
1600 428 1800 460 Romanorum

109 491 164 511 τος,
196 475 224 509 Ὀ
250 482 312 518 γοῦν
335 478 409 510 εἰδὼς
430 481 513 506 ταῦτα
539 477 626 509 καθὼς
655 477 763 517 ἔχωσιν
810 476 934 509 ἀληθείας

107 523 305 563 ἆναλογίσαιτο,
335 523 393 554 πῶς
422 521 484 550 ποτ’
512 521 543 549 ἂν
571 522 680 561 φήσειεν
714 519 879 560 ὁρθοποδιτν,
904 523 935 548 τὸ

107 569 210 610 σχίσμα
241 567 300 596 κατ’
336 567 418 601 αὑτὴν
452 566 502 599 τὴν
533 569 587 594 τῶν
608 565 771 605 πραγμάτων
792 567 842 598 τῆς
864 564 936 598 ἀλη-

106 608 176 645 θείας
203 612 362 651 συντήρησιν
380 619 387 627 ⁸
410 611 467 643 πῶς
490 610 521 638 ἂν
549 609 630 646 ὅλως,
647 608 706 638 ἔνθα
721 609 833 642 τοιαύτη
848 620 889 640 τις
917 609 934 643 ἡ

105 657 136 686 ἐκ
165 659 312 696 μαρτυριῶν
333 655 491 691 ἀξιοπιστία,
524 654 584 683 ἔνθα
613 654 662 688 τῆς
690 657 743 682 τῶν
767 653 849 692 ἁγίων
878 652 934 681 διτ-

105 705 159 730 τῶν
184 702 372 739 οὶκουμενικῶν
414 699 495 733 ἕκτης
528 709 556 727 τε
585 699 629 727 καὶ
671 697 786 736 ἑϐδόμης
814 697 932 737 ὶγεγόνει

107 745 283 777 συνελεύσεως
318 746 335 779 ἡ
378 744 564 783 συγκρότησις,
608 742 650 771 διὰ
684 743 773 781 μέσων
805 742 930 770 ἐνιαυτῶν

104 793 152 819 τοῦ
178 790 226 824 τὴν
268 789 421 829 προσθήκην
458 788 503 816 καὶ
540 787 682 827 γράφεσθαι
720 791 859 826 πανταχοῦ
886 786 931 815 καὶ

106 835 277 874 κηρύττεσθαι
306 834 373 862 κατὰ
412 833 459 862 τὰς
488 835 541 861 τῶν
583 831 729 871 εἰρημένων
759 831 931 870 περιωνύμων

106 879 261 915 πιστώσεις,
290 881 336 906 τοῦ
358 878 407 915 μὲν
432 877 476 905 ἰπὶ
497 876 626 916 ὁμολογίᾳ
641 876 688 904 καὶ
699 876 781 914 λοιπῇ
795 875 932 916 ἁγιότητι,

107 923 154 951 τοῦ
181 922 209 950 δὲ
234 923 277 950 ἐπὶ
303 923 486 961 πατριαρχικῇ
515 922 558 949 καὶ
584 919 698 959 φιλοθὲῳ
719 919 908 958 μεγαλειοτητι
926 928 933 935 '

106 968 151 996 καὶ
185 967 272 998 καθώς
302 965 483 1005 εντελέστερον
521 965 589 993 κατὰ
616 976 645 993 τε
673 965 723 998 τὴν
758 964 935 1003 ἀπαρίθμησιν

106 1015 159 1041 τῶν
184 1012 261 1048 ἐτῶν,
284 1011 328 1039 καὶ
349 1009 445 1044 λοιπὴν
474 1009 586 1049 ἔκθεσιν,
610 1010 633 1036 οἱ
660 1011 711 1042 τῆς
738 1008 869 1047 ἡμετέρας
891 1009 934 1047 βί-

104 1055 168 1085 ϐλου
196 1055 271 1094 λόγοι
293 1053 493 1094 παρατιθέασιν.
526 1052 568 1086 Ἐξ
597 1054 635 1080 ὧν
657 1052 707 1092 ἄρα
721 1053 766 1080 καὶ
783 1053 867 1092 χωρὶς
882 1056 936 1080 τῶν

109 1099 305 1138 διειλημμένων
338 1098 468 1139 ἀκραιφνῆ
507 1098 589 1138 σχοίη
627 1097 658 1125 ἂν
697 1098 710 1125 ὁ
740 1095 935 1135 βεϐουλημένος

107 1145 266 1185 φανέρωσιν,
283 1144 319 1175 ὡς
335 1144 365 1171 οὒ
378 1141 420 1172 διὰ
435 1142 514 1182 λόγον
545 1141 690 1181 δόγματος,
720 1141 738 1175 ἢ
767 1142 932 1185 προσρῇκης,

104 1191 122 1222 ἡ
152 1189 201 1222 τῆς
229 1187 392 1217 διαστάσεως
428 1186 621 1225 περεισιφθάρη
652 1185 795 1223 σκαιότης,
817 1184 876 1212 ἀλλ’
905 1185 936 1213 ἐκ

106 1233 267 1270 σωματικῶν
294 1231 325 1258 τὸ
343 1231 450 1268 σύμπαν
471 1230 561 1257 αἰτιῶν
595 1230 640 1257 καὶ
661 1227 856 1266 συμπτώσεων,
886 1231 934 1263 τῆς

106 1277 154 1313 μὲν
181 1275 308 1316 προτέρας
330 1274 360 1303 ἐκ
379 1274 428 1308 τῆς
456 1277 501 1302 τοῦ
523 1274 627 1302 Φωτίου
650 1272 794 1313 φιλαρχίας
816 1274 861 1301 καὶ
882 1276 934 1301 τῶν

105 1320 221 1350 ἐντεῦθεν
262 1318 549 1358 παρηκολουθηκότων,
592 1318 642 1350 τῆς
677 1316 705 1344 δὲ
743 1315 864 1356 δευτέρας
892 1317 935 1345 καὶ

107 1363 324 1404 ἑπικρατησάσης
353 1363 384 1391 ’ἐκ
398 1373 427 1391 τε
449 1365 502 1390 τῶν
515 1362 584 1390 κατᾶ
599 1362 648 1395 τὴν
669 1361 790 1390 Σικελίαν
819 1360 934 1399 ἐπισυμ-

104 1408 257 1443 ϐεϐηκότων
291 1411 330 1445 τῷ
359 1411 502 1446 στρατηγῷ
544 1407 666 1444 Μανιάκῃ
705 1405 872 1445 διεγερτικῶν
899 1407 935 1438 εἷς

976 473 1146 504 continuata
1157 473 1424 511 consuetudine,ea
1436 474 1550 504 ratione
1561 473 1712 504 scribendi
1722 482 1802 513 prte-

976 517 1168 559 dicandique,
1186 522 1247 549 tum
1268 518 1367 556 etiam,
1385 517 1463 558 quod
1479 518 1544 548 ﬁeri
1560 521 1699 559 nequeat,
1726 522 1758 548 ut
1773 521 1802 549 et

976 562 1114 594 adductis
1127 563 1270 603 exemplis
1278 562 1458 599 constabilit,
1470 562 1643 593 eorumdem
1655 562 1802 594 sententia

978 607 1173 648 immutetur;
1190 607 1242 638 sed
1259 611 1289 638 et
1313 607 1510 638 assertionem
1526 607 1654 638 celebris
1668 607 1800 645 Maximi,

976 660 1027 682 eos
1043 661 1096 692 pro
1111 661 1165 683 suo
1179 661 1262 683 more
1277 652 1440 683 inveterato
1453 651 1493 682 ita
1503 652 1600 683 facere
1611 652 1802 693 scribereque

975 696 1132 729 tradentis.
1143 696 1276 736 Quiergo
1288 698 1343 727 ista
1353 696 1481 727 similem
1493 696 1706 728 ﬁrmitudinem
1717 700 1803 729 nacta

974 740 1152 778 considerat,
1179 750 1307 781 quanam
1323 750 1453 781 unquam
1480 740 1596 772 ratione
1609 742 1801 780 asseverabit,

972 783 1130 818 dissidium
1143 790 1224 816 recte
1239 785 1420 819 incedere.si
1431 785 1468 816 ad
1483 795 1545 826 res,
1559 785 1603 817 uti
1617 791 1707 826 gestae
1721 790 1800 825 sunt,

973 829 1145 860 conferatur
1160 830 1175 860 ‘2
1190 830 1253 866 Quo
1268 831 1338 861 item
1354 830 1455 868 modo,
1472 830 1522 861 ubi
1538 831 1607 862 talis
1621 840 1655 862 ac
1666 835 1746 863 tanta
1761 835 1803 863 te-

975 873 1064 903 stium
1075 873 1247 914 incorrupta
1259 874 1334 905 ﬁdes
1348 874 1517 911 intercedit,
1530 880 1562 905 ut
1578 879 1622 906 est
1632 880 1801 906 sanctarum

977 917 1100 948 duarum
1117 918 1366 949 mcumenicarum
1382 919 1561 959 synodorum
1578 929 1636 950 una
1645 929 1803 960 congrega-

977 966 1073 993 tarum
1091 962 1286 1003 conspiratio,
1314 971 1443 1001 quarum
1458 963 1545 993 annis
1557 963 1804 1003 interjacentibus

977 1005 1090 1036 additio
1102 1010 1130 1036 et
1141 1006 1328 1037 scribebatur
1340 1006 1413 1038 locis
1423 1007 1454 1038 in
1466 1007 1604 1038 omnibus
1617 1011 1648 1039 et
1657 1008 1802 1048 praedica-

977 1049 1075 1091 batur,
1091 1051 1180 1082 sicuti
1197 1051 1260 1091 jam
1275 1051 1464 1082 laudatorum
1482 1052 1650 1083 testimonia
1663 1052 1800 1093 probant,

977 1095 1057 1125 illius
1072 1095 1194 1135 quidem
1217 1100 1245 1126 et
1260 1096 1450 1128 confessione
1465 1101 1494 1128 et
1520 1096 1636 1137 reliqua
1650 1098 1803 1129 sanctitate

977 1139 1209 1179 praeclarissimi,
1222 1140 1311 1180 hujus
1325 1140 1521 1181 patriarchica
1529 1141 1672 1182 dignitate
1685 1145 1715 1173 et
1728 1142 1804 1173 reli-

976 1183 1058 1222 giosa
1067 1184 1474 1222 magnitudineillustrissimi
1485 1195 1492 1215 :
1502 1190 1530 1216 et
1538 1186 1623 1217 annis
1633 1185 1801 1227 recensitis,

978 1232 1006 1258 et
1021 1227 1088 1257 aliis
1103 1227 1246 1268 expositis
1262 1228 1356 1259 nostri
1371 1230 1579 1260 commentarii
1593 1230 1672 1261 dicta
1686 1230 1803 1262 absolu-

979 1271 1036 1302 tius
1047 1271 1196 1311 digerunt,
1210 1276 1317 1311 prwter
1328 1273 1390 1312 jam
1401 1273 1491 1312 dicta,
1508 1278 1610 1314 aperte
1622 1275 1802 1315 cuicunque,

978 1315 1004 1346 si
1011 1315 1205 1353 libuerit,non
1214 1316 1339 1357 patebit,
1346 1326 1406 1347 non
1413 1318 1528 1349 ratione
1535 1318 1746 1357 dogmatis,aut
1754 1319 1805 1350 ad-

977 1360 1109 1396 ditionis.
1117 1362 1316 1400 separationis
1326 1361 1491 1394 fatuitatem
1498 1363 1693 1394 introductam
1701 1363 1802 1401 fuisse,

976 1404 1029 1436 sed
1041 1414 1075 1436 ex
1091 1404 1281 1436 saecularibus
1293 1414 1384 1446 prope
1399 1406 1496 1438 causis
1506 1410 1536 1438 et
1547 1406 1714 1447 eventibus,
1726 1407 1804 1448 prio-

104 1453 279 1489 ἀποστασίαν,
302 1451 333 1480 ἔκ
347 1462 377 1480 τε
393 1453 459 1491 τῶν,
483 1452 520 1480 ὧν
544 1451 570 1484 ἐξ
596 1451 687 1487 ἑτέρου
707 1450 803 1488 μέρους
825 1451 838 1479 ὁ
861 1451 869 1462 '

1036 1448 1154 1490 quidem
1178 1459 1214 1480 ex
1243 1449 1406 1482 ambitione
1429 1451 1539 1490 Photii,
1558 1451 1639 1482 etiis
1654 1461 1719 1492 quae
1733 1451 1802 1483 inde

108 1497 154 1529 λδς
185 1497 313 1537 Ἀργυρὸς
334 1494 428 1527 δολίως
456 1496 501 1523 καὶ
516 1495 660 1535 περιέργως
676 1494 874 1534 ἐδραματούργη

1035 1497 1135 1524 secuta
1149 1497 1218 1524 sunt
1230 1502 1238 1531 ;
1255 1494 1406 1536 secundae,
1419 1498 1449 1525 et
1459 1505 1524 1536 quae
1535 1496 1597 1536 jam
1608 1496 1667 1526 vim
1678 1495 1801 1538 obtinet,

107 1546 169 1573 tum
186 1541 235 1581 iis,
251 1549 316 1581 quae
331 1539 362 1570 in
377 1538 474 1570 insnla
497 1538 606 1570 Siciliae
622 1539 785 1578 contigere,
802 1538 926 1570 ductore
940 1539 1123 1570 exercituum
1139 1537 1283 1576 Maniace,
1299 1538 1330 1569 in
1344 1538 1542 1571 rebellionem
1558 1540 1723 1581 incitantia,
1741 1537 1803 1572 tum

104 1586 154 1624 iis,
182 1593 248 1625 quae
263 1593 299 1615 ex
323 1583 381 1615 alia
396 1587 479 1624 parte
505 1583 635 1624 Argyrus
659 1582 749 1614 Italus
763 1582 968 1614 fraudulenter
996 1582 1158 1615 admodum
1174 1587 1264 1623 atque
1288 1582 1447 1616 ambitiose
1463 1593 1499 1616 ex
1513 1585 1632 1625 ingenio
1645 1594 1802 1617 commen-

104 1634 151 1662 tus
167 1631 236 1662 est?

560 1806 997 1855 FRAGMENTUM
1042 1807 1343 1855 ALTERUM

780 1905 832 1938 EX
854 1904 980 1938 EODEM
1000 1905 1128 1939 LIBRO.

565 1990 666 2032 (Apud
680 1990 823 2023 Allatium
841 1990 955 2022 Contra
971 1991 1200 2032 Hom'ngerum,
1219 2000 1249 2031 p.
1266 1991 1350 2032 511.)

142 2158 194 2186 Τὸν
224 2157 301 2185 αὐτὸν
337 2156 434 2195 τρόπον
467 2155 598 2183 κάνταῦθα
626 2154 685 2183 ἔνθα
720 2155 749 2183 τὸ
778 2165 908 2194 πραγματι

1034 2154 1076 2184 [oc
1090 2154 1196 2185 eodem
1211 2164 1330 2195 quoque
1346 2154 1434 2187 modo
1448 2165 1517 2186 cum
1538 2155 1598 2187 illis
1612 2156 1800 2189 considerate

100 2204 155 2234 κῶς
185 2200 340 2240 ἀποφαίνειν
361 2201 453 2231 αὐτοῖς
479 2200 510 2228 τὸ
542 2200 593 2232 τῆς
623 2198 785 2230 διαστάσεως
806 2209 866 2237 κρατ

1037 2199 1090 2229 idii
1101 2199 1270 2230 ﬁrmitatem
1281 2199 1487 2231 demonstrare
1496 2200 1630 2241 nitimur,
1642 2202 1800 2234 temeraria

101 2244 277 2285 ἆντιῤῥητικὴ
305 2245 336 2272 τὸ
357 2244 464 2282 σύμπαν
484 2244 663 2284 θρασυστομία
691 2244 757 2283 πρὸς
778 2243 839 2274 τοὺς
868 2244 930 2271 θεο-

100 2290 233 2330 φάντορας
255 2288 435 2328 incubent,
458 2287 485 2316 εἴ
506 2299 536 2327 γε
565 2292 682 2321 τοιοῦτος
699 2289 712 2316 ὁ
727 2288 760 2316 τὰ
773 2289 832 2316 θεῖα
848 2286 929 2320 πολὺς

101 2334 222 2372 Μάξιμος
251 2335 297 2361 καὶ
318 2333 478 2373 φερωνύμως
504 2334 550 2361 τὸν
577 2332 658 2368 ζῆλον
683 2333 728 2361 καὶ
754 2333 804 2366 τὴν
826 2331 928 2370 ὁμολο-

97 2379 159 2418 γίαν
189 2380 203 2407 ὁ
225 2377 362 2417 μέγιστος,
388 2377 418 2410 ὃς
439 2377 549 2407 συνόδου
569 2379 618 2411 τῆς
645 2377 725 2411 ἕκτης
753 2377 804 2416 πρὸ
825 2379 930 2416 χρόνων

96 2425 196 2452 ἱκανῶν
225 2421 347 2460 ἀκμάσας
385 2422 430 2450 καὶ
457 2423 502 2450 τὸν
524 2422 588 2462 ὑπὲρ
620 2421 751 2454 εὐσεϐείας
780 2421 930 2455 ἀθλητικῶς

98 2467 205 2497 δίαυλον
238 2466 375 2502 διανύσας,
402 2467 417 2494 ὃ
442 2478 522 2507 φασιν
560 2468 644 2505 οὗτοι,
673 2467 741 2505 μετᾶ
776 2465 931 2506 παρέλευσιν

96 2512 211 2540 ἀπασῶν
253 2511 444 2548 οἱκουμενικῶν
487 2509 602 2540 συνόδων
636 2511 698 2544 τοὺς
738 2513 788 2544 τῆς
824 2511 930 2549 Ῥώμης

98 2555 241 2594 κηρύττειν
275 2555 434 2594 παρίστησιν
470 2555 588 2595 ἐναργῶς
615 2557 642 2584 ἓν
670 2554 818 2587 συνοδικοϊς
846 2555 931 2594 γράμ-

98 2611 167 2638 μασι
195 2605 254 2630 τοτς
286 2602 332 2627 τοῦ
359 2599 457 2628 πάππα
484 2603 630 2633 ⁴τηνικαῦτα
651 2600 719 2628 κατὰ
746 2598 814 2632 λέξιν
835 2600 931 2638 ἀναγο-

99 2645 187 2684 ρεύειν
200 2644 236 2675 ὡς
270 2643 341 2671 ἔστιν
370 2643 463 2676 αὺτοῖς
495 2644 611 2684 σήμερον
649 2644 856 2683 κηρυττόμενον,
887 2642 931 2672 καὶ

99 2689 136 2716 τὰ
161 2688 210 2722 τῆς
238 2688 414 2727 ὒπερηγορίας
443 2687 580 2717 ἐπιπλέκει
602 2689 715 2729 τρανῶς⁷
739 2689 769 2717 οὗ
796 2689 839 2717 καὶ
861 2689 928 2726 μετὰ

102 2733 153 2766 τὴν
182 2733 344 2772 μαρτυρικὴν
372 2731 530 2770 ἂποὸίωσιν,
557 2733 623 2773 ὑπὲρ
653 2733 684 2762 οὗ
710 2734 836 2773 γενναίως
850 2734 927 2765 οὗτος

103 2777 253 2815 ἠγωνίσατο
281 2776 415 2816 δόγματος
444 2777 488 2805 καί
515 2778 546 2807 τὸ
561 2777 639 2817 ῥηθὲν
653 2779 822 2817 παγκόσμιον
850 2777 926 2807 ’ἐκτον

972 2243 1149 2284 loquacitate
1156 2252 1224 2275 sese
1230 2248 1416 2285 opponentes
1424 2244 1532 2276 divinis
1543 2245 1653 2277 nostris
1662 2246 1800 2279 Patribus

970 2288 1163 2319 insolescunt.
1180 2288 1426 2329 Quandoquidem
1450 2289 1541 2321 rebus
1556 2289 1666 2321 divinis
1682 2295 1798 2331 pertra-

970 2333 1085 2364 ctandis
1099 2333 1287 2373 praecelebris
1307 2333 1453 2365 Maximus
1482 2343 1535 2365 suo
1552 2334 1674 2366 nomine
1689 2335 1798 2374 dignus

972 2381 1110 2418 tanquam
1127 2378 1176 2418 qui
1188 2383 1217 2410 et
1231 2378 1294 2409 zelo
1315 2378 1468 2410 catholicae
1483 2378 1554 2409 ﬁdei
1569 2382 1598 2410 et
1609 2379 1799 2413 confessione

972 2422 1117 2453 maximus
1129 2422 1249 2460 exstitit,
1275 2423 1300 2454 is
1314 2427 1382 2454 ante
1398 2426 1512 2454 sextam
1528 2424 1672 2463 synodum
1689 2424 1798 2456 multos

971 2470 1223 2498 annoszetateacta
1232 2471 1261 2498 et
1271 2466 1387 2507 pietatis
1396 2467 1494 2497 studio
1505 2468 1651 2499 athleticae
1661 2478 1796 2510 emenso,

972 2510 1051 2550 quod
1068 2510 1126 2551 ipsi
1140 2510 1234 2551 aiunt,
1251 2515 1317 2551 post
1335 2520 1440 2542 omnes
1455 2511 1656 2543 mcumenicas
1670 2513 1798 2553 synodos

972 2559 1107 2596 peractas
1118 2555 1268 2587 Romanos
1283 2555 1446 2597 praedicare
1457 2556 1554 2597 palam
1571 2557 1756 2590 demonstrat
1768 2559 1799 2590 in

971 2599 1121 2640 synodicis
1129 2600 1236 2632 litteris
1245 2609 1328 2641 papae
1337 2600 1389 2640 qui
1406 2604 1466 2631 tum
1482 2606 1606 2642 praeerat
1613 2601 1703 2633 verbo
1713 2607 1799 2635 tenus

971 2645 1122 2689 enuntiari
1136 2649 1168 2676 ut
1181 2645 1271 2676 hodie
1287 2654 1405 2685 quoque
1434 2646 1613 2686 praedicatur
1634 2656 1798 2689 eorumque

971 2688 1060 2729 plane
1066 2689 1272 2720 defensionem
1278 2690 1410 2722 adnectit
1417 2692 1572 2731 postcujus
1578 2697 1711 2723 exactam
1722 2688 1798 2724 mar-

969 2733 1043 2772 tyrio
1060 2733 1161 2770 vitam,
1185 2742 1237 2774 pro
1253 2743 1311 2774 quo
1327 2733 1395 2774 ipse
1407 2735 1545 2774 dogmate
1560 2736 1722 2768 decertavit
1732 2737 1795 2776 jam

968 2778 1047 2809 dicta
1062 2777 1239 2810 universalis
1261 2779 1391 2820 synodus
1406 2780 1556 2812 celebrata
1569 2786 1615 2811 est
1628 2784 1690 2811 tum
1706 2780 1794 2812 dein-

103 2821 280 2860 συνεκρστήθη
330 2820 475 2862 συνέδριον,
515 2823 560 2851 καὶ
593 2822 700 2863 προσέτι
744 2823 775 2852 τὸ
817 2822 869 2851 ἕὸδι

1027 2832 1038 2854 s
1050 2822 1178 2864 septima
1188 2832 1241 2864 pro
1251 2824 1489 2855 venerandarum
1500 2825 1660 2865 imaginum
1672 2825 1793 2856 restitu-

210 2902 339 2937 ΡΑτιιοι..
361 2906 420 2937 Gn.
442 2905 545 2939 CXLI.

1510 2909 1550 2941 45
