1941 3082
138 155 217 188 1419

777 159 934 191 GEORGII
956 160 1189 193 METOCHIT/E

1757 163 1832 196 1420

138 223 219 254 tione
231 227 260 254 et
269 228 386 264 tempus
402 233 460 264 quo
472 223 677 256 divinissimus
688 224 830 256 Maximus
844 225 875 256 in
891 225 958 256 vivis

1040 225 1099 260 εξῆς
1120 227 1185 267 ὑπέρ
1211 230 1261 261 τῆς
1290 231 1343 256 τῶν
1369 231 1474 256 σιπτῶν
1495 228 1604 256 εἰκόνων
1620 228 1834 264 ἂναστηλώσεως

136 273 200 299 erat
214 267 251 298 ad
266 268 514 300 irreconciliabile
529 269 585 300 hoc
600 269 731 300 schisma
743 279 836 310 usque
851 270 962 302 decur-

134 321 205 343 rens
221 315 334 343 tantum
349 321 410 344 non
437 313 700 353 quadragintorum
716 313 843 355 spatium
865 315 964 356 eXplet

132 356 179 388 vel
195 356 270 388 nihil
285 356 321 387 ab
337 366 372 388 eo
394 357 592 389 imminuitur.

1005 273 1048 300 καὶ
1071 272 1168 312 χρόνος
1197 273 1212 300 ὁ
1240 273 1342 301 ἐκεῖθεν
1358 272 1384 301 ἐν
1406 275 1429 310 ᾧ
1450 275 1546 312 περιῆν
1570 275 1610 311 τῷ
1637 274 1686 312 βίῳ
1717 274 1836 313 Μάξιμος

1004 317 1017 344 ὃ
1052 317 1198 354 θειότατος,
1230 316 1280 348 ἕως
1321 321 1367 346 τοῦ
1403 317 1586 349 ἀδιαλλάκτως
1608 317 1831 358 ἐπεισφρήσαντος

1002 361 1151 400 σχίσματος
1174 362 1210 394 εἷς
1239 362 1414 401 τετρακοσίων
1436 361 1504 390 ἐτῶν
1524 361 1645 402 περίοδον
1680 363 1725 391 ἐπ’
1749 363 1828 403 ὀλίγον

997 405 1180 442 ἐλλείπουσαν,
1203 406 1221 441 ἣ
1237 405 1309 436 οὐδὲν
1324 406 1502 445 περιίσταται.

130 490 1253 507 W:

632 574 894 622 GEORGII
937 575 1324 624 METOCHITIE

570 677 620 710 DE
647 676 789 710 UNIONE
814 677 1082 711 ECCLESIARUM
1108 678 1383 713 FRAGMENTUM.

618 757 716 798 (Apud
733 758 875 790 Allatium
892 760 1009 792 Contra
1023 759 1192 801 Hottinger,
1208 770 1238 800 p.
1255 759 1342 800 429.)

171 928 208 960 Et
222 928 346 960 Photius
360 938 427 960 cum
441 929 576 961 obtinere
587 931 748 963 admodum
758 933 884 964 licenter
898 942 958 964 non

131 973 356 1013 permitteretur
367 983 402 1005 ea
417 982 484 1014 quae
497 974 646 1006 ambiebat
659 986 711 1016 pro
728 977 823 1015 libito,
836 977 958 1017 indigne

131 1018 200 1058 fert,
219 1022 248 1049 et
263 1018 608 1050 eil‘ervescitiracundia:
625 1020 820 1053 nihilominus
835 1023 957 1053 iracun-

130 1062 209 1093 diam
225 1062 370 1099 moderat,
385 1063 442 1094 alia
457 1063 503 1094 via
517 1063 581 1094 suis
592 1065 750 1105 providere
763 1065 853 1097 rebus
864 1076 957 1098 exco-

131 1107 270 1147 gitans,et
285 1107 401 1138 meliori
413 1116 466 1147 spe
477 1107 674 1146 sublatus,aut
685 1109 837 1142 Nicolaum
847 1121 956 1151 praesu-

131 1151 358 1195 lemRomauum
368 1151 439 1182 adid
450 1152 528 1192 quod
536 1153 652 1192 optabat
661 1163 814 1185 assensum
825 1155 956 1195 prwbere

131 1193 313 1226 illectatione
321 1204 492 1226 sermonum
503 1195 716 1234 inducere,aut
726 1201 750 1229 si
766 1198 795 1229 id
808 1193 867 1230 non
879 1200 956 1230 obti-

1040 934 1090 962 Καὶ
1117 934 1132 961 ὃ
1158 933 1261 964 Φώτιος
1283 932 1391 972 ἐπείπερ
1416 931 1557 960 ἀπολαύειν
1589 933 1619 961 οὗ
1646 940 1834 972 συνεχωρεῖτο

998 981 1051 1006 τῶν
1073 979 1110 1007 ὧν
1124 977 1176 1017 ἤρα
1204 977 1272 1006 κατὰ
1293 977 1396 1010 πολλὴν
1424 976 1523 1014 ἄδειαν,
1547 977 1584 1009 ὡς
1611 975 1744 1014 ἐϐούλετο,
1769 976 1834 1005 δυσ-

998 1029 1146 1062 ανασχετεῖ
1159 1023 1223 1061 πρὸς
1239 1025 1333 1058 ταῠῖα,
1355 1022 1398 1049 καὶ
1412 1020 1570 1061 χαλεπαίνει
1585 1019 1701 1060 σφοδρῶς
1719 1028 1727 1035 ·
1756 1020 1833 1055 πλὴν

998 1065 1035 1094 ἔτι
1064 1068 1110 1095 τὸν
1137 1067 1218 1104 θυμὸν
1242 1065 1375 1100 ἐκπλῆσαι
1402 1065 1514 1105 κατέχει
1542 1066 1571 1093 εὖ
1591 1065 1679 1093 θέσθαι
1705 1066 1741 1093 τὰ
1769 1066 1834 1094 κατ’

997 1112 1074 1140 αὖτὸν
1102 1110 1199 1151 ἑτέρως
1227 1109 1411 1148 διανοούμενος
1453 1111 1499 1138 καὶ
1524 1116 1585 1141 ταῖς
1613 1110 1745 1149 κρείττοσι
1774 1112 1828 1138 τῶν

997 1155 1109 1184 ἐλπίδων
1150 1155 1340 1195 πηρούμενος,
1370 1155 1389 1192 ᾗ
1423 1155 1477 1192 μὴν
1498 1153 1627 1183 Νικόλαον
1656 1154 1755 1182 πείσειν
1778 1154 1824 1181 τὸν

998 1198 1105 1237 Ῥώμης
1131 1199 1263 1240 ἀρχιερέα
1291 1199 1425 1227 συνθέσθαι
1453 1199 1476 1227 οἱ
1503 1199 1568 1231 πρὸς
1591 1198 1623 1226 τὸ
1651 1199 1825 1236 ποθούμενον

131 1238 242 1276 nuerit,
255 1239 420 1270 secundum
427 1239 584 1277 intentare,
593 1245 726 1282 apertam
735 1243 848 1274 scilicet
857 1245 956 1275 amba-

1048 1243 1076 1272 δὲ
1103 1245 1143 1282 μὴ
1170 1238 1267 1272 τούτου
1301 1243 1393 1284 ὀφθείη
1428 1243 1570 1282 ἐτιςιτῡχηὴς³
1602 1242 1633 1270 τὸ
1651 1253 1681 1280 γε
1709 1241 1830 1281 δεύτερον

131 1292 198 1314 rum
215 1283 365 1314 nationum
379 1285 609 1324 separationem.
627 1286 696 1322 Quae
711 1297 779 1318 cum
795 1292 895 1320 mente
904 1289 956 1320 ob-

1078 1288 1201 1329 λαμπρὰν
1243 1283 1375 1327 ἑκατέρων
1410 1288 1490 1316 ἐθνῶν
1529 1287 1654 1327 χωρ-ἧσαι
1687 1285 1828 1322 διάζευξιν.

130 1327 279 1365 volvisset,
291 1328 327 1358 ad
344 1328 474 1368 primum
490 1339 606 1360 summo
624 1331 688 1362 nisu
704 1331 874 1373 cogebatur,
886 1333 957 1365 licet

131 1371 161 1402 id
173 1372 259 1403 facile
275 1372 305 1403 in
320 1374 430 1404 exitum
445 1373 553 1404 deduci
579 1384 638 1405 non
653 1376 815 1408 videretur.
832 1371 882 1409 Sic
905 1377 956 1409 ille

131 1416 208 1462 datis
223 1417 331 1448 litteris
345 1417 431 1449 valde
446 1417 482 1448 ad
500 1420 738 1458 persuadendum
754 1421 894 1462 appositis
902 1432 954 1454 va-

130 1461 243 1501 riisque
255 1462 350 1493 modis
365 1463 401 1493 ad
413 1463 590 1494 movendum
600 1464 731 1496 animum
747 1471 836 1506 atque
845 1466 955 1507 impel-

129 1505 251 1537 lendum
277 1506 442 1545 instructis,
472 1507 578 1547 partim
594 1513 742 1542 structura
756 1505 796 1541 ac,
816 1505 955 1542 metliodo

131 1550 360 1582 multiformium
374 1556 629 1591 argumentorum,
648 1555 753 1593 partim
768 1555 877 1592 missis,
890 1565 956 1596 quae

129 1595 201 1626 inde
212 1595 422 1627 exoriebantur
431 1598 577 1637 suspectis
590 1602 619 1629 et
628 1599 785 1630 dissidium
795 1595 956 1632 minitanti-

128 1638 196 1677 bus,
214 1639 326 1685 quibus
340 1640 366 1671 si
381 1650 440 1671 non
453 1642 659 1680 persuasisset,
674 1643 776 1674 saltem
785 1645 957 1685 apostolicae

128 1683 209 1714 sedis
221 1684 378 1724 praesidem
392 1684 448 1715 sibi
462 1685 632 1724 conciliare,
643 1691 673 1718 et
686 1687 722 1718 ad
734 1683 885 1728 proposita
899 1693 955 1720 tra-

128 1727 201 1758 here
213 1728 386 1774 conabatur.
396 1729 432 1760 At
443 1729 494 1760 ille
504 1730 599 1761 leonis
607 1731 701 1763 instar
715 1727 955 1774 adversnsﬂusti-

128 1772 199 1803 tiam
221 1772 374 1811 frendens,
393 1774 474 1804 nullo
490 1774 547 1805 sibi
577 1784 645 1805 eum
662 1776 750 1808 modo
768 1772 956 1810 tolerandum

128 1817 318 1858 adjudicabat
331 1828 339 1856 ;
356 1818 488 1859 quinimo
501 1824 530 1850 et
543 1821 728 1859 gravioribus
739 1823 821 1854 illum
831 1824 956 1855 vinculis

127 1862 352 1902 astringendum
381 1872 447 1894 esse
477 1864 669 1896 decernebat.
691 1867 729 1898 Et
757 1877 817 1898 non
832 1869 880 1899 hic
898 1869 956 1900 hoc

127 1906 237 1945 modo;
252 1906 401 1938 Adrianus
416 1917 497 1946 vero,
515 1909 593 1940 illius
609 1919 774 1950 successor,
792 1911 891 1944 Photii
905 1923 954 1944 res

128 1955 226 1988 gestas
241 1951 425 1997 approbabat
441 1953 487 1983 vel
517 1953 618 1984 mitior
632 1955 726 1986 factus
742 1960 792 1987 aut
814 1957 954 1997 placatior

127 1996 280 2042 intentatis
291 2005 308 2027 a
323 1995 427 2042 Pbotio
438 2006 595 2029 assensum
606 1995 825 2039 quodammodo
842 2002 953 2042 praebe-

127 2040 187 2072 bat.
205 2039 263 2071 Sed
273 2041 367 2086 magis
382 2050 417 2086 ac
429 2041 522 2081 magis
536 2051 570 2074 ac
580 2044 786 2075 vehementius
797 2039 952 2086 exaspera-

126 2089 174 2116 tus
181 2085 364 2116 arctioribus
372 2085 498 2117 vinculis
506 2096 576 2118 eum
585 2085 952 2129 colligat,quibusPhiotius

126 2138 161 2160 ex
170 2129 207 2159 iis
218 2138 283 2170 quae
295 2129 352 2160 sibi
362 2129 553 2162 fortunatiore
564 2132 659 2172 primo
671 2134 796 2165 consilio
807 2144 950 2175 sperave—

124 2177 171 2205 rat
199 2173 355 2215 decidens,
382 2174 536 2206 iracundia
556 2175 659 2216 iraque
688 2173 886 2210 exardescens
913 2180 950 2211 ad

125 2218 290 2250 secundum
303 2218 435 2250 animum
451 2229 572 2259 prorsus
583 2220 721 2261 applicat,
735 2226 813 2254 totus
828 2223 866 2254 ad
883 2233 952 2256 con-

124 2263 289 2294 tentionem
304 2264 497 2302 convertitur,
520 2269 549 2295 et
573 2264 685 2296 bellum
702 2266 952 2300 irreconciliabile

125 2307 253 2345 excitat;
271 2311 300 2339 et
314 2307 469 2339 circularis
479 2308 515 2340 ab
530 2310 635 2340 eodem
649 2310 775 2351 epistola
790 2313 954 2344 concinna-

125 2357 183 2390 tur,
204 2357 233 2383 et
247 2353 353 2393 sagitta
366 2353 447 2383 omni
457 2354 587 2385 velocius
600 2355 709 2386 emissa
724 2360 773 2387 aut
787 2357 953 2388 volantibus

125 2396 228 2427 avibus
245 2398 328 2428 ocior
342 2399 472 2436 avolans,
485 2401 633 2430 terrarum
648 2400 752 2431 orbem
767 2401 950 2441 universum,

126 2445 157 2472 et
169 2441 368 2473 universalem
387 2447 512 2474 martem
528 2444 675 2482 accendit,
693 2445 829 2477 nationes
845 2451 953 2487 poten—

125 2485 255 2516 tissimas
279 2486 434 2518 adversum
451 2497 517 2519 sese
545 2490 744 2522 committens.
762 2485 857 2522 Causa
882 2501 952 2524 vero

125 2533 155 2576 et
183 2529 408 2576 criminationes
448 2542 508 2564 non
536 2533 601 2564 alim
643 2543 731 2574 quam
761 2544 834 2576 quas
869 2536 952 2576 prius

123 2573 247 2620 Pbotius
261 2574 293 2605 in
317 2575 377 2606 illis
392 2582 552 2614 agnoverat
569 2581 598 2608 et
612 2573 676 2619 ipse
703 2573 801 2610 sciens
815 2573 950 2620 amplec-

122 2618 240 2664 tebatur
268 2623 297 2650 et
312 2621 504 2653 concordiam
536 2618 774 2656 indissolubilem
800 2618 950 2664 poscebat.

121 2662 312 2705 Objiciuntur
327 2667 356 2695 et
381 2664 528 2697 dictorum
550 2677 618 2699 vera
636 2662 812 2709 sinceraque
839 2668 909 2700 tuba
924 2675 954 2702 et

123 2709 210 2756 plane
221 2718 329 2756 sonora
344 2709 401 2756 alia
410 2709 503 2750 ipsius
518 2713 645 2752 epistola
658 2722 747 2753 quam
758 2713 822 2754 ipse
833 2715 953 2756 scripsit

122 2754 159 2785 ad
175 2753 329 2800 Nicolaum
345 2753 443 2800 adhuc
459 2765 512 2795 spe
527 2757 753 2797 approbationis
768 2753 905 2800 iactatus;
919 2769 954 2790 ex

122 2809 178 2839 qua
188 2798 360 2840 planissime
373 2799 536 2832 addiscitur
544 2810 561 2832 a
571 2811 749 2843 quocunque
761 2798 952 2835 consuetudi-

999 1329 1044 1365 Ὠς
1074 1333 1118 1361 οὖν
1146 1336 1227 1361 ταῦτα
1255 1333 1365 1371 θέμενος
1392 1332 1461 1360 κατὰ
1489 1335 1547 1359 νοῦν
1582 1332 1648 1370 πρὸς
1669 1332 1700 1359 τὸ
1721 1331 1828 1370 πρώτον

997 1377 1150 1417 ὁλοσχερῶς
1178 1378 1367 1416 κατηπείγετο,
1391 1386 1485 1416 μικρου
1513 1375 1558 1404 καὶ
1581 1374 1717 1407 ἀδυνάτοις
1740 1375 1828 1404 ἐδόκει

998 1410 1158 1461 gmx'slfjm.
1188 1417 1217 1450 '0
1247 1410 1365 1460 μὲν-γὰρ
1382 1410 1498 1460 ῥήμασιν
1519 1418 1729 1457 ἒπιστολιμαίοις
1758 1418 1828 1448 πολὺ

997 1467 1027 1494 τὸ
1044 1456 1197 1506 ’ἐπαγωγὸν
1223 1467 1347 1505 αὒχοῦσι,
1379 1463 1553 1504 πολυτρόπως
1587 1462 1678 1502 ἔχουσι
1703 1465 1735 1491 τὸ
1762 1473 1827 1491 πει-

997 1511 1098 1549 θήνιον,
1135 1512 1165 1538 τὸ
1194 1510 1243 1548 μὲν
1271 1511 1422 1547 κατασκευῇ
1459 1509 1506 1536 καὶ
1548 1507 1651 1546 μεθόδῳ
1677 1507 1827 1536 πολυειδῶν

997 1555 1229 1595 ὲπιχειρημάτωλ,
1259 1555 1290 1582 τὸ
1318 1552 1345 1582 δὲ
1366 1554 1410 1581 καὶ
1430 1551 1556 1584 ἀπειλαῖς
1579 1552 1695 1580 ἐντεῦθεν
1724 1553 1829 1591 ὑφορω-

997 1599 1087 1637 μέναις
1121 1599 1165 1627 καὶ
1208 1597 1344 1627 διάστασιν
1384 1596 1599 1634 ὑποτεινομέναις
1646 1598 1683 1627 ὡς
1719 1597 1742 1623 εί
1784 1596 1828 1633 μὴ

996 1644 1114 1672 πείσαιεν
1155 1643 1368 1677 ὑποποιήσασθαι
1402 1642 1449 1670 τὸν
1481 1641 1524 1669 ἐπὶ
1561 1642 1611 1674 τῆς
1643 1640 1827 1674 ἀποστολικῆς

996 1687 1122 1727 καθέδρας
1137 1688 1203 1727 πρὸς
1225 1687 1256 1714 τὸ
1276 1686 1438 1724 ζητούμενον
1465 1684 1599 1716 ἔσπευδεν.
1637 1680 1667 1714 ’0
1695 1684 1722 1712 δὲ
1751 1684 1828 1713 λεόνο

996 1743 1066 1760 τειον
1095 1732 1164 1772 ἐώρα
1192 1732 1261 1760 κατὰ
1287 1731 1336 1764 τῆς
1363 1730 1478 1767 ἀδικίας,
1508 1730 1552 1758 καὶ
1578 1729 1631 1758 οὐδ’
1659 1729 1691 1757 ἂν
1706 1729 1827 1768 ἀνασχέ-

996 1779 1055 1805 σθαι
1080 1777 1179 1810 ταύτης
1207 1774 1384 1810 ὁπωσδήποτε
1420 1774 1591 1814 κατεφαίνετο
1607 1783 1614 1790 ·
1646 1773 1684 1802 ἔτι
1712 1784 1744 1813 γε
1770 1775 1827 1811 μὴν

996 1823 1039 1850 καὶ
1070 1820 1223 1861 βαρυτέραις
1265 1820 1363 1860 ἄγχειν
1411 1822 1504 1847 τοῦτον
1545 1824 1700 1850 κανονικαϊς
1730 1817 1825 1850 πέδαις

996 1865 1142 1906 προῄρητο,
1175 1865 1225 1894 Καὶ
1253 1866 1300 1893 οὒκ
1332 1865 1409 1896 αὗτὸς
1431 1863 1480 1901 μὲν
1507 1861 1602 1895 οὕτως.
1631 1861 1767 1902 Ἀδριανὸς
1797 1861 1825 1890 δὲ

997 1912 1011 1939 ὁ
1039 1911 1132 1939 τούτου
1172 1909 1297 1949 διάδοχος
1325 1907 1473 1936 ὶπευδοκῶν
1508 1906 1637 1934 ἐδείκνυτο
1671 1907 1739 1945 πρὸς
1780 1907 1826 1934 τὸν

995 1958 1098 1983 Φωτιον
1120 1954 1138 1989 ἢ
1169 1953 1313 1991 ἂνειμένως
1341 1953 1413 1993 ἔχων
1428 1952 1446 1986 ἢ
1483 1952 1604 1980 ὁπωσοῦν
1619 1949 1826 1988 μαλθακώτερον

994 1998 1157 2037 διακείμενος
1172 2006 1179 2013 '
1212 1996 1304 2034 πολλῷ
1329 2008 1360 2036 γε
1387 1997 1431 2024 καὶ
1451 1995 1554 2034 μᾶλλον
1582 1994 1752 2034 σφοδρότερον
1781 1993 1825 2022 δι-

994 2043 1132 2083 εγείρεται,
1162 2043 1207 2071 καὶ
1232 2041 1342 2080 δεσμοῖς
1359 2043 1562 2080 σθεναρωτεροις
1582 2038 1735 2077 ἒμπεδῶσαι
1764 2043 1826 2067 τοῦ·

992 2099 1038 2116 τον
1062 2087 1239 2126 διερεθίζεται,
1262 2086 1306 2118 οἷς
1335 2085 1438 2117 Φώτιος
1463 2088 1517 2112 τῶν
1538 2084 1651 2124 πρώτων
1675 2084 1720 2111 καὶ
1734 2094 1825 2122 κρειτ-

992 2134 1075 2161 τόνων
1105 2131 1216 2160 ἐλπίδων
1243 2130 1351 2170 σφαλεὶς
1386 2130 1430 2158 καὶ
1469 2132 1509 2166 τῷ
1549 2131 1624 2166 θυμῷ
1664 2128 1824 2167 ὗπερζέσας,

993 2177 1085 2211 ἐπειδὴ
1112 2178 1143 2206 τὸ
1171 2176 1290 2216 δεύτερον
1316 2174 1499 2212 κατελείπετο,
1539 2173 1609 2205 ὅλως
1637 2174 1738 2212 γὶνεται
1763 2174 1826 2201 τού-

992 2234 1039 2252 του
1065 2223 1109 2251 καί
1136 2222 1202 2260 πρὸς
1237 2220 1375 2260 διαμάχην
1398 2225 1498 2259 χωρεῖ,
1537 2219 1581 2246 καὶ
1607 2218 1674 2258 πρὸς
1703 2217 1825 2254 πόλεμον

993 2267 1140 2306 ἀκήρυκτον
1168 2265 1342 2301 διανίσταται,
1371 2265 1414 2292 γαὶ
1437 2264 1455 2297 ἡ
1484 2262 1623 2302 ἐγκύκλιος
1647 2261 1675 2289 δῖ
1690 2262 1755 2301 παρ’
1780 2262 1825 2290 αὖ.

993 2315 1039 2340 τοῦ
1068 2310 1276 2351 λογογραφεῖται
1305 2307 1432 2342 ἐπιστολὴ
1456 2308 1500 2336 καὶ
1523 2309 1618 2336 θᾶττον
1640 2306 1732 2335 δίο·τοῦ
1753 2318 1824 2335 παν-

993 2357 1038 2387 τὸς
1067 2356 1194 2396 ἀφεθεῖσα
1222 2354 1241 2389 ἢ
1275 2354 1319 2382 καὶ
1345 2352 1516 2393 τεχυπτέρων
1554 2353 1660 2396 ὀρνίθων
1689 2351 1824 2390 ὠκύτερον

994 2395 1128 2429 διαπτᾶγσα
1152 2398 1312 2438 κατατρέχει
1330 2398 1381 2432 τὴν
1409 2396 1565 2435 οἱκουμένην
1594 2395 1703 2436 σχεδὸν,
1719 2398 1764 2425 καὶ
1786 2398 1824 2424 ol-

993 2445 1151 2483 κουμενικὸν
1179 2443 1246 2483 ἅρην
1273 2443 1334 2478 ἰστᾷ
1353 2444 1406 2470 τῶν
1435 2444 1485 2475 τῆς
1514 2441 1671 2478 οἰκουμένης
1698 2441 1746 2469 εἴτε
1775 2453 1824 2481 γε-

994 2491 1045 2519 νῶν
1073 2490 1106 2518 τὰ
1127 2489 1254 2529 κράτιστα
1274 2487 1333 2516 κατ’
1348 2485 1472 2522 ἀλλήλων
1495 2485 1638 2515 ὁπλίσασα.
1656 2488 1706 2529 καὶ
1721 2488 1738 2521 ἡ
1754 2487 1824 2515 αἰτία

993 2537 1036 2564 καὶ
1075 2536 1109 2563 τὰ
1145 2525 1307 2573 ’ἐγκλήματα
1346 2531 1399 2571 οὔχ
1433 2531 1509 2570 ἕτερα
1537 2530 1644 2562 πάντως
1679 2525 1823 2569 Ῥωμαίοις

992 2579 1050 2608 ἀλλ’
1077 2579 1096 2614 ἢ
1120 2578 1187 2617 ἅπερ
1202 2579 1245 2606 καὶ
1265 2576 1358 2616 πρώην
1380 2576 1457 2608 αὺτὺς
1486 2578 1591 2606 Φωτιος
1605 2575 1702 2604 ἒνόντα
1715 2577 1823 2608 τούτοις

994 2624 1063 2664 ᾔδει,
1085 2625 1130 2653 καὶ
1151 2623 1269 2661 ἔστεργε,
1300 2622 1345 2652 καὶ
1372 2622 1404 2650 τὸ
1429 2623 1478 2654 τῆς
1502 2620 1648 2664 συμπνοίας
1657 2619 1826 2664 νὶπρέσὸευαν

993 2663 1177 2709 ἀδιάρρηκτον.
1209 2668 1257 2696 Καὶ
1283 2668 1337 2695 τῶν
1365 2665 1517 2704 λεγομένων
1532 2663 1613 2703 κῆρυξ
1637 2663 1744 2699 αληθὴς
1772 2668 1823 2696 αὖ·

993 2715 1122 2755 τόχρημα
1151 2714 1195 2742 καὶ
1221 2712 1341 2749 διάτορος
1371 2711 1438 2744 αὖτή
1473 2711 1491 2745 ἡ
1532 2709 1609 2749 ἑτέρα
1636 2710 1732 2755 τούτου
1760 2712 1823 2740 ἐπν-

994 2760 1090 2796 στολὴ,
1120 2759 1152 2793 ἤν
1180 2758 1280 2798 φθάσας
1296 2755 1454 2796 ἐγχαράττει
1469 2755 1536 2794 πρὸς
1549 2754 1596 2782 τὸν
1621 2754 1754 2784 Νικόλαον
1783 2756 1821 2784 ἔτι

995 2807 1048 2833 τῶν
1078 2803 1202 2841 ἐλπίδων,
1229 2804 1265 2835 ὼς
1299 2801 1430 2841 προέφην,
1465 2798 1681 2837 ἀπαιωρούμενος
1698 2807 1707 2815 “
1738 2800 1821 2834 ἔξεστι
