4088 6364
470 388 537 443 15
1426 389 1812 461 ADEMARUS
1844 390 1901 449 S.
1942 388 2223 449 CIBARDI
2257 380 2653 449 MONACHUS.
3667 390 3734 445 16

467 497 728 556 narravit.
780 497 950 570 Hujus
1001 499 1076 553 rei
1131 499 1182 555 in
1227 498 1468 556 Historia
1515 503 1661 558 nulla
1702 503 1763 558 ﬁt
1812 503 2042 570 mentio;
2073 514 2119 577 ς
2149 502 2523 572 episcoporum
2567 502 3057 575 Engolismensium
3086 504 3222 577 (47),
3254 504 3507 561 Ademari
3560 505 3731 561 histo-

465 590 607 660 qnod
656 590 743 644 vix
794 591 1094 656 omisisset,
1150 592 1251 645 nisi
1302 589 1416 660 jam
1470 602 1630 648 antea
1686 595 1836 664 operi
1886 594 2046 669 finem

464 682 722 737 dedisset.
756 681 995 751 Epistula
1037 697 1164 737 vero
1207 682 1294 737 illa
1334 684 1662 739 Ademarum
1701 680 1943 741 ostendit’
1968 685 2050 740 di-

463 780 690 836 sertum,
722 771 1060 841 eloquentem
1093 772 1226 845 (-10),
1254 783 1592 829 constantem
1618 775 1729 847 (41)
1757 785 1813 830 et
1840 776 2051 830 ferven-

466 871 573 916 tem
604 861 715 935 (42)
743 863 1058 918 assertionis
1095 878 1207 919 sua:
1238 863 1605 931 defensorem,
1635 882 1795 935 quam
1835 867 1902 921 ab
1933 866 2049 936 ipso

463 951 753 1006 confictam
797 966 918 1006 esse
964 953 1310 1009 adversarius
1349 956 1707 1009 contenderat
1754 955 1887 1027 (45).
1921 954 2051 1010 Ser-

463 1055 622 1096 mone
652 1042 836 1108 ul;cre,
867 1042 1118 1115 eleganti,
1160 1044 1461 1101 rationibus
1507 1060 1611 1099 non
1641 1047 2050 1104 contemnendis

461 1133 767 1203 opinionem
792 1150 967 1200 suam,
995 1136 1242 1205 quamvis
1269 1136 1429 1191 nimis
1454 1153 1484 1191 a
1516 1153 1643 1193 vero
1663 1138 1918 1202 alienam,
1937 1149 2049 1193 sta-

462 1224 617 1279 bilire
638 1235 883 1279 conatur.
902 1225 1039 1281 Huic
1057 1228 1339 1298 qutestioui
1360 1229 1733 1285 examinandae
1752 1245 1894 1285 anno
1912 1232 2043 1286 1051

460 1315 656 1386 duplex
684 1328 1037 1373 convocatum
1064 1330 1147 1375 est
1175 1321 1482 1385 concilium,
1520 1322 1749 1377 alterum
1778 1322 2051 1393 Burdega-

460 1403 631 1469 lense,
655 1405 882 1460 alterum
910 1406 1312 1463 Lemoviccnse.
1340 1408 1545 1476 Quibus
1570 1427 1692 1465 cum
1718 1412 2048 1468 Ademarum

460 1494 773 1552 interfuisse
801 1514 904 1551 non
939 1499 1198 1569 legamus,
1231 1500 1401 1569 ipsum
1432 1499 1546 1569 jam
1581 1512 1739 1556 antea
1776 1514 2048 1558 mortuum

459 1586 631 1645 fuisse
681 1589 836 1645 Hivet
865 1591 976 1661 (44)
1007 1593 1311 1663 suspicatus
1344 1603 1448 1649 est.
1483 1594 1634 1661 Quod
1676 1605 1730 1651 et
1778 1597 1890 1666 ipse
1936 1605 2049 1652 sta-

462 1679 699 1745 tuerim,
757 1680 858 1735 nisi
916 1680 1148 1738 fortasse
1210 1683 1324 1753 ipsa
1380 1685 1594 1740 concilii
1646 1684 2049 1742 Lemoviecnsis

459 1767 684 1824 historia
716 1769 851 1842 (45),
883 1771 933 1825 in
966 1788 1071 1842 qua
1099 1772 1342 1827 eamdem
1374 1772 1487 1827 fere
1516 1774 1726 1829 dicendi
1761 1776 2046 1838 rationem,

2154 595 2289 648 riam
2343 594 2659 664 plerumque
2709 595 2879 651 secuti
2935 604 3081 651 sunt.
3128 595 3291 651 Liber
3331 595 3382 651 in
3446 596 3736 653 multorum

2153 701 2347 741 manus
2379 686 2548 741 venit.
2590 687 2665 741 Ex
2715 686 2834 757 ipso
2879 688 3044 743 etiam
3075 703 3197 759 quae
3240 688 3295 743 in
3342 689 3527 743 codice
3561 688 3738 744 Vatic.

2152 773 2281 829 bibl.
2314 773 2516 829 Christ.
2548 790 2602 828 n.
2633 774 2737 830 692
2762 790 2809 831 s.
2842 790 2919 830 xu
2944 784 3124 830 exstat
3152 775 3378 830 historia
3402 776 3736 833 Francorum

2151 874 2404 934 excerpta
2430 873 2514 918 est
2550 863 2681 937 (48),
2715 880 2782 919 ex
2808 880 2912 934 qua
2941 874 3128 934 postea
3152 865 3403 921 Chronici
3431 865 3488 919 S.
3520 864 3742 920 Maxen-

2152 953 2212 1007 tii
2242 953 2355 1008 sive
2384 951 2752 1008 Malleacensis
2783 951 2895 1024 (49)
2930 961 3119 1008 auctor
3147 968 3310 1022 quam
3342 953 3572 1022 plurima
3605 953 3743 1007 hau--

2152 1044 2243 1099 sit.
2286 1043 2610 1113 Fragmenta
2654 1044 2747 1099 alii
2794 1042 3222 1113 descripserunt,
3272 1043 3361 1098 alii
3408 1045 3555 1113 operi
3604 1060 3735 1114 prte-

2152 1134 2489 1190 stantissimo
2534 1143 2827 1188 assuerunt
2873 1149 2993 1204 qua:
3035 1134 3106 1190 ibi
3149 1134 3340 1188 deesse
3388 1134 3734 1188 videbantur.

2151 1227 2339 1282 Exstat
2374 1225 2428 1279 in
2465 1224 2790 1281 bibliotheca
2842 1225 2991 1294 regia
3047 1224 3337 1279 Parisiensi
3382 1224 3551 1279 codex
3599 1223 3736 1279 infra

2153 1317 2558 1381 memorandus,
2589 1317 2681 1387 qui
2714 1316 2968 1373 Ademari
3011 1317 3294 1371 historiam
3335 1315 3533 1386 partim
3576 1333 3739 1385 quam

2152 1410 2398 1481 plurimis
2446 1410 2832 1464 additamentis
2874 1418 3111 1473 auctam,
3154 1409 3348 1478 partim
3382 1408 3536 1463 valde
3565 1418 3742 1462 muta-

2151 1508 2257 1553 tam
2282 1500 2545 1555 continet.
2588 1500 2695 1555 Sed
2722 1509 2931 1556 tantum
2964 1516 3069 1556 non
3097 1501 3276 1556 omnia
3303 1517 3425 1572 qua:
3462 1501 3737 1556 adduntur

2151 1600 2275 1645 sunt
2313 1590 2602 1644 falsissima
2629 1591 2777 1661 (50);
2815 1591 3170 1662 interpolator
3209 1590 3375 1646 multa
3416 1606 3481 1646 ex
3524 1588 3742 1660 ingenio

2151 1681 2325 1745 ftnxit,
2365 1680 2627 1735 Ademari.
2650 1679 2813 1735 verba
2846 1696 2950 1735 non
2984 1680 3151 1736 semel
3190 1679 3330 1734 male
3353 1680 3742 1747 interpretatus

2150 1782 2254 1837 est,
2285 1772 2530 1828 ordinem
2563 1772 3006 1842 chronologicnm
3037 1771 3372 1840 perturbavit
3408 1771 3543 1841 (51),
3585 1769 3740 1839 plura

457 1858 705 1914 eamdem
757 1861 1080 1926 doctrinam,
1126 1861 1373 1917 eamdem
1420 1878 1635 1933 quoque
1679 1863 1736 1917 S.
1786 1863 2049 1918 Martialis
2082 1889 2123 1947 η
2153 1862 2378 1926 addidit,
2400 1876 2518 1930 quze
2548 1862 2814 1930 poeticam
2844 1861 3133 1930 quamdam
3164 1875 3343 1915 rerum
3375 1860 3740 1915 narrationem

457 1949 861 2005 venerationem
910 1966 1074 2021 quam
1120 1951 1174 2006 in
1219 1950 1447 2021 epistola
1497 1952 1582 2006 illa
1640 1952 2044 2021 deprehendere

459 2039 591 2093 mihi
629 2041 835 2108 videor,
887 2042 1155 2098 Ademaro
1206 2043 1366 2097 tribui
1398 2043 1567 2112 possit
1594 2043 1726 2113 (46).
1772 2043 1933 2098 Certe
1978 2044 2044 2098 de

456 2130 662 2186 Adema
698 2132 713 2187 i
756 2143 927 2188 morte
986 2133 1119 2188 nihil
1176 2144 1427 2201 constat;
1481 2150 1645 2205 quam
1700 2136 1783 2189 his
1825 2136 2047 2190 circiter

457 2222 615 2278 annis
641 2224 909 2280 accidisse
954 2226 1249 2281 verisimile
1287 2234 1388 2292 est,
1432 2242 1553 2281 cum
1596 2227 1726 2280 nihil
1760 2235 1947 2296 postea
1976 2226 2043 2281 de

456 2312 550 2369 illo
586 2314 875 2371 referatur.

527 2402 628 2469 Qui
659 2406 1010 2475 sequentibus
1055 2408 1388 2477 temporibus
1421 2409 1473 2462 in
1512 2409 1672 2463 rebus
1705 2409 2048 2479 Aquitanicis

456 2497 828 2554 describendis
878 2501 1126 2571 occupati
1177 2511 1366 2566 erant,
1420 2510 1477 2555 ut
1524 2512 1719 2557 auctor
1758 2501 2046 2557 Gestorum

2152 1952 2395 2009 redolent
2428 1960 2481 2005 et
2526 1966 2595 2005 ex
2638 1952 2975 2006 carminibus
3016 1967 3265 2006 manasse
3312 1950 3563 2004 videntur
3604 1949 3738 2019 (5'2).

2150 2046 2283 2099 Cum
2337 2044 2582 2114 plerique
2634 2045 2749 2098 lucc
2796 2045 2978 2099 omnia
3028 2044 3299 2099 Ademaro
3356 2043 3740 2107 obtrusissent,

2151 2135 2351 2190 factum
2381 2147 2460 2190 est
2487 2148 2545 2189 ut
2570 2136 2847 2201 hominem
2878 2135 3156 2190 credulum
3184 2145 3234 2189 et
3266 2133 3573 2189 fabulosum
3616 2148 3741 2191 cum

2153 2235 2426 2297 putarent,
2460 2226 2853 2293 historiamque
2881 2225 2999 2295 ejus
3029 2225 3192 2279 nimis
3215 2224 3494 2279 erroribus
3522 2234 3741 2293 pertur-

2154 2316 2334 2370 batam
2382 2315 2647 2370 dolerent.
2693 2314 2817 2369 ll:ec
2865 2331 2991 2370 vero
3042 2315 3154 2385 jam
3201 2316 3252 2368 in
3298 2312 3741 2383 interpolatorem

2156 2406 2374 2469 cadunt,
2407 2404 2497 2474 qui
2530 2404 2760 2459 fortasse
2798 2418 3015 2460 centum
3054 2405 3214 2458 annis
3235 2412 3328 2457 aut
3355 2404 3588 2474 amplius
3617 2411 3742 2473 post

2156 2497 2483 2551 Ademarum
2543 2495 3131 2552 hmo-consarcinavit.
3194 2495 3271 2549 Ex
3313 2493 3433 2548 Vita
3484 2481 3744 2550 Ludovici

1976 2674 2204 2734 NOTAE.

455 2818 603 2871 tania
634 2812 783 2871 nulla
825 2814 1082 2885 sapientia
1127 2823 1224 2879 est,
1267 2830 1443 2869 omnes
1488 2823 1608 2868 sunt
1652 2814 1871 2876 rustici;
1896 2823 1964 2885 ret
2002 2828 2047 2866 st

457 2887 647 2958 aliquis
685 2886 750 2940 tle
786 2884 1060 2958 Aquitanis
1098 2900 1285 2958 parum
1330 2884 2043 2958 didiceritpgrammaticam.

458 2952 579 3011 mea:
600 2965 749 3027 putat
778 2952 961 3027 seetse
992 2952 1291 3027 Virgilium.
1320 2954 1387 3027 In
1414 2952 1646 3027 Francia
1669 2964 1743 3008 est
1763 2954 2047 3027 sapientia,

458 2973 579 3011 mox
600 2972 749 3027 putat
778 2972 832 3010 se
855 2972 961 3010 esse
998 2972 1019 3008 ι
1039 2972 1291 3078 trimum.
1320 2972 1387 3008 ιη
1414 2972 1449 3007 ι’
1467 2972 1646 3008 rancm
1669 2972 1743 3008 est
1766 2972 2047 3019 saptentta,

458 3027 546 3081 sed
576 3041 783 3094 parum.
820 3025 959 3078 Nam
989 3026 1043 3079 in
1115 3025 1455 3094 ongobardia,
1489 3024 1576 3077 ubi
1598 3034 1697 3093 ego‘
1719 3024 1835 3090 plus
1857 3024 2047 3086 didici,

458 3106 529 3221 οἳ]
560 3095 676 3165 [ous
706 3096 996 3219 sapiezt’téiw.
1028 3095 1201 3150 Aliter
1239 3095 1305 3150 de
1344 3095 1462 3154 ipso
1510 3096 1681 3150 sensit
1711 3095 2043 3159 Ademarus;

458 3184 487 3221 c
515 3207 528 3221 .
560 3181 724 3221 supra
754 3182 808 3219 ιι.
919 3205 931 3216 .
1096 3190 1099 3191 ν

458 3181 528 3221 ει.
560 3181 724 3221 supra
754 3182 808 3219 Il.
842 3181 931 3219 ου.
1096 3190 1099 3191 ⁷

842 3182 1047 3289 Ἰιασ
1078 3245 1218 3289 terra
1245 3252 1347 3290 non
1378 3244 1652 3297 reputatur
1683 3236 1913 3304 sapiens,
1944 3235 2048 3289 nisi

354 3350 359 3357 .
457 3304 680 3361 multum
713 3304 869 3370 fuerit
899 3304 1167 3375 eloquens,
1195 3320 1281 3375 ep.
1313 3321 1369 3375 p.
1400 3305 1526 3359 727.

530 3376 643 3447 (41)
677 3375 818 3429 Nam
847 3390 938 3447 ego
966 3391 1059 3445 pro
1097 3374 1500 3447 veritate’usque
1529 3376 1597 3428 ad
1614 3385 1849 3447 mortem
1880 3374 2048 3447 liben:

458 3444 549 3502 ter-
583 3444 849 3500 decertare
879 3444 1102 3512 festino,
1150 3460 1238 3514 ep.
1286 3462 1339 3514 p.
1387 3445 1527 3511 717;
1570 3444 1643 3499 cf.
1681 3445 1807 3499 ibid.
1854 3460 1905 3515 p.
1943 3445 2048 3498 7'25

458 3533 603 3587 sqq.,
641 3532 694 3601 ι).ζ
719 3514 823 3568 727
856 3533 868 3568 :
899 3525 1072 3570 tamen
1102 3515 1310 3569 obedire
1334 3525 1531 3586 oportet
1565 3515 1670 3569 Deo
1696 3515 1861 3585 magis
1889 3532 2045 3586 quant
2076 3539 2120 3601 ρ

457 3584 609 3658 pupa:
642 3584 908 3639 Romano.

534 3676 885 3750 (‘49.)Alterum
920 3675 1093 3750 adhuc
1114 3677 1409 3750 pronuntio
1440 3686 1565 3750 ante
1586 3688 1919 3750 conspectum
1949 3675 2045 3750 Dei

450 3758 508 3804 et
538 3746 773 3803 omnium
802 3748 858 3799 in
881 3748 1005 3800 rtelo
1032 3746 1407 3810 habitantium,
1434 3747 1479 3799 si
1513 3746 1694 3816 gloria:
1723 3746 1816 3799 Dei
1844 3746 1919 3799 vel
1948 3748 2047 3816 ipsi

462 3818 728 3881 Martiali,
768 3816 845 3870 uel
893 3816 1053 3886 alicui
1097 3826 1397 3869 sanctorum
1442 3817 1531 3886 qui
1558 3815 1673 3885 jam
1703 3832 1768 3869 ea:
1809 3817 1906 3869 hac
1946 3817 2049 3871 rita

460 3888 807 3951 transierunt,
845 3884 1134 3956 molestum,
1166 3886 1343 3956 aliquo
1379 3884 1534 3939 modo
1562 3884 1649 3939 est
1696 3902 1812 3939 eunt
1852 3887 2050 3953 pra'di-

462 3958 576 4013 cari
623 3956 942 4027 apostolum,
981 3956 1081 4009 ltac
1103 3955 1232 4027 ipsa
1254 3955 1415 4021 ’Itora,
1447 3971 1564 4025 qua:
1601 3964 1675 4027 est
1723 3957 1874 4024 quasi
1902 3968 2049 4011 sexta

461 4029 588 4091 diei,
639 4025 736 4080 Iioc
769 4026 879 4094 ipso
918 4025 1144 4079 articulo
1190 4028 1433 4085 temporis
1466 4042 1568 4095 quo
1608 4026 1704 4078 hoc
1733 4030 1923 4088 scribo,
1954 4028 2050 4081 hoc

461 4107 747 4159 momento,
786 4099 883 4149 hoc
911 4099 1121 4149 atltomo
1148 4096 1352 4149 moriar
1398 4111 1615 4165 corpore
1655 4105 1702 4147 et
1756 4095 1896 4149 ultra
1948 4113 2049 4152 non

459 4169 651 4222 vivant.
697 4165 829 4219 Dnaz
880 4167 1074 4229 missw,
1124 4181 1254 4233 quas
1302 4165 1456 4218 hodie
1490 4182 1642 4219 mane
1668 4176 1811 4220 sexta
1848 4165 2052 4220 sabbati

463 4239 737 4291 continuas
762 4237 814 4289 in
835 4235 1031 4290 honore
1054 4235 1270 4303 viri/iere
1290 4238 1487 4299 crucis,
1514 4251 1672 4288 unant
1698 4246 1898 4305 sponte,
1924 4240 2054 4290 alte-

463 4322 581 4361 ram
636 4306 876 4359 obcdiens
928 4305 1216 4360 necessario
1262 4305 1470 4374 jubenti
1518 4315 1565 4358 et
1616 4310 1820 4374 roganti
1877 4307 2051 4360 abbati

463 4375 791 4447 Amalfredo,
829 4392 994 4447 super
1041 4391 1230 4447 corpus
1279 4376 1415 4428 beati
1470 4374 1721 4447 Eparcltit’
1752 4377 2053 4447 celebravi:

463 4447 532 4510 si,
557 4444 791 4515 inquam,
819 4444 915 4499 hoc
940 4444 1049 4516 Deo
1070 4444 1328 4513 displicet,
1355 4460 1457 4498 non
1486 4446 1587 4498 sint
1615 4447 1740 4516 mitti
1764 4447 1818 4499 in
1844 4446 2057 4516 adjuto-

464 4514 635 4579 riunt,
657 4516 748 4570 sed
775 4517 976 4578 statim,
1006 4515 1139 4569 sicut
1183 4516 1325 4568 solus
1361 4516 1500 4568 intra
1547 4514 1819 4569 ecclesiam
1858 4514 2054 4585 scribo,

464 4586 566 4641 hac
585 4587 711 4655 'ipsa
738 4586 871 4640 liora
895 4586 1126 4639 animant
1154 4586 1393 4650 reddant,
1423 4585 1554 4640 ibid.
1592 4600 1646 4654 ι).
1676 4585 1801 4641 726.

537 4676 656 4747 (45)
692 4676 914 4758 lbidap.
943 4676 1048 4758 7l8
1084 4672 1286 4758 aliane
1328 4675 1568 4758 lustres-im
1591 4676 1827 4758 primus,
1862 4686 1911 4731 et
1938 4676 2056 4758 plus

470 4746 633 4801 causa
670 4746 1015 4811 adulationis,
1063 4756 1120 4799 ut
1161 4746 1401 4815 placeret
1445 4746 1621 4799 abbati
1672 4759 1719 4800 et
1765 4746 2053 4812 monac/tis,

468 4826 746 4888 corruptus
780 4833 981 4888 quoque
1008 4813 1228 4883 pecunia
1256 4817 1320 4869 ub
1364 4813 1494 4882 illis,
1536 4816 1649 4870 sine
1690 4816 1802 4872 ulla
1830 4826 2055 4872 veterum

470 4888 786 4941 auctoritate
812 4887 1137 4940 condiderat.

542 4976 656 5047 (Η)
689 4974 827 5031 Hist.
854 4975 960 5030 litt.
992 4975 1111 5041 Vll,
1136 4990 1190 5047 p.
1215 4975 1339 5031 502.
1372 4976 1550 5041 Idem,
1582 4975 1908 5033 Ademarum
1935 4978 2059 5035 llic-

470 5047 801 5119 rosolymam
849 5046 1151 5119 profectum
1199 5047 1468 5119 esse__sibi
1512 5049 1799 5119 persuasit,
1842 5065 1963 5104 cum
1999 5052 2052 5104 in

471 5115 660 5173 codice
710 5115 994 5180 Vossiauo,
1041 5117 1168 5172 olim
1220 5117 1279 5172 S.
1316 5115 1576 5179 Martiali
1636 5118 2052 5184 Lemovieensis,

469 5188 595 5259 hate
611 5187 857 5259 legantur
878 5188 1017 5259 (Cat.
1036 5188 1171 5259 bibl.
1191 5186 1371 5259 Lugd.
1386 5185 1509 5259 Bat.
1537 5187 1693 5242 l7l6.
1720 5188 1810 5242 fol.
1837 5205 1889 5259 p.
1916 5189 2049 5257 5:56;

468 5258 542 5312 cf.
573 5257 737 5312 Arch.
770 5258 880 5319 VII,
907 5258 1052 5327 137.)
1079 5275 1093 5311 τ
1126 5257 1228 5311 llic
1253 5257 1327 5311 est
1355 5257 1485 5311 liber
1508 5257 2053 5315 sanctissimi'domini

470 5330 635 5382 nostri
674 5327 945 5381 Marciulis
975 5326 1121 5381 Lem.
1155 5344 1221 5381 ex
1248 5328 1393 5381 libris
1434 5327 1581 5382 bona:
1617 5330 1883 5383 memoria:
1911 5331 2046 5384 Ade-

469 5397 611 5469 nturi
636 5397 989 5469 grammatici.
1023 5395 1165 5469 Nam
1195 5408 1467 5469 postquam
1499 5398 1686 5452 multos
1724 5416 1889 5469 annos
1937 5417 2054 5468 per-

470 5466 572 5537 egit
597 5466 652 5537 in
679 5466 892 5522 Domini
930 5468 1138 5522 servitio
1163 5466 1223 5521 ac
1248 5466 1405 5521 simul
1448 5469 1503 5521 in
1540 5467 1843 5537 monachico
1873 5466 2057 5525 ordine

470 5535 528 5589 in
579 5536 808 5603 eiusdem
852 5538 1016 5607 patris
1066 5537 1315 5601 coenobio,
1352 5537 1679 5607 profecturus
1724 5536 2053 5594 Hierusalem

474 5605 544 5659 ad
575 5607 869 5674 sepulcrum
919 5607 1128 5661 Domini
1176 5624 1268 5661 nec
1316 5607 1437 5661 inde
1494 5624 1812 5673 reversurus,
1863 5609 2054 5665 multos

476 5650 662 5741 librosr,
704 5677 759 5748 in
804 5676 992 5748 quibus
1042 5678 1341 5748 sudaverat,
1392 5676 1558 5731 eidem
1600 5694 1697 5733 suo
1743 5650 1962 5748 pdtrono

475 5747 724 5801 nutritori
753 5746 978 5817 reliquit,
1022 5763 1086 5803 ea:
1126 5747 1310 5819 quibus
1340 5747 1425 5801 hic
1464 5758 1540 5802 est
1572 5765 1727 5803 unus.
1767 5746 1873 5805 Sed
1908 5749 2053 5804 Ade-

2155 2823 2339 2885 martis
2364 2806 2836 2885 historiographus
2863 2824 2970 2864 non
3006 2807 3414 2864 Lemovicensis
3444 2814 3537 2866 sed
3562 2812 3741 2885 Engo-

2154 2878 2428 2932 lismensis
2460 2880 2559 2931 fuit
2587 2878 2903 2933 monachus.

2373 2949 2470 3003 Ed.
2498 2948 2746 3004 Labbeus
2763 2948 2901 3004 Bibl.
2928 2965 3058 3004 mss.
3084 2948 3149 3013 ll,
3179 2964 3232 3018 p.
3265 2947 3389 3005 766.
3411 2949 3617 3006 Concil.
3644 2950 3739 3017 IX,

2155 3035 2694 3161 p.(liiijlhllivetHist.
2726 3088 2831 3144 litt.
2859 3088 2971 3153 Vll,
3004 3106 3058 3161 p.
3088 3088 3212 3161 5i7,
3241 3087 3550 3145 Odolricum
3582 3091 3744 3146 abba-

2157 3168 2264 3213 tem
2297 3158 2355 3213 S.
2389 3158 2654 3214 Martialis
2702 3167 2977 3213 auctorem
3008 3158 3250 3229 putavit.
3280 3190 3352 3199 —
3374 3160 3429 3214 lu
3462 3162 3583 3216 eod.
3616 3162 3741 3215 Par.

2155 3245 2210 3282 n.
2240 3228 2381 3283 2469
2421 3230 2672 3283 Adctnari
2727 3228 3113 3284 sertnones’dc
3145 3230 3203 3283 S.
3239 3229 3483 3286 Martiale
3523 3243 3579 3286 et
3629 3232 3744 3286 lucc

2156 3299 2372 3368 concilii
2424 3296 2649 3353 historia
2699 3299 2983 3368 conjuncta
3030 3309 3277 3366 exstant;
3327 3300 3399 3355 cf.
3447 3300 3563 3354 Cat.
3608 3302 3739 3356 bibl.

2156 3367 2279 3439 l’ar.
2318 3368 2403 3433 lll,
2442 3369 2652 3439 p.285.
2686 3367 2978 3424 Sermones
3015 3385 3066 3423 a.
3099 3369 3223 3432 994,
3270 3385 3406 3439 quos
3443 3371 3611 3425 edidit
3639 3370 3739 3425 Ba-

2160 3438 2303 3504 luze,
2337 3439 2475 3493 llist.
2502 3438 2677 3493 Tutel.
2708 3455 2758 3508 p.
2800 3438 2923 3503 585,
2965 3456 3072 3493 non
3109 3438 3357 3494 Ademari
3402 3455 3543 3506 esse,
3592 3452 3739 3494 recte

2158 3522 2338 3564 tnonet
2365 3509 2542 3574 Rivet,
2573 3509 2714 3563 Hist.
2753 3509 2857 3563 litt.
2900 3526 2955 3579 p.
2998 3509 3138 3575 505;
3178 3510 3248 3563 cf.
3278 3511 3505 3563 eundem
3535 3526 3587 3579 p.
3632 3510 3740 3564 506

2152 3595 2274 3651 sqq.
2303 3581 2371 3634 de
2398 3578 2521 3633 aliis
2552 3594 2671 3649 qua:
2708 3578 2915 3634 eruditi
2943 3578 3212 3634 Ademaro
3261 3578 3569 3635 tribuerunt
3615 3595 3742 3651 ope-

2152 3653 2336 3789 rlliii')
2375 3718 2526 3787 Apud
2560 3718 2859 3784 Labbcum,
2888 3718 3021 3773 Bibl.
3060 3735 3190 3774 mss.
3228 3720 3288 3785 tt,
3321 3736 3374 3789 p.
3404 3720 3532 3775 249.
3564 3721 3742 3776 Etiam

2150 3791 2240 3857 qui
2273 3788 2549 3859 miracula,
2574 3788 2867 3859 SaGenulti
2915 3791 3265 3859 conscripsit,
3295 3788 3550 3844 Ademari
3579 3806 3743 3859 opere

2150 3868 2442 3984 ttsrtzsasest;
2496 3858 2568 3914 cf.
2608 3858 2747 3913 Mab.
2798 3862 2933 3914 Acta
2984 3858 3074 3924 iV,
3117 3858 3152 3912 tt
3194 3861 3494 3930 prtesertittt
3552 3858 3739 3927 ".14,

2150 3944 2204 3998 P-
2346 3969 2357 3981 -
3269 3973 3284 3986 .

2222 4021 2335 4091 (48)
2365 4019 2446 4074 Cf.
2479 4021 2642 4077 Arclt.
2672 4019 2780 4079 VII.
2817 4036 2867 4089 p.
2895 4020 3020 4074 457.
3058 4020 3132 4074 Ex
3178 4021 3356 4090 primo
3400 4022 3536 4075 liltro
3581 4024 3738 4083 nihil.

2151 4106 2216 4146 ex
2255 4092 2502 4145 secundo
2537 4101 2591 4144 et
2625 4093 2766 4145 tertii
2801 4092 2953 4144 initio
2980 4107 3149 4159 pauca
3180 4093 3432 4161 sumpsit,
3466 4107 3544 4150 ιιι.
3574 4094 3738 4148 16-ὃὸ

2151 4177 2284 4216 vero
2316 4177 2564 4228 magnam
2598 4171 2806 4230 partem
2838 4162 2904 4214 ad
2946 4163 3169 4214 verbum
3196 4163 3506 4231 exscripsit.

2223 4231 2337 4302 (i9)
2362 4232 2516 4300 Apud
2552 4231 2825 4286 Labbeum
2858 4231 2922 4293 ll,
2954 4246 3005 4300 p.
3042 4232 3162 4284 190.

2225 4320 2336 4390 (50)
2376 4319 2473 4383 lta,
2522 4320 2783 4388 ttt'pauca
2826 4329 3034 4390 tantum
3074 4319 3316 4385 alferam,
3348 4336 3428 4380 ιιι.
3464 4320 3548 4384 l9,
3609 4321 3742 4377 dicit

2154 4390 2467 4444 Lotharium
2515 4400 2745 4458 quatuor
2783 4399 2902 4459 post
2932 4406 2982 4442 a.
3012 4389 3117 4443 855
3156 4391 3311 4445 annis
3348 4393 3738 4445 monasterium

2156 4461 2408 4523 intrasse,
2451 4476 2571 4513 cum
2616 4458 2920 4530 Ademarus
2961 4472 3105 4514 recte
3142 4480 3160 4510 ι
3211 4471 3331 4529 post
3377 4477 3580 4530 paucos
3622 4462 3738 4515 dies

2163 4551 2181 4602 ι
2219 4531 2561 4602 scripsisset;
2622 4544 2716 4602 ll_l,_
2752 4528 2858 4602 20,
2893 4529 2961 4602 de
3009 4528 3738 4602 Otloneirege’Francorum

2157 4600 2368 4655 fabulas
2417 4599 2782 4654 intolerabiles
2835 4600 3017 4669 lingit;
3046 4615 3096 4654 c.
3138 4600 3233 4664 22,
3273 4599 3527 4655 Kdemari
3561 4602 3740 4655 verbis

2156 4685 2345 4740 parum
2375 4670 2683 4741 intellectis,
2707 4670 3013 4741 Arduinum
3038 4670 3201 4723 Italia:
3228 4688 3409 4741 regem
3438 4682 3563 4726 ante
3588 4672 3741 4726 Otto-

2159 4741 2326 4811 ιιριιιι
2351 4740 2551 4794 obiisse
2588 4748 2821 4811 narrat;
2858 4740 3200 4811 qtncibidem
3231 4740 3580 4796 deHotberto
3614 4756 3740 4811 rege

2158 4821 2212 4865 et
2250 4810 2471 4881 Hugone
2498 4810 2695 4881 comite
2736 4809 2924 4876 refert,
2972 4810 3207 4864 fabulam
3244 4811 3485 4865 redolere
3505 4811 3617 4880 jam
3649 4809 3739 4866 alii

2088 4896 2133 4955 υ
2161 4880 2515 4955 adnotaruttt;
2545 4880 2730 4955 magis
2778 4881 3025 4955 etiamsa
3078 4897 3207 4935 vero
3276 4882 3573 4955 abhorrent
3620 4898 3741 4955 qua)

2158 4966 2209 5004 c.
2239 4952 2301 5005 5|
2333 4951 2397 5003 de
2439 4949 2497 5004 S.
2531 4950 2819 5004 Adrlherto
2852 4960 2907 5004 et
2948 4949 3199 5005 Brunone
3238 4950 3511 5005 memoria:
3541 4953 3739 5016 tradit;

2160 5021 2225 5075 de
2274 5020 2560 5091 lleriherto
2609 5021 3017 5091 archiepiscopo
3076 5021 3144 5075 ab
3196 5018 3449 5091 Heinrico
3493 5020 3533 5076 ll
3582 5033 3741 5091 capto

2162 5099 2306 5145 recte
2342 5090 2642 5144 Ademarus
2689 5106 2736 5143 e.
2788 5090 2857 5145 35
2904 5090 3114 5143 laeutus
3160 5099 3263 5152 est,
3313 5089 3512 5160 quibus
3550 5089 3742 5147 deletis

2159 5160 2516 5229 interpolator
2542 5160 2643 5212 alia
2673 5175 2847 5229 eaque
2874 5160 3003 5214 falsa
3044 5159 3345 5215 substituit.

2228 5250 2828 5324 (5l)AExempliAgratia,
2856 5266 2905 5305 c.
2929 5250 3001 5324 2'5
3023 5250 3087 5305 de
3110 5249 3437 5308 Fredeberto
3459 5252 3739 5324 episcopo.

2156 5321 2328 5392 quem
2347 5322 2398 5375 in
2429 5336 2476 5375 s.
2506 5337 2536 5374 Χ
2569 5321 2702 5375 falso
2725 5321 3023 5375 collocavit.

2228 5412 2339 5482 (52)
2366 5410 2448 5466 Cf.
2476 5410 2727 5480 qutcjam
2766 5412 2920 5466 attuli
2958 5427 3007 5466 c.
3044 5411 3221 5484 ﬁnde,
3246 5412 3567 5484 Hngoneet
3603 5412 3737 5467 Rot-

2156 5481 2333 5545 berto,
2364 5498 2414 5536 c.
2441 5483 2510 5535 28
2539 5484 2698 5535 verba
2732 5498 2743 5533 :
2778 5498 2896 5536 ense
2923 5500 3073 5552 quem
3100 5481 3394 5536 Walandér
3415 5482 3565 5551 faber
3594 5500 3744 5536 cnse-

2157 5563 2258 5613 rat.
2289 5562 2344 5607 et
2372 5567 2492 5621 qua:
2520 5552 2714 5606 ibidem
2748 5553 2815 5607 de
2851 5553 3089 5607 Arnaldo
3131 5563 3445 5615 narrantur,
3490 5567 3536 5607 c.
3575 5552 3642 5607 54
3674 5555 3741 5607 de

2156 5621 2447 5692 Aldehertu
2472 5631 2526 5677 et
2554 5638 2677 5691 rege
2702 5622 3056 5687 Francorum,
3086 5638 3135 5678 c.
3163 5624 3232 5677 55
3255 5624 3416 5679 verba
3444 5640 3457 5676 :
3486 5622 3560 5677 ita
3587 5623 3743 5692 fabu-

2158 5691 2263 5746 lam
2298 5692 2482 5747 Tiestis
2508 5708 2682 5747 verant
2713 5692 3022 5763 adintplcns.
