4088 6458
297 357 360 438 2t
1356 361 1837 435 HISTORIARUM
1860 362 2037 421 1.th
2065 364 2264 423 mas.
2304 400 2370 410 -
2409 368 2537 423 Lm.
2573 369 2613 424 ι.
3031 439 3034 441 λ
3461 356 3538 435 si

300 465 410 535 ipsa
438 464 663 554 basilica
700 465 866 522 multa
897 466 1119 547 pignora
1149 467 1493 538 reliquiarum
1533 471 1677 526 beati
1719 470 1858 525 Mar-
1889 481 1931 534 Α
1965 474 2137 540 tellus,
2183 474 2490 546 Chilperico
2532 486 2768 548 recepto,
2817 494 2994 550 regem
3041 496 3164 538 eum
3215 489 3530 554 constituit,

301 554 395 608 lini
423 553 659 625 episcopi
687 556 1032 621 collocantes,
1055 556 1437 612 dedicaverunt
1459 559 1479 590 ³
1501 574 1620 613 eam
1648 560 1699 613 in
1726 558 1866 622 ejus-

300 645 419 702 dem
458 649 601 702 santi
635 647 848 703 Martini
884 649 1105 705 honore.
1137 651 1376 720 Denique
1416 651 1468 707 in
1499 652 1666 708 altare
1701 658 1869 722 ipsius

298 738 367 792 ab
395 740 582 794 eodem
624 751 812 796 sancto
855 741 1126 797 Germano
1167 752 1329 812 atque
1373 754 1560 798 sancto
1605 743 1868 813 Gregorio

298 840 620 886 consecrato
648 840 846 887 sancta:
876 833 1055 888 crucis
1079 843 1299 888 actenus
1328 844 1586 904 apparent
1614 834 1870 902 impressa

299 921 596 989 signacula.
640 921 771 976 Item
815 923 870 976 in
897 923 1103 977 honore
1142 923 1311 977 sancti
1349 923 1493 977 Petri
1521 937 1871 978 consecrave—

300 1023 430 1064 runt
456 1011 754 1066 accclesiam
785 1011 928 1066 sedis
969 1012 1288 1082 episcopalis
1311 1012 1352 1078 ⁸,
1381 1028 1538 1081 quam
1575 1012 1872 1068 Clodoveus

299 1116 398 1157 rex
437 1101 782 1171 supradictus
814 1118 845 1156 a
887 1103 1256 1159 novolincoari
1295 1102 1552 1172 iusserat,
1593 1103 1880 1157 destructa

297 1182 468 1264 priori
491 1193 640 1257 sede,
667 1209 826 1264 quam
855 1193 1014 1249 Gothi
1044 1194 1274 1248 Arriana
1311 1194 1666 1251 maculatioue
1708 1192 1872 1246 foeda-

299 1291 512 1347 verant,
540 1283 594 1338 in
617 1284 821 1339 honore
844 1285 1016 1338 sancti
1041 1283 1342 1339 Saturnini.
1368 1283 1874 1348 Ordinaveruntque

300 1372 358 1430 in.
401 1373 520 1442 ipsa.
563 1373 781 1430 civitate
814 1374 1124 1444 episcopum
1175 1373 1391 1429 nomine
1439 1371 1724 1428 Mererium
1772 1370 1870 1442 (2),

299 1467 390 1538 qui
418 1467 470 1521 in
492 1466 722 1523 Francia
743 1468 1052 1538 capellanus
1076 1469 1214 1539 regis
1236 1467 1430 1544 fuerat.
1449 1467 1712 1538 Aptonius
1731 1467 1872 1522 enim

300 1548 612 1628 nuperrime
633 1559 843 1614 obierat
878 1558 931 1612 in
960 1559 1194 1614 Christo.

371 1649 459 1703 5t.
496 1647 625 1716 (An.
645 1647 770 1701 575.
796 1645 939 1702 Gest.
966 1664 1014 1702 ε.
1034 1647 1123 1717 52)
1151 1648 1261 1701 Ita‘c
1287 1648 1569 1718 leguntur:
1597 1647 1698 1716 Qui
1733 1663 1876 1704 com-

300 1746 585 1792 moventes
627 1738 945 1800 exercitum,
974 1739 1232 1793 adversus
1276 1753 1398 1792 eum
1429 1747 1661 1809 pergunt
1687 1748 1873 1794 contra

1969 564 2169 620 oblitus
2203 576 2520 621 cunctorum
2561 584 2680 635 quae
2711 570 2760 623 in
2797 584 2860 625 eo
2890 563 3086 626 fecerat
3123 574 3405 643 malorum,
3439 582 3534 636 sed

1969 669 2088 708 cum
2116 653 2420 710 Raenfredo
2464 657 2770 712 amicitias’
2802 657 2979 714 facere
3008 661 3197 716 noluit.
3244 664 3354 719 Rex
3391 668 3536 723 Chil-

1967 745 2203 812 pericus,
2235 745 2368 800 urbe
2389 745 2652 801 Noviomo
2685 748 2706 779 ⁸
2738 749 2989 813 veniens,
3043 753 3231 808 morbo
3278 756 3442 820 obiit,
3483 769 3539 814 et

1973 834 2214 902 regnavit
2237 835 2394 889 annis
2414 850 2527 889 sex.
2555 835 2747 891 Franci
2776 853 2906 894 vero
2929 840 3336 908 Theodericum,
3372 844 3536 900 filium

1971 920 2258 992 Dagoberti
2301 924 2557 993 junioris,
2592 926 2645 980 in
2698 931 3029 982 monasterio
3059 917 3185 984 Cala
3219 934 3535 999 enutritum,

1972 1025 2133 1079 super
2156 1026 2213 1065 se
2244 1025 2423 1083 regem
2454 1023 2716 1079 statuunt,
2760 1030 3025 1071 consensu
3059 1017 3238 1073 Karoli
3287 1019 3535 1076 Martelli.

1973 1099 2200 1155 Karolus
2226 1115 2353 1156 vero
2383 1103 2630 1173 princeps
2658 1105 3016 1160 Raenfredum
3045 1108 3336 1175 insecutus,
3366 1111 3536 1167 Ande-

1974 1193 2123 1261 gavis
2150 1193 2425 1248 civitatem
2471 1195 2677 1250 obsedit
2697 1237 2711 1259 ,
2751 1207 2806 1252 et
2838 1207 3047 1252 vastata
3078 1200 3296 1269 regione
3328 1202 3540 1268 eadem,

1975 1299 2095 1338 cum
2131 1284 2377 1354 plurimis
2422 1287 2607 1355 spoliis
2637 1303 2884 1343 reversus
2910 1298 3024 1354 est,
3061 1299 3115 1344 et
3151 1288 3324 1358 major
3349 1291 3540 1347 domus

1975 1376 2197 1432 effectus
2225 1389 2308 1433 est
2343 1379 2456 1449 ipse
2487 1380 2713 1436 Karolus
2740 1380 3012 1436 Martcllus
3037 1383 3088 1436 in
3120 1399 3283 1456 regno
3309 1375 3542 1442 Franco-

1976 1481 2118 1521 rum.
2149 1466 2406 1536 Sequenti
2438 1485 2580 1524 anno
2607 1471 2910 1540 Andegavis
2941 1473 3212 1528 civitatem
3246 1475 3538 1531 fortissime

1978 1557 2252 1613 debellans
2274 1559 2459 1628 carpit,
2484 1567 2557 1627 et,
2608 1560 2910 1618 Raenfredo
2948 1563 3252 1632 interfecto,
3301 1581 3548 1621 reversus

1978 1659 2057 1706 881
2068 1691 2081 1704 .

2049 1741 2137 1796 52.
2167 1742 2289 1812 (An.
2313 1742 2438 1797 752.
2466 1740 2753 1814 Fredegar.
2779 1761 2822 1796 ο.
2853 1743 2974 1813 108)
3005 1755 3116 1813 post
3140 1761 3158 1800 :
3185 1746 3356 1800 victor
3379 1745 3551 1800 Frana

298 1827 655 1898 Egolismam,
685 1829 774 1883 ubi
805 1828 1077 1884 residebat
1106 1837 1325 1898 propter
1356 1829 1726 1886 fortitudinem
1757 1847 1872 1885 mu-
1907 1819 1948 1878 Β
1977 1834 2116 1890 ciam
2153 1834 2316 1889 rediit
2342 1835 2469 1890 add.
2495 1849 2512 1886 :
2538 1843 2592 1890 et
2627 1843 2825 1890 extunc
2872 1850 3060 1890 omnes
3109 1845 3390 1906 coeperunt
3427 1852 3548 1892 eum

300 1936 510 1976 rorum.
561 1919 653 1976 llle
699 1935 913 1992 quoque
959 1919 1247 1975 derelictus
1298 1936 1329 1976 a
1377 1921 1489 1976 suis
1535 1937 1657 1976 cum
1696 1922 1878 1991 paucis

299 2011 596 2077 remansit,
637 2011 730 2066 sed
788 2020 965 2066 tamen
1009 2011 1078 2066 ad
1125 2011 1323 2067 bellum
1371 2014 1450 2068 ire
1495 2029 1598 2068 non
1644 2015 1874 2069 dubitat.

299 2103 698 2172 Venientesque
749 2104 816 2158 ad
882 2119 1112 2175 pugnam
1170 2115 1293 2162 octo
1343 2107 1558 2164 milibus
1612 2110 1679 2164 ab
1730 2107 1879 2178 Ego-

298 2196 457 2250 lisma
494 2193 648 2262 juxta
677 2193 896 2248 fluvium
924 2195 1213 2250 Carantam
1245 2211 1404 2254 secus
1431 2199 1618 2254 silvam
1652 2200 1879 2265 Buxam,

300 2285 710 2362 Theodebertus
735 2285 976 2341 devictus
1006 2287 1384 2355 prosternitur,
1418 2298 1770 2358 mortuusque
1800 2297 1886 2344 est

301 2377 401 2432 lbi.
426 2376 508 2430 Ab
545 2375 780 2430 Aunulfo
821 2391 1033 2446 quoque
1062 2378 1196 2431 duce
1234 2377 1511 2442 collectus,
1553 2378 1884 2447 Egolisinam

300 2465 580 2522 civitatem
625 2473 893 2534 portatus.
933 2465 1127 2519 ibidem
1160 2465 1403 2535 sepultus
1443 2479 1528 2521 est
1555 2468 1694 2536 apud
1744 2466 1893 2529 Sans

302 2565 455 2610 ctum
497 2553 839 2623 Eparchium.
885 2553 1198 2624 Sigebcrtus
1263 2571 1392 2610 vero
1443 2565 1498 2610 et
1551 2556 1930 2626 Chilpericus

303 2646 626 2714 pugnabant
692 2647 833 2701 inter
886 2660 944 2701 se
1008 2647 1060 2701 in
1125 2645 1378 2703 Francia.
1449 2647 1600 2703 Tunc
1669 2647 1887 2720 Chilpe-

305 2749 525 2789 τιουε...

376 2829 470 2883 '53.
505 2826 670 2900 (Gest.
694 2846 739 2883 c.
765 2827 833 2884 54
855 2829 1026 2900 initio)
1055 2829 1184 2884 add.
1203 2845 1223 2884 :
1245 2827 1376 2884 Erat
1398 2829 1541 2885 enim
1571 2827 1659 2885 illa
1688 2827 1763 2900 (3)
1797 2845 1890 2884 an-

305 2921 437 2976 cilla
473 2920 823 2989 nequissima,
849 2921 942 2976 sed
973 2930 1193 2991 propter
1227 2919 1679 2990 pulchritudinem
1714 2919 1890 2975 vultus

306 3026 433 3066 eam
465 3026 559 3066 rex
588 3011 748 3066 nimis
773 3012 1009 3075 amabat,
1044 3019 1100 3066 et
1127 3010 1264 3064 mala
1292 3009 1514 3064 consilia
1557 3024 1771 3080 semper
1799 3025 1890 3064 au-

307 3101 495 3155 diebat
525 3101 591 3155 ab
639 3101 750 3165 illa,
781 3109 834 3156 et
861 3117 982 3157 eam
1016 3100 1272 3156 credebat
1307 3115 1472 3170 super
1501 3115 1890 3156 omnesconst-

307 3191 377 3246 lia
389 3192 500 3246 rios
531 3191 888 3247 Francorum.

378 3283 474 3336 41.
509 3281 596 3353 (G.
621 3301 668 3338 c.
687 3285 778 3353 42)
806 3285 930 3338 add.
958 3301 975 3340 :
1000 3283 1151 3341 Tunc
1177 3284 1424 3342 Eraclius
1452 3287 1749 3357 imperator
1773 3303 1903 3343 cru-.

309 3385 433 3425 cem
468 3371 677 3425 Domini
705 3372 770 3427 de
803 3371 925 3426 fano
953 3371 1214 3439 Cosdroe,
1247 3376 1390 3444 quod
1421 3383 1540 3429 erat
1571 3376 1623 3429 in
1654 3375 1897 3441 Perside,

309 3463 495 3516 victor
525 3461 719 3516 detulit
772 3463 837 3518 in.
871 3447 1238 3528 Hierusalem,
1285 3472 1340 3518 et
1386 3463 1646 3519 exaltatio
1694 3476 1898 3519 sanctae

311 3551 499 3608 crucis
541 3551 596 3605 in
631 3567 783 3606 suam
805 3551 826 3584 '
853 3553 1126 3611 civitatem
1162 3562 1290 3608 tunc
1321 3552 1464 3608 facta
1494 3564 1596 3610 est.
1643 3553 1720 3608 Eo
1765 3561 1899 3608 tem-

313 3659 450 3714 pore
475 3643 755 3714 piissimus
777 3645 1068 3714 imperator
1090 3644 1333 3699 Eraclius
1354 3645 1654 3714 Dagoherto
1678 3659 1904 3699 numera

314 3735 612 3801 misit,.ct,
643 3737 849 3804 rogavit
885 3745 945 3790 ut
1000 3736 1279 3805 baptizare
1321 3736 1668 3804 compelleret
1713 3751 1907 3791 omnes

314 3820 522 3882 ludeos
543 3826 636 3904 qui
655 3835 811 3882 erant
835 3826 889 3881 in
912 3826 1057 3883 omni
1082 3841 1246 3899 regno
1274 3825 1418 3898 ejus;
1445 3827 1588 3898 quod
1615 3835 1668 3882 et
1694 3824 1896 3881 factum

315 3925 427 3974 est.
832 3920 834 3924 ’
1221 3963 1226 3967 .

391 4009 488 4066 49.
529 4010 652 4082 (Αη.
681 4011 804 4065 714.
835 4008 903 4066 G.
924 4028 970 4066 c.
996 4010 1084 4083 51)
1113 4012 1223 4066 (me
1253 4018 1495 4082 tegunlur
1517 4027 1536 4067 ε
1559 4011 1635 4066 Eo
1660 4020 1903 4080 tempore

317 4099 551 4171 Bipinus
583 4100 771 4157 Brevis
815 4103 1183 4172 supradictus,
1209 4112 1363 4173 pater
1402 4102 1666 4173 Drogonis
1701 4111 1756 4158 et
1780 4101 1903 4158 Gri-

320 4188 492 4244 maldi
521 4199 577 4244 et
619 4189 796 4245 Caroli
846 4191 1076 4246 Martelli
1111 4191 1154 4258 ⁶,
1199 4200 1481 4261 correptus
1515 4191 1660 4247 febre
1704 4192 1900 4256 valida,

320 4289 578 4336 mortuus
607 4291 804 4336 est.....
848 4282 1104 4338 discreto.
1134 4283 1199 4338 Et
1228 4292 1512 4354 postquam
1547 4293 1790 4338 mortuus
1821 4293 1906 4339 est

321 4371 675 4442 supradictus
722 4371 946 4442 Pipinus
995 4372 1220 4429 Vetulus
1269 4373 1350 4429 vel
1398 4374 1614 4437 Brevis,
1660 4373 1752 4444 qui
1801 4373 1906 4428 fuit

320 4476 567 4533 proavus
593 4463 772 4517 domui
804 4463 984 4518 Karoli
1017 4464 1358 4534 imperatoris
1387 4464 1588 4534 magni,
1621 4462 1818 4519 Franci
1849 4464 1902 4517 in

1977 1927 2359 1996 cognominare
2388 1926 2716 1994 Martellum,
2756 1927 2881 1996 quia
2912 1927 3054 1982 sicut
3099 1928 3375 1982 mat-tellus
3420 1944 3552 1981 cun-

1980 2025 2126 2077 ctum
2161 2016 2363 2071 ferrum
2393 2016 2612 2086 subigit,
2637 2017 2716 2072 sic
2749 2016 2862 2087 ipse
2893 2015 3001 2071 Deo
3042 2017 3330 2087 adjuvante
3357 2025 3556 2072 cuncta

1980 2107 2162 2179 prmlia
2192 2106 2491 2176 frangebat.

2051 2196 2138 2252 54.
2167 2197 2290 2268 (An.
2309 2196 2430 2250 756.
2462 2194 2824 2264 Fred.c.109)
2845 2197 3004 2250 add.:
3029 2194 3180 2250 Tunc
3209 2203 3451 2250 mortuus
3474 2203 3556 2248 est

1983 2288 2345 2343 Theodericus
2368 2303 2484 2356 rex,
2511 2287 2650 2341 filius
2674 2287 2954 2357 Dagoherti
2989 2287 3232 2350 minoris,
3256 2295 3310 2339 ct
3329 2285 3553 2340 Karolus

1985 2377 2261 2434 Martellus
2307 2378 2359 2432 in
2406 2377 2520 2446 ipsa
2564 2377 2877 2431 infirmitate
2923 2377 3003 2430 sui
3045 2376 3205 2444 jussit
3248 2377 3458 2431 elevare
3501 2378 3554 2432 in

1989 2482 2171 2536 regem
2220 2465 2549 2520 llildericum
2587 2464 2809 2520 fratrem
2847 2464 3184 2520 Theoderici.
3231 2465 3329 2532 Qui
3368 2480 3556 2520 vecors

1987 2566 2127 2624 erat,
2158 2557 2302 2612 sicut
2333 2564 2389 2610 et
2419 2554 2585 2610 frater
2627 2552 2743 2622 ejus
2773 2552 2978 2618 fuerat;
3025 2553 3119 2609 sed
3155 2553 3430 2609 meliorem
3467 2553 3558 2608 illo

1989 2663 2096 2702 non
2168 2654 2418 2717 poterant
2491 2644 2684 2700 Franci
2765 2644 3006 2699 invenire
3077 2643 3170 2700 de-
3222 2644 3370 2714 prole
3462 2659 3552 2699 re-

1989 2737 2236 2809 gali......
2545 2788 2550 2792 .

2060 2828 2184 2896 (An.
2209 2826 2330 2881 7M.
2363 2823 2524 2880 Fredt
2554 2843 2600 2880 ο.
2639 2824 2833 2897 HO)...
2865 2840 2930 2880 eo
2965 2836 3142 2895 pacto,
3184 2831 3242 2878 ut
3286 2823 3558 2878 Romanos

1990 2917 2304 2977 defenderet
2325 2917 2392 2972 de
2410 2916 2798 2988 Langobardis,
2823 2916 2914 2986 qui
2940 2915 3105 2970 multa
3130 2914 3270 2970 mala
3293 2915 3345 2969 in
3375 2923 3516 2971 terra
3541 2916 3562 2946 ⁹

1991 3009 2161 3066 sancti
2189 3008 2334 3064 Petri
2368 3006 2659 3062 faciebant.
2685 3007 2956 3076 lpse......’

2203 3097 2338 3154 ordo
2361 3097 2762 3154 sacratissimus
2789 3095 3059 3168 paschalis
3089 3098 3344 3153 turbatus
3363 3106 3446 3153 est
3473 3111 3568 3166 per

1917 3176 1962 3238 C
1997 3190 2190 3245 multas
2216 3191 2464 3261 regiones
2490 3204 2586 3259 per
2615 3203 2858 3244 errorem
2895 3197 2950 3243 et
2982 3189 3340 3258 ignorantiam
3383 3189 3564 3244 calcu-

1995 3280 2244 3345 latorum,
2273 3280 2366 3349 qui
2413 3280 2550 3335 bene
2596 3278 2913 3335 nesciebaut
2943 3278 2984 3309 ¹⁰
3018 3279 3304 3333 terminum
3336 3281 3567 3348 past-lup

1997 3370 2100 3426 lem
2132 3371 2390 3440 reperire,
2418 3379 2472 3426 et
2500 3385 2596 3440 per
2623 3371 2820 3425 multas
2847 3372 3094 3426 civitates
3121 3370 3452 3427 celebratum
3481 3381 3566 3427 est

1996 3457 2204 3532 pascha
2223 3462 2306 3517 vel
2334 3463 2388 3517 in
2436 3461 2636 3516 Marcio
2676 3462 2848 3516 velin
2897 3463 3069 3530 Aprili
3119 3459 3201 3517 vel
3249 3462 3301 3517 in
3336 3460 3568 3517 Maium.

1997 3553 2286 3609 Carolus...
2335 3552 2479 3607 obiit.
2524 3551 2577 3605 in
2637 3565 2769 3620 pace
2822 3565 2965 3604 anno
3006 3550 3048 3581 “
3095 3552 3574 3620 septingentesimo

1998 3642 2411 3715 quadragesimo
2465 3642 2640 3711 primo
2692 3643 2761 3696 ab
2815 3641 3188 3695 incarnatione
3223 3640 3456 3695 Domini.
3505 3641 3572 3694 Et

1999 3742 2146 3788 retro
2194 3732 2248 3785 in
2295 3731 2401 3785 alio
2453 3745 2596 3785 anno
2639 3731 2764 3785 dum
2798 3730 3034 3784 turbatio
3087 3729 3189 3784 fuit
3231 3732 3296 3785 de
3334 3731 3572 3799 pascha,

1999 3823 2184 3880 debuit
2228 3836 2347 3877 esse
2386 3819 2696 3876 Dominicus
2739 3821 2855 3875 dies
2903 3820 3323 3876 resurrectionis
3369 3820 3574 3875 Christi

2000 3921 2188 3970 octavo
2239 3909 2506 3965 Kalendas
2560 3908 2714 3975 Maii,
2759 3909 2899 3978 quod
2951 3908 3052 3963 fuit
3096 3909 3148 3963 in
3196 3908 3386 3963 ultimo
3431 3924 3573 3962 anno

2000 4005 2122 4062 cicli
2163 4001 2648 4065 decemnovenalis,
2687 4001 2897 4071 fuitque
2935 4002 3196 4056 terminus
3226 4001 3441 4070 pascha:
3476 3999 3575 4054 do-

2003 4096 2202 4155 minica
2234 4095 2278 4126 "
2307 4092 2524 4152 Osanna
2572 4091 2637 4146 l5
2668 4090 2789 4147 Kal.
2830 4090 2973 4145 Maii.
3012 4091 3276 4161 Regnavit
3317 4089 3576 4161 autenru

2002 4185 2230 4243 Karolus
2255 4181 2297 4214 “
2326 4181 2482 4236 annis
2510 4179 2604 4246 25,
2636 4180 2730 4235 sed
2779 4194 2884 4234 nou
2921 4187 3006 4233 est
3052 4188 3272 4232 vocatus
3305 4191 3420 4243 rex,
3452 4177 3578 4246 quia

2004 4277 2119 4347 ipse
2151 4291 2256 4330 non
2295 4271 2638 4344 permittebat
2667 4283 2726 4324 se
2756 4280 2938 4337 regem
2980 4267 3194 4331 vocari,
3235 4266 3338 4321 nisi
3386 4266 3578 4321 ducem

2004 4367 2365 4430 Francorum,
2404 4364 2528 4434 quia
2577 4361 2757 4431 pueris
2801 4359 3022 4428 regibus
3071 4356 3350 4413 deferebat
3400 4358 3578 4412 bono-

2008 4472 2121 4512 rem
2171 4454 2404 4511 nominis
2449 4452 2668 4523 regalis,
2697 4448 3036 4504 Theoderico
3067 4447 3315 4503 videlicet
3340 4456 3394 4502 et
3434 4446 3583 4503 Chil-

321 4551 577 4608 Francos
603 4552 832 4609 invicem
865 4555 1079 4609 irruunt
1104 4555 1156 4609 in
1188 4555 1344 4610 Cosia
1372 4555 1575 4610 silva...
1609 4553 1760 4609 Tunc
1785 4553 1907 4609 Ple-
1935 4522 1982 4581 θ
2008 4546 2208 4602 derico.
2253 4543 2500 4614 quamvis
2539 4540 2754 4611 ineptis,
2784 4537 3076 4608 prudentia
3103 4546 3158 4591 et
3187 4553 3347 4592 sensu
3384 4551 3584 4592 caren-

323 4636 564 4710 ctrudis,
595 4661 731 4700 uxor
752 4645 923 4716 Pipini
953 4645 1151 4711 Vetuli,
1182 4649 1348 4718 coepit
1375 4663 1472 4718 per
1501 4648 1774 4717 ingenium
1801 4645 1907 4701 Ka-

327 4733 514 4790 rolum
555 4734 876 4801 Martetlum,
919 4737 1085 4792 filium
1133 4737 1308 4807 Pipini
1354 4739 1646 4808 supradicti
1691 4739 1756 4793 de
1803 4739 1907 4792 alia

325 4840 508 4880 uxore
553 4825 828 4896 Calpiade,
878 4828 991 4897 qui,
1029 4827 1156 4883 dum
1198 4829 1299 4884 sub
1326 4829 1570 4885 custodia
1615 4837 1907 4892 teneretur,

327 4914 637 4970 auxiliante
667 4916 798 4982 Deo,
829 4918 917 4971 vix
944 4918 1138 4972 evasit.

362 5049 366 5051 μ
409 5006 500 5060 5-1.
537 5006 623 5074 (G.
647 5024 697 5061 ε.
719 5008 809 5079 35)
838 5010 912 5062 ita
942 5008 1215 5064 Gestorum
1252 5010 1606 5063 narrationem
1646 5025 1761 5062 cum
1790 5025 1910 5062 con-

330 5102 606 5154 tinuatam
647 5099 956 5171 Fredegarii
1001 5102 1318 5171 conjunxit:
1349 5101 1498 5157 Eudo
1541 5101 1909 5170 Chilpericutn

331 5189 388 5244 ei
436 5188 668 5244 reddidit
693 5205 814 5244 cum
853 5189 1033 5246 multis
1059 5191 1400 5256 muneribus;
1435 5200 1490 5245 ct
1516 5190 1743 5246 Karolus
1771 5189 1910 5243 Mar-

2009 4639 2153 4694 tibus
2190 4635 2256 4689 ¹⁸.
2302 4633 2448 4690 Obiit
2497 4635 2553 4688 li
2615 4632 3065 4692 Kal..Novemb.,
3109 4627 3320 4682 cunctis
3369 4627 3586 4697 ingyro

2010 4728 2193 4799 regnis
2221 4725 2528 4796 adquisitis,
2564 4720 2915 4792 sepultusque
2938 4724 3020 4772 est
3061 4715 3115 4770 in
3147 4713 3370 4769 basilica
3412 4713 3585 4768 sancti

2011 4818 2236 4875 Dionisii
2293 4814 2551 4870 martiris‘.
2600 4810 2821 4879 Pipinus
2872 4814 3060 4875 autem,
3102 4802 3329 4859 Vctulus
3361 4801 3404 4835 “
3434 4810 3589 4874 pater

2013 4911 2128 4980 ejus
2178 4907 2421 4981 regnavit
2471 4903 2534 4957 17
2581 4901 2737 4958 annis
2793 4901 2867 4957 int
2924 4909 3216 4970 puerorum
3280 4908 3466 4965 regum
3519 4891 3588 4948 ﬁ-

2014 5001 2364 5160 degglfdnn.
2394 5085 2556 5140 Laur.
2584 5100 2636 5138 a.
2659 5081 2806 5154 749.)
2834 5119 2847 5136 .
2885 5119 2900 5135 .
2925 5078 3077 5135 Tunc
3104 5074 3345 5132 dolentes
3365 5072 3592 5138 Francl,

2014 5182 2142 5253 quia
2169 5195 2274 5236 non
2319 5178 2584 5233 habebant
2618 5174 2941 5244 prudentem
2992 5181 3194 5236 regem,
3217 5164 3312 5221 sed
3338 5163 3452 5234 jam
3491 5174 3597 5231 per

1647 5316 1880 5375 VARUE
1920 5309 2321 5371 LECTIONES.

1595 5433 1616 5464 ⁸
1644 5448 1670 5485 e
1700 5447 1838 5484 corr.
1867 5430 1913 5484 l.

1603 5503 1785 5554 ’t.s.

407 5437 432 5471 ³
462 5435 855 5492 dedecaverunt
885 5452 1024 5490 corr.
1051 5435 1434 5490 dedicaverunt
1471 5435 1517 5487 l.

331 5506 656 5575 multum.
729 5509 750 5540 ⁷
780 5508 1003 5560 amicias
1033 5505 1084 5559 1.
1163 5505 1444 5575 “periurio
1481 5504 1526 5575 ἰ.

1817 5516 1867 5570 p.
1903 5499 1978 5550 bis
2023 5497 2275 5570 scriptum
2335 5496 2378 5570 1ε

2026 5425 2046 5458 ⁸
2081 5421 2359 5478 sanctam?
2433 5419 2452 5449 °
2482 5419 2555 5470 ita
2585 5413 2805 5486 Carolus
2842 5414 3082 5486 erigint‘c.
3107 5406 3404 5486 50_(Gesta_
3428 5422 3473 5459 c.
3499 5402 3589 5485 52)

2457 5488 2499 5519 ‘°
2534 5486 2753 5541 nuntius
2778 5483 2831 5535 2.
2917 5477 2961 5512 ¹’¹
2993 5482 3130 5534 deest
3173 5477 3235 5534 2.‘
3305 5477 3347 5508 “
3375 5477 3589 5531 domina

331 5557 430 5629 2r:
450 5557 691 5631 “ideo:
721 5557 1146 5630 2.wlv“Carolus
1197 5572 1472 5627 Martellus
1501 5573 1552 5625 2.
1638 5572 1677 5602 ⁸⁸
1719 5557 1994 5624 arentibus
2021 5565 2075 5618 2.
2130 5557 2198 5592 ἰθ
2231 5559 2471 5647 sepultus
2501 5557 2555 5610 2.

1862 5677 2099 5736 ΝΟΤιΕ.

317 5773 324 5782 ’
424 5777 498 5849 (2)
529 5779 893 5833 Maracharius
922 5742 1059 5849 apud
1089 5775 1246 5845 (ἶνες.
1280 5775 1432 5840 Tur.,
1468 5774 1529 5840 γ,
1560 5775 1645 5828 57.

2046 5772 2052 5776 ’
2088 5766 2162 5835 (3)
2199 5761 2565 5830 Fretlegundis
