4088 6396
476 329 547 384 23
1441 336 1449 343 τ
1499 330 1808 386 annuam
1845 332 1904 388 s.
1942 331 2217 387 emanat
2250 331 2552 390 MONACHI
2657 314 2665 357 ῖ
3642 326 3712 382 2t

472 439 673 497 mullus
720 452 892 492 annos
942 438 1314 493 sustinuerant
1359 441 1427 494 de
1472 442 1641 510 regali
1697 443 1851 512 prole
1903 443 2041 497 iusi-
2068 448 2120 504 Α
2214 442 2301 497 58.
2331 443 2488 504 (Ann.
2516 441 2680 494 Laur.
2713 459 2766 494 a.
2795 440 2920 511 765)
2954 479 2975 495 ,λ
3008 480 3020 493 .
3060 448 3115 495 et
3152 410 3466 495 rererleudo
3498 454 3592 509 per
3616 440 3718 497 Le-

472 530 684 601 pientes
742 528 925 594 viros,
959 527 1243 583 vo'hteruut
1297 529 1512 585 elevare
1554 532 1612 585 in
1668 547 1853 602 regem
1896 524 2042 601 Pipi-

474 635 602 676 num
629 620 801 674 Pium.
824 618 924 685 Qui
947 618 1082 673 nolit
1105 620 1477 689 adquiescere,
1498 622 1615 686 sed,
1638 622 1891 677 adunatis
1913 638 2046 677 cun-

473 710 579 765 ctis
608 708 941 779 primoribus
968 707 1322 771 Francorum,
1348 725 1415 765 ex
1464 719 1619 780 parte
1656 725 1843 765 eorum
1896 710 2049 765 misit

476 799 757 856 Romam.

546 889 637 945 57.
668 888 829 959 (Amr.
878 888 1044 942 Laur.
1094 888 1245 959 755.)
1267 928 1281 943 .
1310 927 1327 944 .
1358 888 1755 947 Carlomannus
1783 928 1798 943 .
1826 928 1842 944 .
1873 889 2057 945 Fran-

476 978 617 1034 ciam
643 977 811 1040 venit,
843 987 904 1032 ut
933 985 1237 1048 reportaret
1258 978 1315 1033 in
1340 977 1625 1034 Cassiuum
1645 993 1845 1049 corpus
1873 977 2050 1033 sancti

478 1067 761 1124 Benedicti

2154 546 2395 587 moneas
2418 533 2642 587 contulit
2669 541 2858 587 sancto
2882 530 3119 586 Marciali
3148 532 3193 563 ’τ
3212 531 3449 586 bauuum
3492 546 3718 586 aureum

2150 622 2290 690 quod
2316 630 2555 690 coeperat
2598 621 2650 675 in
2691 620 2885 691 proelio
2917 618 3199 685 Wail‘erii,
3245 619 3511 690 simulque
3553 619 3720 676 dona-

2150 709 2228 762 vit
2255 707 2436 761 villam
2464 708 2531 763 de
2554 718 2742 763 sancto
2762 705 3009 762 Valerico
3047 708 3325 763 canonicis
3360 707 3532 763 sancti
3575 707 3720 764 Mare

2149 798 2323 855 cialis.
2354 799 2423 853 Et
2455 799 2730 855 canonicis
2748 799 2921 855 sancti
2945 798 3200 870 Stephani
3230 800 3377 855 dedit
3402 799 3584 856 villam
3614 815 3720 871 que

2149 877 2347 944 dicitur
2366 888 2826 956 Solanuiacensis,
2857 898 2912 946 et
2937 891 3200 946 remeavit
3231 891 3282 944 in
3309 889 3616 945 Franciam.

2221 979 2310 1033 59.
2342 1019 2356 1032 .
2389 1019 2404 1032 .
2462 982 2894 1051 planxeruntque
2936 994 3058 1035 eum
3114 979 3191 1051 (4)
3243 980 3439 1036 Franci
3501 979 3718 1051 planetu

2153 1080 2438 1140 magno,et
2468 1070 2947 1142 regnavitCarolus
2967 1069 3190 1142 Magnus
3216 1069 3355 1126 ﬁlius
3378 1070 3493 1140 ejus
3522 1083 3725 1145 proco.

1589 1198 1943 1286 LIBER
2003 1196 2610 1289 SECUNDUS

555 1347 606 1400 ἰ.
634 1346 678 1400 Α
717 1360 891 1417 primo
914 1360 1040 1416 rege
1072 1345 1402 1401 Francorum
1458 1345 1699 1399 dicemus
1742 1342 2049 1413 prosapiam

480 1440 661 1497 domui
684 1440 912 1511 precelsi
949 1441 1091 1510 regis
1120 1441 1294 1510 Magni
1323 1439 1524 1504 Karoli,
1552 1454 1711 1509 quem
1743 1441 1881 1495 Deus
1904 1455 2052 1494 ama-

476 1529 561 1585 vit
582 1536 636 1584 et
657 1530 914 1584 exaltavit
941 1538 994 1584 et
1034 1544 1285 1599 magnum
1327 1531 1622 1599 principem
1667 1538 1723 1585 et
1761 1530 2049 1585 amabilem

482 1632 514 1674 a
548 1629 745 1675 cuncto
770 1618 964 1689 populo
984 1619 1295 1674 Christiano
1328 1634 1425 1686 per
1452 1622 1759 1674 universum
1793 1621 2050 1674 mundum

2152 1341 2293 1397 l'ulas
2323 1340 2559 1397 tenebat.
2602 1341 2719 1410 Quo
2761 1351 3002 1414 tempore
3050 1344 3311 1414 regnabat
3346 1359 3467 1399 eum
3510 1343 3725 1401 Childe-

2150 1432 2307 1487 berto
2333 1431 3060 1503 Theodebertusneposejus,
3089 1433 3229 1488 ﬁlius
3251 1431 3585 1488 Theoderici.
3604 1433 3727 1500 Quo

2153 1528 2394 1590 tempore
2423 1520 2730 1575 claruerunt
2760 1529 2979 1576 sanctus
3004 1520 3292 1591 Gregorius
3316 1535 3451 1592 papa
3490 1519 3723 1590 primus,

2153 1618 2208 1664 et
2227 1610 2521 1678 Gregorius
2546 1611 2830 1680 episcopus
2866 1611 3218 1677 Turonensis,
3248 1620 3302 1667 et
3341 1620 3562 1667 sanctus
3585 1612 3723 1668 Arc-

481 1709 635 1766 ιεοει,
658 1709 828 1781 κείων
850 1709 927 1778 (5)
952 1710 1004 1764 in
1039 1718 1277 1779 tempore
1301 1707 1658 1763 Valentiniani
1688 1706 1733 1742 nt
1754 1694 2053 1779 'impemo-
2083 1729 2131 1790 Β
2154 1701 2277 1755 dius
2303 1702 2494 1767 abbas,
2518 1711 2575 1757 et
2595 1702 2843 1757 Nicecius
2871 1703 3156 1773 episcopus
3175 1702 3569 1774 Lugdunensis.
3595 1703 3730 1761 Post.

454 1802 579 1865 .ris,
604 1802 695 1871 qui
719 1800 977 1871 septimus
998 1799 1270 1869 Augustus
1294 1798 1393 1853 fuit
1420 1816 1447 1854 a
1475 1799 1829 1855 Constantine
1863 1800 2054 1869 Magno

484 1895 610 1949 divo
634 1894 873 1965 Augusto
889 1933 905 1958 ,
929 1907 1086 1962 quem
1117 1901 1336 1946 sanctus
1359 1906 1495 1962 papa
1520 1891 1779 1947 Silvester
1816 1891 2065 1961 baptiza-

482 1983 585 2047 vit,
611 1984 710 2038 sub
748 1996 855 2051 quo
905 1990 1145 2051 tempore
1186 1990 1407 2036 sanctus
1454 1980 1799 2036 liieronimus
1835 1981 2056 2049 claruit,

486 2071 682 2125 Franci
706 2072 880 2125 adhuc
923 2085 1114 2141 pagani
1150 2070 1378 2139 primum
1432 2085 1582 2140 reges
1630 2070 1831 2130 habere
1872 2085 2058 2145 cmpe-

485 2168 610 2213 runt
635 2160 700 2212 de
734 2167 905 2213 semet
934 2159 1083 2228 ipsis.
1118 2159 1331 2213 Primus
1357 2159 1538 2228 itaque
1586 2175 1681 2219 rex
1720 2163 2054 2219 Francorum

481 2245 583 2300 fuit
609 2247 827 2301 nomine
852 2247 1247 2309 Faramundus,
1280 2246 1422 2305 ﬁlius
1445 2247 1783 2308 Marcomiris
1815 2251 2056 2320 ejusdem

483 2338 657 2409 smus
704 2336 952 2395 inlustris
994 2340 1115 2394 viri.
1168 2339 1297 2396 Post
1353 2341 1754 2396 Faramundum
1810 2343 2059 2415 regnavit

484 2430 673 2485 Clodio
694 2430 837 2485 ﬁlius
867 2431 1008 2499 ejus.
1058 2431 1187 2486 Post
1235 2431 1545 2487 Clodionem
1592 2434 1840 2504 regnavit
1885 2434 2035 2491 Mero

484 2537 617 2593 reus
646 2521 784 2576 ﬁlius
817 2522 954 2592 ejus.
992 2522 1121 2577 Post
1157 2522 1462 2578 Met-oveum
1511 2524 1760 2594 regnavit
1801 2524 2054 2581 Childeri-

488 2628 585 2667 ens
612 2612 763 2675 ﬁlius
809 2611 947 2680 ejus.
997 2612 1114 2679 Quo
1176 2623 1417 2683 tempore
1462 2623 1684 2670 exortus
1735 2624 1817 2669 est
1869 2616 2065 2672 beatus

491 2703 788 2773 Eparehius
813 2718 878 2759 ex
903 2703 1122 2758 civitate
1147 2702 1521 2773 Petrugorica,
1551 2714 1706 2774 patre
1733 2705 1915 2760 Felice
1950 2705 2058 2760 Au-

490 2792 659 2857 reolo,
683 2794 880 2849 comite
940 2792 1175 2861 ejusdem
1225 2795 1480 2849 civitatis.
1538 2794 1667 2850 Post
1694 2795 2057 2851 Childericum

492 2884 735 2953 regnavit
762 2883 1061 2939 Ctodoveus
1082 2882 1226 2940 ﬁlius
1246 2898 1381 2952 ejus,
1407 2885 1503 2954 qui
1518 2886 1723 2955 primus
1753 2887 1820 2941 de
1842 2887 2059 2958 regibus

492 2973 822 3028 Francorum
854 2973 1082 3029 credidit
1104 2973 1156 3027 iu
1182 2972 1481 3039 Christum,
1498 2983 1556 3029 et
1578 2975 1888 3044 baptizatus
1918 2982 2005 3032 est
2026 2989 2057 3029 a

2154 1793 2853 1863 Childebertum'reguavit
2901 1793 3174 1849 Clotarius
3218 1792 3387 1849 frater
3432 1792 3582 1861 ejus,
3629 1795 3731 1865 qui

2155 1892 2398 1938 sanetam
2444 1883 2825 1953 Radegundem
2861 1884 2919 1938 in
2947 1883 3293 1939 matrimonio
3336 1883 3544 1938 habuit.
3597 1883 3731 1938 Post

2155 1973 2449 2028 Clotarium
2475 1974 2719 2044 regnavit
2744 1972 3079 2043 Chilpericus
3102 1972 3241 2028 ﬁlius
3264 1971 3379 2041 ejus
3398 1986 3525 2028 cum
3552 1973 3728 2026 tribus

2155 2064 2417 2124 fratribus
2446 2066 2579 2134 suis,
2606 2065 2904 2132 Cunnum,
2934 2065 3271 2124 Guntramno
3316 2073 3371 2118 et
3416 2063 3727 2133 Sigehertn,

2155 2162 2244 2231 qui
2276 2161 2466 2217 habuit
2492 2161 2893 2217 Brunichildem
2918 2161 2969 2216 in
2996 2161 3364 2218 matrimonio.
3406 2154 3533 2215 Post
3581 2155 3739 2215 Clﬂi

2153 2251 2394 2322 pcricum
2442 2252 2688 2321 regnavit
2733 2251 3004 2306 Clotarius
3054 2251 3195 2306 ﬁlius
3243 2250 3389 2321 ejus.
3419 2249 3731 2306 Clotbarius

2156 2344 2260 2402 iste
2281 2344 2469 2416 genuit
2492 2343 2853 2415 Dagobertum
2878 2352 2933 2399 et
2962 2343 3124 2398 ﬁliam
3165 2359 3326 2398 uuam
3360 2341 3578 2398 nomine
3617 2340 3742 2395 ΒΗ·-⁴

2156 2435 2339 2492 tiidcm
2370 2435 2469 2506 (6);
2496 2437 2565 2492 de
2590 2451 2693 2506 qua
2722 2432 2938 2491 Blitilde
2962 2435 3062 2490 fuit
3089 2435 3364 2506 generatio
3397 2434 3577 2490 domni
3620 2432 3745 2488 Ca-‘

2155 2527 2279 2583 roli.
2311 2527 2444 2582 Nam
2472 2528 2579 2582 ista
2608 2527 2860 2590 Blitildis,
2904 2542 3061 2584 soror
3092 2526 3375 2597 Dagoberti
3418 2526 3582 2596 regis,
3627 2526 3729 2580 ha-

2154 2619 2272 2674 buit
2330 2621 2503 2674 virum
2553 2619 2609 2674 in
2664 2617 2913 2689 eonjugio
2977 2618 3210 2675 nobilem
3282 2618 3426 2673 inter
3486 2616 3730 2672 Francos

2156 2709 2373 2763 nomine
2424 2708 2770 2772 Ansbertum,
2807 2708 2874 2762 de
2902 2723 3009 2778 quo
3054 2707 3238 2778 genuit
3287 2706 3456 2760 ﬁlium
3509 2707 3739 2786 nomine.

2159 2797 2471 2855 Arnaldum.
2502 2798 2776 2863 Arualdus
2805 2788 3005 2869 genuit
3029 2794 3335 2861 Amulium,
3383 2795 3472 2865 qui
3515 2804 3727 2866 postea,

2159 2889 2413 2943 derelicto
2441 2874 2644 2953 seculo,
2674 2887 2847 2943 factus
2874 2896 2957 2942 est
2978 2887 3266 2959 episcopus
3283 2884 3447 2941 Metis.
3464 2884 3725 2941 civitatis.

2159 2978 2438 3043 Arnult‘us,
2468 2988 2758 3049 antequam
2804 2986 2948 3034 esset
2997 2977 3247 3043 clericus,
3278 2975 3467 3031 habuit
3502 2991 3729 3031 uxorem

492 3073 686 3122 sancto
712 3066 958 3136 Remigio
987 3067 1239 3137 episcopo
1267 3082 1389 3121 cum
1419 3068 1561 3121 omni
1588 3069 1830 3123 exercitu
1877 3083 1975 3123 suo
1994 3077 2056 3123 et
2084 3086 2128 3149 ρ
2160 3067 2377 3122 nomine
2399 3066 2617 3138 Begam,
2649 3066 2815 3121 ﬁliam
2844 3064 3018 3136 Pipini
3046 3064 3268 3133 majoris
3293 3065 3506 3129 domus,
3537 3071 3593 3119 et
3635 3078 3727 3134 ge-

493 3155 743 3211 ttuiverso
765 3157 960 3226 populo
979 3155 1334 3211 Francorum.
1367 3156 1495 3213 Post
1517 3157 1841 3214 Clodoveum
1866 3173 2056 3229 regna-

490 3247 572 3301 vit
592 3246 967 3302 Chiklebertus
994 3246 1136 3300 ﬁlius
1157 3247 1272 3316 ejus
1297 3262 1416 3302 cum
1443 3248 1612 3302 tribus
1638 3247 1896 3304 fratribus
1920 3249 2054 3314 suis,

491 3336 849 3403 theoderico,
897 3336 1203 3393 CEodomire
1246 3345 1302 3391 et
1348 3336 1606 3392 Clotario.
1656 3339 1777 3404 Quo
1817 3347 2061 3409 tempore

490 3436 714 3491 nanctus
738 3427 1040 3496 lipsi-chius
1067 3426 1123 3482 in
1149 3427 1415 3498 Egolisma
1441 3429 1732 3484 virtutibus
1753 3432 1966 3496 claruit,
1984 3439 2058 3498 et,

495 3518 616 3587 ipso
637 3516 911 3572 Childebet
925 3528 979 3572 to
1003 3525 1278 3586 regnante,
1310 3526 1431 3587 post
1467 3520 1920 3590 septuagesimum
1967 3516 2094 3574 an-‘

491 3620 623 3663 num
652 3607 825 3662 aetatis
853 3622 963 3662 sua:
990 3607 1042 3661 in
1065 3622 1199 3677 pace
1219 3608 1285 3661 ad
1314 3607 1600 3663 Dominum
1644 3611 1912 3679 migravit.
1944 3611 2063 3677 Quo

499 3702 740 3768 tempore
768 3695 1088 3753 Anastasius
1114 3698 1406 3766 imperator
1429 3698 1702 3769 Augustus
1727 3699 1936 3769 imperii
1980 3701 2064 3755 iit-

2162 3159 2278 3213 nuit
2300 3174 2363 3214 ex
2392 3175 2458 3214 ea
2481 3159 2863 3230 Ansegisilum.
2909 3158 3241 3231 Ausegisilus
3284 3157 3333 3190 θ’
3368 3158 3553 3230 genuit
3576 3156 3743 3227 Pipi-'

2163 3264 2290 3304 num
2330 3249 2577 3304 Vetuium
2604 3249 2858 3311 Brevem,
2899 3249 2989 3317 qui
3036 3247 3134 3303 fuit
3179 3249 3380 3303 abavus
3414 3247 3592 3303 domni
3620 3247 3728 3301 Ka-

2163 3341 2261 3396 roli
2292 3342 2452 3410 regis.
2491 3341 2714 3410 Pipinus
2758 3339 2983 3395 Yetulus
3021 3340 3127 3395 dux
3170 3339 3503 3394 Francorum
3539 3338 3734 3410 genuit

2164 3431 2414 3487 Karolum
2438 3432 2760 3509 lilartcllum.
2798 3431 3026 3486 Karolus
3054 3429 3329 3486 Martellus
3362 3431 3544 3502 genuit
3582 3429 3727 3499 Pipi—

2165 3540 2293 3578 num
2315 3524 2492 3589 Pium,
2541 3525 2633 3595 qui
2686 3524 2752 3579 de
2798 3523 2885 3578 illa
2926 3516 3064 3578 linea
3094 3522 3456 3593 generationis
3483 3520 3727 3576 elevatus

2165 3627 2245 3672 est
2274 3616 2482 3686 primus
2507 3632 2535 3669 a
2573 3616 2796 3670 Francis
2840 3616 2893 3670 in
2940 3629 3118 3684 regem
3143 3653 3158 3678 ,
3202 3621 3458 3669 evacuata
3506 3611 3734 3666 omnino

2166 3705 2305 3761 linea
2352 3710 2422 3761 de
2458 3721 2658 3777 genere
2701 3704 3049 3759 Faramundi.
3097 3703 3322 3773 Pipinus
3373 3702 3502 3757 Pius
3544 3701 3727 3774 genuit

556 3829 621 3884 In
664 3832 779 3885 cod.
822 3830 857 3884 2
907 3849 956 3885 α.
1008 3830 1119 3902 755
1159 3831 1270 3884 lum:
1313 3829 1584 3902 adduntur
1625 3845 1645 3883 :
1681 3832 1839 3902 Anno
1890 3848 2019 3887 vero
2057 3834 2531 3901 septingentesimo
2562 3833 2653 3898 55,
2692 3846 2817 3902 sepe
2846 3830 3184 3902 “nominatus
3234 3827 3732 3902 pa_pa_Ste_phanus

518 3966 521 3967 ν
567 3916 690 3954 eum
721 3902 809 3970 pio
854 3916 977 3970 rege
1009 3900 1217 3970 Pipino,
1256 3908 1375 3967 post
1403 3900 1797 3970 dedicationem
1828 3901 2071 3957 Parisius
2098 3898 2150 3957 in
2178 3898 2420 3958 recclesia
2466 3905 2605 3958 beati
2656 3898 2877 3957 Dionisii
2906 3899 3126 3970 factam,
3154 3899 3260 3953 iter
3296 3899 3348 3952 in
3374 3898 3725 3970 [Aquitaniam

568 3966 794 4032 faciens,
834 3966 1003 4039 usque
1032 3966 1096 4023 ad
1129 3966 1306 4023 locum
1338 3969 1430 4037 qui
1466 3968 1661 4024 Fiacus
1702 3971 1780 4038 (7)
1810 3974 2119 4027 nominatur
2144 3974 2190 4005 ¹⁰
2225 3975 2576 4026 devenerunt.
2622 3971 2698 4026 lbi
2738 3972 2881 4025 enim
2917 3967 3194 4039 piissimus
3234 3982 3327 4022 rex
3373 3966 3617 4039 Pipinus,
3649 3968 3728 4021 di-

564 4041 691 4095 vino
717 4037 950 4095 monitus
981 4039 1196 4103 nuncio,
1228 4039 1611 4092 monasterium
1650 4040 1701 4093 in
1732 4042 1938 4097 honore
1967 4044 2148 4097 mundi
2179 4042 2474 4097 Salvatoris
2505 4037 3019 4104 construxerat,’ad
3057 4038 3215 4105 cujus
3258 4037 3726 4092 consecrationem

568 4111 755 4182 ipsum
784 4125 974 4180 papam
1018 4107 1577 4182 seettm__adduxerat;
1603 4111 1705 4182 sed
1737 4112 1921 4182 divino
1948 4123 2241 4182 preventus
2278 4122 2360 4166 est
2407 4112 2688 4166 miraculo.
2736 4110 2892 4175 Nam,
2919 4118 3076 4182 nocte
3113 4106 3541 4182 consecrationis
3583 4105 3725 4182 diem

567 4175 912 4248 precedente,
936 4194 964 4232 a
995 4176 1262 4233 nonnullis
1294 4191 1455 4248 voces
1506 4178 1843 4248 psallentium
1887 4175 2220 4238 in'aecclesia
2252 4182 2437 4235 eadem
2485 4182 2667 4235 audite
2695 4188 2851 4242 sunt,
2893 4186 2971 4241 et,
3010 4177 3098 4231 die
3135 4176 3497 4248 illucescente,
3542 4175 3729 4248 subito

567 4245 738 4305 nubes
768 4250 1103 4320 densissima,
1149 4246 1823 4320 suavissimoufragaute“
1854 4252 2075 4313 hodore,
2124 4261 2291 4306 totam
2338 4251 2507 4319 ipsius
2547 4250 2727 4320 templi
2766 4248 3106 4320 superﬁciem
3150 4248 3235 4300 ita
3264 4245 3619 4320 cohoperuit,
3664 4253 3730 4301 ut

569 4322 789 4374 omnino
834 4317 1043 4390 ingredi
1077 4316 1386 4390 volentibus
1426 4315 1631 4390 aditum
1672 4321 1981 4390 denegaret.
2015 4322 2171 4377 Circa
2217 4315 2531 4376 vero'illius
2574 4315 2946 4390 terciantg‘diei
2980 4318 3167 4390 horam
3202 4316 3352 4390 nube
3393 4315 3723 4390 discedente,

568 4390 797 4444 domnus
821 4384 953 4458 papa
984 4387 1290 4458 Stephanus
1314 4401 1446 4458 cum»
1468 4384 1887 4458 coepiscopisac
1908 4390 2124 4445 clericis
2146 4400 2201 4446 et
2231 4406 2323 4444 rex
2352 4391 2735 4444 serenissimus
2761 4388 2984 4458 Pipinus
3009 4385 3306 4458 mcclesiam
3335 4384 3723 4458 ingredientes,

568 4459 805 4528 parietes
824 4454 1096 4528 animus
1126 4470 1279 4528 sacra
1307 4454 1841 4528 unctionetliviuitus
1866 4471 2178 4515 consecrata
2204 4468 2622 4527 conspexerunt.
2650 4457 2804 4515 Unde
2826 4454 3060 4528 nimium
3096 4454 3351 4528 admirati
3378 4454 3723 4528 maximoque

567 4523 764 4597 gaudio
794 4527 1000 4598 repleti,
1035 4525 1379 4598 supradictus
1412 4524 1736 4598 pontiferet
1767 4544 1854 4583 rex
1884 4523 2583 4598 clementissimusPipinus
2622 4529 2940 4598 innumeras
2969 4525 3079 4579 Deo
3106 4524 3310 4598 gratias
3333 4524 3628 4598 reddentes
3653 4523 3722 4586 ",

571 4591 745 4653 Eidem
773 4591 1018 4652 accelesie
1056 4591 1302 4667 diversos
1323 4591 1582 4667 honores,
1602 4596 1771 4660 villas,
1800 4601 2190 4664 possessiones,
2218 4591 2441 4652 castella
2466 4614 2527 4653 ac
2550 4598 2775 4667 plurima
2814 4596 2926 4649 loca
2955 4591 3297 4649 contulerunt
3325 4592 3425 4663 (8),
3470 4591 3725 4646 videlicet

572 4668 959 4742 monasterium
1003 4668 1069 4742 de
1114 4662 1349 4742 J_unaute
1385 4663 1490 4735 (9),
1536 4665 1723 4742 olim__a
1754 4662 2129 4742 potentissimo
2167 4669 2494 4742 Francorum
2548 4662 2674 4742 rege
2717 4667 2997 4742 _Clodo_veo
3048 4662 3441 4742 constructum,
3489 4676 3555 4716 ac
3599 4673 3745 4742 post-

570 4738 864 4794 multorum
912 4731 1490 4804 curriculaaunot‘um
1538 4735 1717 4804 nimiis
1754 4731 2068 4804 pluviarum
2119 4754 2183 4793 ac
2230 4738 2511 4792 ﬂuviorum
2566 4731 3004 4790 inundationibus
3049 4731 3623 4804 funditus__evcrsum,
3669 4740 3728 4784 et

568 4809 954 4880 monasterium
984 4803 1153 4880 sancti
1179 4802 1418 4880 Quintini
1450 4803 1515 4856 de
1548 4800 1783 4860 Galliaeo
1812 4806 1922 4880 (10)
1953 4817 2003 4861 et
2034 4808 2416 4880 heremitarum
2448 4806 2763 4880 Coneheuse
2808 4800 3235 4880 cenobiu_m_(li)
3256 4801 3509 4880 aliasque
3533 4814 3724 4880 quam-

574 4877 755 4951 plures
806 4876 1089 4936 ecclesias,
1139 4886 1202 4951 a_c
1253 4872 1540 4951 maximam
1586 4868 2419 4951 partem:eircuntadjacentiutn
2457 4878 2746 4951 regionum
2791 4887 2913 4951 esse
2959 4868 3225 4951 subuju‘re
3244 4868 3433 4951 ipsius
3468 4868 3741 4951 aecclesige

572 4940 992 5006 constituerunt,
1027 4958 1091 4997 ac
1132 4942 1200 4995 ab
1228 4942 1372 4994 omni
1418 4940 1651 4996 humano
1689 4946 1908 4999 servitio
1955 4940 2187 5002 liberam
2226 4945 2469 5001 ﬁerinisi
2514 4940 2628 4999 s'ola
2673 4942 2896 4999 Romani
2928 4940 3216 5010 pontiﬁcis
3242 4940 3467 5010 tuitioue
3485 4940 3735 5010 propriis

565 5016 860 5087 privilegiis
908 5023 1255 5069 saucxeruut.
1300 5010 1395 5066 llis
1433 5011 1613 5080 itaque
1660 5014 2008 5085 solempniter
2057 5017 2312 5086 peractis,
2354 5015 2661 5085 Stephanus
2705 5027 2840 5083 papa
2884 5006 3007 5066 cum
3042 5025 3167 5081 rege
3205 5008 3261 5063 in
3303 5006 3592 5063 Frattc'tam
3637 5021 3733 5063 ree-

1776 5152 1861 5206 VA
1873 5154 2007 5208 BHE
2040 5154 2442 5211 LECTIONES.

570 5084 714 5140 versi
755 5084 900 5139 sunt.

568 5246 616 5281 "
643 5244 874 5301 martiali
904 5244 959 5296 2.
992 5240 1079 5293 ubi
1121 5239 1453 5294 bannum—
1474 5237 1705 5296 waiferii
1734 5242 1941 5298 desunt.
2017 5244 2061 5277 ³⁸
2100 5245 2392 5302 valentiani
2433 5244 2485 5298 1.
2563 5243 2605 5277 ¹⁹
2638 5240 2908 5312 ansegilus
2933 5242 2985 5295 1.

498 5315 683 5390 εἷαηῑθ
708 5333 755 5371 c.
832 5316 879 5345 ”
916 5315 1159 5368 redcutes
1186 5327 1234 5362 c.

3065 5240 3113 5275 η
3137 5239 3407 5293 uomiatur
3428 5252 3478 5293 c.
3550 5235 3595 5269 ⁸⁸
3622 5233 3732 5291 {ra-

2007 5381 2236 5444 NOTAE.

572 5475 652 5611 μζ
679 5474 991 5545 Pippinum.
1082 5504 1089 5505 ί
1178 5476 1181 5479 ’

572 5545 626 5611 (5
670 5544 845 5598 Etiam
876 5560 994 5611 qua:
1017 5559 1181 5611 sequu

571 5543 647 5614 (5)
670 5543 845 5598 Etiam
868 5560 994 5614 qua:
1017 5553 1316 5614 sequuntur
1353 5556 1603 5613 magnam
1631 5550 1837 5614 partem
1869 5556 1936 5598 ex
1960 5543 2065 5599 Ge-

501 5612 600 5669 slis
633 5628 811 5679 regunt
841 5613 1167 5666 Francorum
1191 5612 1478 5666 ﬂuxerunt.

540 5682 759 5778 ﬁgi)qu
793 5680 1171 5750 Genealogiam
1220 5680 1278 5734 S.
1325 5681 1533 5738 Arnulﬁ
1568 5680 1800 5738 Monum.
1857 5679 1956 5736 SS.
1999 5682 2063 5748 ll,

499 5752 624 5815 508,
650 5752 774 5805 315.

574 5821 650 5893 (7)
676 5820 871 5895 Figeae
896 5821 948 5877 in
971 5820 1171 5875 diocesi
1198 5820 1509 5876 Caturceusi
1534 5888 1537 5889 ν

2241 5475 2318 5546 (8)
2339 5473 2590 5546 Diploma
2609 5471 2845 5546 _Pippini
2894 5468 3108 5546 falsum:
3253 5463 3731 5546 [Zachcry'SpiciL

2171 5534 2385 5608 edit.'2,
2409 5534 2495 5607 lli,
2516 5557 2567 5610 p.
2608 5534 3019 5610 519'.'Steph_ani
3058 5536 3231 5593 Gallia
3260 5534 3477 5592 Christi
3498 5534 3538 5601 Ι,
3571 5534 3660 5591 45.

2242 5615 2319 5683 (9)
2344 5614 2415 5667 La
2440 5608 2610 5666 vallée
2640 5612 2706 5666 de
2723 5608 2981 5683 ‘Zunault.

2273 5684 2353 5755 ω)
2378 5684 2433 5755 l_n
2459 5697 2596 5752 pago
2625 5689 2685 5755 et
2704 5681 2842 5755 dioc.
2874 5676 3210 5755 Calurpensi.
3251 5724 3280 5755 π

2273 5686 2353 5745 l0)
2378 5686 2433 5736 ln
2459 5697 2596 5752 pago
2625 5689 2680 5735 et
2704 5686 2842 5734 dioc.
2874 5686 3210 5732 Catureensi.
3265 5724 3280 5732 _

2242 5686 2353 5822 ill)
2375 5751 2646 5819 Conques,
2674 5750 2726 5803 in
2760 5748 2899 5804 dioc.
2933 5743 3287 5800 Rutheucusi.
