4088 6434
331 399 397 456 25
1309 394 1780 452 HISTORIARUM
1822 392 1998 448 LIBRI
2035 391 2234 447 TRES.
2263 418 2334 433 -—
2357 403 2481 444 Lm.
2522 390 2584 445 Il.
3499 386 3570 443 26

332 512 578 566 domuum
625 522 806 578 regem
843 507 1146 575 Augustum
1197 506 1576 575 imperatorem
1613 505 1891 558 Karolum.
1924 508 1971 565 Α
1999 500 2222 554 Romani
2247 499 2518 568 elegerunt
2545 499 2646 551 sibi
2674 497 2991 550 advocatum
3016 495 3186 550 sancti
3207 493 3350 549 Petrt
3375 504 3568 550 contra

331 601 566 655 Domuus
595 597 826 652 Karolus
845 597 1031 668 genuit
1057 597 1311 648 domuum
1332 594 1624 648 Ltttloicttm
1662 595 1891 661 impera-

327 699 515 745 torem.
542 688 814 744 Ludoicus
840 689 1025 759 genuit
1060 685 1312 741 Carolum
1361 684 1584 741 Calvum
1626 701 1693 739 ex
1742 683 1894 740 Judit

1994 609 2150 664 reges
2188 591 2687 662 Langobardorum.
2718 588 2919 641 Deinde
2956 587 3130 656 ipsum
3172 587 3426 642 domuum
3465 588 3570 642 Ca-

1999 684 2170 737 rolum
2219 683 2501 753 elegerunt
2546 680 2650 734 sibi
2704 678 2758 733 in
2822 676 3106 747 patricium
3175 675 3565 732 Romanorum.

323 778 530 848 regina.
560 776 666 833 Sed
694 788 940 832 revertar
963 777 1030 831 ad
1057 777 1305 831 ordinent
1332 791 1538 844 regum.
1559 774 1688 830 Post
1713 776 1898 831 Clota-
1994 776 2197 830 Deinde
2244 776 2589 829 elevavernnt
2636 773 2689 827 in
2743 773 3119 841 imperatorem
3155 777 3211 826 et
3243 768 3565 838 Angustum.

322 867 458 921 rium
493 868 742 937 regnavit
773 866 1106 935 Dagobcrtus
1141 864 1284 919 lilius
1304 864 1422 932 ejus
1446 904 1463 929 ,
1502 880 1611 935 qtto
1650 875 1892 935 tempore

321 963 543 1010 sanctus
587 954 805 1027 Elegins
852 954 1138 1024 episcopus
1187 953 1399 1008 claruit.
1440 952 1536 1009 Cui
1586 954 1891 1025 Dagoberto

318 1044 413 1099 fuit
436 1044 660 1114 Pipinus
690 1045 863 1114 major
883 1046 1077 1098 domus
1103 1044 1187 1098 vir
1208 1044 1487 1114 egregius,
1532 1044 1686 1115 cujus
1713 1045 1887 1113 Pipiui

317 1133 479 1186 Iiliatn
504 1135 722 1189 nomine
745 1132 965 1206 [Begant
993 1132 1061 1205 ”]
1093 1134 1305 1203 accepit
1334 1134 1385 1189 in
1433 1150 1658 1191 uxorem
1694 1136 1891 1190 Arnul-

313 1218 395 1276 fus
418 1222 502 1274 vir
526 1220 917 1285 nobilissimus,
950 1231 1103 1290 pater
1120 1222 1410 1292 Ausegisili
1436 1225 1504 1275 “.
1541 1223 1670 1278 Post
1710 1224 1887 1291 Dago-

311 1307 525 1364 bertam
577 1313 823 1380 regnavit
866 1309 1169 1367 Clodoveus
1216 1312 1359 1366 filius
1409 1311 1549 1381 ejus,
1576 1314 1665 1382 qui
1705 1314 1890 1369 habuit

310 1410 555 1456 sanctam
601 1402 885 1457 Baltildem
937 1403 990 1458 in
1042 1404 1409 1460 matrimonio.
1464 1404 1582 1472 Quo
1646 1414 1889 1475 tempore

308 1493 482 1547 sancti
508 1492 786 1548 Benedicti
809 1509 1011 1564 corpus
1039 1494 1363 1549 translatum
1390 1504 1474 1551 est
1504 1497 1570 1551 de
1609 1496 1889 1551 Beneven-

304 1593 359 1638 to
390 1585 445 1639 in
473 1585 784 1650 Franciam,
820 1588 873 1641 in
902 1588 1028 1642 villa
1073 1587 1340 1644 Floriaco.
1391 1589 1521 1645 Post
1555 1589 1885 1646 Clodoveutn

305 1674 549 1743 regnavit
576 1674 845 1731 Clotarius
872 1676 1015 1733 titius
1041 1676 1175 1745 ejus.
1204 1677 1332 1733 Post
1358 1677 1659 1734 Clotat-ium
1686 1693 1885 1750 regna-

300 1765 378 1821 vit
405 1766 776 1823 Theodericus
799 1767 967 1823 frater
990 1770 1136 1838 ejus,
1168 1770 1252 1825 cui
1283 1770 1553 1826 Ebroinns
1582 1770 1684 1826 fuit
1711 1772 1884 1842 major

1994 864 2302 934 Tcnttitque
2333 865 2562 920 donmus
2587 862 2832 927 Carolus,
2862 860 2972 917 Deo
3011 859 3306 927 largiente,
3340 858 3391 911 in
3419 865 3569 927 pote-

1990 962 2129 1007 state
2160 968 2255 1007 sua
2286 967 2504 1007 omnem
2543 960 2744 1005 terram
2781 951 2847 1005 de
2885 960 3066 1004 monte
3102 947 3352 1018 Gargano
3398 960 3567 1014 usque

1986 1043 2042 1099 in
2067 1044 2368 1099 Cordubam
2391 1045 2658 1099 civitatem
2687 1043 2973 1113 Hispaniae.
3012 1042 3235 1114 Pipinus
3265 1057 3391 1098 vero
3419 1040 3568 1109 Pius,

1988 1143 2141 1202 pater
2170 1134 2349 1188 domui
2380 1133 2581 1199 Caroli,
2604 1143 2889 1204 postquam
2916 1134 3155 1189 elevatus
3176 1133 3333 1190 estin
3358 1147 3565 1204 regem,

1988 1223 2233 1290 regnavit
2277 1231 2482 1291 septem
2532 1237 2723 1287 annos,
2779 1231 2836 1278 et
2891 1222 3025 1276 obiit
3080 1222 3565 1292 septingentesimo

1987 1311 2328 1381 sexagesimo
2356 1322 2548 1366 octavo
2585 1327 2727 1366 anno
2752 1313 2821 1367 ab
2844 1312 3216 1368 incarnatione
3238 1312 3469 1368 Domini.
3496 1313 3567 1367 Et

1988 1403 2106 1473 ipso
2148 1418 2293 1457 anno
2335 1418 2525 1459 omnes
2558 1403 2751 1460 Franci
2785 1421 2980 1476 magno
3018 1406 3213 1477 gaudio
3257 1405 3568 1462 exultantes

1986 1494 2335 1548 clevaverunt
2360 1493 2464 1549 sibi
2488 1494 2540 1548 in
2559 1510 2735 1564 regem
2760 1495 3014 1551 domuum
3046 1497 3295 1552 Carolum
3312 1496 3562 1569 Magnum

1952 1631 1957 1635 .
1987 1596 2132 1636 anno
2157 1581 2226 1635 ab
2256 1581 2628 1636 incarnatione
2648 1583 2858 1638 Domini
2887 1583 3009 1640 768.
3043 1582 3134 1640 Sic
3164 1584 3309 1641 enim
3343 1600 3568 1654 compu-

1990 1682 2174 1727 tantur
2212 1674 2338 1727 anni
2365 1674 2432 1729 ab
2459 1674 2669 1743 origine
2715 1674 2900 1729 tnundi
2946 1691 3115 1745 usque
3142 1677 3209 1729 ad
3243 1676 3568 1732 iucarnatim

1987 1776 2108 1815 neut
2140 1760 2352 1816 Domini
2384 1764 2681 1818 secundum
2721 1765 3059 1834 septuaginta
3104 1765 3452 1836 Interprctes.
3479 1766 3569 1821 Ab

300 1856 530 1922 domus;
570 1867 628 1913 et
654 1860 1018 1932 Leodegarius
1072 1872 1293 1918 sanctus
1335 1864 1619 1934 episcopus
1665 1864 1859 1921 claruit

1988 1852 2157 1907 Adam
2200 1869 2369 1924 usque
2417 1855 2483 1908 ad
2537 1854 2793 1910 diluvium
2826 1855 2960 1912 fiunt
3001 1858 3126 1911 anni
3159 1858 3265 1913 duo
3291 1859 3436 1913 milia
3467 1860 3567 1913 dn-

297 1962 462 2015 quem
488 1948 764 2004 interemit
794 1952 909 2020 ipse
932 1951 1220 2009 Ebroinus.
1242 1952 1360 2020 Quo
1389 1962 1630 2023 tempore
1657 1954 1882 2025 Pipinus

296 2034 527 2099 Vetulus
556 2037 661 2094 fuit
689 2039 861 2109 major
883 2040 1079 2096 domus
1111 2042 1161 2095 in
1191 2041 1490 2098 Austrasiis
1515 2059 1638 2099 cum
1664 2046 1883 2117 regibus

295 2123 604 2184 Childerico
627 2140 681 2184 et
708 2130 1057 2187 Childeberto
1088 2132 1325 2203 juniore.
1359 2133 1458 2200 Qui
1499 2134 1724 2204 Pipinus
1750 2151 1881 2193 cou-

292 2223 469 2276 scnsit
499 2224 771 2280 nobilibus
810 2224 1034 2282 Francis
1080 2226 1388 2283 interficere
1440 2227 1763 2286 Ebroinum.
1814 2231 1881 2286 Et

289 2310 409 2380 ipse
461 2310 687 2381 Pipinus
738 2312 948 2380 Brevis,
979 2322 1203 2385 propter
1261 2315 1623 2373 Childericum
1694 2335 1877 2390 regem

287 2401 700 2458 Austrasiorum
727 2418 757 2457 a
782 2403 1011 2460 Francis
1031 2405 1290 2473 occisum,
1321 2408 1572 2476 praelium
1606 2407 1874 2465 fecitcum

290 2489 630 2548 Theoderico
656 2507 781 2563 rege
806 2492 1163 2561 Francorum,
1188 2507 1244 2551 et
1269 2497 1465 2552 devicit
1485 2513 1632 2564 eum,
1660 2508 1715 2555 et
1751 2515 1872 2555 cum

287 2597 350 2636 eo
375 2592 569 2651 postea
594 2585 952 2650 concordans,
979 2587 1152 2657 major
1177 2587 1369 2644 domus
1403 2589 1587 2644 extitit
1621 2590 1673 2645 in
1703 2590 1874 2645 Fran-

286 2671 394 2735 cia,
425 2679 483 2726 et
505 2670 646 2727 bella
690 2673 855 2728 multa
902 2684 1092 2730 contra
1144 2674 1352 2732 Suevos
1392 2686 1448 2733 et
1502 2677 1636 2733 alias
1684 2689 1871 2749 gentes

285 2761 506 2816 fortiter
533 2761 679 2817 fecit.
711 2762 779 2818 Et
803 2764 916 2835 ipse
941 2764 1163 2836 Pipinus
1204 2766 1393 2823 Brevis
1434 2767 1502 2823 de
1559 2785 1729 2826 uxore
1774 2785 1869 2824 sua

284 2851 548 2923 Calpiatle
574 2854 758 2925 genuit
784 2854 1037 2910 Carolum
1068 2856 1387 2913 Martellutn.
1423 2858 1548 2913 Post
1573 2860 1867 2915 Theoderi-

282 2957 413 2997 cum
435 2957 567 2998 vero
596 2958 775 3014 regem
794 2946 1040 3014 regnavit
1062 2945 1381 3012 Clodoveus,
1407 2947 1548 3002 filius
1575 2947 1713 3016 ejus.
1741 2949 1868 3005 Post

282 3031 616 3088 Clodoveum
645 3036 891 3105 regnavit
913 3035 1509 3106 Childcbertusjuuior,
1536 3037 1704 3093 frater
1730 3036 1864 3106 ejus.

280 3121 417 3178 Post
468 3121 870 3180 Childebertttm
915 3126 1186 3197 jttuioretu
1242 3129 1486 3198 regnavit
1532 3129 1866 3200 Dagobertus

274 3211 490 3280 junior,
518 3213 662 3270 filius
715 3213 852 3285 ejus.
899 3215 1029 3273 Post
1080 3218 1444 3289 Dagobertum
1472 3219 1669 3275 defecit
1697 3237 1865 3292 genus

282 3304 470 3375 regale
498 3321 530 3359 a
560 3308 865 3376 prudentia,
898 3319 952 3367 et
978 3311 1223 3381 regnavit
1249 3321 1372 3382 post
1394 3308 1867 3385 ipsum'Dagober-

281 3404 398 3452 tum
426 3397 658 3454 Danihel
709 3400 939 3458 clericus
985 3403 1292 3459 iuseusatus
1332 3404 1501 3459 frater
1536 3404 1672 3473 ejus,
1705 3422 1864 3476 quem

280 3486 485 3542 Franci
541 3498 748 3545 mutato
814 3491 1033 3549 nomine
1103 3503 1433 3548 vocaverunt
1478 3493 1862 3563 Chilpericnm.

279 3575 630 3647 Chilpericus
685 3581 789 3644 iste
837 3581 1051 3652 ineptus
1107 3584 1273 3639 movit
1328 3585 1627 3639 exercitum
1676 3597 1862 3640 contra

279 3666 538 3721 Carolum
562 3667 886 3736 Martellutn,
908 3675 1015 3741 qtti'
1032 3683 1158 3729 tunc
1176 3673 1390 3743 juvenis
1411 3683 1530 3729 erat
1557 3676 1608 3728 in
1637 3678 1862 3730 Austra-

276 3758 392 3812 sios
445 3757 622 3827 major
663 3760 851 3815 domus
895 3771 951 3817 et
998 3764 1102 3817 dux
1152 3781 1274 3820 ctttn
1331 3765 1570 3820 Clotat'io
1610 3781 1765 3835 rege;
1806 3779 1861 3822 et

274 3849 457 3904 victus
508 3850 689 3905 estin
747 3851 885 3907 bello
939 3853 1295 3925 Cltilperieus,
1358 3865 1412 3911 et
1467 3858 1643 3912 victor
1681 3858 1861 3914 extitit

273 3941 508 3996 Carolus
573 3942 865 4000 Martellus.
940 3947 1093 4002 Tunc
1151 3949 1304 4003 Eudo
1377 3950 1484 4005 dux
1539 3951 1857 4020 Aquitanic-

274 4048 401 4088 rum
453 4034 506 4088 in
543 4036 801 4090 auxilium
868 4037 1152 4108 Chilperici
1207 4040 1464 4096 insensati
1510 4044 1673 4097 movit
1702 4060 1858 4100 exer-

272 4122 449 4176 citum
507 4132 696 4178 contra
761 4124 1009 4180 Carolum
1051 4127 1391 4193 Martellum,
1445 4140 1501 4186 et
1551 4134 1725 4188 victus
1774 4142 1860 4190 est.

272 4214 342 4268 ab
379 4228 447 4269 eo
480 4213 533 4268 in
571 4215 785 4285 proelio,
811 4217 1085 4287 coepitque
1123 4216 1350 4275 Carolus
1370 4219 1647 4277 Martellas
1672 4223 1853 4277 inimi-

268 4320 400 4360 cutu
432 4319 589 4358 snutu
623 4305 987 4376 Chilpericnm
1030 4324 1209 4379 regem
1252 4310 1616 4379 insensatum;
1642 4315 1735 4368 sed
1768 4314 1854 4368 in-

268 4408 490 4447 memor
512 4392 738 4448 malicia:
773 4409 887 4450 sute
924 4397 1224 4452 reddiditei
1262 4414 1486 4469 regnum
1528 4401 1854 4458 suum.Post

266 4480 638 4549 Chilpericnm
664 4498 843 4552 regem
867 4485 1202 4541 insensatum
1226 4491 1471 4558 regnavit
1498 4491 1612 4548 solo
1636 4495 1853 4550 nomine

266 4572 643 4629 Theodericus
690 4576 997 4633 insensatus
1039 4581 1475 4651 consanguineus
1530 4584 1667 4653 ejus.
1721 4583 1851 4641 Post

266 4662 670 4720 Theodericum
699 4668 942 4737 regnavit
979 4669 1093 4724 solo
1137 4671 1356 4727 nomine
1394 4672 1731 4729 Childericus
1763 4674 1847 4729 in-

258 4764 526 4812 sensatus
551 4756 716 4811 frater
742 4758 879 4826 ejus,
911 4769 967 4814 et
994 4760 1189 4815 defecit
1229 4771 1396 4817 totum
1426 4779 1596 4833 genus
1646 4764 1845 4833 regale.

262 4846 583 4901 Cbilderico
616 4848 886 4903 insensato
908 4849 1152 4919 deposito
1178 4852 1244 4907 de
1290 4852 1427 4907 solio
1463 4865 1519 4909 et
1564 4853 1707 4910 facto
1744 4856 1851 4911 cle-

260 4940 391 4994 rico
420 4940 474 4993 in
506 4942 858 5007 monasterio,
889 4941 1085 4996 Franci
1112 4959 1233 4998 cum
1273 4944 1504 5001 consilio
1549 4946 1731 5002 domui
1758 4963 1850 5018 pa-

260 5045 352 5099 pa?
383 5029 660 5084 Zacharim
684 5039 740 5085 et
762 5047 883 5084 cum
917 5032 1144 5087 consilio
1172 5032 1429 5088 nobilium
1463 5036 1848 5103 Romanorum,

261 5121 385 5175 Deo
415 5119 645 5182 volente,
676 5136 781 5175 uno
819 5136 1083 5177 consensu
1114 5133 1169 5177 et
1198 5138 1303 5176 una
1350 5122 1624 5180 voluntate
1671 5125 1849 5179 eleva-

261 5223 475 5266 vcrunt
503 5212 602 5265 sibi
633 5214 684 5266 itt
719 5228 898 5282 regem
930 5212 1176 5285 I'ipiunm
1217 5214 1370 5269 Pium
1400 5256 1414 5276 ,
1461 5216 1627 5270 lilium
1671 5216 1847 5273 Caroli

263 5301 521 5356 Hartclli.
549 5302 646 5356 IIic
671 5301 892 5372 Pipinus
911 5303 1039 5374 Pius
1064 5305 1166 5358 fuit
1201 5305 1382 5358 domui
1412 5305 1586 5360 Caroli
1620 5306 1846 5376 impera-

267 5394 409 5447 toris
460 5393 639 5463 Magni
685 5404 859 5464 pater.
909 5396 1091 5465 Itaque
1131 5407 1252 5466 post
1282 5396 1327 5429 "
1380 5395 1630 5467 Pipinutu
1688 5399 1840 5453 Piutn

265 5484 518 5552 regnavit
552 5485 781 5538 domnus
811 5484 1060 5553 Carolus,
1112 5487 1250 5542 filius
1295 5486 1432 5557 ejus,
1462 5503 1621 5558 quem
1658 5498 1845 5559 postea

1982 1941 2314 1997 ceutiﬂ.A
2344 1942 2543 1998 diluvio
2592 1960 2763 2014 usque
2814 1944 2883 2001 ad
2928 1944 3200 2000 Abraham
3251 1948 3378 2003 anni
3428 1963 3565 2003 nou-

1980 2032 2126 2102 geuti
2150 2032 2242 2086 42.
2274 2032 2351 2088 De
2387 2033 2662 2088 Abraham
2691 2049 2862 2104 usque
2887 2035 2953 2089 ad
2978 2034 3213 2106 Moysem
3246 2036 3371 2091 anni
3406 2039 3567 2108 quin-
3648 2102 3655 2113 ‘

1981 2121 2127 2191 genti
2157 2121 2416 2193 quinque.
2444 2123 2485 2177 A
2518 2122 2702 2194 Moyse
2742 2138 2913 2194 usque
2948 2124 3015 2178 ad
3046 2123 3393 2181 Salomouem
3433 2129 3565 2183 anui

1979 2214 2327 2285 quadraginli
2356 2215 2401 2246 “
2429 2213 2518 2269 89.
2548 2216 2591 2268 A
2634 2213 2926 2272 Salomone
2972 2233 3141 2286 usque
3173 2218 3239 2272 ad
3280 2228 3558 2276 restaura-

1980 2302 2179 2357 tionem
2222 2303 2400 2372 templi
2434 2306 2533 2359 sub
2564 2304 2726 2360 Dario
2759 2322 2884 2376 rege
2926 2307 3212 2363 Persarum
3241 2310 3367 2365 anni
3395 2313 3559 2382 quin-

1977 2393 2121 2461 genti
2146 2392 2235 2446 42.
2268 2391 2312 2446 Α
2346 2394 2744 2451 restauratioue
2768 2398 2812 2429 "’
2847 2397 3027 2466 templi
3061 2413 3231 2467 usque
3260 2399 3326 2454 ad
3353 2402 3559 2455 adven-

1976 2490 2088 2535 tum
2130 2480 2341 2536 Domini
2394 2482 2688 2537 secundum
2732 2481 3086 2554 Septuaginta
3136 2486 3182 2517 ’⁸
3225 2486 3351 2540 anui
3401 2487 3563 2556 quit:-

1974 2572 2121 2643 genti
2151 2571 2242 2628 48.
2272 2571 2336 2626 Et
2364 2572 2430 2626 ab
2462 2570 2619 2628 initio
2666 2575 2849 2629 mundi
2896 2591 3066 2645 usque
3116 2576 3183 2631 ad
3232 2577 3562 2634 incarnatio-

1978 2679 2101 2718 nem
2136 2663 2348 2718 Domini
2382 2663 2677 2718 sccundttm
2705 2666 3040 2735 septuaginta
3072 2665 3401 2736 lnterpretcs
3425 2677 3555 2723 sunt

1973 2752 2099 2807 anni
2131 2754 2372 2825 quinque
2411 2753 2558 2808 milia
2604 2754 2728 2810 200.
2775 2755 3079 2811 Secundum
3120 2759 3405 2814 veritatem
3452 2759 3555 2815 Ile-

1970 2844 2214 2900 hraicam
2242 2847 2315 2901 ita
2345 2856 2710 2919 conputantur
2742 2865 2755 2902 :
2786 2848 2867 2904 Ab
2891 2848 3064 2904 Adam
3115 2865 3285 2921 usque
3326 2852 3395 2907 ad
3440 2851 3556 2908 Not:

1968 2933 2070 2990 fuit
2094 2937 2266 3006 prima
2296 2948 2451 3004 artas,
2483 2946 2539 2993 et
2570 2939 2759 2995 habuit
2786 2955 2959 2995 annos
2983 2941 3130 2997 mille
3174 2951 3229 2997 et
3263 2955 3557 3001 sexcentos

1972 3035 2026 3082 et
2058 3027 2147 3081 56.
2196 3027 2447 3083 Secunda
2499 3037 2631 3083 aetas
2658 3044 2687 3084 a
2728 3030 2773 3061 "
2823 3029 2937 3086 Noe
2967 3046 3137 3102 usque
3184 3034 3251 3087 ad
3282 3033 3555 3089 Abraham

1968 3120 2156 3176 habuit
2185 3138 2355 3178 annos
2378 3123 2641 3179 ducentos
2664 3123 2752 3180 99..
2787 3125 2979 3181 Tercia
3010 3135 3143 3182 tetas
3171 3127 3238 3183 de
3265 3128 3543 3184 Abraham

1970 3226 2143 3283 usque
2178 3215 2245 3269 ad
2283 3214 2447 3269 David
2481 3216 2669 3271 habuit
2719 3233 2892 3275 annos
2920 3217 3043 3273 942.
3074 3219 3144 3274 Et
3180 3220 3341 3275 simul
3371 3221 3553 3291 juncti

1973 3306 2099 3359 anni
2137 3308 2300 3362 trium
2324 3317 2543 3363 a‘tatttm
2576 3308 2713 3363 fiunt
2737 3310 2844 3365 duo
2873 3310 3021 3365 milia
3048 3312 3344 3382 cctingcuti
3376 3314 3550 3369 nude-

1968 3394 2099 3449 cim.
2133 3396 2332 3465 Quarta
2357 3407 2489 3454 :etas
2510 3414 2541 3453 a
2578 3399 2623 3432 ⁸ο
2648 3400 2813 3455 David
2864 3416 3035 3472 usque
3083 3402 3149 3458 ad
3182 3404 3552 3475 captivitatem

1969 3487 2023 3542 in
2049 3486 2311 3545 Babilone
2343 3491 2534 3546 habuit
2554 3508 2727 3548 annos
2754 3494 3180 3566 quadringentos
3223 3496 3311 3551 63.
3345 3496 3551 3565 Quinta

1964 3586 2096 3633 mtas
2159 3595 2187 3632 a
2251 3579 2295 3611 '°
2344 3581 2707 3637 restrttctioue
2752 3583 2932 3651 templi
2987 3599 3157 3655 usque
3226 3586 3294 3641 ad
3350 3587 3549 3642 adven-

1964 3676 2076 3723 tum
2116 3667 2326 3721 Domiui
2358 3668 2547 3722 habttit
2588 3685 2760 3725 annos
2815 3671 3143 3742 quingentos
3182 3673 3272 3729 80.
3317 3673 3382 3727 Et
3414 3675 3553 3729 fiunt

1962 3755 2121 3811 simul
2153 3754 2220 3809 ab
2248 3756 2417 3810 Adam
2451 3771 2625 3826 ttsque
2672 3758 2739 3812 ad
2778 3756 3055 3813 Christutn
3086 3759 3364 3815 dominttm
3410 3764 3547 3818 anni

1963 3846 2063 3901 tria
2087 3845 2231 3899 milia
2264 3846 2517 3917 nongenti
2541 3845 2630 3901 52.
2658 3847 2704 3901 Α
2735 3847 3016 3902 nativitate
3046 3849 3255 3904 Domini
3283 3868 3453 3921 usque
3474 3856 3543 3909 ad

1961 3937 2251 3995 transitum
2277 3936 2451 3991 sancti
2485 3936 2700 3992 Martini
2726 3946 2850 3992 sunt
2876 3939 3002 3993 anni
3025 3940 3406 4010 quadringenti
3443 3944 3536 3999 45.

1958 4028 2002 4082 Δ
2031 4028 2261 4084 transitu
2292 4027 2463 4083 sancti
2494 4026 2707 4083 Martini
2736 4044 2905 4100 usque
2930 4028 2997 4085 ad
3028 4030 3315 4087 transitum
3343 4033 3537 4091 Clodo-

1957 4119 2037 4173 vei
2066 4119 2207 4190 regis
2242 4117 2599 4186 Francorum,
2628 4120 2717 4189 qui
2741 4121 2949 4190 primus
2978 4120 3078 4176 fuit
3107 4122 3449 4180 Christianus
3469 4127 3538 4182 de

1958 4211 2176 4279 regibus
2206 4210 2561 4277 Francorum,
2609 4222 2734 4266 sunt
2765 4214 2887 4267 anni
2927 4213 3047 4268 “2.
3074 4214 3121 4268 A
3151 4217 3378 4270 trausittt
3412 4232 3537 4273 san-

1955 4303 2027 4357 cti
2056 4302 2268 4356 Martini
2308 4318 2477 4372 usque
2509 4305 2574 4357 ad
2600 4305 2883 4359 transitum
2908 4305 3079 4360 sancti
3112 4306 3360 4376 Eparcltii
3395 4309 3540 4377 Ego-

1955 4392 2228 4447 Iismeusis
2257 4394 2470 4463 patroni
2516 4402 2643 4448 sunt
2692 4396 2817 4449 attni
2858 4403 3078 4450 centum
3108 4397 3321 4467 viginti.
3370 4398 3545 4455 Natus

1954 4494 2036 4540 est
2057 4484 2200 4539 enim
2239 4495 2458 4539 sanctus
2482 4485 2780 4553 Eparchius
2814 4494 3055 4557 tempore
3086 4485 3317 4543 Merovei
3353 4489 3531 4543 Frana

1955 4592 2141 4631 eorum
2173 4576 2315 4647 regis
2370 4575 2588 4646 pagani,
2646 4576 2739 4645 qui
2774 4574 2875 4630 fuit
2921 4592 3054 4630 avus
3100 4574 3351 4632 Clodovei
3395 4579 3542 4647 regis

1956 4666 2288 4721 Francorum
2319 4667 2480 4736 primi
2502 4666 2818 4730 Christiani,
2848 4675 2902 4721 et
2933 4667 2985 4720 in
3012 4675 3253 4736 tempore
3284 4666 3533 4722 Theodo-

1953 4757 2018 4811 sii
2043 4754 2279 4823 jtmioris
2300 4755 2407 4808 divi
2434 4754 2658 4825 Augusti
2690 4754 3055 4824 imperatoris.
3090 4754 3236 4808 Vixit
3272 4770 3371 4824 per
3395 4766 3551 4816 tetu;-

1954 4861 2085 4916 pora
2144 4844 2453 4911 Theodosii,
2501 4844 2784 4908 Marciani,
2836 4845 3055 4910 Leonis,
3097 4844 3351 4912 Zenonis,
3385 4845 3534 4902 Ana-

1952 4938 2127 5004 stasii,
2170 4946 2225 4991 et
2270 4935 2560 4991 Iustiniani
2598 4937 3017 5005 imperatorum,
3062 4946 3114 4991 et
3146 4952 3245 5007 per
3291 4947 3536 5008 tempora

1951 5045 2140 5102 regum
2164 5029 2521 5093 Francorum,
2551 5028 2822 5084 Meruvehi
2850 5038 2904 5084 et
2933 5027 3221 5084 Childerici
3252 5037 3305 5084 et
3332 5029 3535 5085 Clodo-

1950 5125 2060 5190 vei,
2092 5133 2147 5178 ct
2175 5131 2417 5193 tempore
2452 5121 2784 5177 Cltilbeberti
2817 5122 2959 5193 regis
2996 5121 3353 5177 Francorum.
3384 5121 3535 5177 Obiit

1954 5224 2194 5285 tempore
2218 5212 2506 5268 Justiniani
2536 5197 2879 5283 imperatoris
2916 5221 2970 5267 et
3007 5211 3335 5268 Chiltleberti
3388 5213 3535 5284 regis

1951 5303 2310 5367 Francorum,
2334 5302 2664 5373 octogesimo
2690 5316 2834 5357 anno
2870 5300 3046 5356 aetatis
3089 5315 3219 5356 suae.
3249 5302 3295 5356 A
3326 5301 3530 5356 nativi-

1951 5403 2062 5450 tate
2087 5396 2288 5450 Christi
2323 5408 2494 5464 usque
2536 5393 2604 5447 ad
2634 5392 2865 5463 primum
2914 5392 3065 5462 regni
3108 5408 3310 5448 annuat
3346 5391 3541 5448 Caroli.

1950 5499 2075 5544 sunt
2104 5489 2227 5542 anni
2252 5487 2577 5559 septingenti
2607 5487 2885 5554 sexaginta
2921 5493 3063 5538 octo.

1582 5624 1811 5680 vanus
1852 5596 2256 5684 moriones.

346 5731 392 5760 ’³
416 5731 820 5808 ηΙκηιιιηξι-ητιᾴ.
854 5736 903 5787 I.
926 5735 1067 5808 deest
1087 5735 1142 5791 2.
1218 5737 1264 5808 εδ
1291 5737 1513 5808 ansegili
1554 5739 1597 5793 I.

268 5800 461 5854 desunt
491 5802 541 5855 ι.
644 5804 689 5834 ’³
724 5805 789 5858 ad
811 5820 948 5858 corr.
986 5821 1016 5859 a
1052 5805 1099 5861 ι.
1202 5806 1247 5841 ³ο
1269 5808 1335 5863 ad
1365 5809 1411 5862 ι.

1675 5738 1721 5770 ’⁸
1749 5738 1886 5794 deest
1919 5737 1964 5792 ι.

2042 5737 2085 5768 ³⁸
2115 5737 2186 5790 ita
2225 5738 2271 5790 I.
2366 5739 2407 5767 ⁸⁷
2434 5736 2517 5793 Ad
2553 5736 2998 5791 restaurationem
3028 5734 3073 5788 I.
3149 5733 3194 5766 ³⁸
3224 5744 3271 5789 ta
3296 5749 3348 5787 ιι.
3380 5748 3436 5801 q.
