  <div class='ocr_page' id='page_1' title='image "/cluster/home/n/w/nwhite01/storage/ocr_20150623/141/hvd.32044015471790/019.png"; bbox 0 0 4088 6368; ppageno 0'>
   <div class='ocr_carea' id='block_1_1' title="bbox 497 279 3745 356">
    <p class='ocr_par' dir='ltr' id='par_1_1' title="bbox 497 279 3745 356">
     <span class='ocr_line' id='line_1_1' title="bbox 497 279 3745 356; baseline -0.001 -15"><span class='ocrx_word' id='word_1_1' title='bbox 497 285 562 342; x_wconf 69' lang='grc'><strong>27</strong></span> <span class='ocrx_word' id='word_1_2' title='bbox 1525 349 1530 356; x_wconf 17' lang='grc' dir='ltr'>χ</span> <span class='ocrx_word' id='word_1_3' title='bbox 1580 283 1892 339; x_wconf 71' lang='grc' dir='ltr'><strong>ΑῡΕΜΑῐὶι</strong></span> <span class='ocrx_word' id='word_1_4' title='bbox 1932 284 1994 339; x_wconf 85' lang='lat' dir='ltr'><strong>S.</strong></span> <span class='ocrx_word' id='word_1_5' title='bbox 2031 279 2649 339; x_wconf 72' lang='lat' dir='ltr'><strong>ClB.\liDl..\i0N.-\Cill</strong></span> <span class='ocrx_word' id='word_1_6' title='bbox 3666 280 3745 338; x_wconf 58' lang='lat'><strong>98</strong></span> 
     </span>
    </p>
   </div>
   <div class='ocr_carea' id='block_1_2' title="bbox 566 380 3734 477">
    <p class='ocr_par' dir='ltr' id='par_1_2' title="bbox 566 380 3734 477">
     <span class='ocr_line' id='line_1_2' title="bbox 566 380 3734 477; baseline -0.001 -29"><span class='ocrx_word' id='word_1_7' title='bbox 566 380 620 448; x_wconf 63' lang='grc' dir='ltr'><strong>ε’.</strong></span> <span class='ocrx_word' id='word_1_8' title='bbox 650 397 807 448; x_wconf 80' lang='lat' dir='ltr'><strong>Anno</strong></span> <span class='ocrx_word' id='word_1_9' title='bbox 834 392 996 464; x_wconf 86' lang='lat' dir='ltr'><strong>igitur</strong></span> <span class='ocrx_word' id='word_1_10' title='bbox 1035 394 1104 449; x_wconf 88' lang='lat' dir='ltr'><strong>ab</strong></span> <span class='ocrx_word' id='word_1_11' title='bbox 1136 393 1505 477; x_wconf 73' lang='lat' dir='ltr'><strong>incarnatione</strong></span> <span class='ocrx_word' id='word_1_12' title='bbox 1540 391 1748 448; x_wconf 87' lang='lat' dir='ltr'><strong>Domini</strong></span> <span class='ocrx_word' id='word_1_13' title='bbox 1790 389 1912 458; x_wconf 81' lang='lat'><strong>768,</strong></span> <span class='ocrx_word' id='word_1_14' title='bbox 1948 392 2063 463; x_wconf 80' lang='lat' dir='ltr'><strong>ipso</strong></span> <span class='ocrx_word' id='word_1_15' title='bbox 2094 404 2138 459; x_wconf 72' lang='grc' dir='ltr'>Α</span> <span class='ocrx_word' id='word_1_16' title='bbox 2170 391 2323 447; x_wconf 81' lang='lat' dir='ltr'><strong>velud</strong></span> <span class='ocrx_word' id='word_1_17' title='bbox 2351 396 2522 462; x_wconf 89' lang='lat' dir='ltr'><strong>capud</strong></span> <span class='ocrx_word' id='word_1_18' title='bbox 2549 400 2604 447; x_wconf 90' lang='lat' dir='ltr'><strong>et</strong></span> <span class='ocrx_word' id='word_1_19' title='bbox 2628 388 2892 461; x_wconf 75' lang='lat' dir='ltr'><strong>originem</strong></span> <span class='ocrx_word' id='word_1_20' title='bbox 2921 389 3191 461; x_wconf 85' lang='lat' dir='ltr'><strong>puriorem</strong></span> <span class='ocrx_word' id='word_1_21' title='bbox 3211 402 3360 456; x_wconf 81' lang='lat' dir='ltr'><strong>esse,</strong></span> <span class='ocrx_word' id='word_1_22' title='bbox 3404 389 3606 446; x_wconf 84' lang='lat' dir='ltr'><strong>rivulos</strong></span> <span class='ocrx_word' id='word_1_23' title='bbox 3637 406 3734 446; x_wconf 58' lang='lat' dir='ltr'><strong>ana-</strong></span> 
     </span>
    </p>
   </div>
   <div class='ocr_carea' id='block_1_3' title="bbox 497 483 2072 556">
    <p class='ocr_par' dir='ltr' id='par_1_3' title="bbox 497 483 2072 556">
     <span class='ocr_line' id='line_1_3' title="bbox 497 483 2072 556; baseline 0 -15"><span class='ocrx_word' id='word_1_24' title='bbox 497 501 640 541; x_wconf 84' lang='lat' dir='ltr'><strong>anno</strong></span> <span class='ocrx_word' id='word_1_25' title='bbox 667 501 772 556; x_wconf 89' lang='lat' dir='ltr'><strong>quo</strong></span> <span class='ocrx_word' id='word_1_26' title='bbox 802 500 895 541; x_wconf 83' lang='lat' dir='ltr'><strong>rex</strong></span> <span class='ocrx_word' id='word_1_27' title='bbox 932 485 1156 556; x_wconf 86' lang='lat' dir='ltr'><strong>Pipinus</strong></span> <span class='ocrx_word' id='word_1_28' title='bbox 1178 483 1305 540; x_wconf 74' lang='lat' dir='ltr'><strong>Pius</strong></span> <span class='ocrx_word' id='word_1_29' title='bbox 1333 485 1489 550; x_wconf 85' lang='lat' dir='ltr'><strong>obiit,</strong></span> <span class='ocrx_word' id='word_1_30' title='bbox 1521 487 1627 541; x_wconf 89' lang='lat' dir='ltr'><strong>duo</strong></span> <span class='ocrx_word' id='word_1_31' title='bbox 1658 486 1756 540; x_wconf 83' lang='lat' dir='ltr'><strong>ﬁlii</strong></span> <span class='ocrx_word' id='word_1_32' title='bbox 1784 485 1900 554; x_wconf 86' lang='lat' dir='ltr'><strong>ejus</strong></span> <span class='ocrx_word' id='word_1_33' title='bbox 1923 486 2072 541; x_wconf 84' lang='lat' dir='ltr'><strong>dom-</strong></span> 
     </span>
    </p>
   </div>
   <div class='ocr_carea' id='block_1_4' title="bbox 495 572 2068 648">
    <p class='ocr_par' dir='ltr' id='par_1_4' title="bbox 495 572 2068 648">
     <span class='ocr_line' id='line_1_4' title="bbox 495 572 2068 648; baseline 0.001 -16"><span class='ocrx_word' id='word_1_34' title='bbox 495 593 597 632; x_wconf 90' lang='lat' dir='ltr'><strong>nus</strong></span> <span class='ocrx_word' id='word_1_35' title='bbox 630 572 855 633; x_wconf 72' lang='lat' dir='ltr'><strong>Carolus</strong></span> <span class='ocrx_word' id='word_1_36' title='bbox 879 587 934 633; x_wconf 90' lang='lat' dir='ltr'><strong>et</strong></span> <span class='ocrx_word' id='word_1_37' title='bbox 957 577 1346 632; x_wconf 87' lang='lat' dir='ltr'><strong>Carlomanuus</strong></span> <span class='ocrx_word' id='word_1_38' title='bbox 1372 578 1566 632; x_wconf 84' lang='lat' dir='ltr'><strong>elevati</strong></span> <span class='ocrx_word' id='word_1_39' title='bbox 1591 588 1716 633; x_wconf 89' lang='lat' dir='ltr'><strong>sunt</strong></span> <span class='ocrx_word' id='word_1_40' title='bbox 1750 579 1802 632; x_wconf 87' lang='lat' dir='ltr'><strong>in</strong></span> <span class='ocrx_word' id='word_1_41' title='bbox 1846 593 2068 648; x_wconf 78' lang='lat' dir='ltr'><strong>regnum</strong></span> 
     </span>
    </p>
   </div>
   <div class='ocr_carea' id='block_1_5' title="bbox 498 665 2067 733">
    <p class='ocr_par' dir='ltr' id='par_1_5' title="bbox 498 665 2067 733">
     <span class='ocr_line' id='line_1_5' title="bbox 498 665 2067 733; baseline 0.001 -12"><span class='ocrx_word' id='word_1_42' title='bbox 498 682 602 721; x_wconf 91' lang='lat' dir='ltr'><strong>nuo</strong></span> <span class='ocrx_word' id='word_1_43' title='bbox 631 665 719 720; x_wconf 92' lang='lat' dir='ltr'><strong>die</strong></span> <span class='ocrx_word' id='word_1_44' title='bbox 747 665 928 729; x_wconf 89' lang='lat' dir='ltr'><strong>simul,</strong></span> <span class='ocrx_word' id='word_1_45' title='bbox 955 666 1006 721; x_wconf 93' lang='lat' dir='ltr'><strong>id</strong></span> <span class='ocrx_word' id='word_1_46' title='bbox 1032 677 1115 722; x_wconf 91' lang='lat' dir='ltr'><strong>est</strong></span> <span class='ocrx_word' id='word_1_47' title='bbox 1145 665 1176 719; x_wconf 91' lang='lat'><strong>7</strong></span> <span class='ocrx_word' id='word_1_48' title='bbox 1198 666 1321 722; x_wconf 91' lang='lat' dir='ltr'><strong>ldus</strong></span> <span class='ocrx_word' id='word_1_49' title='bbox 1364 665 1643 726; x_wconf 72' lang='lat' dir='ltr'><strong>Octobris.</strong></span> <span class='ocrx_word' id='word_1_50' title='bbox 1678 676 1800 733; x_wconf 84' lang='lat' dir='ltr'><strong>etc.,</strong></span> <span class='ocrx_word' id='word_1_51' title='bbox 1833 676 1886 720; x_wconf 86' lang='lat' dir='ltr'><strong>ut</strong></span> <span class='ocrx_word' id='word_1_52' title='bbox 1930 669 2067 722; x_wconf 82' lang='lat' dir='ltr'><strong>Ann.</strong></span> 
     </span>
    </p>
   </div>
   <div class='ocr_carea' id='block_1_6' title="bbox 498 756 1080 826">
    <p class='ocr_par' dir='ltr' id='par_1_6' title="bbox 498 756 1080 826">
     <span class='ocr_line' id='line_1_6' title="bbox 498 756 1080 826; baseline 0 -16"><span class='ocrx_word' id='word_1_53' title='bbox 498 757 736 810; x_wconf 82' lang='lat' dir='ltr'><strong>Lauriss.</strong></span> <span class='ocrx_word' id='word_1_54' title='bbox 764 774 817 810; x_wconf 93' lang='lat' dir='ltr'><strong>a.</strong></span> <span class='ocrx_word' id='word_1_55' title='bbox 847 756 949 811; x_wconf 85' lang='lat'><strong>768</strong></span> <span class='ocrx_word' id='word_1_56' title='bbox 972 773 1080 826; x_wconf 82' lang='lat' dir='ltr'><strong>sqq.</strong></span> 
     </span>
    </p>
   </div>
   <div class='ocr_carea' id='block_1_7' title="bbox 568 846 2070 920">
    <p class='ocr_par' dir='ltr' id='par_1_7' title="bbox 568 846 2070 920">
     <span class='ocr_line' id='line_1_7' title="bbox 568 846 2070 920; baseline 0.004 -20"><span class='ocrx_word' id='word_1_57' title='bbox 568 849 729 916; x_wconf 79' lang='lat' dir='ltr'><strong>(Ann.</strong></span> <span class='ocrx_word' id='word_1_58' title='bbox 759 846 920 902; x_wconf 88' lang='lat' dir='ltr'><strong>Laur.</strong></span> <span class='ocrx_word' id='word_1_59' title='bbox 966 866 1018 902; x_wconf 87' lang='lat' dir='ltr'><strong>a.</strong></span> <span class='ocrx_word' id='word_1_60' title='bbox 1059 846 1206 918; x_wconf 82' lang='lat'><strong>769.)</strong></span> <span class='ocrx_word' id='word_1_61' title='bbox 1239 888 1253 902; x_wconf 96' lang='lat'><strong>.</strong></span> <span class='ocrx_word' id='word_1_62' title='bbox 1289 887 1304 902; x_wconf 94' lang='lat'><strong>.</strong></span> <span class='ocrx_word' id='word_1_63' title='bbox 1335 848 1402 904; x_wconf 87' lang='lat' dir='ltr'><strong>Et</strong></span> <span class='ocrx_word' id='word_1_64' title='bbox 1449 849 1572 904; x_wconf 89' lang='lat' dir='ltr'><strong>inde</strong></span> <span class='ocrx_word' id='word_1_65' title='bbox 1621 849 1733 920; x_wconf 74' lang='grc'><strong>(19.)</strong></span> <span class='ocrx_word' id='word_1_66' title='bbox 1774 850 2070 919; x_wconf 79' lang='lat' dir='ltr'><strong>sumpsit...</strong></span> 
     </span>
    </p>
   </div>
   <div class='ocr_carea' id='block_1_8' title="bbox 496 930 2071 1013">
    <p class='ocr_par' dir='ltr' id='par_1_8' title="bbox 496 930 2071 1013">
     <span class='ocr_line' id='line_1_8' title="bbox 496 930 2071 1013; baseline 0.003 -20"><span class='ocrx_word' id='word_1_67' title='bbox 496 938 762 1009; x_wconf 90' lang='lat' dir='ltr'><strong>simulque</strong></span> <span class='ocrx_word' id='word_1_68' title='bbox 800 938 1044 994; x_wconf 91' lang='lat' dir='ltr'><strong>Launum</strong></span> <span class='ocrx_word' id='word_1_69' title='bbox 1073 930 1383 1010; x_wconf 69' lang='lat' dir='ltr'><strong>episcopum</strong></span> <span class='ocrx_word' id='word_1_70' title='bbox 1410 942 1649 1012; x_wconf 83' lang='lat' dir='ltr'><strong>ejusdem</strong></span> <span class='ocrx_word' id='word_1_71' title='bbox 1682 941 1939 1008; x_wconf 91' lang='lat' dir='ltr'><strong>civitatis,</strong></span> <span class='ocrx_word' id='word_1_72' title='bbox 1978 942 2071 1013; x_wconf 88' lang='lat' dir='ltr'><strong>qui</strong></span> 
     </span>
    </p>
   </div>
   <div class='ocr_carea' id='block_1_9' title="bbox 496 1027 2070 1104">
    <p class='ocr_par' dir='ltr' id='par_1_9' title="bbox 496 1027 2070 1104">
     <span class='ocr_line' id='line_1_9' title="bbox 496 1027 2070 1104; baseline 0.003 -21"><span class='ocrx_word' id='word_1_73' title='bbox 496 1027 675 1084; x_wconf 79' lang='lat' dir='ltr'><strong>fuerat</strong></span> <span class='ocrx_word' id='word_1_74' title='bbox 729 1031 1040 1100; x_wconf 83' lang='lat' dir='ltr'><strong>capellanns</strong></span> <span class='ocrx_word' id='word_1_75' title='bbox 1091 1033 1274 1087; x_wconf 91' lang='lat' dir='ltr'><strong>domui</strong></span> <span class='ocrx_word' id='word_1_76' title='bbox 1331 1032 1502 1102; x_wconf 84' lang='lat' dir='ltr'><strong>Pipini</strong></span> <span class='ocrx_word' id='word_1_77' title='bbox 1567 1033 1709 1101; x_wconf 86' lang='lat' dir='ltr'><strong>regis</strong></span> <span class='ocrx_word' id='word_1_78' title='bbox 1752 1035 1921 1104; x_wconf 87' lang='lat' dir='ltr'><strong>patris</strong></span> <span class='ocrx_word' id='word_1_79' title='bbox 1967 1035 2070 1100; x_wconf 91' lang='lat' dir='ltr'><strong>sui,</strong></span> 
     </span>
    </p>
   </div>
   <div class='ocr_carea' id='block_1_10' title="bbox 497 1118 2072 1194">
    <p class='ocr_par' dir='ltr' id='par_1_10' title="bbox 497 1118 2072 1194">
     <span class='ocr_line' id='line_1_10' title="bbox 497 1118 2072 1194; baseline 0.005 -23"><span class='ocrx_word' id='word_1_80' title='bbox 497 1133 657 1188; x_wconf 85' lang='lat' dir='ltr'><strong>quem</strong></span> <span class='ocrx_word' id='word_1_81' title='bbox 711 1118 824 1188; x_wconf 91' lang='lat' dir='ltr'><strong>ipse</strong></span> <span class='ocrx_word' id='word_1_82' title='bbox 873 1134 967 1174; x_wconf 88' lang='lat' dir='ltr'><strong>rex</strong></span> <span class='ocrx_word' id='word_1_83' title='bbox 996 1119 1219 1190; x_wconf 82' lang='lat' dir='ltr'><strong>Pipinus</strong></span> <span class='ocrx_word' id='word_1_84' title='bbox 1263 1122 1575 1192; x_wconf 86' lang='lat' dir='ltr'><strong>episcopum</strong></span> <span class='ocrx_word' id='word_1_85' title='bbox 1623 1119 1828 1178; x_wconf 77' lang='lat' dir='ltr'><strong>fecerat</strong></span> <span class='ocrx_word' id='word_1_86' title='bbox 1863 1123 1928 1178; x_wconf 90' lang='lat' dir='ltr'><strong>de</strong></span> <span class='ocrx_word' id='word_1_87' title='bbox 1957 1123 2072 1194; x_wconf 90' lang='lat' dir='ltr'><strong>ipsa</strong></span> 
     </span>
    </p>
   </div>
   <div class='ocr_carea' id='block_1_11' title="bbox 505 1206 1537 1262">
    <p class='ocr_par' dir='ltr' id='par_1_11' title="bbox 505 1206 1537 1262">
     <span class='ocr_line' id='line_1_11' title="bbox 505 1206 1537 1262; baseline 0.001 -2"><span class='ocrx_word' id='word_1_88' title='bbox 505 1206 791 1262; x_wconf 91' lang='lat' dir='ltr'><strong>civitate...</strong></span> <span class='ocrx_word' id='word_1_89' title='bbox 1144 1223 1146 1225; x_wconf 60' lang='lat'><strong><em>‘</em></strong></span> <span class='ocrx_word' id='word_1_90' title='bbox 1535 1219 1537 1222; x_wconf 77' lang='lat'><em>‘</em></span> 
     </span>
    </p>
   </div>
   <div class='ocr_carea' id='block_1_12' title="bbox 517 1298 2072 1373">
    <p class='ocr_par' dir='ltr' id='par_1_12' title="bbox 517 1298 2072 1373">
     <span class='ocr_line' id='line_1_12' title="bbox 517 1298 2072 1373; baseline 0.005 -21"><span class='ocrx_word' id='word_1_91' title='bbox 517 1305 522 1309; x_wconf 83' lang='grc'><strong>’</strong></span> <span class='ocrx_word' id='word_1_92' title='bbox 572 1336 588 1352; x_wconf 93' lang='grc'><strong>.</strong></span> <span class='ocrx_word' id='word_1_93' title='bbox 631 1335 648 1352; x_wconf 92' lang='grc'><strong>.</strong></span> <span class='ocrx_word' id='word_1_94' title='bbox 691 1337 705 1353; x_wconf 93' lang='grc'><strong>.</strong></span> <span class='ocrx_word' id='word_1_95' title='bbox 743 1298 906 1354; x_wconf 82' lang='lat' dir='ltr'><strong>rediit</strong></span> <span class='ocrx_word' id='word_1_96' title='bbox 933 1299 999 1356; x_wconf 89' lang='lat' dir='ltr'><strong>ad</strong></span> <span class='ocrx_word' id='word_1_97' title='bbox 1030 1299 1360 1370; x_wconf 86' lang='lat' dir='ltr'><strong>Egolisman,</strong></span> <span class='ocrx_word' id='word_1_98' title='bbox 1409 1301 1501 1356; x_wconf 90' lang='lat' dir='ltr'><strong>ubi</strong></span> <span class='ocrx_word' id='word_1_99' title='bbox 1539 1302 1844 1373; x_wconf 84' lang='lat' dir='ltr'><strong>postulante</strong></span> <span class='ocrx_word' id='word_1_100' title='bbox 1886 1302 2072 1360; x_wconf 81' lang='lat' dir='ltr'><strong>Launo</strong></span> 
     </span>
    </p>
   </div>
   <div class='ocr_carea' id='block_1_13' title="bbox 499 1387 2074 1463">
    <p class='ocr_par' dir='ltr' id='par_1_13' title="bbox 499 1387 2074 1463">
     <span class='ocr_line' id='line_1_13' title="bbox 499 1387 2074 1463; baseline 0.003 -19"><span class='ocrx_word' id='word_1_101' title='bbox 499 1387 754 1457; x_wconf 87' lang='lat' dir='ltr'><strong>episcopo</strong></span> <span class='ocrx_word' id='word_1_102' title='bbox 787 1387 912 1443; x_wconf 77' lang='lat' dir='ltr'><strong>fecit</strong></span> <span class='ocrx_word' id='word_1_103' title='bbox 939 1389 989 1444; x_wconf 92' lang='lat' dir='ltr'><strong>in</strong></span> <span class='ocrx_word' id='word_1_104' title='bbox 1027 1391 1357 1446; x_wconf 87' lang='lat' dir='ltr'><strong>monasterio</strong></span> <span class='ocrx_word' id='word_1_105' title='bbox 1382 1392 1557 1446; x_wconf 84' lang='lat' dir='ltr'><strong>sancti</strong></span> <span class='ocrx_word' id='word_1_106' title='bbox 1606 1392 1857 1463; x_wconf 87' lang='lat' dir='ltr'><strong>Eparcbii</strong></span> <span class='ocrx_word' id='word_1_107' title='bbox 1894 1401 2074 1449; x_wconf 89' lang='lat' dir='ltr'><strong>aucto-</strong></span> 
     </span>
    </p>
   </div>
   <div class='ocr_carea' id='block_1_14' title="bbox 501 1477 2072 1552">
    <p class='ocr_par' dir='ltr' id='par_1_14' title="bbox 501 1477 2072 1552">
     <span class='ocr_line' id='line_1_14' title="bbox 501 1477 2072 1552; baseline 0.006 -21"><span class='ocrx_word' id='word_1_108' title='bbox 501 1477 716 1532; x_wconf 91' lang='lat' dir='ltr'><strong>ritatem</strong></span> <span class='ocrx_word' id='word_1_109' title='bbox 746 1481 997 1548; x_wconf 81' lang='lat' dir='ltr'><strong>praecepti</strong></span> <span class='ocrx_word' id='word_1_110' title='bbox 1028 1480 1093 1534; x_wconf 90' lang='lat' dir='ltr'><strong>de</strong></span> <span class='ocrx_word' id='word_1_111' title='bbox 1127 1481 1286 1536; x_wconf 90' lang='lat' dir='ltr'><strong>terris</strong></span> <span class='ocrx_word' id='word_1_112' title='bbox 1321 1481 1532 1552; x_wconf 79' lang='lat' dir='ltr'><strong>quaeibi</strong></span> <span class='ocrx_word' id='word_1_113' title='bbox 1573 1483 1691 1538; x_wconf 90' lang='lat' dir='ltr'><strong>sine</strong></span> <span class='ocrx_word' id='word_1_114' title='bbox 1727 1485 2072 1540; x_wconf 87' lang='lat' dir='ltr'><strong>contentione</strong></span> 
     </span>
    </p>
   </div>
   <div class='ocr_carea' id='block_1_15' title="bbox 497 1568 2083 1643">
    <p class='ocr_par' dir='ltr' id='par_1_15' title="bbox 497 1568 2083 1643">
     <span class='ocr_line' id='line_1_15' title="bbox 497 1568 2083 1643; baseline 0.006 -22"><span class='ocrx_word' id='word_1_115' title='bbox 497 1575 675 1632; x_wconf 87' lang='lat' dir='ltr'><strong>erant,</strong></span> <span class='ocrx_word' id='word_1_116' title='bbox 727 1568 780 1622; x_wconf 91' lang='lat' dir='ltr'><strong>id</strong></span> <span class='ocrx_word' id='word_1_117' title='bbox 825 1577 908 1624; x_wconf 90' lang='lat' dir='ltr'><strong>est</strong></span> <span class='ocrx_word' id='word_1_118' title='bbox 948 1585 1108 1637; x_wconf 85' lang='lat' dir='ltr'><strong>super</strong></span> <span class='ocrx_word' id='word_1_119' title='bbox 1137 1571 1353 1625; x_wconf 88' lang='lat' dir='ltr'><strong>ﬁnvium</strong></span> <span class='ocrx_word' id='word_1_120' title='bbox 1401 1572 1685 1628; x_wconf 84' lang='lat' dir='ltr'><strong>Tolveram</strong></span> <span class='ocrx_word' id='word_1_121' title='bbox 1730 1573 2083 1643; x_wconf 60' lang='lat' dir='ltr'><strong>Magnacum,‘</strong></span> 
     </span>
    </p>
   </div>
   <div class='ocr_carea' id='block_1_16' title="bbox 499 1653 2066 1733">
    <p class='ocr_par' dir='ltr' id='par_1_16' title="bbox 499 1653 2066 1733">
     <span class='ocr_line' id='line_1_16' title="bbox 499 1653 2066 1733; baseline 0.007 -25"><span class='ocrx_word' id='word_1_122' title='bbox 499 1653 828 1711; x_wconf 74' lang='lat' dir='ltr'><strong>Viveuacum</strong></span> <span class='ocrx_word' id='word_1_123' title='bbox 857 1698 871 1723; x_wconf 92' lang='lat'><strong>,</strong></span> <span class='ocrx_word' id='word_1_124' title='bbox 919 1659 1254 1726; x_wconf 86' lang='lat' dir='ltr'><strong>Vasuacum,</strong></span> <span class='ocrx_word' id='word_1_125' title='bbox 1303 1660 1725 1728; x_wconf 88' lang='lat' dir='ltr'><strong>Monterionem,</strong></span> <span class='ocrx_word' id='word_1_126' title='bbox 1779 1665 2066 1733; x_wconf 84' lang='lat' dir='ltr'><strong>Visacum,</strong></span> 
     </span>
    </p>
   </div>
   <div class='ocr_carea' id='block_1_17' title="bbox 2174 483 3747 555">
    <p class='ocr_par' dir='ltr' id='par_1_17' title="bbox 2174 483 3747 555">
     <span class='ocr_line' id='line_1_17' title="bbox 2174 483 3747 555; baseline 0.002 -16"><span class='ocrx_word' id='word_1_127' title='bbox 2174 493 2279 539; x_wconf 85' lang='lat' dir='ltr'><strong>tem</strong></span> <span class='ocrx_word' id='word_1_128' title='bbox 2309 483 2444 552; x_wconf 80' lang='lat' dir='ltr'><strong>ejus,</strong></span> <span class='ocrx_word' id='word_1_129' title='bbox 2475 494 2676 553; x_wconf 87' lang='lat' dir='ltr'><strong>quanto</strong></span> <span class='ocrx_word' id='word_1_130' title='bbox 2699 484 2910 555; x_wconf 78' lang='lat' dir='ltr'><strong>longius</strong></span> <span class='ocrx_word' id='word_1_131' title='bbox 2932 498 2961 538; x_wconf 85' lang='lat' dir='ltr'><strong>a</strong></span> <span class='ocrx_word' id='word_1_132' title='bbox 3007 483 3157 539; x_wconf 73' lang='lat' dir='ltr'><strong>fante</strong></span> <span class='ocrx_word' id='word_1_133' title='bbox 3202 485 3543 550; x_wconf 73' lang='lat' dir='ltr'><strong>recesserint,</strong></span> <span class='ocrx_word' id='word_1_134' title='bbox 3589 493 3747 542; x_wconf 68' lang='lat' dir='ltr'><strong>tanta</strong></span> 
     </span>
    </p>
   </div>
   <div class='ocr_carea' id='block_1_18' title="bbox 2172 567 3732 644">
    <p class='ocr_par' dir='ltr' id='par_1_18' title="bbox 2172 567 3732 644">
     <span class='ocr_line' id='line_1_18' title="bbox 2172 567 3732 644; baseline 0.001 -16"><span class='ocrx_word' id='word_1_135' title='bbox 2172 573 2514 628; x_wconf 88' lang='lat' dir='ltr'><strong>turbulentos</strong></span> <span class='ocrx_word' id='word_1_136' title='bbox 2551 581 2603 626; x_wconf 89' lang='lat' dir='ltr'><strong>et</strong></span> <span class='ocrx_word' id='word_1_137' title='bbox 2630 573 2882 627; x_wconf 87' lang='lat' dir='ltr'><strong>sordibus</strong></span> <span class='ocrx_word' id='word_1_138' title='bbox 2915 587 2978 628; x_wconf 90' lang='lat' dir='ltr'><strong>ac</strong></span> <span class='ocrx_word' id='word_1_139' title='bbox 3026 567 3389 628; x_wconf 89' lang='lat' dir='ltr'><strong>immundiciis</strong></span> <span class='ocrx_word' id='word_1_140' title='bbox 3433 582 3732 644; x_wconf 82' lang='lat' dir='ltr'><strong>corruptos.</strong></span> 
     </span>
    </p>
   </div>
   <div class='ocr_carea' id='block_1_19' title="bbox 2170 661 3738 733">
    <p class='ocr_par' dir='ltr' id='par_1_19' title="bbox 2170 661 3738 733">
     <span class='ocr_line' id='line_1_19' title="bbox 2170 661 3738 733; baseline 0.001 -17"><span class='ocrx_word' id='word_1_141' title='bbox 2170 662 2238 716; x_wconf 90' lang='lat' dir='ltr'><strong>Et</strong></span> <span class='ocrx_word' id='word_1_142' title='bbox 2260 663 2333 718; x_wconf 90' lang='lat' dir='ltr'><strong>ait</strong></span> <span class='ocrx_word' id='word_1_143' title='bbox 2364 663 2595 718; x_wconf 88' lang='lat' dir='ltr'><strong>domnus</strong></span> <span class='ocrx_word' id='word_1_144' title='bbox 2619 674 2710 718; x_wconf 87' lang='lat' dir='ltr'><strong>rex</strong></span> <span class='ocrx_word' id='word_1_145' title='bbox 2736 661 2964 718; x_wconf 81' lang='lat' dir='ltr'><strong>Karolns</strong></span> <span class='ocrx_word' id='word_1_146' title='bbox 2995 679 3008 716; x_wconf 88' lang='lat' dir='ltr'><strong>a</strong></span> <span class='ocrx_word' id='word_1_147' title='bbox 3041 661 3372 717; x_wconf 82' lang='lat' dir='ltr'><strong>Revertimini</strong></span> <span class='ocrx_word' id='word_1_148' title='bbox 3415 679 3502 718; x_wconf 84' lang='lat' dir='ltr'><strong>vos</strong></span> <span class='ocrx_word' id='word_1_149' title='bbox 3524 663 3592 717; x_wconf 86' lang='lat' dir='ltr'><strong>ad</strong></span> <span class='ocrx_word' id='word_1_150' title='bbox 3622 664 3738 733; x_wconf 79' lang='lat' dir='ltr'><strong>fon-</strong></span> 
     </span>
    </p>
   </div>
   <div class='ocr_carea' id='block_1_20' title="bbox 2168 749 3737 822">
    <p class='ocr_par' dir='ltr' id='par_1_20' title="bbox 2168 749 3737 822">
     <span class='ocr_line' id='line_1_20' title="bbox 2168 749 3737 822; baseline 0 -18"><span class='ocrx_word' id='word_1_151' title='bbox 2168 760 2270 805; x_wconf 88' lang='lat' dir='ltr'><strong>tem</strong></span> <span class='ocrx_word' id='word_1_152' title='bbox 2293 752 2461 805; x_wconf 78' lang='lat' dir='ltr'><strong>sancti</strong></span> <span class='ocrx_word' id='word_1_153' title='bbox 2490 749 2750 820; x_wconf 87' lang='lat' dir='ltr'><strong>Gregorii,</strong></span> <span class='ocrx_word' id='word_1_154' title='bbox 2776 752 2900 822; x_wconf 86' lang='lat' dir='ltr'><strong>quia</strong></span> <span class='ocrx_word' id='word_1_155' title='bbox 2929 751 3204 820; x_wconf 79' lang='lat' dir='ltr'><strong>manifeste</strong></span> <span class='ocrx_word' id='word_1_156' title='bbox 3231 752 3535 821; x_wconf 86' lang='lat' dir='ltr'><strong>corrupistis</strong></span> <span class='ocrx_word' id='word_1_157' title='bbox 3565 751 3737 806; x_wconf 84' lang='lat' dir='ltr'><strong>canti-</strong></span> 
     </span>
    </p>
   </div>
   <div class='ocr_carea' id='block_1_21' title="bbox 2169 839 3738 910">
    <p class='ocr_par' dir='ltr' id='par_1_21' title="bbox 2169 839 3738 910">
     <span class='ocr_line' id='line_1_21' title="bbox 2169 839 3738 910; baseline 0.001 -18"><span class='ocrx_word' id='word_1_158' title='bbox 2169 839 2340 894; x_wconf 85' lang='lat' dir='ltr'><strong>lenam</strong></span> <span class='ocrx_word' id='word_1_159' title='bbox 2373 840 2936 895; x_wconf 65' lang='lat' dir='ltr'><strong>a’cclesiasticamMOX</strong></span> <span class='ocrx_word' id='word_1_160' title='bbox 2967 841 3121 910; x_wconf 88' lang='lat' dir='ltr'><strong>petiit</strong></span> <span class='ocrx_word' id='word_1_161' title='bbox 3166 841 3395 894; x_wconf 88' lang='lat' dir='ltr'><strong>domnus</strong></span> <span class='ocrx_word' id='word_1_162' title='bbox 3432 855 3524 894; x_wconf 92' lang='lat' dir='ltr'><strong>rex</strong></span> <span class='ocrx_word' id='word_1_163' title='bbox 3567 839 3738 896; x_wconf 82' lang='lat' dir='ltr'><strong>Karo-</strong></span> 
     </span>
    </p>
   </div>
   <div class='ocr_carea' id='block_1_22' title="bbox 2171 928 3740 1000">
    <p class='ocr_par' dir='ltr' id='par_1_22' title="bbox 2171 928 3740 1000">
     <span class='ocr_line' id='line_1_22' title="bbox 2171 928 3740 1000; baseline 0 -16"><span class='ocrx_word' id='word_1_164' title='bbox 2171 929 2257 985; x_wconf 90' lang='lat' dir='ltr'><strong>lus</strong></span> <span class='ocrx_word' id='word_1_165' title='bbox 2282 931 2349 985; x_wconf 84' lang='lat' dir='ltr'><strong>ab</strong></span> <span class='ocrx_word' id='word_1_166' title='bbox 2385 929 2627 985; x_wconf 85' lang='lat' dir='ltr'><strong>Adriano</strong></span> <span class='ocrx_word' id='word_1_167' title='bbox 2648 943 2783 1000; x_wconf 87' lang='lat' dir='ltr'><strong>papa</strong></span> <span class='ocrx_word' id='word_1_168' title='bbox 2811 938 3082 994; x_wconf 85' lang='lat' dir='ltr'><strong>cantores,</strong></span> <span class='ocrx_word' id='word_1_169' title='bbox 3120 930 3213 999; x_wconf 91' lang='lat' dir='ltr'><strong>qui</strong></span> <span class='ocrx_word' id='word_1_170' title='bbox 3253 928 3539 984; x_wconf 87' lang='lat' dir='ltr'><strong>Franciam</strong></span> <span class='ocrx_word' id='word_1_171' title='bbox 3570 929 3740 984; x_wconf 84' lang='lat' dir='ltr'><strong>corri-</strong></span> 
     </span>
    </p>
   </div>
   <div class='ocr_carea' id='block_1_23' title="bbox 2171 1023 3740 1092">
    <p class='ocr_par' dir='ltr' id='par_1_23' title="bbox 2171 1023 3740 1092">
     <span class='ocr_line' id='line_1_23' title="bbox 2171 1023 3740 1092; baseline -0.001 -14"><span class='ocrx_word' id='word_1_172' title='bbox 2171 1033 2361 1092; x_wconf 81' lang='lat' dir='ltr'><strong>gerent</strong></span> <span class='ocrx_word' id='word_1_173' title='bbox 2407 1025 2474 1080; x_wconf 90' lang='lat' dir='ltr'><strong>de</strong></span> <span class='ocrx_word' id='word_1_174' title='bbox 2524 1032 2707 1080; x_wconf 88' lang='lat' dir='ltr'><strong>cantu.</strong></span> <span class='ocrx_word' id='word_1_175' title='bbox 2747 1023 2818 1078; x_wconf 81' lang='lat' dir='ltr'><strong>At</strong></span> <span class='ocrx_word' id='word_1_176' title='bbox 2871 1023 2961 1078; x_wconf 89' lang='lat' dir='ltr'><strong>ille</strong></span> <span class='ocrx_word' id='word_1_177' title='bbox 3009 1024 3159 1079; x_wconf 90' lang='lat' dir='ltr'><strong>dedit</strong></span> <span class='ocrx_word' id='word_1_178' title='bbox 3204 1024 3254 1078; x_wconf 89' lang='lat' dir='ltr'><strong>ei</strong></span> <span class='ocrx_word' id='word_1_179' title='bbox 3297 1023 3638 1078; x_wconf 83' lang='lat' dir='ltr'><strong>Theodorum</strong></span> <span class='ocrx_word' id='word_1_180' title='bbox 3684 1031 3740 1077; x_wconf 92' lang='lat' dir='ltr'><strong>et</strong></span> 
     </span>
    </p>
   </div>
   <div class='ocr_carea' id='block_1_24' title="bbox 2171 1113 3736 1182">
    <p class='ocr_par' dir='ltr' id='par_1_24' title="bbox 2171 1113 3736 1182">
     <span class='ocr_line' id='line_1_24' title="bbox 2171 1113 3736 1182; baseline -0.001 -12"><span class='ocrx_word' id='word_1_181' title='bbox 2171 1114 2519 1170; x_wconf 89' lang='lat' dir='ltr'><strong>Benedictum</strong></span> <span class='ocrx_word' id='word_1_182' title='bbox 2551 1114 2736 1169; x_wconf 75' lang='lat' dir='ltr'><strong>Romae</strong></span> <span class='ocrx_word' id='word_1_183' title='bbox 2776 1113 3034 1169; x_wconf 67' lang='lat' dir='ltr'><strong>aacclesiae</strong></span> <span class='ocrx_word' id='word_1_184' title='bbox 3072 1113 3416 1169; x_wconf 89' lang='lat' dir='ltr'><strong>doctissimos</strong></span> <span class='ocrx_word' id='word_1_185' title='bbox 3464 1123 3736 1182; x_wconf 86' lang='lat' dir='ltr'><strong>cantores,</strong></span> 
     </span>
    </p>
   </div>
   <div class='ocr_carea' id='block_1_25' title="bbox 2171 1204 3748 1276">
    <p class='ocr_par' dir='ltr' id='par_1_25' title="bbox 2171 1204 3748 1276">
     <span class='ocr_line' id='line_1_25' title="bbox 2171 1204 3748 1276; baseline 0.001 -17"><span class='ocrx_word' id='word_1_186' title='bbox 2171 1205 2263 1276; x_wconf 89' lang='lat' dir='ltr'><strong>qui</strong></span> <span class='ocrx_word' id='word_1_187' title='bbox 2309 1220 2340 1259; x_wconf 91' lang='lat' dir='ltr'><strong>a</strong></span> <span class='ocrx_word' id='word_1_188' title='bbox 2389 1215 2577 1260; x_wconf 87' lang='lat' dir='ltr'><strong>sancto</strong></span> <span class='ocrx_word' id='word_1_189' title='bbox 2613 1204 2874 1274; x_wconf 84' lang='lat' dir='ltr'><strong>Gregorio</strong></span> <span class='ocrx_word' id='word_1_190' title='bbox 2917 1205 3113 1260; x_wconf 91' lang='lat' dir='ltr'><strong>eruditi</strong></span> <span class='ocrx_word' id='word_1_191' title='bbox 3163 1204 3397 1270; x_wconf 81' lang='lat' dir='ltr'><strong>fuerant,</strong></span> <span class='ocrx_word' id='word_1_192' title='bbox 3450 1204 3748 1274; x_wconf 81' lang='lat' dir='ltr'><strong>tribuitque</strong></span> 
     </span>
    </p>
   </div>
   <div class='ocr_carea' id='block_1_26' title="bbox 2173 1294 3747 1367">
    <p class='ocr_par' dir='ltr' id='par_1_26' title="bbox 2173 1294 3747 1367">
     <span class='ocr_line' id='line_1_26' title="bbox 2173 1294 3747 1367; baseline -0.001 -17"><span class='ocrx_word' id='word_1_193' title='bbox 2173 1295 2583 1366; x_wconf 86' lang='lat' dir='ltr'><strong>antiphonarios</strong></span> <span class='ocrx_word' id='word_1_194' title='bbox 2606 1294 2780 1350; x_wconf 87' lang='lat' dir='ltr'><strong>sancti</strong></span> <span class='ocrx_word' id='word_1_195' title='bbox 2807 1294 3080 1365; x_wconf 82' lang='lat' dir='ltr'><strong>Gregorii,</strong></span> <span class='ocrx_word' id='word_1_196' title='bbox 3113 1310 3248 1366; x_wconf 93' lang='lat' dir='ltr'><strong>quos</strong></span> <span class='ocrx_word' id='word_1_197' title='bbox 3297 1296 3414 1367; x_wconf 90' lang='lat' dir='ltr'><strong>ipse</strong></span> <span class='ocrx_word' id='word_1_198' title='bbox 3457 1304 3747 1350; x_wconf 76' lang='lat' dir='ltr'><strong>notaverat</strong></span> 
     </span>
    </p>
   </div>
   <div class='ocr_carea' id='block_1_27' title="bbox 2172 1389 3744 1456">
    <p class='ocr_par' dir='ltr' id='par_1_27' title="bbox 2172 1389 3744 1456">
     <span class='ocr_line' id='line_1_27' title="bbox 2172 1389 3744 1456; baseline 0 -12"><span class='ocrx_word' id='word_1_199' title='bbox 2172 1399 2299 1444; x_wconf 87' lang='lat' dir='ltr'><strong>nota</strong></span> <span class='ocrx_word' id='word_1_200' title='bbox 2337 1389 2601 1444; x_wconf 82' lang='lat' dir='ltr'><strong>Romana.</strong></span> <span class='ocrx_word' id='word_1_201' title='bbox 2636 1389 2873 1445; x_wconf 91' lang='lat' dir='ltr'><strong>Domnus</strong></span> <span class='ocrx_word' id='word_1_202' title='bbox 2894 1404 3025 1444; x_wconf 86' lang='lat' dir='ltr'><strong>vero</strong></span> <span class='ocrx_word' id='word_1_203' title='bbox 3053 1404 3148 1444; x_wconf 91' lang='lat' dir='ltr'><strong>rex</strong></span> <span class='ocrx_word' id='word_1_204' title='bbox 3191 1389 3444 1454; x_wconf 83' lang='lat' dir='ltr'><strong>Karolus,</strong></span> <span class='ocrx_word' id='word_1_205' title='bbox 3465 1397 3744 1456; x_wconf 81' lang='lat' dir='ltr'><strong>revertens</strong></span> 
     </span>
    </p>
   </div>
   <div class='ocr_carea' id='block_1_28' title="bbox 2173 1480 3739 1547">
    <p class='ocr_par' dir='ltr' id='par_1_28' title="bbox 2173 1480 3739 1547">
     <span class='ocr_line' id='line_1_28' title="bbox 2173 1480 3739 1547; baseline -0.002 -12"><span class='ocrx_word' id='word_1_206' title='bbox 2173 1481 2226 1535; x_wconf 89' lang='lat' dir='ltr'><strong>in</strong></span> <span class='ocrx_word' id='word_1_207' title='bbox 2249 1481 2553 1547; x_wconf 75' lang='lat' dir='ltr'><strong>Franciam,</strong></span> <span class='ocrx_word' id='word_1_208' title='bbox 2584 1481 2728 1536; x_wconf 90' lang='lat' dir='ltr'><strong>misit</strong></span> <span class='ocrx_word' id='word_1_209' title='bbox 2746 1497 2907 1535; x_wconf 90' lang='lat' dir='ltr'><strong>unum</strong></span> <span class='ocrx_word' id='word_1_210' title='bbox 2931 1491 3208 1536; x_wconf 89' lang='lat' dir='ltr'><strong>cautorem</strong></span> <span class='ocrx_word' id='word_1_211' title='bbox 3239 1483 3291 1536; x_wconf 91' lang='lat' dir='ltr'><strong>in</strong></span> <span class='ocrx_word' id='word_1_212' title='bbox 3314 1481 3473 1536; x_wconf 89' lang='lat' dir='ltr'><strong>Metis</strong></span> <span class='ocrx_word' id='word_1_213' title='bbox 3501 1480 3739 1543; x_wconf 82' lang='lat' dir='ltr'><strong>civitate,</strong></span> 
     </span>
    </p>
   </div>
   <div class='ocr_carea' id='block_1_29' title="bbox 2174 1568 3740 1642">
    <p class='ocr_par' dir='ltr' id='par_1_29' title="bbox 2174 1568 3740 1642">
     <span class='ocr_line' id='line_1_29' title="bbox 2174 1568 3740 1642; baseline -0.001 -17"><span class='ocrx_word' id='word_1_214' title='bbox 2174 1568 2400 1626; x_wconf 89' lang='lat' dir='ltr'><strong>alterum</strong></span> <span class='ocrx_word' id='word_1_215' title='bbox 2429 1571 2482 1624; x_wconf 91' lang='lat' dir='ltr'><strong>in</strong></span> <span class='ocrx_word' id='word_1_216' title='bbox 2514 1569 2824 1625; x_wconf 84' lang='lat' dir='ltr'><strong>Suessionis</strong></span> <span class='ocrx_word' id='word_1_217' title='bbox 2853 1571 3100 1637; x_wconf 77' lang='lat' dir='ltr'><strong>civitate;</strong></span> <span class='ocrx_word' id='word_1_218' title='bbox 3132 1572 3478 1642; x_wconf 76' lang='lat' dir='ltr'><strong>praecipiens,</strong></span> <span class='ocrx_word' id='word_1_219' title='bbox 3517 1573 3588 1625; x_wconf 87' lang='lat' dir='ltr'><strong>de</strong></span> <span class='ocrx_word' id='word_1_220' title='bbox 3621 1586 3740 1624; x_wconf 87' lang='lat' dir='ltr'><strong>om-</strong></span> 
     </span>
    </p>
   </div>
   <div class='ocr_carea' id='block_1_30' title="bbox 2174 1660 3744 1732">
    <p class='ocr_par' dir='ltr' id='par_1_30' title="bbox 2174 1660 3744 1732">
     <span class='ocr_line' id='line_1_30' title="bbox 2174 1660 3744 1732; baseline 0.001 -18"><span class='ocrx_word' id='word_1_221' title='bbox 2174 1661 2335 1716; x_wconf 88' lang='lat' dir='ltr'><strong>nibus</strong></span> <span class='ocrx_word' id='word_1_222' title='bbox 2363 1661 2675 1716; x_wconf 84' lang='lat' dir='ltr'><strong>civitatibus</strong></span> <span class='ocrx_word' id='word_1_223' title='bbox 2698 1660 2941 1716; x_wconf 72' lang='lat' dir='ltr'><strong>Franciae</strong></span> <span class='ocrx_word' id='word_1_224' title='bbox 2977 1663 3267 1732; x_wconf 88' lang='lat' dir='ltr'><strong>magistros</strong></span> <span class='ocrx_word' id='word_1_225' title='bbox 3311 1662 3468 1716; x_wconf 78' lang='lat' dir='ltr'><strong>scola:</strong></span> <span class='ocrx_word' id='word_1_226' title='bbox 3497 1661 3744 1730; x_wconf 80' lang='lat' dir='ltr'><strong>antipho-</strong></span> 
     </span>
    </p>
   </div>
   <div class='ocr_carea' id='block_1_31' title="bbox 497 1745 3745 1825">
    <p class='ocr_par' dir='ltr' id='par_1_31' title="bbox 497 1745 3745 1825">
     <span class='ocr_line' id='line_1_31' title="bbox 497 1745 3745 1825; baseline 0.002 -25"><span class='ocrx_word' id='word_1_227' title='bbox 497 1745 805 1814; x_wconf 78' lang='lat' dir='ltr'><strong>Roliacum,</strong></span> <span class='ocrx_word' id='word_1_228' title='bbox 836 1762 996 1820; x_wconf 89' lang='lat' dir='ltr'><strong>super</strong></span> <span class='ocrx_word' id='word_1_229' title='bbox 1022 1749 1239 1805; x_wconf 76' lang='lat' dir='ltr'><strong>ﬂuvium</strong></span> <span class='ocrx_word' id='word_1_230' title='bbox 1292 1750 1514 1806; x_wconf 88' lang='lat' dir='ltr'><strong>Notram</strong></span> <span class='ocrx_word' id='word_1_231' title='bbox 1563 1753 1928 1808; x_wconf 87' lang='lat' dir='ltr'><strong>Baudidauem</strong></span> <span class='ocrx_word' id='word_1_232' title='bbox 1975 1755 2072 1808; x_wconf 67' lang='grc' dir='ltr'><strong>νει.</strong></span> <span class='ocrx_word' id='word_1_233' title='bbox 2103 1753 2147 1811; x_wconf 87' lang='grc' dir='ltr'><strong>Β</strong></span> <span class='ocrx_word' id='word_1_234' title='bbox 2175 1756 2357 1810; x_wconf 89' lang='lat' dir='ltr'><strong>uarios</strong></span> <span class='ocrx_word' id='word_1_235' title='bbox 2388 1755 2467 1810; x_wconf 89' lang='lat' dir='ltr'><strong>eis</strong></span> <span class='ocrx_word' id='word_1_236' title='bbox 2489 1754 2561 1809; x_wconf 85' lang='lat' dir='ltr'><strong>ad</strong></span> <span class='ocrx_word' id='word_1_237' title='bbox 2590 1755 2966 1825; x_wconf 81' lang='lat' dir='ltr'><strong>corrigendum</strong></span> <span class='ocrx_word' id='word_1_238' title='bbox 2997 1754 3228 1815; x_wconf 88' lang='lat' dir='ltr'><strong>tradere,</strong></span> <span class='ocrx_word' id='word_1_239' title='bbox 3255 1762 3308 1808; x_wconf 89' lang='lat' dir='ltr'><strong>et</strong></span> <span class='ocrx_word' id='word_1_240' title='bbox 3339 1755 3404 1808; x_wconf 89' lang='lat' dir='ltr'><strong>ab</strong></span> <span class='ocrx_word' id='word_1_241' title='bbox 3429 1755 3508 1808; x_wconf 91' lang='lat' dir='ltr'><strong>eis</strong></span> <span class='ocrx_word' id='word_1_242' title='bbox 3536 1753 3745 1808; x_wconf 83' lang='lat' dir='ltr'><strong>discere</strong></span> 
     </span>
    </p>
   </div>
   <div class='ocr_carea' id='block_1_32' title="bbox 497 1834 2068 1910">
    <p class='ocr_par' dir='ltr' id='par_1_32' title="bbox 497 1834 2068 1910">
     <span class='ocr_line' id='line_1_32' title="bbox 497 1834 2068 1910; baseline 0.008 -22"><span class='ocrx_word' id='word_1_243' title='bbox 497 1834 628 1902; x_wconf 89' lang='lat' dir='ltr'><strong>lam,</strong></span> <span class='ocrx_word' id='word_1_244' title='bbox 667 1836 934 1904; x_wconf 87' lang='lat' dir='ltr'><strong>Camilon,</strong></span> <span class='ocrx_word' id='word_1_245' title='bbox 970 1838 1380 1907; x_wconf 85' lang='lat' dir='ltr'><strong>Cavannacum,</strong></span> <span class='ocrx_word' id='word_1_246' title='bbox 1442 1842 1740 1910; x_wconf 85' lang='lat' dir='ltr'><strong>Ulciacum,</strong></span> <span class='ocrx_word' id='word_1_247' title='bbox 1791 1844 2068 1901; x_wconf 79' lang='lat' dir='ltr'><strong>Roliacum</strong></span> 
     </span>
    </p>
   </div>
   <div class='ocr_carea' id='block_1_33' title="bbox 499 1926 2071 2006">
    <p class='ocr_par' dir='ltr' id='par_1_33' title="bbox 499 1926 2071 2006">
     <span class='ocr_line' id='line_1_33' title="bbox 499 1926 2071 2006; baseline 0.008 -26"><span class='ocrx_word' id='word_1_248' title='bbox 499 1926 786 1993; x_wconf 89' lang='lat' dir='ltr'><strong>minorem,</strong></span> <span class='ocrx_word' id='word_1_249' title='bbox 811 1927 1153 1995; x_wconf 89' lang='lat' dir='ltr'><strong>Torciacum,</strong></span> <span class='ocrx_word' id='word_1_250' title='bbox 1182 1930 1375 1996; x_wconf 87' lang='lat' dir='ltr'><strong>Sertis,</strong></span> <span class='ocrx_word' id='word_1_251' title='bbox 1403 1931 1762 2001; x_wconf 89' lang='lat' dir='ltr'><strong>Tomolatum,</strong></span> <span class='ocrx_word' id='word_1_252' title='bbox 1797 1951 1958 2006; x_wconf 91' lang='lat' dir='ltr'><strong>super</strong></span> <span class='ocrx_word' id='word_1_253' title='bbox 1980 1938 2071 1992; x_wconf 87' lang='lat' dir='ltr'><strong>llu-</strong></span> 
     </span>
    </p>
   </div>
   <div class='ocr_carea' id='block_1_34' title="bbox 497 2018 2075 2092">
    <p class='ocr_par' dir='ltr' id='par_1_34' title="bbox 497 2018 2075 2092">
     <span class='ocr_line' id='line_1_34' title="bbox 497 2018 2075 2092; baseline 0.009 -23"><span class='ocrx_word' id='word_1_254' title='bbox 497 2018 644 2071; x_wconf 84' lang='lat' dir='ltr'><strong>vium</strong></span> <span class='ocrx_word' id='word_1_255' title='bbox 695 2018 1022 2074; x_wconf 92' lang='lat' dir='ltr'><strong>Dornoniam</strong></span> <span class='ocrx_word' id='word_1_256' title='bbox 1066 2020 1506 2090; x_wconf 84' lang='lat' dir='ltr'><strong>Montemvillam,</strong></span> <span class='ocrx_word' id='word_1_257' title='bbox 1557 2025 1868 2092; x_wconf 88' lang='lat' dir='ltr'><strong>Baciacum,</strong></span> <span class='ocrx_word' id='word_1_258' title='bbox 1919 2026 2075 2083; x_wconf 85' lang='lat' dir='ltr'><strong>Tria-</strong></span> 
     </span>
    </p>
   </div>
   <div class='ocr_carea' id='block_1_35' title="bbox 499 2106 2075 2185">
    <p class='ocr_par' dir='ltr' id='par_1_35' title="bbox 499 2106 2075 2185">
     <span class='ocr_line' id='line_1_35' title="bbox 499 2106 2075 2185; baseline 0.008 -24"><span class='ocrx_word' id='word_1_259' title='bbox 499 2119 642 2170; x_wconf 90' lang='lat' dir='ltr'><strong>cum,</strong></span> <span class='ocrx_word' id='word_1_260' title='bbox 699 2106 986 2162; x_wconf 84' lang='lat' dir='ltr'><strong>Marlevam</strong></span> <span class='ocrx_word' id='word_1_261' title='bbox 1022 2108 1088 2164; x_wconf 76' lang='grc'><strong>⁸⁸.</strong></span> <span class='ocrx_word' id='word_1_262' title='bbox 1145 2109 1298 2178; x_wconf 86' lang='lat' dir='ltr'><strong>Quod</strong></span> <span class='ocrx_word' id='word_1_263' title='bbox 1342 2128 1654 2185; x_wconf 87' lang='lat' dir='ltr'><strong>preceptnm</strong></span> <span class='ocrx_word' id='word_1_264' title='bbox 1703 2116 2075 2180; x_wconf 80' lang='lat' dir='ltr'><strong>Bartolomeus</strong></span> 
     </span>
    </p>
   </div>
   <div class='ocr_carea' id='block_1_36' title="bbox 501 2197 2073 2275">
    <p class='ocr_par' dir='ltr' id='par_1_36' title="bbox 501 2197 2073 2275">
     <span class='ocr_line' id='line_1_36' title="bbox 501 2197 2073 2275; baseline 0.008 -23"><span class='ocrx_word' id='word_1_265' title='bbox 501 2197 855 2255; x_wconf 89' lang='lat' dir='ltr'><strong>cancellarius</strong></span> <span class='ocrx_word' id='word_1_266' title='bbox 883 2200 1000 2272; x_wconf 87' lang='lat' dir='ltr'><strong>ejus</strong></span> <span class='ocrx_word' id='word_1_267' title='bbox 1025 2202 1266 2274; x_wconf 89' lang='lat' dir='ltr'><strong>scripsit,</strong></span> <span class='ocrx_word' id='word_1_268' title='bbox 1296 2213 1351 2258; x_wconf 92' lang='lat' dir='ltr'><strong>et</strong></span> <span class='ocrx_word' id='word_1_269' title='bbox 1382 2206 1493 2275; x_wconf 87' lang='lat' dir='ltr'><strong>ipse</strong></span> <span class='ocrx_word' id='word_1_270' title='bbox 1516 2207 1744 2263; x_wconf 89' lang='lat' dir='ltr'><strong>donmns</strong></span> <span class='ocrx_word' id='word_1_271' title='bbox 1783 2225 1878 2264; x_wconf 89' lang='lat' dir='ltr'><strong>rex</strong></span> <span class='ocrx_word' id='word_1_272' title='bbox 1911 2226 2073 2265; x_wconf 74' lang='lat' dir='ltr'><strong>mam</strong></span> 
     </span>
    </p>
   </div>
   <div class='ocr_carea' id='block_1_37' title="bbox 499 2290 2073 2368">
    <p class='ocr_par' dir='ltr' id='par_1_37' title="bbox 499 2290 2073 2368">
     <span class='ocr_line' id='line_1_37' title="bbox 499 2290 2073 2368; baseline 0.008 -24"><span class='ocrx_word' id='word_1_273' title='bbox 499 2303 598 2345; x_wconf 88' lang='lat' dir='ltr'><strong>sua</strong></span> <span class='ocrx_word' id='word_1_274' title='bbox 625 2290 857 2346; x_wconf 89' lang='lat' dir='ltr'><strong>ﬁrmavit</strong></span> <span class='ocrx_word' id='word_1_275' title='bbox 881 2301 936 2347; x_wconf 89' lang='lat' dir='ltr'><strong>et</strong></span> <span class='ocrx_word' id='word_1_276' title='bbox 960 2301 1027 2349; x_wconf 89' lang='lat' dir='ltr'><strong>de</strong></span> <span class='ocrx_word' id='word_1_277' title='bbox 1049 2297 1246 2351; x_wconf 88' lang='lat' dir='ltr'><strong>annulo</strong></span> <span class='ocrx_word' id='word_1_278' title='bbox 1272 2311 1368 2352; x_wconf 91' lang='lat' dir='ltr'><strong>suo</strong></span> <span class='ocrx_word' id='word_1_279' title='bbox 1390 2297 1658 2368; x_wconf 73' lang='lat' dir='ltr'><strong>sigillavit.</strong></span> <span class='ocrx_word' id='word_1_280' title='bbox 1686 2300 1817 2354; x_wconf 88' lang='lat' dir='ltr'><strong>Erat</strong></span> <span class='ocrx_word' id='word_1_281' title='bbox 1836 2316 1902 2355; x_wconf 93' lang='lat' dir='ltr'><strong>eo</strong></span> <span class='ocrx_word' id='word_1_282' title='bbox 1935 2311 2073 2356; x_wconf 66' lang='lat' dir='ltr'><strong>ten-</strong></span> 
     </span>
    </p>
   </div>
   <div class='ocr_carea' id='block_1_38' title="bbox 499 2380 2076 2455">
    <p class='ocr_par' dir='ltr' id='par_1_38' title="bbox 499 2380 2076 2455">
     <span class='ocr_line' id='line_1_38' title="bbox 499 2380 2076 2455; baseline 0.008 -22"><span class='ocrx_word' id='word_1_283' title='bbox 499 2393 632 2448; x_wconf 90' lang='lat' dir='ltr'><strong>pore</strong></span> <span class='ocrx_word' id='word_1_284' title='bbox 660 2380 711 2436; x_wconf 92' lang='lat' dir='ltr'><strong>in</strong></span> <span class='ocrx_word' id='word_1_285' title='bbox 738 2381 853 2451; x_wconf 93' lang='lat' dir='ltr'><strong>ipso</strong></span> <span class='ocrx_word' id='word_1_286' title='bbox 878 2385 1210 2440; x_wconf 85' lang='lat' dir='ltr'><strong>monasterio</strong></span> <span class='ocrx_word' id='word_1_287' title='bbox 1251 2387 1423 2441; x_wconf 89' lang='lat' dir='ltr'><strong>sancti</strong></span> <span class='ocrx_word' id='word_1_288' title='bbox 1454 2387 1706 2455; x_wconf 87' lang='lat' dir='ltr'><strong>Eparchii</strong></span> <span class='ocrx_word' id='word_1_289' title='bbox 1747 2391 2076 2446; x_wconf 90' lang='lat' dir='ltr'><strong>canonicalis</strong></span> 
     </span>
    </p>
   </div>
   <div class='ocr_carea' id='block_1_39' title="bbox 500 2468 2073 2543">
    <p class='ocr_par' dir='ltr' id='par_1_39' title="bbox 500 2468 2073 2543">
     <span class='ocr_line' id='line_1_39' title="bbox 500 2468 2073 2543; baseline 0.008 -22"><span class='ocrx_word' id='word_1_290' title='bbox 500 2468 738 2524; x_wconf 83' lang='lat' dir='ltr'><strong>habitus.</strong></span> <span class='ocrx_word' id='word_1_291' title='bbox 767 2469 895 2525; x_wconf 89' lang='lat' dir='ltr'><strong>lude</strong></span> <span class='ocrx_word' id='word_1_292' title='bbox 920 2471 1190 2543; x_wconf 89' lang='lat' dir='ltr'><strong>gloriosus</strong></span> <span class='ocrx_word' id='word_1_293' title='bbox 1215 2488 1309 2527; x_wconf 88' lang='lat' dir='ltr'><strong>rex</strong></span> <span class='ocrx_word' id='word_1_294' title='bbox 1349 2474 1574 2531; x_wconf 88' lang='lat' dir='ltr'><strong>Carolus</strong></span> <span class='ocrx_word' id='word_1_295' title='bbox 1621 2491 1870 2532; x_wconf 87' lang='lat' dir='ltr'><strong>reversus</strong></span> <span class='ocrx_word' id='word_1_296' title='bbox 1906 2489 1991 2534; x_wconf 89' lang='lat' dir='ltr'><strong>est</strong></span> <span class='ocrx_word' id='word_1_297' title='bbox 2019 2478 2073 2533; x_wconf 86' lang='lat' dir='ltr'><strong>in</strong></span> 
     </span>
    </p>
   </div>
   <div class='ocr_carea' id='block_1_40' title="bbox 499 2557 904 2615">
    <p class='ocr_par' dir='ltr' id='par_1_40' title="bbox 499 2557 904 2615">
     <span class='ocr_line' id='line_1_40' title="bbox 499 2557 904 2615; baseline 0.007 -3"><span class='ocrx_word' id='word_1_298' title='bbox 499 2557 904 2615; x_wconf 86' lang='lat' dir='ltr'><strong>Franciam.....</strong></span> 
     </span>
    </p>
   </div>
   <div class='ocr_carea' id='block_1_41' title="bbox 570 2650 2073 2728">
    <p class='ocr_par' dir='ltr' id='par_1_41' title="bbox 570 2650 2073 2728">
     <span class='ocr_line' id='line_1_41' title="bbox 570 2650 2073 2728; baseline 0.007 -24"><span class='ocrx_word' id='word_1_299' title='bbox 570 2650 626 2705; x_wconf 87' lang='lat'><strong>8.</strong></span> <span class='ocrx_word' id='word_1_300' title='bbox 655 2651 816 2722; x_wconf 81' lang='lat' dir='ltr'><strong>(Ann.</strong></span> <span class='ocrx_word' id='word_1_301' title='bbox 852 2651 1014 2708; x_wconf 90' lang='lat' dir='ltr'><strong>Laur.</strong></span> <span class='ocrx_word' id='word_1_302' title='bbox 1042 2671 1095 2708; x_wconf 89' lang='lat' dir='ltr'><strong>a.</strong></span> <span class='ocrx_word' id='word_1_303' title='bbox 1127 2654 1251 2726; x_wconf 89' lang='lat'><strong>787)</strong></span> <span class='ocrx_word' id='word_1_304' title='bbox 1286 2693 1301 2710; x_wconf 95' lang='lat'><strong>.</strong></span> <span class='ocrx_word' id='word_1_305' title='bbox 1332 2693 1346 2709; x_wconf 94' lang='lat'><strong>.</strong></span> <span class='ocrx_word' id='word_1_306' title='bbox 1374 2694 1388 2713; x_wconf 93' lang='lat'><strong>.</strong></span> <span class='ocrx_word' id='word_1_307' title='bbox 1417 2695 1432 2710; x_wconf 94' lang='lat'><strong>.</strong></span> <span class='ocrx_word' id='word_1_308' title='bbox 1464 2655 1531 2711; x_wconf 83' lang='lat' dir='ltr'><strong>Et</strong></span> <span class='ocrx_word' id='word_1_309' title='bbox 1560 2671 1811 2714; x_wconf 87' lang='lat' dir='ltr'><strong>reversus</strong></span> <span class='ocrx_word' id='word_1_310' title='bbox 1836 2668 1919 2714; x_wconf 88' lang='lat' dir='ltr'><strong>est</strong></span> <span class='ocrx_word' id='word_1_311' title='bbox 1939 2659 2073 2728; x_wconf 87' lang='lat' dir='ltr'><strong>piis-</strong></span> 
     </span>
    </p>
   </div>
   <div class='ocr_carea' id='block_1_42' title="bbox 501 2739 2073 2818">
    <p class='ocr_par' dir='ltr' id='par_1_42' title="bbox 501 2739 2073 2818">
     <span class='ocr_line' id='line_1_42' title="bbox 501 2739 2073 2818; baseline 0.005 -23"><span class='ocrx_word' id='word_1_312' title='bbox 501 2739 673 2795; x_wconf 82' lang='lat' dir='ltr'><strong>simus</strong></span> <span class='ocrx_word' id='word_1_313' title='bbox 706 2755 800 2795; x_wconf 86' lang='lat' dir='ltr'><strong>rex</strong></span> <span class='ocrx_word' id='word_1_314' title='bbox 826 2741 1056 2813; x_wconf 80' lang='lat' dir='ltr'><strong>Karolus</strong></span> <span class='ocrx_word' id='word_1_315' title='bbox 1084 2753 1138 2799; x_wconf 91' lang='lat' dir='ltr'><strong>et</strong></span> <span class='ocrx_word' id='word_1_316' title='bbox 1172 2744 1482 2801; x_wconf 76' lang='lat' dir='ltr'><strong>caelebravit</strong></span> <span class='ocrx_word' id='word_1_317' title='bbox 1508 2745 1694 2802; x_wconf 79' lang='lat' dir='ltr'><strong>Romae</strong></span> <span class='ocrx_word' id='word_1_318' title='bbox 1725 2748 1922 2818; x_wconf 88' lang='lat' dir='ltr'><strong>pascha</strong></span> <span class='ocrx_word' id='word_1_319' title='bbox 1951 2765 2073 2804; x_wconf 83' lang='lat' dir='ltr'><strong>cum</strong></span> 
     </span>
    </p>
   </div>
   <div class='ocr_carea' id='block_1_43' title="bbox 502 2830 2077 2912">
    <p class='ocr_par' dir='ltr' id='par_1_43' title="bbox 502 2830 2077 2912">
     <span class='ocr_line' id='line_1_43' title="bbox 502 2830 2077 2912; baseline 0.007 -25"><span class='ocrx_word' id='word_1_320' title='bbox 502 2830 700 2887; x_wconf 91' lang='lat' dir='ltr'><strong>domno</strong></span> <span class='ocrx_word' id='word_1_321' title='bbox 725 2835 1044 2903; x_wconf 89' lang='lat' dir='ltr'><strong>apostolico.</strong></span> <span class='ocrx_word' id='word_1_322' title='bbox 1074 2835 1212 2892; x_wconf 89' lang='lat' dir='ltr'><strong>Ecce</strong></span> <span class='ocrx_word' id='word_1_323' title='bbox 1233 2847 1349 2892; x_wconf 87' lang='lat' dir='ltr'><strong>orta</strong></span> <span class='ocrx_word' id='word_1_324' title='bbox 1391 2847 1477 2893; x_wconf 90' lang='lat' dir='ltr'><strong>est</strong></span> <span class='ocrx_word' id='word_1_325' title='bbox 1517 2841 1790 2896; x_wconf 91' lang='lat' dir='ltr'><strong>contentio</strong></span> <span class='ocrx_word' id='word_1_326' title='bbox 1838 2857 1935 2912; x_wconf 88' lang='lat' dir='ltr'><strong>per</strong></span> <span class='ocrx_word' id='word_1_327' title='bbox 1962 2844 2077 2898; x_wconf 88' lang='lat' dir='ltr'><strong>dies</strong></span> 
     </span>
    </p>
   </div>
   <div class='ocr_carea' id='block_1_44' title="bbox 501 2918 2077 2990">
    <p class='ocr_par' dir='ltr' id='par_1_44' title="bbox 501 2918 2077 2990">
     <span class='ocr_line' id='line_1_44' title="bbox 501 2918 2077 2990; baseline 0.01 -18"><span class='ocrx_word' id='word_1_328' title='bbox 501 2918 671 2974; x_wconf 78' lang='lat' dir='ltr'><strong>festos</strong></span> <span class='ocrx_word' id='word_1_329' title='bbox 701 2921 914 2990; x_wconf 84' lang='lat' dir='ltr'><strong>paschae</strong></span> <span class='ocrx_word' id='word_1_330' title='bbox 943 2924 1086 2978; x_wconf 87' lang='lat' dir='ltr'><strong>inter</strong></span> <span class='ocrx_word' id='word_1_331' title='bbox 1110 2936 1363 2982; x_wconf 85' lang='lat' dir='ltr'><strong>cantores</strong></span> <span class='ocrx_word' id='word_1_332' title='bbox 1393 2927 1761 2983; x_wconf 81' lang='lat' dir='ltr'><strong>Romanorum</strong></span> <span class='ocrx_word' id='word_1_333' title='bbox 1793 2938 1849 2986; x_wconf 90' lang='lat' dir='ltr'><strong>et</strong></span> <span class='ocrx_word' id='word_1_334' title='bbox 1891 2931 2077 2988; x_wconf 89' lang='lat' dir='ltr'><strong>Gallo-</strong></span> 
     </span>
    </p>
   </div>
   <div class='ocr_carea' id='block_1_45' title="bbox 503 3011 2073 3092">
    <p class='ocr_par' dir='ltr' id='par_1_45' title="bbox 503 3011 2073 3092">
     <span class='ocr_line' id='line_1_45' title="bbox 503 3011 2073 3092; baseline 0.01 -29"><span class='ocrx_word' id='word_1_335' title='bbox 503 3025 623 3064; x_wconf 86' lang='lat' dir='ltr'><strong>rum</strong></span> <span class='ocrx_word' id='word_1_336' title='bbox 652 3011 786 3090; x_wconf 77' lang='lat' dir='ltr'><strong>(l3).</strong></span> <span class='ocrx_word' id='word_1_337' title='bbox 813 3011 1073 3068; x_wconf 89' lang='lat' dir='ltr'><strong>Dicebant</strong></span> <span class='ocrx_word' id='word_1_338' title='bbox 1101 3029 1160 3070; x_wconf 92' lang='lat' dir='ltr'><strong>se</strong></span> <span class='ocrx_word' id='word_1_339' title='bbox 1187 3014 1322 3071; x_wconf 85' lang='lat' dir='ltr'><strong>Galli</strong></span> <span class='ocrx_word' id='word_1_340' title='bbox 1377 3017 1568 3074; x_wconf 90' lang='lat' dir='ltr'><strong>melius</strong></span> <span class='ocrx_word' id='word_1_341' title='bbox 1613 3029 1833 3076; x_wconf 89' lang='lat' dir='ltr'><strong>cantare</strong></span> <span class='ocrx_word' id='word_1_342' title='bbox 1877 3031 1932 3077; x_wconf 92' lang='lat' dir='ltr'><strong>et</strong></span> <span class='ocrx_word' id='word_1_343' title='bbox 1953 3028 2073 3092; x_wconf 90' lang='lat' dir='ltr'><strong>pul-</strong></span> 
     </span>
    </p>
   </div>
   <div class='ocr_carea' id='block_1_46' title="bbox 2173 1842 3746 1913">
    <p class='ocr_par' dir='ltr' id='par_1_46' title="bbox 2173 1842 3746 1913">
     <span class='ocr_line' id='line_1_46' title="bbox 2173 1842 3746 1913; baseline -0.003 -13"><span class='ocrx_word' id='word_1_344' title='bbox 2173 1856 2419 1902; x_wconf 90' lang='lat' dir='ltr'><strong>cantare.</strong></span> <span class='ocrx_word' id='word_1_345' title='bbox 2477 1845 2719 1901; x_wconf 88' lang='lat' dir='ltr'><strong>Correcti</strong></span> <span class='ocrx_word' id='word_1_346' title='bbox 2769 1853 2894 1899; x_wconf 91' lang='lat' dir='ltr'><strong>sunt</strong></span> <span class='ocrx_word' id='word_1_347' title='bbox 2938 1859 3068 1912; x_wconf 83' lang='lat' dir='ltr'><strong>ergo</strong></span> <span class='ocrx_word' id='word_1_348' title='bbox 3120 1843 3481 1913; x_wconf 89' lang='lat' dir='ltr'><strong>antiphonarii</strong></span> <span class='ocrx_word' id='word_1_349' title='bbox 3512 1842 3746 1896; x_wconf 80' lang='lat' dir='ltr'><strong>Franco-</strong></span> 
     </span>
    </p>
   </div>
   <div class='ocr_carea' id='block_1_47' title="bbox 2174 1933 3735 2006">
    <p class='ocr_par' dir='ltr' id='par_1_47' title="bbox 2174 1933 3735 2006">
     <span class='ocr_line' id='line_1_47' title="bbox 2174 1933 3735 2006; baseline -0.003 -14"><span class='ocrx_word' id='word_1_350' title='bbox 2174 1953 2315 2003; x_wconf 89' lang='lat' dir='ltr'><strong>rum,</strong></span> <span class='ocrx_word' id='word_1_351' title='bbox 2355 1952 2490 2006; x_wconf 88' lang='lat' dir='ltr'><strong>quos</strong></span> <span class='ocrx_word' id='word_1_352' title='bbox 2521 1935 2888 2005; x_wconf 87' lang='lat' dir='ltr'><strong>unusquisque</strong></span> <span class='ocrx_word' id='word_1_353' title='bbox 2919 1950 3014 2004; x_wconf 94' lang='lat' dir='ltr'><strong>pro</strong></span> <span class='ocrx_word' id='word_1_354' title='bbox 3038 1935 3264 1990; x_wconf 89' lang='lat' dir='ltr'><strong>arbitrio</strong></span> <span class='ocrx_word' id='word_1_355' title='bbox 3297 1948 3395 1988; x_wconf 91' lang='lat' dir='ltr'><strong>suo</strong></span> <span class='ocrx_word' id='word_1_356' title='bbox 3433 1933 3735 1988; x_wconf 78' lang='lat' dir='ltr'><strong>viciaverat</strong></span> 
     </span>
    </p>
   </div>
   <div class='ocr_carea' id='block_1_48' title="bbox 2172 2021 3743 2090">
    <p class='ocr_par' dir='ltr' id='par_1_48' title="bbox 2172 2021 3743 2090">
     <span class='ocr_line' id='line_1_48' title="bbox 2172 2021 3743 2090; baseline -0.006 -8"><span class='ocrx_word' id='word_1_357' title='bbox 2172 2028 2257 2082; x_wconf 86' lang='lat' dir='ltr'><strong>vel</strong></span> <span class='ocrx_word' id='word_1_358' title='bbox 2293 2027 2493 2081; x_wconf 86' lang='lat' dir='ltr'><strong>addens</strong></span> <span class='ocrx_word' id='word_1_359' title='bbox 2521 2026 2602 2081; x_wconf 85' lang='lat' dir='ltr'><strong>vel</strong></span> <span class='ocrx_word' id='word_1_360' title='bbox 2632 2027 2915 2090; x_wconf 88' lang='lat' dir='ltr'><strong>minuens;</strong></span> <span class='ocrx_word' id='word_1_361' title='bbox 2951 2033 3004 2079; x_wconf 87' lang='lat' dir='ltr'><strong>et</strong></span> <span class='ocrx_word' id='word_1_362' title='bbox 3040 2037 3229 2079; x_wconf 89' lang='lat' dir='ltr'><strong>omnes</strong></span> <span class='ocrx_word' id='word_1_363' title='bbox 3273 2021 3519 2078; x_wconf 68' lang='lat' dir='ltr'><strong>Francia:</strong></span> <span class='ocrx_word' id='word_1_364' title='bbox 3550 2028 3743 2075; x_wconf 86' lang='lat' dir='ltr'><strong>canto-</strong></span> 
     </span>
    </p>
   </div>
   <div class='ocr_carea' id='block_1_49' title="bbox 2175 2115 3748 2183">
    <p class='ocr_par' dir='ltr' id='par_1_49' title="bbox 2175 2115 3748 2183">
     <span class='ocr_line' id='line_1_49' title="bbox 2175 2115 3748 2183; baseline -0.004 -11"><span class='ocrx_word' id='word_1_365' title='bbox 2175 2131 2266 2172; x_wconf 89' lang='lat' dir='ltr'><strong>res</strong></span> <span class='ocrx_word' id='word_1_366' title='bbox 2294 2116 2600 2171; x_wconf 89' lang='lat' dir='ltr'><strong>didicerunt</strong></span> <span class='ocrx_word' id='word_1_367' title='bbox 2638 2124 2821 2170; x_wconf 90' lang='lat' dir='ltr'><strong>notam</strong></span> <span class='ocrx_word' id='word_1_368' title='bbox 2852 2115 3166 2178; x_wconf 80' lang='lat' dir='ltr'><strong>Romanam,</strong></span> <span class='ocrx_word' id='word_1_369' title='bbox 3193 2129 3355 2183; x_wconf 85' lang='lat' dir='ltr'><strong>quam</strong></span> <span class='ocrx_word' id='word_1_370' title='bbox 3387 2127 3531 2168; x_wconf 87' lang='lat' dir='ltr'><strong>nunc</strong></span> <span class='ocrx_word' id='word_1_371' title='bbox 3553 2121 3748 2166; x_wconf 85' lang='lat' dir='ltr'><strong>vocant</strong></span> 
     </span>
    </p>
   </div>
   <div class='ocr_carea' id='block_1_50' title="bbox 2175 2203 3750 2276">
    <p class='ocr_par' dir='ltr' id='par_1_50' title="bbox 2175 2203 3750 2276">
     <span class='ocr_line' id='line_1_50' title="bbox 2175 2203 3750 2276; baseline -0.006 -10"><span class='ocrx_word' id='word_1_372' title='bbox 2175 2219 2358 2266; x_wconf 90' lang='lat' dir='ltr'><strong>notam</strong></span> <span class='ocrx_word' id='word_1_373' title='bbox 2387 2209 2754 2273; x_wconf 89' lang='lat' dir='ltr'><strong>Franciscam,</strong></span> <span class='ocrx_word' id='word_1_374' title='bbox 2785 2215 3013 2276; x_wconf 86' lang='lat' dir='ltr'><strong>excepto</strong></span> <span class='ocrx_word' id='word_1_375' title='bbox 3045 2205 3185 2276; x_wconf 91' lang='lat' dir='ltr'><strong>quod</strong></span> <span class='ocrx_word' id='word_1_376' title='bbox 3228 2203 3484 2260; x_wconf 86' lang='lat' dir='ltr'><strong>tremulas</strong></span> <span class='ocrx_word' id='word_1_377' title='bbox 3524 2203 3607 2259; x_wconf 91' lang='lat' dir='ltr'><strong>vel</strong></span> <span class='ocrx_word' id='word_1_378' title='bbox 3636 2205 3750 2257; x_wconf 85' lang='lat' dir='ltr'><strong>viu-</strong></span> 
     </span>
    </p>
   </div>
   <div class='ocr_carea' id='block_1_51' title="bbox 2175 2286 3748 2378">
    <p class='ocr_par' dir='ltr' id='par_1_51' title="bbox 2175 2286 3748 2378">
     <span class='ocr_line' id='line_1_51' title="bbox 2175 2286 3748 2378; baseline -0.008 -16"><span class='ocrx_word' id='word_1_379' title='bbox 2175 2305 2332 2362; x_wconf 90' lang='lat' dir='ltr'><strong>nolas</strong></span> <span class='ocrx_word' id='word_1_380' title='bbox 2365 2304 2478 2378; x_wconf 79' lang='grc'><strong>(15)</strong></span> <span class='ocrx_word' id='word_1_381' title='bbox 2524 2304 2638 2358; x_wconf 89' lang='lat' dir='ltr'><strong>sive</strong></span> <span class='ocrx_word' id='word_1_382' title='bbox 2685 2301 2997 2358; x_wconf 86' lang='lat' dir='ltr'><strong>collisibiles</strong></span> <span class='ocrx_word' id='word_1_383' title='bbox 3040 2286 3123 2352; x_wconf 71' lang='lat' dir='ltr'><strong>vel</strong></span> <span class='ocrx_word' id='word_1_384' title='bbox 3173 2298 3434 2354; x_wconf 88' lang='lat' dir='ltr'><strong>sccabiles</strong></span> <span class='ocrx_word' id='word_1_385' title='bbox 3493 2311 3652 2351; x_wconf 89' lang='lat' dir='ltr'><strong>voces</strong></span> <span class='ocrx_word' id='word_1_386' title='bbox 3695 2296 3748 2350; x_wconf 93' lang='lat' dir='ltr'><strong>in</strong></span> 
     </span>
    </p>
   </div>
   <div class='ocr_carea' id='block_1_52' title="bbox 2177 2384 3748 2463">
    <p class='ocr_par' dir='ltr' id='par_1_52' title="bbox 2177 2384 3748 2463">
     <span class='ocr_line' id='line_1_52' title="bbox 2177 2384 3748 2463; baseline -0.01 -10"><span class='ocrx_word' id='word_1_387' title='bbox 2177 2405 2341 2453; x_wconf 90' lang='lat' dir='ltr'><strong>cantu</strong></span> <span class='ocrx_word' id='word_1_388' title='bbox 2371 2411 2476 2448; x_wconf 93' lang='lat' dir='ltr'><strong>nou</strong></span> <span class='ocrx_word' id='word_1_389' title='bbox 2505 2401 2755 2463; x_wconf 85' lang='lat' dir='ltr'><strong>poterant</strong></span> <span class='ocrx_word' id='word_1_390' title='bbox 2779 2389 3018 2460; x_wconf 86' lang='lat' dir='ltr'><strong>perfecte</strong></span> <span class='ocrx_word' id='word_1_391' title='bbox 3043 2388 3350 2456; x_wconf 85' lang='lat' dir='ltr'><strong>exprimere</strong></span> <span class='ocrx_word' id='word_1_392' title='bbox 3390 2384 3608 2449; x_wconf 88' lang='lat' dir='ltr'><strong>Franci,</strong></span> <span class='ocrx_word' id='word_1_393' title='bbox 3646 2400 3748 2439; x_wconf 84' lang='lat' dir='ltr'><strong>na-</strong></span> 
     </span>
    </p>
   </div>
   <div class='ocr_carea' id='block_1_53' title="bbox 2177 2479 3751 2551">
    <p class='ocr_par' dir='ltr' id='par_1_53' title="bbox 2177 2479 3751 2551">
     <span class='ocr_line' id='line_1_53' title="bbox 2177 2479 3751 2551; baseline -0.005 -10"><span class='ocrx_word' id='word_1_394' title='bbox 2177 2486 2336 2542; x_wconf 91' lang='lat' dir='ltr'><strong>turali</strong></span> <span class='ocrx_word' id='word_1_395' title='bbox 2384 2500 2517 2540; x_wconf 91' lang='lat' dir='ltr'><strong>voce</strong></span> <span class='ocrx_word' id='word_1_396' title='bbox 2569 2483 2851 2538; x_wconf 90' lang='lat' dir='ltr'><strong>barbarica</strong></span> <span class='ocrx_word' id='word_1_397' title='bbox 2892 2481 3204 2551; x_wconf 84' lang='lat' dir='ltr'><strong>frangentes</strong></span> <span class='ocrx_word' id='word_1_398' title='bbox 3251 2479 3304 2534; x_wconf 92' lang='lat' dir='ltr'><strong>in</strong></span> <span class='ocrx_word' id='word_1_399' title='bbox 3337 2487 3555 2550; x_wconf 90' lang='lat' dir='ltr'><strong>gutture</strong></span> <span class='ocrx_word' id='word_1_400' title='bbox 3593 2492 3751 2534; x_wconf 87' lang='lat' dir='ltr'><strong>voces</strong></span> 
     </span>
    </p>
   </div>
   <div class='ocr_carea' id='block_1_54' title="bbox 2175 2569 3749 2649">
    <p class='ocr_par' dir='ltr' id='par_1_54' title="bbox 2175 2569 3749 2649">
     <span class='ocr_line' id='line_1_54' title="bbox 2175 2569 3749 2649; baseline -0.007 -16"><span class='ocrx_word' id='word_1_401' title='bbox 2175 2579 2363 2649; x_wconf 88' lang='lat' dir='ltr'><strong>pocius</strong></span> <span class='ocrx_word' id='word_1_402' title='bbox 2392 2591 2552 2645; x_wconf 85' lang='lat' dir='ltr'><strong>quam</strong></span> <span class='ocrx_word' id='word_1_403' title='bbox 2573 2575 2958 2646; x_wconf 83' lang='lat' dir='ltr'><strong>exprimentes.</strong></span> <span class='ocrx_word' id='word_1_404' title='bbox 2983 2571 3154 2642; x_wconf 83' lang='lat' dir='ltr'><strong>Majus</strong></span> <span class='ocrx_word' id='word_1_405' title='bbox 3174 2579 3352 2625; x_wconf 88' lang='lat' dir='ltr'><strong>autem</strong></span> <span class='ocrx_word' id='word_1_406' title='bbox 3380 2569 3749 2641; x_wconf 87' lang='lat' dir='ltr'><strong>magisterium</strong></span> 
     </span>
    </p>
   </div>
   <div class='ocr_carea' id='block_1_55' title="bbox 2177 2661 3762 2730">
    <p class='ocr_par' dir='ltr' id='par_1_55' title="bbox 2177 2661 3762 2730">
     <span class='ocr_line' id='line_1_55' title="bbox 2177 2661 3762 2730; baseline -0.008 -3"><span class='ocrx_word' id='word_1_407' title='bbox 2177 2668 2433 2728; x_wconf 87' lang='lat' dir='ltr'><strong>cantandi</strong></span> <span class='ocrx_word' id='word_1_408' title='bbox 2481 2668 2535 2720; x_wconf 92' lang='lat' dir='ltr'><strong>in</strong></span> <span class='ocrx_word' id='word_1_409' title='bbox 2586 2665 2741 2720; x_wconf 88' lang='lat' dir='ltr'><strong>Metis</strong></span> <span class='ocrx_word' id='word_1_410' title='bbox 2791 2664 3012 2719; x_wconf 85' lang='lat' dir='ltr'><strong>civitate</strong></span> <span class='ocrx_word' id='word_1_411' title='bbox 3056 2661 3350 2727; x_wconf 88' lang='lat' dir='ltr'><strong>remansit;</strong></span> <span class='ocrx_word' id='word_1_412' title='bbox 3381 2669 3762 2730; x_wconf 84' lang='lat' dir='ltr'><strong>quantumque-</strong></span> 
     </span>
    </p>
   </div>
   <div class='ocr_carea' id='block_1_56' title="bbox 2176 2740 3770 2830">
    <p class='ocr_par' dir='ltr' id='par_1_56' title="bbox 2176 2740 3770 2830">
     <span class='ocr_line' id='line_1_56' title="bbox 2176 2740 3770 2830; baseline -0.008 -16"><span class='ocrx_word' id='word_1_413' title='bbox 2176 2757 2546 2830; x_wconf 80' lang='lat' dir='ltr'><strong>magisterium</strong></span> <span class='ocrx_word' id='word_1_414' title='bbox 2573 2754 2874 2810; x_wconf 79' lang='lat' dir='ltr'><strong>Romanum</strong></span> <span class='ocrx_word' id='word_1_415' title='bbox 2901 2761 3119 2823; x_wconf 87' lang='lat' dir='ltr'><strong>superat</strong></span> <span class='ocrx_word' id='word_1_416' title='bbox 3143 2749 3380 2806; x_wconf 87' lang='lat' dir='ltr'><strong>Metense</strong></span> <span class='ocrx_word' id='word_1_417' title='bbox 3409 2750 3461 2804; x_wconf 90' lang='lat' dir='ltr'><strong>in</strong></span> <span class='ocrx_word' id='word_1_418' title='bbox 3487 2758 3601 2804; x_wconf 91' lang='lat' dir='ltr'><strong>arte</strong></span> <span class='ocrx_word' id='word_1_419' title='bbox 3627 2740 3770 2804; x_wconf 48' lang='lat' dir='ltr'><strong>can;</strong></span> 
     </span>
    </p>
   </div>
   <div class='ocr_carea' id='block_1_57' title="bbox 2180 2842 3752 2916">
    <p class='ocr_par' dir='ltr' id='par_1_57' title="bbox 2180 2842 3752 2916">
     <span class='ocr_line' id='line_1_57' title="bbox 2180 2842 3752 2916; baseline -0.006 -12"><span class='ocrx_word' id='word_1_420' title='bbox 2180 2849 2378 2915; x_wconf 74' lang='lat' dir='ltr'><strong>tilenae,</strong></span> <span class='ocrx_word' id='word_1_421' title='bbox 2437 2858 2586 2903; x_wconf 91' lang='lat' dir='ltr'><strong>tanto</strong></span> <span class='ocrx_word' id='word_1_422' title='bbox 2621 2843 2854 2916; x_wconf 53' lang='lat' dir='ltr'><strong>&#39;supcrat</strong></span> <span class='ocrx_word' id='word_1_423' title='bbox 2901 2846 3155 2900; x_wconf 82' lang='lat' dir='ltr'><strong>Meteusis</strong></span> <span class='ocrx_word' id='word_1_424' title='bbox 3211 2842 3481 2898; x_wconf 89' lang='lat' dir='ltr'><strong>cantilena</strong></span> <span class='ocrx_word' id='word_1_425' title='bbox 3541 2851 3752 2896; x_wconf 87' lang='lat' dir='ltr'><strong>ceteras</strong></span> 
     </span>
    </p>
   </div>
   <div class='ocr_carea' id='block_1_58' title="bbox 2177 2932 3750 3005">
    <p class='ocr_par' dir='ltr' id='par_1_58' title="bbox 2177 2932 3750 3005">
     <span class='ocr_line' id='line_1_58' title="bbox 2177 2932 3750 3005; baseline -0.009 -7"><span class='ocrx_word' id='word_1_426' title='bbox 2177 2942 2354 2998; x_wconf 89' lang='lat' dir='ltr'><strong>scolas</strong></span> <span class='ocrx_word' id='word_1_427' title='bbox 2378 2940 2678 2996; x_wconf 79' lang='lat' dir='ltr'><strong>Gallorum.</strong></span> <span class='ocrx_word' id='word_1_428' title='bbox 2715 2937 2979 3005; x_wconf 88' lang='lat' dir='ltr'><strong>Similiter</strong></span> <span class='ocrx_word' id='word_1_429' title='bbox 3019 2935 3336 2990; x_wconf 88' lang='lat' dir='ltr'><strong>erudierunt</strong></span> <span class='ocrx_word' id='word_1_430' title='bbox 3363 2932 3590 2988; x_wconf 85' lang='lat' dir='ltr'><strong>Romani</strong></span> <span class='ocrx_word' id='word_1_431' title='bbox 3619 2946 3750 2985; x_wconf 84' lang='lat' dir='ltr'><strong>cau-</strong></span> 
     </span>
    </p>
   </div>
   <div class='ocr_carea' id='block_1_59' title="bbox 2180 3024 3750 3099">
    <p class='ocr_par' dir='ltr' id='par_1_59' title="bbox 2180 3024 3750 3099">
     <span class='ocr_line' id='line_1_59' title="bbox 2180 3024 3750 3099; baseline -0.008 -12"><span class='ocrx_word' id='word_1_432' title='bbox 2180 3041 2327 3087; x_wconf 92' lang='lat' dir='ltr'><strong>tores</strong></span> <span class='ocrx_word' id='word_1_433' title='bbox 2354 3029 2648 3099; x_wconf 85' lang='lat' dir='ltr'><strong>supradicti</strong></span> <span class='ocrx_word' id='word_1_434' title='bbox 2673 3036 2924 3082; x_wconf 80' lang='lat' dir='ltr'><strong>cantores</strong></span> <span class='ocrx_word' id='word_1_435' title='bbox 2963 3026 3292 3080; x_wconf 89' lang='lat' dir='ltr'><strong>Francorum</strong></span> <span class='ocrx_word' id='word_1_436' title='bbox 3340 3024 3394 3078; x_wconf 89' lang='lat' dir='ltr'><strong>in</strong></span> <span class='ocrx_word' id='word_1_437' title='bbox 3434 3032 3551 3078; x_wconf 89' lang='lat' dir='ltr'><strong>arte</strong></span> <span class='ocrx_word' id='word_1_438' title='bbox 3590 3037 3750 3092; x_wconf 86' lang='lat' dir='ltr'><strong>orga-</strong></span> 
     </span>
    </p>
   </div>
   <div class='ocr_carea' id='block_1_60' title="bbox 503 3099 3754 3178">
    <p class='ocr_par' dir='ltr' id='par_1_60' title="bbox 503 3099 3754 3178">
     <span class='ocr_line' id='line_1_60' title="bbox 503 3099 3754 3178; baseline 0.004 -23"><span class='ocrx_word' id='word_1_439' title='bbox 503 3101 654 3158; x_wconf 87' lang='lat' dir='ltr'><strong>crius</strong></span> <span class='ocrx_word' id='word_1_440' title='bbox 678 3116 840 3170; x_wconf 87' lang='lat' dir='ltr'><strong>quam</strong></span> <span class='ocrx_word' id='word_1_441' title='bbox 878 3103 1130 3160; x_wconf 83' lang='lat' dir='ltr'><strong>Romani.</strong></span> <span class='ocrx_word' id='word_1_442' title='bbox 1161 3105 1422 3163; x_wconf 87' lang='lat' dir='ltr'><strong>Dicebant</strong></span> <span class='ocrx_word' id='word_1_443' title='bbox 1472 3124 1530 3165; x_wconf 93' lang='lat' dir='ltr'><strong>se</strong></span> <span class='ocrx_word' id='word_1_444' title='bbox 1575 3109 1805 3167; x_wconf 83' lang='lat' dir='ltr'><strong>Romani</strong></span> <span class='ocrx_word' id='word_1_445' title='bbox 1835 3113 2076 3170; x_wconf 83' lang='lat' dir='ltr'><strong>doctissi-</strong></span> <span class='ocrx_word' id='word_1_446' title='bbox 2102 3099 2146 3160; x_wconf 83' lang='lat' dir='ltr'>C</span> <span class='ocrx_word' id='word_1_447' title='bbox 2179 3123 2363 3178; x_wconf 79' lang='lat' dir='ltr'><strong>nandi.</strong></span> <span class='ocrx_word' id='word_1_448' title='bbox 2391 3122 2459 3177; x_wconf 82' lang='lat' dir='ltr'><strong>Et</strong></span> <span class='ocrx_word' id='word_1_449' title='bbox 2492 3122 2722 3176; x_wconf 79' lang='lat' dir='ltr'><strong>domnus</strong></span> <span class='ocrx_word' id='word_1_450' title='bbox 2748 3134 2842 3174; x_wconf 80' lang='lat' dir='ltr'><strong>rex</strong></span> <span class='ocrx_word' id='word_1_451' title='bbox 2873 3105 3101 3174; x_wconf 76' lang='lat' dir='ltr'><strong>Karolus</strong></span> <span class='ocrx_word' id='word_1_452' title='bbox 3133 3117 3327 3172; x_wconf 88' lang='lat' dir='ltr'><strong>iterum</strong></span> <span class='ocrx_word' id='word_1_453' title='bbox 3373 3130 3403 3170; x_wconf 89' lang='lat' dir='ltr'><strong>a</strong></span> <span class='ocrx_word' id='word_1_454' title='bbox 3455 3114 3622 3169; x_wconf 78' lang='lat' dir='ltr'><strong>Roma</strong></span> <span class='ocrx_word' id='word_1_455' title='bbox 3666 3127 3754 3166; x_wconf 85' lang='lat' dir='ltr'><strong>ar-</strong></span> 
     </span>
    </p>
   </div>
   <div class='ocr_carea' id='block_1_61' title="bbox 505 3193 2078 3272">
    <p class='ocr_par' dir='ltr' id='par_1_61' title="bbox 505 3193 2078 3272">
     <span class='ocr_line' id='line_1_61' title="bbox 505 3193 2078 3272; baseline 0.011 -26"><span class='ocrx_word' id='word_1_456' title='bbox 505 3206 594 3247; x_wconf 87' lang='lat' dir='ltr'><strong>me</strong></span> <span class='ocrx_word' id='word_1_457' title='bbox 627 3193 930 3251; x_wconf 89' lang='lat' dir='ltr'><strong>cantilenas</strong></span> <span class='ocrx_word' id='word_1_458' title='bbox 973 3197 1382 3257; x_wconf 59' lang='lat' dir='ltr'><strong>ecclesiasticas</strong></span> <span class='ocrx_word' id='word_1_459' title='bbox 1417 3201 1700 3272; x_wconf 83' lang='lat' dir='ltr'><strong>proferre,</strong></span> <span class='ocrx_word' id='word_1_460' title='bbox 1748 3205 1889 3260; x_wconf 90' lang='lat' dir='ltr'><strong>sicut</strong></span> <span class='ocrx_word' id='word_1_461' title='bbox 1935 3207 2078 3264; x_wconf 91' lang='lat' dir='ltr'><strong>docti</strong></span> 
     </span>
    </p>
   </div>
   <div class='ocr_carea' id='block_1_62' title="bbox 503 3280 2085 3366">
    <p class='ocr_par' dir='ltr' id='par_1_62' title="bbox 503 3280 2085 3366">
     <span class='ocr_line' id='line_1_62' title="bbox 503 3280 2085 3366; baseline 0.011 -30"><span class='ocrx_word' id='word_1_462' title='bbox 503 3280 776 3339; x_wconf 78' lang='lat' dir='ltr'><strong>fueranta</strong></span> <span class='ocrx_word' id='word_1_463' title='bbox 808 3295 995 3342; x_wconf 87' lang='lat' dir='ltr'><strong>sancto</strong></span> <span class='ocrx_word' id='word_1_464' title='bbox 1045 3287 1308 3360; x_wconf 88' lang='lat' dir='ltr'><strong>Gregorio</strong></span> <span class='ocrx_word' id='word_1_465' title='bbox 1358 3307 1494 3362; x_wconf 90' lang='lat' dir='ltr'><strong>papa</strong></span> <span class='ocrx_word' id='word_1_466' title='bbox 1548 3293 1694 3366; x_wconf 72' lang='lat'><strong>(14);</strong></span> <span class='ocrx_word' id='word_1_467' title='bbox 1738 3295 1917 3352; x_wconf 87' lang='lat' dir='ltr'><strong>Gallos</strong></span> <span class='ocrx_word' id='word_1_468' title='bbox 1963 3313 2085 3353; x_wconf 88' lang='lat' dir='ltr'><strong>cor-</strong></span> 
     </span>
    </p>
   </div>
   <div class='ocr_carea' id='block_1_63' title="bbox 505 3381 2080 3445">
    <p class='ocr_par' dir='ltr' id='par_1_63' title="bbox 505 3381 2080 3445">
     <span class='ocr_line' id='line_1_63' title="bbox 505 3381 2080 3445; baseline 0.011 -18"><span class='ocrx_word' id='word_1_469' title='bbox 505 3383 664 3444; x_wconf 87' lang='lat' dir='ltr'><strong>rupte</strong></span> <span class='ocrx_word' id='word_1_470' title='bbox 689 3387 929 3443; x_wconf 89' lang='lat' dir='ltr'><strong>cantare,</strong></span> <span class='ocrx_word' id='word_1_471' title='bbox 963 3389 1018 3435; x_wconf 88' lang='lat' dir='ltr'><strong>et</strong></span> <span class='ocrx_word' id='word_1_472' title='bbox 1040 3381 1363 3437; x_wconf 89' lang='lat' dir='ltr'><strong>cantilenam</strong></span> <span class='ocrx_word' id='word_1_473' title='bbox 1391 3385 1720 3442; x_wconf 89' lang='lat' dir='ltr'><strong>destruendo</strong></span> <span class='ocrx_word' id='word_1_474' title='bbox 1763 3387 2080 3445; x_wconf 86' lang='lat' dir='ltr'><strong>dilacerare.</strong></span> 
     </span>
    </p>
   </div>
   <div class='ocr_carea' id='block_1_64' title="bbox 507 3463 2086 3551">
    <p class='ocr_par' dir='ltr' id='par_1_64' title="bbox 507 3463 2086 3551">
     <span class='ocr_line' id='line_1_64' title="bbox 507 3463 2086 3551; baseline 0.009 -32"><span class='ocrx_word' id='word_1_475' title='bbox 507 3463 638 3532; x_wconf 71' lang='lat' dir='ltr'><strong>Quae</strong></span> <span class='ocrx_word' id='word_1_476' title='bbox 668 3469 940 3524; x_wconf 87' lang='lat' dir='ltr'><strong>contentio</strong></span> <span class='ocrx_word' id='word_1_477' title='bbox 979 3480 1107 3527; x_wconf 88' lang='lat' dir='ltr'><strong>ante</strong></span> <span class='ocrx_word' id='word_1_478' title='bbox 1157 3473 1410 3529; x_wconf 90' lang='lat' dir='ltr'><strong>domuum</strong></span> <span class='ocrx_word' id='word_1_479' title='bbox 1455 3491 1635 3547; x_wconf 89' lang='lat' dir='ltr'><strong>regem</strong></span> <span class='ocrx_word' id='word_1_480' title='bbox 1667 3476 1920 3533; x_wconf 84' lang='lat' dir='ltr'><strong>Karolum</strong></span> <span class='ocrx_word' id='word_1_481' title='bbox 1960 3495 2086 3551; x_wconf 89' lang='lat' dir='ltr'><strong>pcr-</strong></span> 
     </span>
    </p>
   </div>
   <div class='ocr_carea' id='block_1_65' title="bbox 509 3559 2084 3644">
    <p class='ocr_par' dir='ltr' id='par_1_65' title="bbox 509 3559 2084 3644">
     <span class='ocr_line' id='line_1_65' title="bbox 509 3559 2084 3644; baseline 0.011 -33"><span class='ocrx_word' id='word_1_482' title='bbox 509 3559 673 3613; x_wconf 87' lang='lat' dir='ltr'><strong>venit.</strong></span> <span class='ocrx_word' id='word_1_483' title='bbox 723 3559 860 3616; x_wconf 92' lang='lat' dir='ltr'><strong>Galli</strong></span> <span class='ocrx_word' id='word_1_484' title='bbox 889 3577 1018 3619; x_wconf 87' lang='lat' dir='ltr'><strong>vero</strong></span> <span class='ocrx_word' id='word_1_485' title='bbox 1057 3575 1275 3636; x_wconf 87' lang='lat' dir='ltr'><strong>propter</strong></span> <span class='ocrx_word' id='word_1_486' title='bbox 1311 3571 1657 3625; x_wconf 89' lang='lat' dir='ltr'><strong>securitatem</strong></span> <span class='ocrx_word' id='word_1_487' title='bbox 1705 3569 1887 3627; x_wconf 90' lang='lat' dir='ltr'><strong>domni</strong></span> <span class='ocrx_word' id='word_1_488' title='bbox 1943 3574 2084 3644; x_wconf 79' lang='lat' dir='ltr'><strong>regis</strong></span> 
     </span>
    </p>
   </div>
   <div class='ocr_carea' id='block_1_66' title="bbox 507 3650 2082 3725">
    <p class='ocr_par' dir='ltr' id='par_1_66' title="bbox 507 3650 2082 3725">
     <span class='ocr_line' id='line_1_66' title="bbox 507 3650 2082 3725; baseline 0.009 -19"><span class='ocrx_word' id='word_1_489' title='bbox 507 3650 694 3706; x_wconf 82' lang='lat' dir='ltr'><strong>Karoli</strong></span> <span class='ocrx_word' id='word_1_490' title='bbox 729 3653 885 3709; x_wconf 91' lang='lat' dir='ltr'><strong>valde</strong></span> <span class='ocrx_word' id='word_1_491' title='bbox 913 3657 1313 3725; x_wconf 83' lang='lat' dir='ltr'><strong>exprobrabant</strong></span> <span class='ocrx_word' id='word_1_492' title='bbox 1339 3662 1652 3717; x_wconf 90' lang='lat' dir='ltr'><strong>cantoribus</strong></span> <span class='ocrx_word' id='word_1_493' title='bbox 1680 3661 1954 3719; x_wconf 80' lang='lat' dir='ltr'><strong>Romanis.</strong></span> <span class='ocrx_word' id='word_1_494' title='bbox 1973 3665 2082 3719; x_wconf 82' lang='lat' dir='ltr'><strong>Ro-</strong></span> 
     </span>
    </p>
   </div>
   <div class='ocr_carea' id='block_1_67' title="bbox 507 3741 2084 3824">
    <p class='ocr_par' dir='ltr' id='par_1_67' title="bbox 507 3741 2084 3824">
     <span class='ocr_line' id='line_1_67' title="bbox 507 3741 2084 3824; baseline 0.01 -29"><span class='ocrx_word' id='word_1_495' title='bbox 507 3741 655 3797; x_wconf 89' lang='lat' dir='ltr'><strong>mani</strong></span> <span class='ocrx_word' id='word_1_496' title='bbox 703 3759 834 3800; x_wconf 88' lang='lat' dir='ltr'><strong>vero</strong></span> <span class='ocrx_word' id='word_1_497' title='bbox 871 3757 1090 3818; x_wconf 90' lang='lat' dir='ltr'><strong>pr0pter</strong></span> <span class='ocrx_word' id='word_1_498' title='bbox 1137 3752 1515 3806; x_wconf 87' lang='lat' dir='ltr'><strong>auctoritatem</strong></span> <span class='ocrx_word' id='word_1_499' title='bbox 1569 3769 1776 3824; x_wconf 86' lang='lat' dir='ltr'><strong>magnae</strong></span> <span class='ocrx_word' id='word_1_500' title='bbox 1823 3756 2084 3811; x_wconf 75' lang='lat' dir='ltr'><strong>doctrinae</strong></span> 
     </span>
    </p>
   </div>
   <div class='ocr_carea' id='block_1_68' title="bbox 508 3839 2084 3904">
    <p class='ocr_par' dir='ltr' id='par_1_68' title="bbox 508 3839 2084 3904">
     <span class='ocr_line' id='line_1_68' title="bbox 508 3839 2084 3904; baseline 0.008 -13"><span class='ocrx_word' id='word_1_501' title='bbox 508 3852 601 3892; x_wconf 87' lang='lat' dir='ltr'><strong>eos</strong></span> <span class='ocrx_word' id='word_1_502' title='bbox 637 3839 834 3894; x_wconf 91' lang='lat' dir='ltr'><strong>stultos</strong></span> <span class='ocrx_word' id='word_1_503' title='bbox 856 3848 908 3895; x_wconf 92' lang='lat' dir='ltr'><strong>et</strong></span> <span class='ocrx_word' id='word_1_504' title='bbox 951 3843 1183 3898; x_wconf 92' lang='lat' dir='ltr'><strong>rusticos</strong></span> <span class='ocrx_word' id='word_1_505' title='bbox 1217 3852 1270 3898; x_wconf 92' lang='lat' dir='ltr'><strong>et</strong></span> <span class='ocrx_word' id='word_1_506' title='bbox 1293 3843 1537 3900; x_wconf 90' lang='lat' dir='ltr'><strong>indoctos</strong></span> <span class='ocrx_word' id='word_1_507' title='bbox 1568 3846 1724 3900; x_wconf 90' lang='lat' dir='ltr'><strong>velud</strong></span> <span class='ocrx_word' id='word_1_508' title='bbox 1763 3847 1918 3901; x_wconf 88' lang='lat' dir='ltr'><strong>bruta</strong></span> <span class='ocrx_word' id='word_1_509' title='bbox 1967 3850 2084 3904; x_wconf 92' lang='lat' dir='ltr'><strong>aui-</strong></span> 
     </span>
    </p>
   </div>
   <div class='ocr_carea' id='block_1_69' title="bbox 509 3930 2084 4011">
    <p class='ocr_par' dir='ltr' id='par_1_69' title="bbox 509 3930 2084 4011">
     <span class='ocr_line' id='line_1_69' title="bbox 509 3930 2084 4011; baseline 0.006 -26"><span class='ocrx_word' id='word_1_510' title='bbox 509 3930 672 3986; x_wconf 82' lang='lat' dir='ltr'><strong>tnalia</strong></span> <span class='ocrx_word' id='word_1_511' title='bbox 721 3932 1102 4000; x_wconf 90' lang='lat' dir='ltr'><strong>adﬁrmabant,</strong></span> <span class='ocrx_word' id='word_1_512' title='bbox 1157 3943 1214 3989; x_wconf 92' lang='lat' dir='ltr'><strong>et</strong></span> <span class='ocrx_word' id='word_1_513' title='bbox 1263 3935 1566 3991; x_wconf 89' lang='lat' dir='ltr'><strong>doctrinam</strong></span> <span class='ocrx_word' id='word_1_514' title='bbox 1616 3939 1787 3994; x_wconf 91' lang='lat' dir='ltr'><strong>sancti</strong></span> <span class='ocrx_word' id='word_1_515' title='bbox 1836 3937 2084 4011; x_wconf 77' lang='lat' dir='ltr'><strong>Gregorii</strong></span> 
     </span>
    </p>
   </div>
   <div class='ocr_carea' id='block_1_70' title="bbox 509 4020 2083 4090">
    <p class='ocr_par' dir='ltr' id='par_1_70' title="bbox 509 4020 2083 4090">
     <span class='ocr_line' id='line_1_70' title="bbox 509 4020 2083 4090; baseline 0.007 -16"><span class='ocrx_word' id='word_1_516' title='bbox 509 4020 870 4090; x_wconf 71' lang='lat' dir='ltr'><strong>praeferebant</strong></span> <span class='ocrx_word' id='word_1_517' title='bbox 897 4023 1198 4079; x_wconf 89' lang='lat' dir='ltr'><strong>rusticitate</strong></span> <span class='ocrx_word' id='word_1_518' title='bbox 1227 4039 1434 4080; x_wconf 80' lang='lat' dir='ltr'><strong>eorum.</strong></span> <span class='ocrx_word' id='word_1_519' title='bbox 1467 4026 1532 4080; x_wconf 87' lang='lat' dir='ltr'><strong>Et</strong></span> <span class='ocrx_word' id='word_1_520' title='bbox 1557 4041 1679 4081; x_wconf 93' lang='lat' dir='ltr'><strong>cum</strong></span> <span class='ocrx_word' id='word_1_521' title='bbox 1705 4027 1988 4083; x_wconf 86' lang='lat' dir='ltr'><strong>altercatio</strong></span> <span class='ocrx_word' id='word_1_522' title='bbox 2015 4031 2083 4085; x_wconf 90' lang='lat' dir='ltr'><strong>de</strong></span> 
     </span>
    </p>
   </div>
   <div class='ocr_carea' id='block_1_71' title="bbox 508 4115 2081 4190">
    <p class='ocr_par' dir='ltr' id='par_1_71' title="bbox 508 4115 2081 4190">
     <span class='ocr_line' id='line_1_71' title="bbox 508 4115 2081 4190; baseline 0.006 -23"><span class='ocrx_word' id='word_1_523' title='bbox 508 4122 739 4185; x_wconf 86' lang='lat' dir='ltr'><strong>utraque</strong></span> <span class='ocrx_word' id='word_1_524' title='bbox 770 4115 814 4147; x_wconf 84' lang='grc'><strong><em>⁸²</em></strong></span> <span class='ocrx_word' id='word_1_525' title='bbox 850 4124 1003 4186; x_wconf 89' lang='lat' dir='ltr'><strong>parte</strong></span> <span class='ocrx_word' id='word_1_526' title='bbox 1055 4117 1255 4181; x_wconf 87' lang='lat' dir='ltr'><strong>ﬁniret,</strong></span> <span class='ocrx_word' id='word_1_527' title='bbox 1309 4119 1381 4171; x_wconf 91' lang='lat' dir='ltr'><strong>ait</strong></span> <span class='ocrx_word' id='word_1_528' title='bbox 1425 4119 1653 4174; x_wconf 89' lang='lat' dir='ltr'><strong>domnus</strong></span> <span class='ocrx_word' id='word_1_529' title='bbox 1680 4121 1956 4190; x_wconf 85' lang='lat' dir='ltr'><strong>piissimus</strong></span> <span class='ocrx_word' id='word_1_530' title='bbox 1987 4138 2081 4177; x_wconf 87' lang='lat' dir='ltr'><strong>rex</strong></span> 
     </span>
    </p>
   </div>
   <div class='ocr_carea' id='block_1_72' title="bbox 510 4202 2085 4283">
    <p class='ocr_par' dir='ltr' id='par_1_72' title="bbox 510 4202 2085 4283">
     <span class='ocr_line' id='line_1_72' title="bbox 510 4202 2085 4283; baseline 0.006 -25"><span class='ocrx_word' id='word_1_531' title='bbox 510 4202 739 4260; x_wconf 84' lang='lat' dir='ltr'><strong>Karolus</strong></span> <span class='ocrx_word' id='word_1_532' title='bbox 768 4206 835 4261; x_wconf 89' lang='lat' dir='ltr'><strong>ad</strong></span> <span class='ocrx_word' id='word_1_533' title='bbox 863 4223 989 4262; x_wconf 89' lang='lat' dir='ltr'><strong>suos</strong></span> <span class='ocrx_word' id='word_1_534' title='bbox 1013 4218 1263 4264; x_wconf 90' lang='lat' dir='ltr'><strong>cantores</strong></span> <span class='ocrx_word' id='word_1_535' title='bbox 1288 4227 1300 4262; x_wconf 90' lang='lat'><strong>:</strong></span> <span class='ocrx_word' id='word_1_536' title='bbox 1333 4209 1498 4265; x_wconf 78' lang='lat' dir='ltr'><strong>Dicite</strong></span> <span class='ocrx_word' id='word_1_537' title='bbox 1521 4210 1697 4280; x_wconf 88' lang='lat' dir='ltr'><strong>palam</strong></span> <span class='ocrx_word' id='word_1_538' title='bbox 1717 4254 1729 4276; x_wconf 86' lang='lat'><strong>,</strong></span> <span class='ocrx_word' id='word_1_539' title='bbox 1761 4213 1877 4282; x_wconf 88' lang='lat' dir='ltr'><strong>quis</strong></span> <span class='ocrx_word' id='word_1_540' title='bbox 1903 4216 2085 4283; x_wconf 86' lang='lat' dir='ltr'><strong>purior</strong></span> 
     </span>
    </p>
   </div>
   <div class='ocr_carea' id='block_1_73' title="bbox 509 4295 2084 4372">
    <p class='ocr_par' dir='ltr' id='par_1_73' title="bbox 509 4295 2084 4372">
     <span class='ocr_line' id='line_1_73' title="bbox 509 4295 2084 4372; baseline 0.007 -25"><span class='ocrx_word' id='word_1_541' title='bbox 509 4304 582 4347; x_wconf 84' lang='lat' dir='ltr'><strong>est</strong></span> <span class='ocrx_word' id='word_1_542' title='bbox 609 4305 655 4347; x_wconf 90' lang='lat' dir='ltr'><strong>et</strong></span> <span class='ocrx_word' id='word_1_543' title='bbox 682 4296 797 4366; x_wconf 81' lang='lat' dir='ltr'><strong>quis</strong></span> <span class='ocrx_word' id='word_1_544' title='bbox 822 4295 1022 4361; x_wconf 78' lang='lat' dir='ltr'><strong>melior,</strong></span> <span class='ocrx_word' id='word_1_545' title='bbox 1046 4307 1135 4352; x_wconf 83' lang='lat' dir='ltr'><strong>aut</strong></span> <span class='ocrx_word' id='word_1_546' title='bbox 1166 4299 1283 4368; x_wconf 80' lang='lat' dir='ltr'><strong>fons</strong></span> <span class='ocrx_word' id='word_1_547' title='bbox 1315 4302 1452 4354; x_wconf 84' lang='lat' dir='ltr'><strong>vivus</strong></span> <span class='ocrx_word' id='word_1_548' title='bbox 1487 4310 1578 4353; x_wconf 87' lang='lat' dir='ltr'><strong>aut</strong></span> <span class='ocrx_word' id='word_1_549' title='bbox 1610 4303 1762 4356; x_wconf 84' lang='lat' dir='ltr'><strong>rivuli</strong></span> <span class='ocrx_word' id='word_1_550' title='bbox 1790 4303 1903 4372; x_wconf 89' lang='lat' dir='ltr'><strong>ejus</strong></span> <span class='ocrx_word' id='word_1_551' title='bbox 1936 4303 2084 4372; x_wconf 82' lang='lat' dir='ltr'><strong>longe</strong></span> 
     </span>
    </p>
   </div>
   <div class='ocr_carea' id='block_1_74' title="bbox 510 4383 2079 4458">
    <p class='ocr_par' dir='ltr' id='par_1_74' title="bbox 510 4383 2079 4458">
     <span class='ocr_line' id='line_1_74' title="bbox 510 4383 2079 4458; baseline 0.006 -22"><span class='ocrx_word' id='word_1_552' title='bbox 510 4383 882 4441; x_wconf 82' lang='lat' dir='ltr'><strong>decurrentes?</strong></span> <span class='ocrx_word' id='word_1_553' title='bbox 907 4386 1320 4458; x_wconf 81' lang='lat' dir='ltr'><strong>Responderunt</strong></span> <span class='ocrx_word' id='word_1_554' title='bbox 1345 4405 1534 4446; x_wconf 90' lang='lat' dir='ltr'><strong>omnes</strong></span> <span class='ocrx_word' id='word_1_555' title='bbox 1567 4407 1674 4446; x_wconf 89' lang='lat' dir='ltr'><strong>una</strong></span> <span class='ocrx_word' id='word_1_556' title='bbox 1715 4409 1846 4448; x_wconf 89' lang='lat' dir='ltr'><strong>voce</strong></span> <span class='ocrx_word' id='word_1_557' title='bbox 1877 4391 2079 4448; x_wconf 80' lang='lat' dir='ltr'><strong>fontem</strong></span> 
     </span>
    </p>
   </div>
   <div class='ocr_carea' id='block_1_75' title="bbox 2182 3203 3753 3284">
    <p class='ocr_par' dir='ltr' id='par_1_75' title="bbox 2182 3203 3753 3284">
     <span class='ocr_line' id='line_1_75' title="bbox 2182 3203 3753 3284; baseline -0.009 -16"><span class='ocrx_word' id='word_1_558' title='bbox 2182 3213 2252 3268; x_wconf 91' lang='lat' dir='ltr'><strong>tis</strong></span> <span class='ocrx_word' id='word_1_559' title='bbox 2300 3211 2671 3284; x_wconf 67' lang='lat' dir='ltr'><strong>grammaticae</strong></span> <span class='ocrx_word' id='word_1_560' title='bbox 2722 3220 2778 3264; x_wconf 86' lang='lat' dir='ltr'><strong>et</strong></span> <span class='ocrx_word' id='word_1_561' title='bbox 2830 3216 3238 3277; x_wconf 76' lang='lat' dir='ltr'><strong>eomputatorne</strong></span> <span class='ocrx_word' id='word_1_562' title='bbox 3287 3204 3577 3276; x_wconf 85' lang='lat' dir='ltr'><strong>magistros</strong></span> <span class='ocrx_word' id='word_1_563' title='bbox 3600 3203 3644 3234; x_wconf 87' lang='grc'><em>³³</em></span> <span class='ocrx_word' id='word_1_564' title='bbox 3665 3217 3753 3256; x_wconf 85' lang='lat' dir='ltr'><strong>se-</strong></span> 
     </span>
    </p>
   </div>
   <div class='ocr_carea' id='block_1_76' title="bbox 2181 3294 3758 3367">
    <p class='ocr_par' dir='ltr' id='par_1_76' title="bbox 2181 3294 3758 3367">
     <span class='ocr_line' id='line_1_76' title="bbox 2181 3294 3758 3367; baseline -0.008 -8"><span class='ocrx_word' id='word_1_565' title='bbox 2181 3319 2303 3359; x_wconf 90' lang='lat' dir='ltr'><strong>cum</strong></span> <span class='ocrx_word' id='word_1_566' title='bbox 2331 3302 2555 3357; x_wconf 85' lang='lat' dir='ltr'><strong>adduxit</strong></span> <span class='ocrx_word' id='word_1_567' title='bbox 2585 3302 2636 3355; x_wconf 92' lang='lat' dir='ltr'><strong>in</strong></span> <span class='ocrx_word' id='word_1_568' title='bbox 2668 3299 2972 3364; x_wconf 86' lang='lat' dir='ltr'><strong>Frauciam,</strong></span> <span class='ocrx_word' id='word_1_569' title='bbox 3012 3305 3068 3352; x_wconf 88' lang='lat' dir='ltr'><strong>et</strong></span> <span class='ocrx_word' id='word_1_570' title='bbox 3105 3298 3303 3367; x_wconf 86' lang='lat' dir='ltr'><strong>ubique</strong></span> <span class='ocrx_word' id='word_1_571' title='bbox 3345 3295 3580 3351; x_wconf 75' lang='lat' dir='ltr'><strong>studium</strong></span> <span class='ocrx_word' id='word_1_572' title='bbox 3613 3294 3758 3347; x_wconf 80' lang='lat' dir='ltr'><strong>litte—</strong></span> 
     </span>
    </p>
   </div>
   <div class='ocr_carea' id='block_1_77' title="bbox 2182 3381 3753 3461">
    <p class='ocr_par' dir='ltr' id='par_1_77' title="bbox 2182 3381 3753 3461">
     <span class='ocr_line' id='line_1_77' title="bbox 2182 3381 3753 3461; baseline -0.006 -15"><span class='ocrx_word' id='word_1_573' title='bbox 2182 3407 2367 3446; x_wconf 88' lang='lat' dir='ltr'><strong>rarum</strong></span> <span class='ocrx_word' id='word_1_574' title='bbox 2398 3389 2900 3461; x_wconf 87' lang='lat' dir='ltr'><strong>cxpauderejnssit.</strong></span> <span class='ocrx_word' id='word_1_575' title='bbox 2935 3388 3072 3442; x_wconf 82' lang='lat' dir='ltr'><strong>Ante</strong></span> <span class='ocrx_word' id='word_1_576' title='bbox 3111 3388 3284 3456; x_wconf 90' lang='lat' dir='ltr'><strong>ipsum</strong></span> <span class='ocrx_word' id='word_1_577' title='bbox 3315 3381 3461 3440; x_wconf 90' lang='lat' dir='ltr'><strong>enim</strong></span> <span class='ocrx_word' id='word_1_578' title='bbox 3497 3385 3753 3438; x_wconf 89' lang='lat' dir='ltr'><strong>domuum</strong></span> 
     </span>
    </p>
   </div>
   <div class='ocr_carea' id='block_1_78' title="bbox 2184 3470 3754 3549">
    <p class='ocr_par' dir='ltr' id='par_1_78' title="bbox 2184 3470 3754 3549">
     <span class='ocr_line' id='line_1_78' title="bbox 2184 3470 3754 3549; baseline -0.008 -13"><span class='ocrx_word' id='word_1_579' title='bbox 2184 3496 2362 3549; x_wconf 70' lang='lat' dir='ltr'><strong>regem</strong></span> <span class='ocrx_word' id='word_1_580' title='bbox 2391 3479 2668 3544; x_wconf 82' lang='lat' dir='ltr'><strong>Karolum,</strong></span> <span class='ocrx_word' id='word_1_581' title='bbox 2705 3479 2759 3532; x_wconf 92' lang='lat' dir='ltr'><strong>in</strong></span> <span class='ocrx_word' id='word_1_582' title='bbox 2790 3475 2962 3532; x_wconf 86' lang='lat' dir='ltr'><strong>Gallia</strong></span> <span class='ocrx_word' id='word_1_583' title='bbox 2996 3475 3199 3530; x_wconf 91' lang='lat' dir='ltr'><strong>nullum</strong></span> <span class='ocrx_word' id='word_1_584' title='bbox 3231 3473 3466 3530; x_wconf 89' lang='lat' dir='ltr'><strong>studium</strong></span> <span class='ocrx_word' id='word_1_585' title='bbox 3493 3472 3594 3526; x_wconf 81' lang='lat' dir='ltr'><strong>luit</strong></span> <span class='ocrx_word' id='word_1_586' title='bbox 3623 3470 3754 3524; x_wconf 82' lang='lat' dir='ltr'><strong>libe-</strong></span> 
     </span>
    </p>
   </div>
   <div class='ocr_carea' id='block_1_79' title="bbox 2185 3565 3753 3638">
    <p class='ocr_par' dir='ltr' id='par_1_79' title="bbox 2185 3565 3753 3638">
     <span class='ocr_line' id='line_1_79' title="bbox 2185 3565 3753 3638; baseline -0.008 -12"><span class='ocrx_word' id='word_1_587' title='bbox 2185 3572 2376 3627; x_wconf 89' lang='lat' dir='ltr'><strong>ralium</strong></span> <span class='ocrx_word' id='word_1_588' title='bbox 2437 3571 2656 3625; x_wconf 90' lang='lat' dir='ltr'><strong>artium.</strong></span> <span class='ocrx_word' id='word_1_589' title='bbox 2712 3567 2816 3623; x_wconf 85' lang='lat' dir='ltr'><strong>Per</strong></span> <span class='ocrx_word' id='word_1_590' title='bbox 2864 3567 3010 3638; x_wconf 90' lang='lat' dir='ltr'><strong>ipsos</strong></span> <span class='ocrx_word' id='word_1_591' title='bbox 3059 3567 3173 3622; x_wconf 89' lang='lat' dir='ltr'><strong>dies</strong></span> <span class='ocrx_word' id='word_1_592' title='bbox 3231 3565 3445 3634; x_wconf 83' lang='lat' dir='ltr'><strong>paschae</strong></span> <span class='ocrx_word' id='word_1_593' title='bbox 3492 3569 3753 3618; x_wconf 86' lang='lat' dir='ltr'><strong>venerunt</strong></span> 
     </span>
    </p>
   </div>
   <div class='ocr_carea' id='block_1_80' title="bbox 2184 3653 3752 3730">
    <p class='ocr_par' dir='ltr' id='par_1_80' title="bbox 2184 3653 3752 3730">
     <span class='ocr_line' id='line_1_80' title="bbox 2184 3653 3752 3730; baseline -0.006 -14"><span class='ocrx_word' id='word_1_594' title='bbox 2184 3661 2413 3717; x_wconf 78' lang='lat' dir='ltr'><strong>Romam</strong></span> <span class='ocrx_word' id='word_1_595' title='bbox 2469 3662 2536 3714; x_wconf 88' lang='lat' dir='ltr'><strong>ad</strong></span> <span class='ocrx_word' id='word_1_596' title='bbox 2595 3661 2851 3715; x_wconf 90' lang='lat' dir='ltr'><strong>domuum</strong></span> <span class='ocrx_word' id='word_1_597' title='bbox 2908 3659 3205 3730; x_wconf 90' lang='lat' dir='ltr'><strong>piissimum</strong></span> <span class='ocrx_word' id='word_1_598' title='bbox 3258 3671 3440 3726; x_wconf 84' lang='lat' dir='ltr'><strong>regem</strong></span> <span class='ocrx_word' id='word_1_599' title='bbox 3497 3653 3752 3710; x_wconf 83' lang='lat' dir='ltr'><strong>Karolum</strong></span> 
     </span>
    </p>
   </div>
   <div class='ocr_carea' id='block_1_81' title="bbox 2183 3743 3755 3815">
    <p class='ocr_par' dir='ltr' id='par_1_81' title="bbox 2183 3743 3755 3815">
     <span class='ocr_line' id='line_1_81' title="bbox 2183 3743 3755 3815; baseline -0.008 -7"><span class='ocrx_word' id='word_1_600' title='bbox 2183 3753 2334 3808; x_wconf 88' lang='lat' dir='ltr'><strong>missi</strong></span> <span class='ocrx_word' id='word_1_601' title='bbox 2360 3751 2657 3806; x_wconf 82' lang='lat' dir='ltr'><strong>Tussilonis</strong></span> <span class='ocrx_word' id='word_1_602' title='bbox 2684 3751 2951 3805; x_wconf 91' lang='lat' dir='ltr'><strong>dncis.....</strong></span> <span class='ocrx_word' id='word_1_603' title='bbox 2980 3747 3263 3803; x_wconf 88' lang='lat' dir='ltr'><strong>Franciam</strong></span> <span class='ocrx_word' id='word_1_604' title='bbox 3308 3761 3431 3801; x_wconf 91' lang='lat' dir='ltr'><strong>cum</strong></span> <span class='ocrx_word' id='word_1_605' title='bbox 3471 3743 3640 3815; x_wconf 89' lang='lat' dir='ltr'><strong>gloria</strong></span> <span class='ocrx_word' id='word_1_606' title='bbox 3673 3758 3755 3797; x_wconf 86' lang='lat' dir='ltr'><strong>re-</strong></span> 
     </span>
    </p>
   </div>
   <div class='ocr_carea' id='block_1_82' title="bbox 2184 3836 3758 3909">
    <p class='ocr_par' dir='ltr' id='par_1_82' title="bbox 2184 3836 3758 3909">
     <span class='ocr_line' id='line_1_82' title="bbox 2184 3836 3758 3909; baseline -0.006 -10"><span class='ocrx_word' id='word_1_607' title='bbox 2184 3861 2374 3901; x_wconf 86' lang='lat' dir='ltr'><strong>versus</strong></span> <span class='ocrx_word' id='word_1_608' title='bbox 2402 3853 2508 3909; x_wconf 92' lang='lat' dir='ltr'><strong>est,</strong></span> <span class='ocrx_word' id='word_1_609' title='bbox 2558 3843 2830 3898; x_wconf 90' lang='lat' dir='ltr'><strong>adducens</strong></span> <span class='ocrx_word' id='word_1_610' title='bbox 2878 3857 3061 3897; x_wconf 90' lang='lat' dir='ltr'><strong>secum</strong></span> <span class='ocrx_word' id='word_1_611' title='bbox 3097 3848 3349 3895; x_wconf 90' lang='lat' dir='ltr'><strong>cantores</strong></span> <span class='ocrx_word' id='word_1_612' title='bbox 3390 3836 3758 3891; x_wconf 76' lang='lat' dir='ltr'><strong>Romanorum</strong></span> 
     </span>
    </p>
   </div>
   <div class='ocr_carea' id='block_1_83' title="bbox 2183 3929 3551 4010">
    <p class='ocr_par' dir='ltr' id='par_1_83' title="bbox 2183 3929 3551 4010">
     <span class='ocr_line' id='line_1_83' title="bbox 2183 3929 3551 4010; baseline -0.012 -15"><span class='ocrx_word' id='word_1_613' title='bbox 2183 3949 2237 3996; x_wconf 91' lang='lat' dir='ltr'><strong>et</strong></span> <span class='ocrx_word' id='word_1_614' title='bbox 2258 3937 2639 4010; x_wconf 85' lang='lat' dir='ltr'><strong>grammaticos</strong></span> <span class='ocrx_word' id='word_1_615' title='bbox 2661 3935 3020 4006; x_wconf 89' lang='lat' dir='ltr'><strong>peritissimos</strong></span> <span class='ocrx_word' id='word_1_616' title='bbox 3046 3941 3101 3987; x_wconf 88' lang='lat' dir='ltr'><strong>ct</strong></span> <span class='ocrx_word' id='word_1_617' title='bbox 3125 3929 3551 3987; x_wconf 88' lang='lat' dir='ltr'><strong>calculatores...</strong></span> 
     </span>
    </p>
   </div>
   <div class='ocr_carea' id='block_1_84' title="bbox 2253 4017 3766 4102">
    <p class='ocr_par' dir='ltr' id='par_1_84' title="bbox 2253 4017 3766 4102">
     <span class='ocr_line' id='line_1_84' title="bbox 2253 4017 3766 4102; baseline -0.011 -16"><span class='ocrx_word' id='word_1_618' title='bbox 2253 4033 2307 4088; x_wconf 90' lang='lat'><strong>9.</strong></span> <span class='ocrx_word' id='word_1_619' title='bbox 2364 4032 2531 4102; x_wconf 78' lang='lat' dir='ltr'><strong>(Ann.</strong></span> <span class='ocrx_word' id='word_1_620' title='bbox 2585 4029 2748 4083; x_wconf 88' lang='lat' dir='ltr'><strong>Laur.</strong></span> <span class='ocrx_word' id='word_1_621' title='bbox 2803 4045 2854 4082; x_wconf 88' lang='lat' dir='ltr'><strong>a.</strong></span> <span class='ocrx_word' id='word_1_622' title='bbox 2916 4026 3129 4096; x_wconf 86' lang='lat'><strong>788.).</strong></span> <span class='ocrx_word' id='word_1_623' title='bbox 3177 4062 3190 4078; x_wconf 94' lang='lat'><strong>.</strong></span> <span class='ocrx_word' id='word_1_624' title='bbox 3233 4062 3247 4077; x_wconf 92' lang='lat'><strong>.</strong></span> <span class='ocrx_word' id='word_1_625' title='bbox 3305 4020 3566 4077; x_wconf 83' lang='lat' dir='ltr'><strong>Similiter</strong></span> <span class='ocrx_word' id='word_1_626' title='bbox 3618 4017 3766 4072; x_wconf 83' lang='lat' dir='ltr'><strong>ﬁlius</strong></span> 
     </span>
    </p>
   </div>
   <div class='ocr_carea' id='block_1_85' title="bbox 2185 4109 3772 4193">
    <p class='ocr_par' dir='ltr' id='par_1_85' title="bbox 2185 4109 3772 4193">
     <span class='ocr_line' id='line_1_85' title="bbox 2185 4109 3772 4193; baseline -0.012 -15"><span class='ocrx_word' id='word_1_627' title='bbox 2185 4122 2302 4193; x_wconf 87' lang='lat' dir='ltr'><strong>ejus</strong></span> <span class='ocrx_word' id='word_1_628' title='bbox 2330 4120 2442 4191; x_wconf 86' lang='lat' dir='ltr'><strong>(l6)</strong></span> <span class='ocrx_word' id='word_1_629' title='bbox 2474 4118 2697 4174; x_wconf 77' lang='lat' dir='ltr'><strong>Tlieudo</strong></span> <span class='ocrx_word' id='word_1_630' title='bbox 2735 4116 3010 4186; x_wconf 82' lang='lat' dir='ltr'><strong>judicatus</strong></span> <span class='ocrx_word' id='word_1_631' title='bbox 3048 4123 3154 4180; x_wconf 90' lang='lat' dir='ltr'><strong>est,</strong></span> <span class='ocrx_word' id='word_1_632' title='bbox 3196 4123 3252 4168; x_wconf 90' lang='lat' dir='ltr'><strong>et</strong></span> <span class='ocrx_word' id='word_1_633' title='bbox 3303 4109 3554 4167; x_wconf 84' lang='lat' dir='ltr'><strong>monachi</strong></span> <span class='ocrx_word' id='word_1_634' title='bbox 3598 4109 3772 4162; x_wconf 47' lang='lat' dir='ltr'><strong>ambot</strong></span> 
     </span>
    </p>
   </div>
   <div class='ocr_carea' id='block_1_86' title="bbox 2187 4196 3746 4278">
    <p class='ocr_par' dir='ltr' id='par_1_86' title="bbox 2187 4196 3746 4278">
     <span class='ocr_line' id='line_1_86' title="bbox 2187 4196 3746 4278; baseline -0.01 -11"><span class='ocrx_word' id='word_1_635' title='bbox 2187 4214 2315 4268; x_wconf 80' lang='lat' dir='ltr'><strong>facli</strong></span> <span class='ocrx_word' id='word_1_636' title='bbox 2343 4219 2470 4266; x_wconf 90' lang='lat' dir='ltr'><strong>sunt</strong></span> <span class='ocrx_word' id='word_1_637' title='bbox 2500 4211 2552 4264; x_wconf 92' lang='lat' dir='ltr'><strong>in</strong></span> <span class='ocrx_word' id='word_1_638' title='bbox 2583 4207 2705 4264; x_wconf 92' lang='lat' dir='ltr'><strong>Olto</strong></span> <span class='ocrx_word' id='word_1_639' title='bbox 2737 4207 2849 4278; x_wconf 83' lang='lat' dir='ltr'><strong>(i7)</strong></span> <span class='ocrx_word' id='word_1_640' title='bbox 2875 4205 3204 4262; x_wconf 89' lang='lat' dir='ltr'><strong>monasterio</strong></span> <span class='ocrx_word' id='word_1_641' title='bbox 3225 4243 3239 4270; x_wconf 96' lang='lat'><strong>,</strong></span> <span class='ocrx_word' id='word_1_642' title='bbox 3284 4201 3372 4256; x_wconf 87' lang='lat' dir='ltr'><strong>ubi</strong></span> <span class='ocrx_word' id='word_1_643' title='bbox 3411 4207 3630 4255; x_wconf 88' lang='lat' dir='ltr'><strong>sanctus</strong></span> <span class='ocrx_word' id='word_1_644' title='bbox 3659 4196 3746 4252; x_wconf 80' lang='lat' dir='ltr'><strong>Bo.</strong></span> 
     </span>
    </p>
   </div>
   <div class='ocr_carea' id='block_1_87' title="bbox 2190 4299 3777 4370">
    <p class='ocr_par' dir='ltr' id='par_1_87' title="bbox 2190 4299 3777 4370">
     <span class='ocr_line' id='line_1_87' title="bbox 2190 4299 3777 4370; baseline -0.01 -12"><span class='ocrx_word' id='word_1_645' title='bbox 2190 4303 2433 4358; x_wconf 80' lang='lat' dir='ltr'><strong>ncl&#39;ucins</strong></span> <span class='ocrx_word' id='word_1_646' title='bbox 2461 4299 2868 4370; x_wconf 85' lang='lat' dir='ltr'><strong>requiescit.....</strong></span> <span class='ocrx_word' id='word_1_647' title='bbox 3773 4303 3777 4306; x_wconf 90' lang='grc'><strong>·</strong></span> 
     </span>
    </p>
   </div>
   <div class='ocr_carea' id='block_1_88' title="bbox 1683 4493 2441 4558">
    <p class='ocr_par' dir='ltr' id='par_1_88' title="bbox 1683 4493 2441 4558">
     <span class='ocr_line' id='line_1_88' title="bbox 1683 4493 2441 4558; baseline -0.015 0"><span class='ocrx_word' id='word_1_648' title='bbox 1683 4554 1686 4558; x_wconf 88' lang='grc'>.</span> <span class='ocrx_word' id='word_1_649' title='bbox 1770 4498 2003 4554; x_wconf 65' lang='grc' dir='ltr'><strong>νΑιιιΑῑ</strong></span> <span class='ocrx_word' id='word_1_650' title='bbox 2043 4493 2441 4554; x_wconf 74' lang='lat' dir='ltr'><strong>LEC&#39;I‘IONES.</strong></span> 
     </span>
    </p>
   </div>
   <div class='ocr_carea' id='block_1_89' title="bbox 580 4584 3768 4680">
    <p class='ocr_par' dir='ltr' id='par_1_89' title="bbox 580 4584 3768 4680">
     <span class='ocr_line' id='line_1_89' title="bbox 580 4584 3768 4680; baseline -0.006 -16"><span class='ocrx_word' id='word_1_651' title='bbox 580 4611 622 4641; x_wconf 79' lang='lat'>“</span> <span class='ocrx_word' id='word_1_652' title='bbox 652 4611 723 4664; x_wconf 85' lang='lat' dir='ltr'><strong>ita</strong></span> <span class='ocrx_word' id='word_1_653' title='bbox 759 4608 813 4663; x_wconf 75' lang='lat'><strong>2.</strong></span> <span class='ocrx_word' id='word_1_654' title='bbox 855 4620 901 4663; x_wconf 88' lang='lat' dir='ltr'><strong>et</strong></span> <span class='ocrx_word' id='word_1_655' title='bbox 937 4608 1102 4676; x_wconf 78' lang='lat' dir='ltr'><strong>l’itlt.;</strong></span> <span class='ocrx_word' id='word_1_656' title='bbox 1131 4613 1184 4664; x_wconf 89' lang='lat' dir='ltr'><strong>in</strong></span> <span class='ocrx_word' id='word_1_657' title='bbox 1228 4611 1251 4664; x_wconf 79' lang='grc'>1</span> <span class='ocrx_word' id='word_1_658' title='bbox 1289 4610 1407 4664; x_wconf 87' lang='lat' dir='ltr'><strong>aliis</strong></span> <span class='ocrx_word' id='word_1_659' title='bbox 1444 4628 1610 4665; x_wconf 80' lang='lat' dir='ltr'><strong>erasis</strong></span> <span class='ocrx_word' id='word_1_660' title='bbox 1638 4612 1906 4665; x_wconf 79' lang='lat' dir='ltr'><strong>recentiori</strong></span> <span class='ocrx_word' id='word_1_661' title='bbox 1936 4628 2094 4664; x_wconf 82' lang='lat' dir='ltr'><strong>manu</strong></span> <span class='ocrx_word' id='word_1_662' title='bbox 2122 4584 2369 4680; x_wconf 81' lang='lat' dir='ltr'><strong>scripturn</strong></span> <span class='ocrx_word' id='word_1_663' title='bbox 2398 4616 2472 4661; x_wconf 83' lang='lat' dir='ltr'><strong>est</strong></span> <span class='ocrx_word' id='word_1_664' title='bbox 2497 4618 2516 4658; x_wconf 89' lang='lat'><strong><em>:</em></strong></span> <span class='ocrx_word' id='word_1_665' title='bbox 2551 4602 2626 4660; x_wconf 83' lang='lat' dir='ltr'><strong>M.</strong></span> <span class='ocrx_word' id='word_1_666' title='bbox 2656 4609 2714 4660; x_wconf 93' lang='lat' dir='ltr'><strong>et</strong></span> <span class='ocrx_word' id='word_1_667' title='bbox 2737 4600 2966 4658; x_wconf 86' lang='lat' dir='ltr'><strong>Baciaco</strong></span> <span class='ocrx_word' id='word_1_668' title='bbox 2988 4615 3108 4657; x_wconf 88' lang='lat' dir='ltr'><strong>cum</strong></span> <span class='ocrx_word' id='word_1_669' title='bbox 3140 4599 3254 4655; x_wconf 83' lang='lat' dir='ltr'><strong>suis</strong></span> <span class='ocrx_word' id='word_1_670' title='bbox 3274 4593 3590 4659; x_wconf 86' lang='lat' dir='ltr'><strong>attinentiis,</strong></span> <span class='ocrx_word' id='word_1_671' title='bbox 3619 4592 3768 4664; x_wconf 77' lang='lat' dir='ltr'><strong>quod.</strong></span> 
     </span>
    </p>
   </div>
   <div class='ocr_carea' id='block_1_90' title="bbox 510 4679 2192 4751">
    <p class='ocr_par' dir='ltr' id='par_1_90' title="bbox 510 4679 2192 4751">
     <span class='ocr_line' id='line_1_90' title="bbox 510 4679 2192 4751; baseline 0 -17"><span class='ocrx_word' id='word_1_672' title='bbox 510 4679 835 4734; x_wconf 79' lang='lat' dir='ltr'><strong>Duchesnius</strong></span> <span class='ocrx_word' id='word_1_673' title='bbox 867 4683 1072 4751; x_wconf 81' lang='lat' dir='ltr'><strong>recepit.</strong></span> <span class='ocrx_word' id='word_1_674' title='bbox 1150 4682 1192 4712; x_wconf 85' lang='grc'><strong>³²</strong></span> <span class='ocrx_word' id='word_1_675' title='bbox 1218 4683 1292 4735; x_wconf 88' lang='lat' dir='ltr'><strong>sic</strong></span> <span class='ocrx_word' id='word_1_676' title='bbox 1314 4698 1408 4751; x_wconf 87' lang='lat' dir='ltr'><strong>pro</strong></span> <span class='ocrx_word' id='word_1_677' title='bbox 1442 4690 1632 4736; x_wconf 88' lang='lat' dir='ltr'><strong>neutra</strong></span> <span class='ocrx_word' id='word_1_678' title='bbox 1669 4682 1722 4736; x_wconf 80' lang='grc'><strong>1.</strong></span> <span class='ocrx_word' id='word_1_679' title='bbox 1797 4681 1842 4712; x_wconf 84' lang='grc'><strong><em>⁸³</em></strong></span> <span class='ocrx_word' id='word_1_680' title='bbox 1867 4685 2117 4736; x_wconf 90' lang='lat' dir='ltr'><strong>maistros</strong></span> <span class='ocrx_word' id='word_1_681' title='bbox 2139 4681 2192 4734; x_wconf 82' lang='grc'><strong>1.</strong></span> 
     </span>
    </p>
   </div>
   <div class='ocr_carea' id='block_1_91' title="bbox 2021 4813 2252 4872">
    <p class='ocr_par' dir='ltr' id='par_1_91' title="bbox 2021 4813 2252 4872">
     <span class='ocr_line' id='line_1_91' title="bbox 2021 4813 2252 4872; baseline -0.009 -2"><span class='ocrx_word' id='word_1_682' title='bbox 2021 4813 2252 4872; x_wconf 62' lang='lat' dir='ltr'><strong>NOTAE.</strong></span> 
     </span>
    </p>
   </div>
   <div class='ocr_carea' id='block_1_92' title="bbox 582 4932 1024 5004">
    <p class='ocr_par' dir='ltr' id='par_1_92' title="bbox 582 4932 1024 5004">
     <span class='ocr_line' id='line_1_92' title="bbox 582 4932 1024 5004; baseline -0.005 -16"><span class='ocrx_word' id='word_1_683' title='bbox 582 4935 693 5004; x_wconf 69' lang='lat' dir='ltr'><strong>(l2)</strong></span> <span class='ocrx_word' id='word_1_684' title='bbox 731 4932 1024 5004; x_wconf 11' lang='lat' dir='ltr'><strong>Egoﬁlisma.</strong></span> 
     </span>
    </p>
   </div>
   <div class='ocr_carea' id='block_1_93' title="bbox 533 4997 2078 5074">
    <p class='ocr_par' dir='ltr' id='par_1_93' title="bbox 533 4997 2078 5074">
     <span class='ocr_line' id='line_1_93' title="bbox 533 4997 2078 5074; baseline -0.006 -15"><span class='ocrx_word' id='word_1_685' title='bbox 533 5009 549 5017; x_wconf 84' lang='lat'><strong><em>&#39;</em></strong></span> <span class='ocrx_word' id='word_1_686' title='bbox 582 4997 692 5074; x_wconf 81' lang='lat' dir='ltr'><strong>(I5)</strong></span> <span class='ocrx_word' id='word_1_687' title='bbox 723 4997 805 5058; x_wconf 71' lang='lat' dir='ltr'><strong>Cf.</strong></span> <span class='ocrx_word' id='word_1_688' title='bbox 838 5003 1152 5074; x_wconf 69' lang='lat' dir='ltr'><strong>Monachum</strong></span> <span class='ocrx_word' id='word_1_689' title='bbox 1176 4999 1579 5074; x_wconf 59' lang='lat' dir='ltr'><strong>sangallensem</strong></span> <span class='ocrx_word' id='word_1_690' title='bbox 1611 4998 1770 5074; x_wconf 21' lang='lat' dir='ltr'><strong>Laio,</strong></span> <span class='ocrx_word' id='word_1_691' title='bbox 1797 4997 1934 5051; x_wconf 78' lang='lat' dir='ltr'><strong>Mon.</strong></span> 
     </span>
    </p>
   </div>
   <div class='ocr_carea' id='block_1_94' title="bbox 510 5067 2077 5142">
    <p class='ocr_par' dir='ltr' id='par_1_94' title="bbox 510 5067 2077 5142">
     <span class='ocr_line' id='line_1_94' title="bbox 510 5067 2077 5142; baseline -0.007 -13"><span class='ocrx_word' id='word_1_692' title='bbox 510 5067 722 5138; x_wconf 74' lang='lat' dir='ltr'><strong>H.755,</strong></span> <span class='ocrx_word' id='word_1_693' title='bbox 753 5083 807 5127; x_wconf 91' lang='lat' dir='ltr'><strong>et</strong></span> <span class='ocrx_word' id='word_1_694' title='bbox 827 5072 1135 5142; x_wconf 87' lang='lat' dir='ltr'><strong>Capitulare</strong></span> <span class='ocrx_word' id='word_1_695' title='bbox 1169 5073 1238 5125; x_wconf 86' lang='lat' dir='ltr'><strong>ad</strong></span> <span class='ocrx_word' id='word_1_696' title='bbox 1272 5071 1577 5142; x_wconf 82' lang='lat' dir='ltr'><strong>Tbcodonis</strong></span> <span class='ocrx_word' id='word_1_697' title='bbox 1621 5070 1801 5142; x_wconf 67' lang='lat' dir='ltr'><strong>villam</strong></span> <span class='ocrx_word' id='word_1_698' title='bbox 1851 5067 2077 5142; x_wconf 75' lang='lat' dir='ltr'><strong>a_.___8_(_)_5,</strong></span> 
     </span>
    </p>
   </div>
   <div class='ocr_carea' id='block_1_95' title="bbox 511 5136 2076 5214">
    <p class='ocr_par' dir='ltr' id='par_1_95' title="bbox 511 5136 2076 5214">
     <span class='ocr_line' id='line_1_95' title="bbox 511 5136 2076 5214; baseline -0.007 -13"><span class='ocrx_word' id='word_1_699' title='bbox 511 5136 631 5214; x_wconf 86' lang='lat' dir='ltr'><strong>cap.</strong></span> <span class='ocrx_word' id='word_1_700' title='bbox 654 5144 709 5204; x_wconf 77' lang='grc'><strong>2,</strong></span> <span class='ocrx_word' id='word_1_701' title='bbox 726 5144 889 5214; x_wconf 81' lang='lat' dir='ltr'><strong>Legg.</strong></span> <span class='ocrx_word' id='word_1_702' title='bbox 909 5136 957 5196; x_wconf 85' lang='grc' dir='ltr'><strong>ἰ.</strong></span> <span class='ocrx_word' id='word_1_703' title='bbox 984 5144 1076 5214; x_wconf 10' lang='lat'><strong>1751</strong></span> <span class='ocrx_word' id='word_1_704' title='bbox 1083 5141 1471 5214; x_wconf 56' lang='grc' dir='ltr'><strong>μλιιιζοιοςιηιέἲ</strong></span> <span class='ocrx_word' id='word_1_705' title='bbox 1494 5150 1621 5214; x_wconf 55' lang='grc' dir='ltr'><strong>ῳηιζ</strong></span> <span class='ocrx_word' id='word_1_706' title='bbox 1651 5139 1763 5214; x_wconf 79' lang='lat' dir='ltr'><strong>Cl\’_</strong></span> <span class='ocrx_word' id='word_1_707' title='bbox 1782 5148 1835 5214; x_wconf 73' lang='lat' dir='ltr'><strong>ct</strong></span> <span class='ocrx_word' id='word_1_708' title='bbox 1852 5136 2076 5214; x_wconf 76' lang='lat' dir='ltr'><strong>X_C\’ll).</strong></span> 
     </span>
    </p>
   </div>
   <div class='ocr_carea' id='block_1_96' title="bbox 581 5158 2080 5284">
    <p class='ocr_par' dir='ltr' id='par_1_96' title="bbox 581 5158 2080 5284">
     <span class='ocr_line' id='line_1_96' title="bbox 581 5158 2076 5268; baseline -0.007 -67"><span class='ocrx_word' id='word_1_709' title='bbox 581 5160 631 5214; x_wconf 77' lang='grc' dir='ltr'><strong>Ι).</strong></span> <span class='ocrx_word' id='word_1_710' title='bbox 654 5158 709 5204; x_wconf 68' lang='grc'><strong>2.</strong></span> <span class='ocrx_word' id='word_1_711' title='bbox 727 5158 889 5268; x_wconf 60' lang='lat' dir='ltr'><strong>Legg.</strong></span> <span class='ocrx_word' id='word_1_712' title='bbox 919 5158 957 5196; x_wconf 92' lang='grc' dir='ltr'><strong>ι.</strong></span> <span class='ocrx_word' id='word_1_713' title='bbox 984 5158 1076 5224; x_wconf 65' lang='lat' dir='ltr'><strong>tot</strong></span> <span class='ocrx_word' id='word_1_714' title='bbox 1106 5158 1471 5222; x_wconf 56' lang='grc' dir='ltr'><strong>(μήλινοιοςιηιξ3</strong></span> <span class='ocrx_word' id='word_1_715' title='bbox 1494 5158 1621 5193; x_wconf 84' lang='lat' dir='ltr'><strong>tom.</strong></span> <span class='ocrx_word' id='word_1_716' title='bbox 1651 5158 1763 5220; x_wconf 57' lang='lat' dir='ltr'><strong>ur</strong></span> <span class='ocrx_word' id='word_1_717' title='bbox 1782 5158 1835 5190; x_wconf 83' lang='lat' dir='ltr'><strong>et</strong></span> <span class='ocrx_word' id='word_1_718' title='bbox 1853 5158 1940 5192; x_wconf 70' lang='lat' dir='ltr'><strong>Ah</strong></span> <span class='ocrx_word' id='word_1_719' title='bbox 1956 5158 2076 5207; x_wconf 77' lang='lat' dir='ltr'><strong>vn).</strong></span> 
     </span>
     <span class='ocr_line' id='line_1_97' title="bbox 581 5207 2080 5284; baseline -0.007 -16"><span class='ocrx_word' id='word_1_720' title='bbox 581 5213 799 5284; x_wconf 13' lang='lat' dir='ltr'><strong>(inici.</strong></span> <span class='ocrx_word' id='word_1_721' title='bbox 862 5228 1058 5284; x_wconf 84' lang='lat' dir='ltr'><strong>oanuts</strong></span> <span class='ocrx_word' id='word_1_722' title='bbox 1083 5209 1201 5284; x_wconf 66' lang='lat' dir='ltr'><strong>Vlla</strong></span> <span class='ocrx_word' id='word_1_723' title='bbox 1229 5210 1560 5284; x_wconf 64' lang='lat' dir='ltr'><strong>Gregortrll,</strong></span> <span class='ocrx_word' id='word_1_724' title='bbox 1591 5209 1764 5284; x_wconf 32' lang='lat' dir='ltr'><strong>6,‘t|ttl</strong></span> <span class='ocrx_word' id='word_1_725' title='bbox 1793 5207 1933 5284; x_wconf 47' lang='lat'><strong>&quot;,7,</strong></span> <span class='ocrx_word' id='word_1_726' title='bbox 1961 5223 2080 5284; x_wconf 74' lang='lat' dir='ltr'><strong>per-</strong></span> 
     </span>
    </p>
   </div>
   <div class='ocr_carea' id='block_1_97' title="bbox 512 5276 2077 5354">
    <p class='ocr_par' dir='ltr' id='par_1_97' title="bbox 512 5276 2077 5354">
     <span class='ocr_line' id='line_1_98' title="bbox 512 5276 2077 5354; baseline -0.007 -16"><span class='ocrx_word' id='word_1_727' title='bbox 512 5276 636 5354; x_wconf 48' lang='lat' dir='ltr'><strong>git&#39;:</strong></span> <span class='ocrx_word' id='word_1_728' title='bbox 673 5276 846 5353; x_wconf 79' lang='lat' dir='ltr'><strong>Hujus</strong></span> <span class='ocrx_word' id='word_1_729' title='bbox 880 5282 1254 5354; x_wconf 66' lang='lat' dir='ltr'><strong>modulationis</strong></span> <span class='ocrx_word' id='word_1_730' title='bbox 1275 5276 1617 5354; x_wconf 74' lang='lat' dir='ltr'><strong>_du_lcet_l_inem</strong></span> <span class='ocrx_word' id='word_1_731' title='bbox 1641 5276 1776 5354; x_wconf 74' lang='lat' dir='ltr'><strong>inter</strong></span> <span class='ocrx_word' id='word_1_732' title='bbox 1796 5276 1931 5330; x_wconf 87' lang='lat' dir='ltr'><strong>alias</strong></span> <span class='ocrx_word' id='word_1_733' title='bbox 1964 5276 2077 5354; x_wconf 40' lang='lat' dir='ltr'><strong>Eu;</strong></span> 
     </span>
    </p>
   </div>
   <div class='ocr_carea' id='block_1_98' title="bbox 512 5346 2084 5422">
    <p class='ocr_par' dir='ltr' id='par_1_98' title="bbox 512 5346 2084 5422">
     <span class='ocr_line' id='line_1_99' title="bbox 512 5346 2084 5422; baseline -0.006 -15"><span class='ocrx_word' id='word_1_734' title='bbox 512 5346 652 5422; x_wconf 59' lang='lat' dir='ltr'><strong>rapa:</strong></span> <span class='ocrx_word' id='word_1_735' title='bbox 679 5346 851 5421; x_wconf 78' lang='lat' dir='ltr'><strong>gentes</strong></span> <span class='ocrx_word' id='word_1_736' title='bbox 875 5351 1123 5406; x_wconf 84' lang='lat' dir='ltr'><strong>Germani</strong></span> <span class='ocrx_word' id='word_1_737' title='bbox 1149 5367 1239 5405; x_wconf 86' lang='lat' dir='ltr'><strong>seu</strong></span> <span class='ocrx_word' id='word_1_738' title='bbox 1261 5348 1402 5422; x_wconf 84' lang='lat' dir='ltr'><strong>Galli</strong></span> <span class='ocrx_word' id='word_1_739' title='bbox 1433 5350 1629 5402; x_wconf 83' lang='lat' dir='ltr'><strong>discere</strong></span> <span class='ocrx_word' id='word_1_740' title='bbox 1651 5349 1926 5416; x_wconf 83' lang='lat' dir='ltr'><strong>crebroque</strong></span> <span class='ocrx_word' id='word_1_741' title='bbox 1948 5346 2084 5422; x_wconf 75' lang='lat' dir='ltr'><strong>recli-</strong></span> 
     </span>
    </p>
   </div>
   <div class='ocr_carea' id='block_1_99' title="bbox 511 5413 2083 5491">
    <p class='ocr_par' dir='ltr' id='par_1_99' title="bbox 511 5413 2083 5491">
     <span class='ocr_line' id='line_1_100' title="bbox 511 5413 2083 5491; baseline -0.007 -14"><span class='ocrx_word' id='word_1_742' title='bbox 511 5413 652 5477; x_wconf 74' lang='lat' dir='ltr'><strong>scere</strong></span> <span class='ocrx_word' id='word_1_743' title='bbox 675 5413 947 5491; x_wconf 79' lang='lat' dir='ltr'><strong>insigni&#39;er</strong></span> <span class='ocrx_word' id='word_1_744' title='bbox 972 5421 1666 5491; x_wconf 7' lang='lat' dir='ltr'><strong>potuerunt,jincjorruptun_t</strong></span> <span class='ocrx_word' id='word_1_745' title='bbox 1711 5413 1974 5491; x_wconf 61' lang='lat' dir='ltr'><strong>iteratam</strong></span> <span class='ocrx_word' id='word_1_746' title='bbox 2010 5413 2083 5491; x_wconf 75' lang='lat' dir='ltr'><strong>Ie-</strong></span> 
     </span>
    </p>
   </div>
   <div class='ocr_carea' id='block_1_100' title="bbox 513 5484 2084 5566">
    <p class='ocr_par' dir='ltr' id='par_1_100' title="bbox 513 5484 2084 5566">
     <span class='ocr_line' id='line_1_101' title="bbox 513 5484 2084 5566; baseline -0.007 -19"><span class='ocrx_word' id='word_1_747' title='bbox 513 5484 872 5566; x_wconf 72' lang='lat' dir='ltr'><strong>rilateaninti,</strong></span> <span class='ocrx_word' id='word_1_748' title='bbox 902 5484 1022 5562; x_wconf 82' lang='lat' dir='ltr'><strong>quia</strong></span> <span class='ocrx_word' id='word_1_749' title='bbox 1072 5489 1324 5544; x_wconf 87' lang='lat' dir='ltr'><strong>nonnulla</strong></span> <span class='ocrx_word' id='word_1_750' title='bbox 1361 5489 1449 5566; x_wconf 43' lang='lat' dir='ltr'><strong>fle.</strong></span> <span class='ocrx_word' id='word_1_751' title='bbox 1483 5484 1695 5558; x_wconf 84' lang='lat' dir='ltr'><strong>proprio</strong></span> <span class='ocrx_word' id='word_1_752' title='bbox 1747 5484 2084 5566; x_wconf 55' lang='lat' dir='ltr'><strong>Gregorimtis</strong></span> 
     </span>
    </p>
   </div>
   <div class='ocr_carea' id='block_1_101' title="bbox 513 5555 2083 5629">
    <p class='ocr_par' dir='ltr' id='par_1_101' title="bbox 513 5555 2083 5629">
     <span class='ocr_line' id='line_1_102' title="bbox 513 5555 2083 5629; baseline -0.008 -14"><span class='ocrx_word' id='word_1_753' title='bbox 513 5563 750 5617; x_wconf 86' lang='lat' dir='ltr'><strong>cantibus</strong></span> <span class='ocrx_word' id='word_1_754' title='bbox 773 5555 1108 5623; x_wconf 78' lang='lat' dir='ltr'><strong>miscuerunt,</strong></span> <span class='ocrx_word' id='word_1_755' title='bbox 1151 5576 1323 5629; x_wconf 81' lang='lat' dir='ltr'><strong>quam</strong></span> <span class='ocrx_word' id='word_1_756' title='bbox 1347 5555 1574 5629; x_wconf 75' lang='lat' dir='ltr'><strong>feritate</strong></span> <span class='ocrx_word' id='word_1_757' title='bbox 1600 5571 1810 5629; x_wconf 27' lang='lat' dir='ltr'><strong>quoque.</strong></span> <span class='ocrx_word' id='word_1_758' title='bbox 1854 5555 2083 5607; x_wconf 85' lang='lat' dir='ltr'><strong>naturali</strong></span> 
     </span>
    </p>
   </div>
   <div class='ocr_carea' id='block_1_102' title="bbox 511 5626 2081 5699">
    <p class='ocr_par' dir='ltr' id='par_1_102' title="bbox 511 5626 2081 5699">
     <span class='ocr_line' id='line_1_103' title="bbox 511 5626 2081 5699; baseline -0.008 -14"><span class='ocrx_word' id='word_1_759' title='bbox 511 5648 715 5684; x_wconf 80' lang='lat' dir='ltr'><strong>servare</strong></span> <span class='ocrx_word' id='word_1_760' title='bbox 741 5629 950 5685; x_wconf 64' lang='lat' dir='ltr'><strong>mini’me</strong></span> <span class='ocrx_word' id='word_1_761' title='bbox 970 5626 1264 5699; x_wconf 80' lang='lat' dir='ltr'><strong>potuerunt.</strong></span> <span class='ocrx_word' id='word_1_762' title='bbox 1294 5627 1482 5699; x_wconf 75' lang='lat' dir='ltr'><strong>Alpina</strong></span> <span class='ocrx_word' id='word_1_763' title='bbox 1531 5626 1810 5694; x_wconf 39' lang='lat' dir='ltr'><strong>siquidem&#39;</strong></span> <span class='ocrx_word' id='word_1_764' title='bbox 1844 5639 2081 5699; x_wconf 73' lang='lat' dir='ltr'><strong>corpora,</strong></span> 
     </span>
    </p>
   </div>
   <div class='ocr_carea' id='block_1_103' title="bbox 511 5695 2082 5764">
    <p class='ocr_par' dir='ltr' id='par_1_103' title="bbox 511 5695 2082 5764">
     <span class='ocr_line' id='line_1_104' title="bbox 511 5695 2082 5764; baseline -0.006 -10"><span class='ocrx_word' id='word_1_765' title='bbox 511 5717 693 5755; x_wconf 71' lang='lat' dir='ltr'><strong>cocum</strong></span> <span class='ocrx_word' id='word_1_766' title='bbox 720 5703 936 5755; x_wconf 84' lang='lat' dir='ltr'><strong>suarum</strong></span> <span class='ocrx_word' id='word_1_767' title='bbox 971 5695 1229 5752; x_wconf 49' lang='lat' dir='ltr'><strong>&#39;touitruis</strong></span> <span class='ocrx_word' id='word_1_768' title='bbox 1271 5697 1492 5752; x_wconf 85' lang='lat' dir='ltr'><strong>altisone</strong></span> <span class='ocrx_word' id='word_1_769' title='bbox 1539 5695 1932 5764; x_wconf 75' lang='lat' dir='ltr'><strong>perstrepentia,</strong></span> <span class='ocrx_word' id='word_1_770' title='bbox 1965 5707 2082 5745; x_wconf 80' lang='lat' dir='ltr'><strong>sus—</strong></span> 
     </span>
    </p>
   </div>
   <div class='ocr_carea' id='block_1_104' title="bbox 2190 4914 3776 4994">
    <p class='ocr_par' dir='ltr' id='par_1_104' title="bbox 2190 4914 3776 4994">
     <span class='ocr_line' id='line_1_105' title="bbox 2190 4914 3776 4994; baseline -0.008 -15"><span class='ocrx_word' id='word_1_771' title='bbox 2190 4934 2348 4994; x_wconf 72' lang='lat' dir='ltr'><strong>cepta:</strong></span> <span class='ocrx_word' id='word_1_772' title='bbox 2397 4919 2767 4994; x_wconf 74' lang='lat' dir='ltr'><strong>modulationis</strong></span> <span class='ocrx_word' id='word_1_773' title='bbox 2816 4917 3141 4994; x_wconf 72' lang='lat' dir='ltr'><strong>dulcedinem</strong></span> <span class='ocrx_word' id='word_1_774' title='bbox 3195 4915 3402 4994; x_wconf 70' lang='lat' dir='ltr'><strong>proprie</strong></span> <span class='ocrx_word' id='word_1_775' title='bbox 3447 4930 3561 4994; x_wconf 77' lang='lat' dir='ltr'><strong>non_</strong></span> <span class='ocrx_word' id='word_1_776' title='bbox 3594 4914 3776 4994; x_wconf 77' lang='lat' dir='ltr'><strong>resul-‘</strong></span> 
     </span>
    </p>
   </div>
   <div class='ocr_carea' id='block_1_105' title="bbox 2186 4983 3761 5063">
    <p class='ocr_par' dir='ltr' id='par_1_105' title="bbox 2186 4983 3761 5063">
     <span class='ocr_line' id='line_1_106' title="bbox 2186 4983 3761 5063; baseline -0.008 -15"><span class='ocrx_word' id='word_1_777' title='bbox 2186 4983 2320 5058; x_wconf 75' lang='lat' dir='ltr'><strong>tant,</strong></span> <span class='ocrx_word' id='word_1_778' title='bbox 2368 4995 2491 5062; x_wconf 87' lang='lat' dir='ltr'><strong>quia</strong></span> <span class='ocrx_word' id='word_1_779' title='bbox 2531 4989 2689 5044; x_wconf 85' lang='lat' dir='ltr'><strong>bibuli</strong></span> <span class='ocrx_word' id='word_1_780' title='bbox 2740 4989 2965 5063; x_wconf 73' lang='lat' dir='ltr'><strong>gutturis</strong></span> <span class='ocrx_word' id='word_1_781' title='bbox 3006 4985 3239 5063; x_wconf 72' lang='lat' dir='ltr'><strong>barbara</strong></span> <span class='ocrx_word' id='word_1_782' title='bbox 3283 4983 3489 5063; x_wconf 61' lang='lat' dir='ltr'><strong>feritas,</strong></span> <span class='ocrx_word' id='word_1_783' title='bbox 3528 4984 3761 5063; x_wconf 37' lang='lat' dir='ltr'><strong>clunt‘in-</strong></span> 
     </span>
    </p>
   </div>
   <div class='ocr_carea' id='block_1_106' title="bbox 2185 5054 3760 5134">
    <p class='ocr_par' dir='ltr' id='par_1_106' title="bbox 2185 5054 3760 5134">
     <span class='ocr_line' id='line_1_107' title="bbox 2185 5054 3760 5134; baseline -0.008 -16"><span class='ocrx_word' id='word_1_784' title='bbox 2185 5054 2496 5134; x_wconf 70' lang='lat' dir='ltr'><strong>ﬂexionibus</strong></span> <span class='ocrx_word' id='word_1_785' title='bbox 2543 5071 2589 5113; x_wconf 84' lang='lat' dir='ltr'><strong>et</strong></span> <span class='ocrx_word' id='word_1_786' title='bbox 2644 5054 3113 5134; x_wconf 38' lang='lat' dir='ltr'><strong>repercussionibu‘s</strong></span> <span class='ocrx_word' id='word_1_787' title='bbox 3170 5054 3343 5105; x_wconf 86' lang='lat' dir='ltr'><strong>mitem</strong></span> <span class='ocrx_word' id='word_1_788' title='bbox 3395 5054 3578 5134; x_wconf 70' lang='lat' dir='ltr'><strong>nititur</strong></span> <span class='ocrx_word' id='word_1_789' title='bbox 3609 5054 3760 5105; x_wconf 81' lang='lat' dir='ltr'><strong>edere</strong></span> 
     </span>
    </p>
   </div>
   <div class='ocr_carea' id='block_1_107' title="bbox 2185 5121 3758 5201">
    <p class='ocr_par' dir='ltr' id='par_1_107' title="bbox 2185 5121 3758 5201">
     <span class='ocr_line' id='line_1_108' title="bbox 2185 5121 3758 5201; baseline -0.008 -15"><span class='ocrx_word' id='word_1_790' title='bbox 2185 5121 2520 5194; x_wconf 70' lang='lat' dir='ltr'><strong>cantilenam,</strong></span> <span class='ocrx_word' id='word_1_791' title='bbox 2539 5121 2766 5201; x_wconf 76' lang='lat' dir='ltr'><strong>naturali</strong></span> <span class='ocrx_word' id='word_1_792' title='bbox 2789 5127 3014 5201; x_wconf 75' lang='lat' dir='ltr'><strong>quatiant</strong></span> <span class='ocrx_word' id='word_1_793' title='bbox 3068 5123 3276 5201; x_wconf 67' lang='lat' dir='ltr'><strong>fragore</strong></span> <span class='ocrx_word' id='word_1_794' title='bbox 3299 5161 3312 5183; x_wconf 91' lang='lat'><strong>,</strong></span> <span class='ocrx_word' id='word_1_795' title='bbox 3342 5123 3494 5190; x_wconf 84' lang='lat' dir='ltr'><strong>quasi</strong></span> <span class='ocrx_word' id='word_1_796' title='bbox 3520 5121 3758 5201; x_wconf 77' lang='lat' dir='ltr'><strong>plaustra</strong></span> 
     </span>
    </p>
   </div>
   <div class='ocr_carea' id='block_1_108' title="bbox 2183 5191 3756 5271">
    <p class='ocr_par' dir='ltr' id='par_1_108' title="bbox 2183 5191 3756 5271">
     <span class='ocr_line' id='line_1_109' title="bbox 2183 5191 3756 5271; baseline -0.01 -17"><span class='ocrx_word' id='word_1_797' title='bbox 2183 5219 2276 5271; x_wconf 81' lang='lat' dir='ltr'><strong>per</strong></span> <span class='ocrx_word' id='word_1_798' title='bbox 2301 5191 2522 5271; x_wconf 55' lang='lat' dir='ltr'><strong>gradus</strong></span> <span class='ocrx_word' id='word_1_799' title='bbox 2541 5197 2754 5271; x_wconf 75' lang='lat' dir='ltr'><strong>confuse</strong></span> <span class='ocrx_word' id='word_1_800' title='bbox 2801 5191 3073 5271; x_wconf 74' lang='lat' dir='ltr'><strong>sonantia,</strong></span> <span class='ocrx_word' id='word_1_801' title='bbox 3133 5191 3328 5271; x_wconf 71' lang='lat' dir='ltr'><strong>rigidas</strong></span> <span class='ocrx_word' id='word_1_802' title='bbox 3377 5207 3523 5271; x_wconf 76' lang='lat' dir='ltr'><strong>voces</strong></span> <span class='ocrx_word' id='word_1_803' title='bbox 3560 5191 3756 5271; x_wconf 55' lang='lat' dir='ltr'><strong>iactat,</strong></span> 
     </span>
    </p>
   </div>
   <div class='ocr_carea' id='block_1_109' title="bbox 2185 5258 3757 5339">
    <p class='ocr_par' dir='ltr' id='par_1_109' title="bbox 2185 5258 3757 5339">
     <span class='ocr_line' id='line_1_110' title="bbox 2185 5258 3757 5339; baseline -0.008 -16"><span class='ocrx_word' id='word_1_804' title='bbox 2185 5258 2358 5339; x_wconf 70' lang='lat' dir='ltr'><strong>sicque</strong></span> <span class='ocrx_word' id='word_1_805' title='bbox 2400 5258 2725 5339; x_wconf 75' lang='lat' dir='ltr'><strong>audientium</strong></span> <span class='ocrx_word' id='word_1_806' title='bbox 2775 5265 2997 5339; x_wconf 80' lang='lat' dir='ltr'><strong>animos,</strong></span> <span class='ocrx_word' id='word_1_807' title='bbox 3055 5277 3180 5339; x_wconf 82' lang='lat' dir='ltr'><strong>quos</strong></span> <span class='ocrx_word' id='word_1_808' title='bbox 3220 5258 3443 5339; x_wconf 71' lang='lat' dir='ltr'><strong>mulcere</strong></span> <span class='ocrx_word' id='word_1_809' title='bbox 3488 5258 3757 5323; x_wconf 78' lang='lat' dir='ltr'><strong>debuerat,</strong></span> 
     </span>
    </p>
   </div>
   <div class='ocr_carea' id='block_1_110' title="bbox 2185 5330 3506 5405">
    <p class='ocr_par' dir='ltr' id='par_1_110' title="bbox 2185 5330 3506 5405">
     <span class='ocr_line' id='line_1_111' title="bbox 2185 5330 3506 5405; baseline -0.009 -11"><span class='ocrx_word' id='word_1_810' title='bbox 2185 5330 2539 5405; x_wconf 75' lang='lat' dir='ltr'><strong>exasperanda</strong></span> <span class='ocrx_word' id='word_1_811' title='bbox 2563 5335 2729 5402; x_wconf 88' lang='lat' dir='ltr'><strong>magis</strong></span> <span class='ocrx_word' id='word_1_812' title='bbox 2751 5350 2812 5386; x_wconf 86' lang='lat' dir='ltr'><strong>ac</strong></span> <span class='ocrx_word' id='word_1_813' title='bbox 2842 5331 3175 5405; x_wconf 77' lang='lat' dir='ltr'><strong>obstrepentia</strong></span> <span class='ocrx_word' id='word_1_814' title='bbox 3218 5330 3506 5405; x_wconf 71' lang='lat' dir='ltr'><strong>conturbat.</strong></span> 
     </span>
    </p>
   </div>
   <div class='ocr_carea' id='block_1_111' title="bbox 2256 5397 3757 5478">
    <p class='ocr_par' dir='ltr' id='par_1_111' title="bbox 2256 5397 3757 5478">
     <span class='ocr_line' id='line_1_112' title="bbox 2256 5397 3757 5478; baseline -0.009 -16"><span class='ocrx_word' id='word_1_815' title='bbox 2256 5397 2367 5475; x_wconf 66' lang='grc' dir='ltr'><strong>ΗΒ)</strong></span> <span class='ocrx_word' id='word_1_816' title='bbox 2407 5397 2805 5478; x_wconf 34' lang='lat' dir='ltr'><strong>Vinnolata‘uox</strong></span> <span class='ocrx_word' id='word_1_817' title='bbox 2824 5413 2896 5456; x_wconf 87' lang='lat' dir='ltr'><strong>est</strong></span> <span class='ocrx_word' id='word_1_818' title='bbox 2928 5397 3057 5478; x_wconf 84' lang='lat' dir='ltr'><strong>lenis</strong></span> <span class='ocrx_word' id='word_1_819' title='bbox 3081 5410 3129 5478; x_wconf 83' lang='lat' dir='ltr'><strong>et_</strong></span> <span class='ocrx_word' id='word_1_820' title='bbox 3156 5398 3326 5478; x_wconf 79' lang='lat' dir='ltr'><strong>mollis</strong></span> <span class='ocrx_word' id='word_1_821' title='bbox 3368 5407 3521 5478; x_wconf 69' lang='lat' dir='ltr'><strong>atque</strong></span> <span class='ocrx_word' id='word_1_822' title='bbox 3555 5397 3757 5478; x_wconf 68' lang='lat' dir='ltr'><strong>ﬂexibi-</strong></span> 
     </span>
    </p>
   </div>
   <div class='ocr_carea' id='block_1_112' title="bbox 2184 5467 3756 5544">
    <p class='ocr_par' dir='ltr' id='par_1_112' title="bbox 2184 5467 3756 5544">
     <span class='ocr_line' id='line_1_113' title="bbox 2184 5467 3756 5544; baseline -0.008 -14"><span class='ocrx_word' id='word_1_823' title='bbox 2184 5467 2269 5544; x_wconf 81' lang='lat' dir='ltr'><strong>lis,</strong></span> <span class='ocrx_word' id='word_1_824' title='bbox 2297 5467 2634 5532; x_wconf 50' lang='lat' dir='ltr'><strong>et&#39;rinnolata</strong></span> <span class='ocrx_word' id='word_1_825' title='bbox 2666 5472 2804 5544; x_wconf 77' lang='lat' dir='ltr'><strong>dicta</strong></span> <span class='ocrx_word' id='word_1_826' title='bbox 2832 5489 2862 5524; x_wconf 93' lang='lat' dir='ltr'><strong>a</strong></span> <span class='ocrx_word' id='word_1_827' title='bbox 2893 5473 3079 5544; x_wconf 58' lang='lat' dir='ltr'><strong>cinno,</strong></span> <span class='ocrx_word' id='word_1_828' title='bbox 3111 5470 3205 5522; x_wconf 80' lang='lat' dir='ltr'><strong>hoc</strong></span> <span class='ocrx_word' id='word_1_829' title='bbox 3237 5476 3311 5522; x_wconf 83' lang='lat' dir='ltr'><strong>est</strong></span> <span class='ocrx_word' id='word_1_830' title='bbox 3338 5467 3574 5522; x_wconf 83' lang='lat' dir='ltr'><strong>rincinuo</strong></span> <span class='ocrx_word' id='word_1_831' title='bbox 3621 5467 3756 5520; x_wconf 77' lang='lat' dir='ltr'><strong>mal-</strong></span> 
     </span>
    </p>
   </div>
   <div class='ocr_carea' id='block_1_113' title="bbox 2187 5539 3106 5618">
    <p class='ocr_par' dir='ltr' id='par_1_113' title="bbox 2187 5539 3106 5618">
     <span class='ocr_line' id='line_1_114' title="bbox 2187 5539 3106 5618; baseline -0.01 -18"><span class='ocrx_word' id='word_1_832' title='bbox 2187 5539 2305 5603; x_wconf 79' lang='lat' dir='ltr'><strong>liter</strong></span> <span class='ocrx_word' id='word_1_833' title='bbox 2334 5549 2488 5618; x_wconf 57' lang='lat' dir='ltr'><strong>ﬂeam,</strong></span> <span class='ocrx_word' id='word_1_834' title='bbox 2513 5543 2702 5618; x_wconf 75' lang='lat' dir='ltr'><strong>Isidor.</strong></span> <span class='ocrx_word' id='word_1_835' title='bbox 2731 5543 2878 5613; x_wconf 71' lang='lat' dir='ltr'><strong>Orig.</strong></span> <span class='ocrx_word' id='word_1_836' title='bbox 2906 5541 2988 5602; x_wconf 89' lang='lat' dir='ltr'><strong>Ill.</strong></span> <span class='ocrx_word' id='word_1_837' title='bbox 3023 5539 3106 5594; x_wconf 80' lang='lat' dir='ltr'><strong>i9.</strong></span> 
     </span>
    </p>
   </div>
   <div class='ocr_carea' id='block_1_114' title="bbox 2258 5613 2711 5684">
    <p class='ocr_par' dir='ltr' id='par_1_114' title="bbox 2258 5613 2711 5684">
     <span class='ocr_line' id='line_1_115' title="bbox 2258 5613 2711 5684; baseline -0.011 -15"><span class='ocrx_word' id='word_1_838' title='bbox 2258 5613 2369 5684; x_wconf 82' lang='lat' dir='ltr'><strong>(l6)</strong></span> <span class='ocrx_word' id='word_1_839' title='bbox 2397 5613 2711 5684; x_wconf 70' lang='lat' dir='ltr'><strong>Tassilonis.</strong></span> 
     </span>
    </p>
   </div>
   <div class='ocr_carea' id='block_1_115' title="bbox 2258 5681 2766 5759">
    <p class='ocr_par' dir='ltr' id='par_1_115' title="bbox 2258 5681 2766 5759">
     <span class='ocr_line' id='line_1_116' title="bbox 2258 5681 2766 5759; baseline -0.014 -16"><span class='ocrx_word' id='word_1_840' title='bbox 2258 5681 2369 5759; x_wconf 76' lang='lat' dir='ltr'><strong>(l7)</strong></span> <span class='ocrx_word' id='word_1_841' title='bbox 2396 5686 2447 5739; x_wconf 88' lang='lat' dir='ltr'><strong>Id</strong></span> <span class='ocrx_word' id='word_1_842' title='bbox 2471 5695 2552 5741; x_wconf 85' lang='lat' dir='ltr'><strong>cst</strong></span> <span class='ocrx_word' id='word_1_843' title='bbox 2579 5681 2766 5737; x_wconf 82' lang='lat' dir='ltr'><strong>Fulda.</strong></span> 
     </span>
    </p>
   </div>
  </div>
