4088 6450
245 379 316 436 29
1241 367 1716 429 HISTORIARUM
1755 365 1850 420 ιιι

1962 361 2160 419 TRES.
2190 391 2259 402 -
2297 334 2424 417 LlB.
2464 360 2552 417 ιιι.
3442 352 3513 409 so

322 529 338 543 .
384 531 398 544 .
439 487 599 559 (Anu.
627 483 790 539 Laur.
820 499 872 537 ο.
904 479 1054 552 808)
1098 521 1110 534 .
1157 520 1169 533 .

251 594 407 644 num,
440 577 492 631 id
519 576 690 630 estde
715 572 946 628 lrlandia
975 570 1144 626 insula
1175 569 1355 641 (18)...

385 706 400 721 .
435 666 594 734 (Αηη.
615 664 777 718 Laur.
794 681 845 718 α.
861 662 1040 731 809.).
1061 700 1076 715 .
1095 700 1110 716 .
1125 661 1829 731 Aureoluscomesdegenc-

248 775 308 815 re
331 757 528 812 Felicis
547 755 764 810 Aureoli
785 753 1245 822 Petragoricensis
1277 753 1492 807 comitis
1515 762 1822 807 exortus....

327 887 342 902 .
386 886 404 901 .
443 847 605 918 (Ann.
631 844 796 899 Laur.
828 863 878 898 a.
905 843 1055 914 8H.)
1096 881 1112 897 .
1155 883 1168 898 .
1216 881 1231 898 .
1271 842 1566 896 Karolus...
1593 841 1833 911 sepultus

252 940 426 1008 Aquis
479 937 532 990 in
565 936 788 991 basilica
837 935 930 990 Dei
982 933 1280 1004 genitricis,
1334 947 1494 1002 quam
1542 932 1658 1002 ipse
1710 947 1835 986 cono

255 1035 554 1083 struxerat.
586 1026 793 1094 Corpus
813 1023 929 1094 ejus
950 1023 1390 1086 aromatizatum,
1424 1021 1552 1076 etin
1582 1021 1710 1076 sede
1728 1036 1834 1073 au-

256 1135 346 1174 rea
397 1119 590 1173 sedens
629 1118 838 1187 positus
869 1116 916 1147 “
958 1124 1041 1170 est
1094 1115 1147 1168 in
1193 1122 1482 1170 curvatura
1538 1113 1833 1184 sepulchri,

255 1226 387 1267 ense
414 1225 578 1265 aureo
600 1209 892 1270 accinctus,
923 1206 1262 1275 evangelium
1296 1221 1519 1258 aureum
1553 1213 1741 1260 tenens
1781 1204 1832 1258 in

251 1301 510 1357 manibus
535 1309 588 1354 et
615 1299 861 1370 genibus,
896 1297 1172 1352 reclinatis
1198 1287 1441 1350 humeris
1473 1295 1523 1349 in
1553 1295 1832 1359 cathedra,

252 1401 311 1447 et
343 1392 524 1462 capite
559 1392 783 1446 honeste
825 1397 1028 1453 erecto,
1083 1387 1248 1457 ligato
1292 1401 1454 1440 aurea
1499 1387 1728 1440 cathena
1767 1384 1836 1439 ad

253 1485 528 1539 diadema.
557 1483 625 1538 Et
647 1483 701 1537 in
727 1481 1030 1537 diademate
1049 1478 1254 1550 lignum
1278 1477 1457 1532 crucis
1478 1477 1713 1548 positum
1732 1486 1836 1532 est.

252 1575 324 1637 Et
351 1576 700 1649 repleverunt
721 1573 1067 1645 sepulchrum
1085 1559 1201 1642 ejus
1219 1572 1572 1637 aromatibus,
1600 1570 1845 1643 pigmen-

1215 519 1229 534 .
1269 496 1366 536 rex
1392 477 1822 536 Nordanimbro-

1955 490 2024 554 is,
2067 487 2308 545 balsamo
2350 496 2405 542 et
2451 501 2635 542 musco
2660 486 2703 518 ³⁸
2747 494 2801 541 ει
2832 482 3100 539 thesauris
3131 483 3207 537 l'.
3240 465 3525 537 Vestitum-

1936 589 2020 636 est
2063 594 2259 648 corpus
2283 577 2399 646 ejus
2429 576 2757 632 indumentis
2779 574 3144 644 imperialibus
3163 613 3178 638 ,
3208 582 3264 628 et
3291 573 3513 628 sudario

1939 673 2038 727 sub
2063 673 2364 728 diademate
2405 669 2572 725 facies
2610 670 2728 739 ejus
2764 678 2950 738 aperta
2991 676 3073 722 est
3109 667 3190 720 ε’.
3223 667 3510 736 Sceptrum

1941 777 2162 816 aureum
2193 768 2246 816 et
2283 760 2336 814 δ’
2371 771 2581 818 scutum
2614 775 2862 823 aureum,
2886 758 3027 828 quod
3069 757 3178 810 Leo
3217 772 3351 826 papa
3378 772 3514 811 con—

1942 860 2278 912 sacraverat,
2299 857 2425 904 ante
2463 864 2584 903 eum
2614 848 2788 918 posita
2819 847 2898 912 ι’,
2927 855 2980 902 et
3011 847 3064 900 5'
3110 845 3400 917 sigillatum
3432 853 3517 899 est

1943 942 2290 1012 sepulchrum
2339 941 2457 1012 ejus
2483 940 2548 994 ³⁸.
2583 940 2753 995 Nemo
2802 939 3005 994 referre
3061 947 3238 1008 potest
3281 945 3522 1007 quantus

1943 1045 2041 1099 pro
2070 1045 2134 1084 eo
2164 1029 2338 1083 luctus
2363 1028 2524 1083 fuerit
2553 1045 2649 1100 per
2680 1029 2990 1084 universam
3029 1038 3258 1091 terram;
3307 1041 3430 1081 nam
3462 1035 3520 1080 et

1942 1131 1972 1169 a
2020 1117 2247 1187 paganis
2287 1116 2640 1188 plangebatur
2675 1117 2829 1186 quasi
2875 1127 3027 1186 pater
3075 1116 3222 1171 orbis
3253 1116 3328 1170 6'.
3372 1114 3522 1170 Obiit

1941 1222 2071 1262 vero
2102 1207 2154 1260 in
2187 1223 2333 1278 pace,
2361 1218 2554 1262 unctus
2579 1206 2700 1262 oleo
2723 1217 2914 1263 sancto
2946 1216 3000 1262 et
3036 1207 3234 1261 viatico
3257 1206 3522 1270 munitus,

1941 1313 2086 1352 anno
2113 1298 2561 1367 octingentesimo
2595 1308 2791 1369 quarto
2836 1299 3053 1354 decimo
3079 1313 3221 1352 anno
3272 1298 3523 1352 incarna-

1945 1394 2106 1448 tionis
2138 1393 2371 1458 Domini,
2397 1403 2451 1449 et
2481 1393 2728 1464 regnavit
2759 1392 3182 1463 gloriosissimus
3220 1389 3526 1445 Ludovicus

1943 1485 2086 1540 filius
2131 1486 2246 1556 ejus
2291 1501 2387 1556 pro
2418 1500 2511 1550 eo,
2566 1495 2824 1556 regnante
2871 1484 3116 1544 domino.
3148 1491 3334 1537 nostro
3387 1478 3521 1536 Iesu

1946 1575 2184 1643 Christo,
2215 1576 2301 1631 cui
2325 1587 2408 1633 est
2431 1575 2600 1648 gloria
2625 1575 2677 1630 iu
2703 1573 2885 1631 secula
2912 1573 3240 1630 seculorum.
3267 1571 3464 1626 Amen.

1264 1729 1626 1819 LIBER
1697 1731 2213 1824 TERTIUS
2271 1719 2355 1822 ’⁷.

327 1909 380 1964 1.
413 1907 582 1978 Igitur
607 1916 890 1977 postquam
912 1903 1410 1961 Christianissimus
1438 1903 1704 1974 gloriosus
1743 1904 1843 1958 im-

2014 1911 2048 1964 4
2081 1911 2168 1982 (Α.
2201 1911 2262 1966 L.
2293 1929 2346 1966 a.
2377 1911 2529 1982 818.)
2569 1951 2582 1966 .
2627 1949 2642 1966 .
2682 1951 2696 1965 .
2729 1909 2925 1965 Paucis
2954 1909 3143 1963 diebus
3175 1913 3291 1976 post
3329 1901 3530 1976 pascha

250 2009 482 2072 perator
507 1999 729 2055 Carolus
754 2011 1000 2054 mortuus
1025 2006 1140 2063 est,
1172 1999 1488 2052 nunciatum
1534 2009 1617 2053 est
1662 1998 1844 2052 Ludo-

252 2092 379 2144 vico
408 2089 520 2142 filio
542 2089 659 2159 ejus
688 2088 740 2142 in
768 2086 1081 2156 Aquitania,
1113 2095 1238 2150 etc.,
1263 2096 1318 2138 ut
1347 2086 1487 2140 Ann.
1522 2085 1683 2140 Laur.

327 2182 382 2236 2.
415 2179 576 2252 (Anu.
612 2179 774 2235 Laur.
805 2198 856 2234 a.
882 2179 1032 2248 8l6.)
1073 2219 1086 2233 .
1132 2216 1147 2232 .
1191 2217 1205 2232 .
1250 2176 1347 2233 Ubi
1387 2178 1569 2234 habito
1593 2180 1846 2245 concilio,

250 2273 312 2327 id
341 2281 428 2325 est
457 2270 750 2326 indictione
774 2269 1006 2331 decima.
1035 2283 1175 2322 anno
1200 2267 1410 2337 imperii
1438 2269 1518 2322 sui
1561 2269 1751 2334 tertio,
1781 2270 1848 2323 ab

251 2361 641 2417 incarnatione
679 2359 891 2414 Domini
919 2359 1042 2422 816,
1065 2359 1228 2428 jussit
1259 2360 1374 2414 fieri
1408 2359 1644 2428 regulam
1687 2375 1850 2415 cauo-

249 2450 402 2506 uicis
429 2458 739 2520 exeerptam
772 2450 838 2504 de
876 2450 1104 2504 diversis
1141 2449 1361 2504 Patrum
1405 2451 1721 2520 scripturis,
1753 2451 1848 2503 de-

251 2543 545 2610 crevitque
576 2557 694 2594 eam
731 2541 1122 2595 observandam
1170 2555 1200 2594 a
1237 2541 1532 2606 canonicis,
1583 2551 1664 2605 ut,
1710 2542 1854 2595 sicut

253 2633 518 2686 monachi
565 2632 863 2701 respiciunt
899 2632 966 2685 ad
1013 2631 1208 2685 librum
1252 2617 1451 2700 regula:
1480 2633 1653 2686 sancti
1685 2630 1852 2686 Bene-

254 2721 429 2785 dicti,
481 2720 563 2774 sic
610 2720 887 2791 perlegant
927 2719 1173 2774 canonici
1215 2719 1356 2774 inter
1395 2735 1452 2776 se
1490 2720 1686 2775 librum
1732 2722 1854 2776 vitm

254 2810 611 2865 clericorum.
663 2809 831 2874 Quem
883 2809 1083 2862 libsutn
1126 2807 1430 2874 Anyalerius
1473 2809 1736 2866 diaconus
1785 2813 1852 2864 ab

256 2901 595 2969 imperatore
618 2897 801 2966 jussus
827 2898 1043 2969 collegit
1073 2913 1138 2952 ex
1165 2899 1395 2954 diversis
1417 2900 1697 2954 doctorum
1729 2918 1849 2956 sen-

259 2993 481 3050 teneiis.
514 2993 670 3048 Dedit
709 2993 755 3047 ei
800 2994 1094 3063 imperator
1133 2994 1342 3062 copiam
1369 2994 1630 3049 librorum
1663 2997 1729 3052 de
1757 3014 1851 3067 pa-

257 3085 396 3140 latio
422 3099 544 3150 suo,
570 3093 628 3137 ut
651 3100 717 3138 ex
750 3083 879 3154 ipsis
907 3100 967 3138 ea
999 3100 1118 3153 qua:
1153 3085 1465 3141 viderentur
1489 3105 1725 3158 cougtua
1761 3107 1855 3145 ex-

259 3187 548 3249 cerperet,
585 3186 641 3232 et
683 3177 758 3230 ita
797 3193 918 3230 cum
962 3178 1194 3232 decretis
1235 3179 1606 3248 episcoporum
1642 3183 1731 3249 qui
1781 3182 1852 3235 ibi

1941 1999 2164 2070 judicati
2198 2009 2324 2055 sunt
2359 2001 2734 2072 eonjuratores
2758 2000 2802 2032 ³⁸
2830 2015 2953 2055 cum
2981 2012 3104 2068 rege
3135 1993 3409 2050 Bernardo
3435 2007 3532 2048 ca-

1946 2094 2166 2164 pitalem
2195 2094 2522 2149 sententiam
2554 2093 2757 2149 subire.
2793 2091 2908 2146 Rex
2938 2088 3246 2144 Bernardus
3271 2101 3392 2141 cum
3423 2083 3529 2138 im-

1946 2193 2253 2256 peterctur,
2301 2193 2360 2238 ttt
2396 2183 2568 2238 oculis
2596 2182 2921 2252 privaretur,
2949 2193 3081 2234 ense
3107 2177 3299 2233 stricto
3335 2188 3393 2230 se
3435 2175 3532 2230 de-

1948 2275 2194 2339 fendens,
2223 2275 2461 2344 quinque
2484 2273 2819 2328 Francorum
2859 2269 3187 2326 fortissimos
3218 2265 3418 2321 occidit
3481 2271 3538 2319 et

1949 2369 2065 2438 ipse
2095 2367 2410 2422 vulneribus
2439 2365 2722 2422 confossus
2769 2373 3017 2419 mortuus
3051 2370 3154 2417 est.
3198 2359 3302 2414 Aiii
3350 2366 3534 2413 autem

1949 2457 2193 2515 exorbati
2224 2457 2441 2512 fuerunt
2478 2496 2492 2510 .
2533 2496 2548 2511 .
2591 2495 2605 2510 .
2651 2496 2664 2511 .

2022 2548 2075 2602 5.
2111 2547 2198 2617 (Α.
2232 2545 2295 2600 L.
2342 2564 2393 2600 a.
2431 2544 2579 2614 8I9.)
2618 2582 2633 2597 .
2677 2583 2692 2598 .
2734 2583 2749 2598 .
2789 2539 3106 2613 Imperatori
3155 2537 3255 2608 ipsi
3293 2533 3538 2606 porrexit

1951 2637 2146 2691 librum
2177 2635 2333 2690 valde
2369 2633 2672 2688 mirabilem
2705 2633 2771 2687 de
2804 2629 3067 2701 theologia
3113 2635 3317 2682 sanctae
3357 2622 3540 2679 crucis

1953 2729 2210 2784 Rabanus
2236 2727 2596 2798 Magnentius,
2628 2723 2925 2780 monachus
2961 2719 3338 2783 doctissimus,
3371 2714 3542 2786 magi-

1952 2832 2064 2878 ster
2089 2820 2324 2875 Alcuini.
2351 2817 2492 2873 Beda
2525 2818 2667 2873 enim
2700 2816 2880 2871 docuit
2911 2813 3270 2882 Simplicium,
3312 2817 3367 2864 et
3395 2806 3542 2862 Sim-

1957 2911 2153 2982 plicius
2187 2910 2471 2964 llabanum
2492 2951 2506 2974 ,
2537 2908 2627 2980 qui
2668 2923 2696 2961 a
2733 2903 3114 2960 transmarinis
3142 2901 3253 2956 oris
3282 2915 3310 2954 a
3343 2900 3486 2954 domi
3510 2912 3546 2952 ο

1954 3003 2282 3072 imperatore
2338 2999 2538 3054 Karolo
2592 3007 2877 3066 susceptus
2924 3003 3045 3060 est,
3100 3001 3154 3048 et
3202 2988 3441 3061 pontifex
3489 2987 3545 3041 in

1951 3094 2182 3150 Francia
2214 3092 2410 3158 factus,
2442 3091 2729 3144 Alcuinnm
2775 3087 2975 3146 docuit,
3008 3094 3061 3140 et
3094 3084 3352 3138 Alcuiuus
3383 3080 3543 3135 Sma-

1957 3185 2182 3256 ragdum
2227 3183 2451 3246 imbuit,
2481 3179 2810 3249 Smaragdus
2854 3186 3034 3231 autem
3064 3174 3243 3230 docuit
3271 3167 3544 3226 Theodul-

260 3269 492 3324 fuerunt
522 3267 630 3322 vita
651 3266 974 3323 clericorum
1013 3269 1263 3322 roborata
1291 3278 1392 3323 εει.
1425 3267 1656 3338 Scripsit
1680 3271 1853 3325 eidem
1884 3275 1926 3335 C
1961 3275 2070 3329 funt
2103 3273 2570 3339 Aurelianensem,
2599 3267 2929 3325 Theodulfus
2960 3280 3090 3321 vero
3127 3261 3331 3318 Heliam
3363 3258 3544 3314 Scoti-

263 3363 586 3435 imperatort
631 3358 974 3430 supradictus
1015 3359 1318 3414 Amalerius
1357 3360 1550 3414 librum
1578 3362 1643 3415 de
1668 3361 1857 3417 oiiiciis

262 3452 470 3510 divinis
511 3461 565 3506 et
607 3450 675 3506 de
706 3451 1057 3504 varietatibus
1083 3466 1270 3505 eorum
1306 3461 1361 3506 et
1403 3452 1470 3506 de
1496 3452 1688 3508 ordine
1717 3452 1859 3524 psal-

264 3557 484 3597 morum
512 3539 664 3609 juxta
694 3541 1016 3596 clericorum
1044 3557 1198 3596 usum
1233 3543 1516 3612 antiquunm
1559 3585 1574 3598 .
1617 3582 1632 3598 .
1675 3583 1692 3600 .
1737 3583 1752 3600 .

335 3634 392 3688 '5.
427 3633 516 3703 (Α.
548 3631 610 3686 L.
645 3649 698 3686 a.
740 3633 891 3702 817.)
930 3671 945 3686 .
987 3671 1001 3686 .
1045 3674 1057 3688 .
1099 3635 1348 3688 siuotlutn
1394 3635 1564 3704 Aquis
1595 3651 1744 3691 more
1774 3652 1861 3692 so-

265 3725 366 3780 lito
393 3724 607 3784 habuit.
647 3724 744 3780 Ubi
787 3725 898 3794 (l9)
940 3725 1163 3780 abbates
1203 3725 1349 3796 regni
1395 3727 1477 3780 sui
1518 3729 1857 3794 convocavit,

265 3827 413 3874 etut
443 3815 684 3887 regulam
721 3814 992 3869 Benedicti
1039 3815 1396 3870 observarent
1438 3819 1736 3872 ammonuit
1809 3829 1866 3873 et

267 3909 528 3963 abbatias
552 3921 742 3960 omnes
772 3906 824 3959 in
859 3921 954 3959 sua
979 3921 1136 3959 manu
1168 3907 1460 3972 revocavit,
1495 3918 1551 3960 ιιι
1590 3923 1748 3962 ιιεηιο
1775 3925 1868 3964 co-

270 3999 470 4052 mitum
503 3996 585 4050 vel
614 3997 990 4066 episcoporum
1021 4009 1114 4049 eas
1151 3994 1451 4064 inquietare
1481 3999 1773 4066 potuisset,
1808 4009 1866 4054 ct

267 4089 529 4152 abbates,
567 4086 710 4140 inter
737 4099 796 4138 se
825 4083 1067 4152 quaedam
1099 4083 1332 4153 capitula
1363 4085 1736 4152 decernentes,
1771 4089 1868 4143 dc-

269 4179 485 4246 scripta
540 4178 908 4232 recitaverunt
956 4192 1136 4230 coram
1185 4179 1546 4246 imperatore,
1596 4198 1714 4250 qua:
1753 4183 1864 4252 ipse

263 4285 444 4325 manu
494 4268 716 4338 propria
766 4267 1042 4321 roboravit
1109 4282 1231 4321 cum
1280 4269 1552 4338 episcopis
1606 4273 1701 4341 qui
1767 4274 1864 4328 ad-

260 4369 482 4420 erant.
528 4397 544 4413 .
588 4399 602 4414 .
645 4398 660 4413 .

265 4514 329 4552 "
364 4514 448 4574 ιΙι,
491 4509 675 4566 multis
719 4510 768 4564 iu
803 4524 934 4563 auro
973 4509 1026 4562 Ξ,

1959 3382 2151 3436 genam
2195 3364 2658 3436 Engolismensetu
2688 3361 2732 3394 ”
2763 3361 3075 3430 episcopum
3097 3398 3111 3420 ,
3152 3354 3332 3409 ilclias
3365 3360 3545 3405 autem

1961 3457 2262 3521 Ileiricum,
2292 3454 2541 3510 Heiricus
2568 3450 2871 3521 Remigium
2904 3457 2958 3503 et
2995 3444 3292 3502 Ucbaldum
3321 3439 3547 3497 Calvum

1963 3549 2259 3603 monachos
2291 3546 2520 3601 heredes
2548 3541 2897 3612 philosophia:
2924 3537 3161 3609 reliquit.

2035 3639 2268 3694 o—to.
2979 3692 2990 3703 _

2037 3729 2124 3784 11.
2158 3728 2246 3798 (Α.
2277 3725 2339 3781 L.
2371 3743 2423 3780 a.
2460 3723 2607 3795 8‘26.)
2651 3763 2665 3778 .
2710 3761 2724 3776 .
2769 3760 2783 3775 .
2825 3718 3054 3774 Eroldtts
3081 3755 3097 3771 .
3140 3755 3152 3766 .
3196 3754 3210 3770 .
3253 3753 3266 3768 .
3307 3711 3550 3782 baptiza-

1969 3829 2054 3875 tus
2085 3828 2189 3884 est,
2223 3817 2428 3886 fuitque
2454 3815 2653 3870 filiolus
2681 3811 3024 3882 imperatoris
3051 3808 3116 3863 de
3147 3804 3384 3861 fontibus
3413 3841 3428 3856 .
3471 3840 3486 3854 .
3525 3839 3545 3866 ,ο

1970 3910 2118 3967 dedit
2147 3910 2195 3966 ei
2228 3911 2523 3979 imperator
2549 3906 2604 3960 in
2631 3903 2854 3958 liliolatu
2884 3917 3047 3956 unttm
3078 3895 3393 3953 comitatum
3427 3931 3441 3945 .
3478 3929 3493 3944 .
3531 3927 3545 3942 .

2041 4003 2109 4057 12
2135 4032 2203 4042 --
2232 4001 2319 4055 15.

2043 4093 2131 4147 16.
2158 4092 2204 4124 ⁸⁸
2233 4091 2389 4146 Auno
2414 4089 2524 4162 (20)
2549 4086 2796 4158 sequenti
2821 4081 2967 4156 (850)
2989 4078 3283 4135 Normauni
3306 4076 3362 4130 7‘
3389 4071 3552 4129 llerio

1976 4182 2207 4237 insulam
2241 4182 2534 4236 incendunt
2574 4193 2758 4234 mense
2803 4173 2981 4237 Junio,
3012 4181 3067 4225 et
3095 4169 3351 4226 destituta
3397 4175 3477 4219 est
3519 4179 3549 4218 a

1973 4271 2216 4345 generali
2257 4271 2647 4326 monachorum
2685 4265 3049 4327 habitatione;
3103 4261 3172 4315 ibi
3222 4259 3426 4314 fecerat
3453 4257 3586 4308 (10--

1975 4379 2134 4420 nutus
2171 4364 2465 4435 imperator
2506 4359 2736 4416 Karolus
2780 4354 3170 4413 monasterium
3211 4351 3382 4406 saucti
3427 4347 3554 4402 Fili-

1122 4509 1174 4589 _‘.’.‘
1209 4507 1452 4565 Cilicium
1477 4512 1542 4565 ad
1567 4528 1784 4589 carnem
1813 4514 1929 4583 ejus
1951 4521 2184 4587 positum
2212 4527 2316 4584 est,
2339 4519 2482 4589 quod
2527 4524 2740 4589 secreto
2767 4524 2982 4580 semper
3011 4507 3356 4589 induebatur,
3387 4512 3435 4556 et
3465 4517 3555 4589 su:-

351 4581 819 4659 pervestitneutis
851 4579 1219 4659 imperialibus
1273 4596 1396 4659 pera
1445 4585 1794 4659 peregrittalis
1841 4576 2010 4644 aurea
2065 4576 2314 4659 positunt
2352 4576 2456 4652 est,
2497 4603 2659 4658 quam
2702 4576 2928 4659 Romani
2961 4588 3196 4659 portare
3222 4576 3412 4630 solitus
3439 4580 3556 4659 erat

351 4641 487 4706 add.
647 4652 790 4732 laet.
810 4667 859 4731 ε..
881 4641 938 4703 a.
965 4652 1146 4732 desunt
1273 4641 1286 4648 ’
1313 4653 1366 4703 4·
1401 4641 1456 4732 pf
1483 4641 1608 4707 ειιιῆ
1635 4641 2534 4732 (Ιειιίιηειιιὶεινέἶἐδ-θίιίεΙιιιιειιιῆ
2567 4667 2624 4712 ει
2663 4673 2710 4712 ε.
2742 4655 2800 4709 2.
2875 4654 2927 4706 6‘
2959 4641 3222 4730 Maximus
3252 4660 3386 4732 verq
3407 4641 3555 4721 plau-

354 4721 998 4804 ClllSjlllCl‘Cltl’iSllzllIOS
1033 4721 1152 4804 fuit,
1177 4729 1229 4804 et
1254 4711 1521 4804 prmcipue
1554 4740 1650 4804 per
1681 4711 2259 4804 tt'nivet'sttm—regnum
2285 4711 2794 4799 ejt‘tsIVOleosancto
2834 4731 3012 4787 autem
3041 4720 3294 4804 ittuupttts
3314 4711 3421 4796 .ab'
3441 4711 3556 4780 epi-

338 4793 565 4873 scopis,
585 4801 644 4873 _e_t
675 4792 870 4873 viatico
899 4801 1134 4873 stunpto,
1165 4801 1218 4873 et
1254 4785 1517 4873 omnibus
1553 4785 1667 4873 suis
1700 4797 1998 4873 dispositis,
2039 4785 2428 4873 commutandam
2465 4801 2572 4854 Deo
2603 4785 3087 4873 spiritumﬁsuttm,
3139 4786 3274 4873 obiit
3314 4785 3366 4838 in
3423 4795 3555 4873 pace
3580 4843 3592 4866 .-

355 4851 506 4920 anno
537 4863 662 4928 8H;
686 4862 756 4941 ab
778 4851 1147 4941 incarnatione
1181 4860 1390 4941 Domini
1422 4866 1588 4919 nostri
1623 4867 1746 4941 Jesu
1775 4851 1998 4931 Chi-isti:
2026 4851 2835 4941 qui—vivitvevtv’regnat'solus
2863 4863 3003 4941 Deus
3039 4861 3088 4913 iu
3118 4856 3305 4941 secula
3332 4851 3587 4941 |seeulo-'

352 4923 695 5007 rum‘amen.
724 4932 778 4986 2.
856 4933 906 4984 Τ
937 4930 1398 5007 Νοιςιιιτιιιιιξειηιιο
1431 4938 1694 5004 sequenti,
1721 4953 1842 4992 cum
1873 4923 2130 4997 timerent
2163 4923 2454 4996 Saxroniam—
2486 4923 2713 5007 intrare,
2743 4933 2958 4992 reﬂexis
3008 4929 3236 4985 navibus
3281 4923 3347 4978 ad
3405 4935 3559 4977 mare

355 5003 747 5075 Aquitanicunt
774 5017 894 5074 app.
943 5012 998 5055 et
1029 5000 1188 5055 llerio
1208 5001 1264 5054 2.
1318 5048 1353 5066 κ

279 5302 411 5338 nem
439 5275 619 5353 ἰπερὶ
658 5297 723 5335 ea:
757 5282 810 5334 5.
872 5275 881 5278 ⁷
907 5279 952 5311 ⁸⁸
981 5278 1264 5348 conjurato
1294 5275 1345 5330 1.

277 5365 526 5409 εεεαιιιε.

1422 5275 1467 5308 ⁸⁸
1495 5273 1944 5335 enaolisuteusam
1987 5275 2036 5329 1.

1565 5088 1800 5143 ΥΑΙΗᾹΞ
1842 5043 2245 5148 LECTICNES.

358 5215 408 5247 ”
438 5214 675 5284 positum
699 5227 834 5284 corr.
868 5207 1162 5284 positus}?
1236 5205 1281 5238 ⁸⁸
1301 5219 1498 5284 mttsgo
1529 5204 1580 5258 l.
1635 5203 1704 5284 ﬂ“
1724 5203 1804 5257 eis
1839 5203 1886 5256 l.

2009 5205 2052 5236 "’
2082 5206 2223 5260 deest
2253 5223 2410 5260 rttora
2441 5207 2489 5261 l.
2520 5205 2662 5260 Libri
2701 5206 2909 5259 initium
2951 5204 3120 5258 omisit
3157 5200 3210 5254 2.
3251 5194 3555 5251 Distiuctio-
3592 5212 3600 5220 ·

2143 5276 2189 5307 ⁸⁰
2235 5275 2480 5348 Cupitum
2511 5277 2815 5332 divisionem
2856 5275 3060 5328 institui
3097 5271 3290 5342 partim
3335 5264 3426 5322 5b.
3466 5263 3554 5318 ὃς.

1858 5432 2088 5516 Neam.

367 5557 482 5628 (18)
515 5557 590 5610 lta
619 5557 782 5628 etiam
808 5571 857 5628 a.
882 5554 986 5628 809
1017 5553 1204 5608 scribit
1239 5565 1253 5604 :
1295 5551 1443 5606 Missi
1487 5568 1601 5604 vero
1624 5568 1793 5628 papa:
1829 5563 1876 5628 et

284 5622 629 5693 imperatoris
657 5627 720 5679 de
747 5625 980 5680 Irlrmdis
1010 5632 1315 5677 revertentes
1344 5652 1405 5662 -—-
1440 5639 1470 5675 α
1497 5623 1720 5691 quodam
1747 5622 1879 5692 regis

287 5698 314 5752 Ι
327 5696 510 5749 rlamli
537 5696 762 5749 homine.
925 5717 930 5721 -

373 5766 488 5838 (19)
520 5765 582 5820 V.
628 5765 767 5833 Men.
809 5764 972 5836 Legg.
1005 5765 1043 5817 1.
1078 5764 1199 5818 201.
1249 5762 1642 5819 Cattmticorttm
1697 5761 1876 5831 regula

1981 5560 2037 5608 et
2063 5548 2322 5606 Amalarii
2355 5546 2474 5602 libri
2503 5547 2755 5601 omnibus
2780 5553 2902 5598 uota
2931 5549 3074 5595 sunt.

1983 5596 2886 5747 ν’
2930 5612 3068 5666 Ann.
3113 5608 3291 5679 Aquit.
3328 5603 3467 5659 Men.
3498 5596 3559 5654 ll.

1980 5711 2032 5764 p.
2101 5715 2189 5748 θ..
