4088 6450
509 382 571 436 l3
1597 394 1904 449 ADEMARI
1936 394 1992 450 S.
2032 397 2305 452 CIBABDI
2337 398 2638 455 MONACNI
3698 400 3766 455 Η

502 494 726 548 moviezr.
779 492 953 551 factus
1001 505 1106 551 est.
1172 497 1473 554 Willelmus
1528 517 1657 557 vero
1724 516 2080 576 cognomento
2112 515 2153 571 Α
2185 508 2457 573 omnibus,
2490 523 2755 579 pauperes
2785 521 3074 579 pauperem
3105 507 3377 564 Christum
3408 508 3577 566 secuti
3617 521 3765 573 sunt,

499 584 871 657 Caput-stupae
922 588 973 641 Γ
1017 589 1277 645 Arvernis
1300 630 1315 653 ,
1349 588 1572 646 Vallatis
1599 594 1651 664 (7
1666 594 1709 663 ι)
1737 635 1751 658 ,
1787 594 2083 651 Lemovicze

498 683 551 726 ct
582 674 817 731 Pictavis
846 692 1028 731 comes
1063 688 1366 748 provectus,
1405 680 1510 735 dux
1543 682 1845 752 Aquitaniae
1881 686 2078 739 extitit.

502 762 599 817 llic
626 780 886 833 germano
909 782 1008 821 suo
1034 768 1077 800 “
1109 769 1382 823 abbatiam
1405 771 1579 826 sancti
1605 772 1791 827 Hilarii
1818 787 1880 829 ac
1908 775 2079 829 sancti

502 854 765 911 ll'iaxencii
795 874 916 913 cum
942 860 1211 914 nonnullis
1231 861 1351 915 aliis
1371 864 1801 932 possessionibus
1827 865 1880 919 in
1905 864 2072 921 Picta-

488 947 650 1025 ‘vensi
684 948 799 1002 solo
844 951 1092 1018 prrebuit.
1144 950 1267 1005 Fuit
1294 952 1436 1006 idem
1471 953 1636 1008 Eblus
1679 953 1853 1010 bonus
1899 968 2080 1025 pastor

497 1023 747 1092 ecclesia:
775 1038 831 1094 2'
857 1080 871 1103 ,
902 1041 1295 1100 nidiﬁcavitoue
1333 1045 1618 1098 castellum
1653 1023 1954 1101 Lemovicm
1992 1062 2078 1102 se-

499 1127 607 1193 dis,
641 1129 919 1184 castellum
942 1131 1113 1185 sancti
1140 1131 1331 1186 Hilarii
1355 1174 1370 1198 ,
1400 1143 1453 1189 et
1482 1137 1771 1191 canonicos
1800 1138 1870 1192 ibi
1895 1138 2075 1206 dispo-

499 1218 626 1283 suit,
658 1219 786 1287 quia
815 1218 1165 1275 infestatioue
1205 1222 1636 1278 Normannorum
1684 1226 1825 1280 idem
1869 1226 2015 1282 locus
2045 1242 2073 1281 a

499 1311 891 1365 monachorum
921 1313 1098 1381 prisca
1122 1313 1456 1369 habitatione
1487 1316 1812 1371 desciverat.
1841 1316 2073 1371 Restan-

497 1401 639 1454 ravit
665 1402 1054 1457 monasterium
1086 1404 1259 1459 sancti
1288 1404 1540 1459 Maxentii
1578 1446 1594 1468 ,
1630 1417 1686 1461 et
1714 1408 1992 1462 castellum
2022 1410 2073 1462 in

495 1490 726 1545 circuitu
754 1492 1001 1561 perfecit.
1031 1493 1379 1549 Restauravit
1406 1505 1461 1550 et
1484 1499 1868 1553 monasterium
1900 1501 2072 1555 sancti

496 1581 775 1638 Michaelis
804 1585 869 1638 ad
899 1584 1149 1640 Eremum
1175 1586 1286 1655 (75)
1316 1596 1370 1640 et
1430 1589 1593 1643 multa
1629 1590 1732 1643 alia
1784 1590 2073 1648 laudabilia

495 1672 548 1726 in
574 1687 738 1741 opere
763 1672 858 1728 Dei
895 1675 1025 1745 egit.
1056 1674 1156 1741 Qui
1189 1675 1469 1733 defunctus
1494 1679 1604 1749 (76)
1634 1683 1875 1751 sepultus
1900 1692 1986 1738 est
2020 1684 2071 1737 iu

492 1763 714 1819 basilica
744 1766 1041 1835 supradicti
1073 1770 1389 1824 monasterii
1419 1773 1593 1826 sancti
1629 1772 1837 1845 Angeli.
1872 1774 2072 1830 Fuerat
2101 1757 2107 1769 ’

2185 610 2238 654 ct
2261 599 2519 655 Cluniaco
2543 611 2730 656 sancto
2768 600 2952 656 habitu
2991 616 3055 655 ac
3088 601 3195 655 vita
3235 600 3404 655 induti
3433 611 3579 657 sunt.
3611 602 3767 658 Unde

2184 699 2370 759 postea
2400 690 2492 745 Dei
2530 699 2658 745 nutu
2690 690 2735 747 0
2757 693 2805 747 lo
2833 692 3000 747 abbas
3025 690 3240 762 prmfuit
3273 693 3652 750 sanctissimus
3683 696 3762 758 7‘,

2183 766 2238 832 et
2274 787 2396 848 post
2433 794 2556 835 eum
2599 789 2822 836 sanctus
2858 779 3103 849 Majolus.
3136 780 3376 844 Teotolo,
3410 781 3635 851 jubente
3670 787 3764 839 ab-

2180 869 2305 926 bate
2352 886 2470 938 suo,
2512 871 2965 944 archiepiscopus
3016 875 3215 929 invitus
3271 889 3623 934 consecratus
3680 890 3763 934 est

2182 960 2432 1018 Turonis.
2479 962 2577 1018 llic
2613 965 2988 1019 sanctissimus
3034 965 3148 1021 Odo
3189 975 3242 1021 et
3286 967 3481 1023 litteris
3524 969 3764 1039 adprime

2178 1049 2493 1115 liberalibus
2522 1055 2766 1109 eruditus
2812 1062 2867 1109 et
2914 1054 3009 1111 Dei
3060 1070 3246 1111 amore
3292 1056 3761 1128 flagrantissimus,
3790 1085 3809 1107 .

2177 1143 2426 1214 exemplo
2453 1152 2507 1196 et
2532 1144 2775 1198 doctrina
2804 1146 3110 1214 apostolica:
3136 1149 3357 1216 regulze,
3386 1164 3505 1218 qua:
3536 1158 3620 1205 est
3649 1166 3763 1204 mo-

2177 1236 2499 1302 nachorum,
2534 1237 2714 1291 extitit
2745 1247 3078 1293 restaurator
3108 1249 3381 1296 strenuus.

2244 1326 2335 1380 27.
2376 1326 2528 1383 Tunc
2568 1327 2715 1383 Roso
2754 1328 3006 1384 defuncto
3044 1330 3099 1384 8'
3132 1330 3243 1400 (an.
3282 1331 3426 1398 951),
3473 1332 3615 1388 ﬁlius
3646 1334 3765 1405 ejus

2178 1412 2478 1467 Willelmus
2510 1414 2627 1469 loco
2656 1414 2774 1483 ejus
2811 1415 3045 1485 przefuit,
3090 1432 3119 1470 a
3148 1419 3383 1487 puericia
3433 1420 3757 1490 baptizatus.

2173 1501 2459 1571 omnisque
2487 1516 2673 1556 eorum
2700 1502 3157 1570 Normannorum,
3187 1509 3277 1575 qui
3299 1509 3455 1576 juxta
3481 1509 3756 1566 Frantiam

2175 1589 2614 1646 inhabitaverant
2642 1592 2710 1656 ⁸⁵,
2743 1592 3033 1648 multitudo
3064 1594 3221 1649 fidem
3266 1595 3466 1650 Christi
3497 1600 3757 1669 suscepit,

2174 1688 2229 1732 et
2258 1679 2511 1750 gentilem
2543 1680 2778 1752 linguam
2809 1680 3127 1746 obmittens,
3156 1684 3348 1739 Latino
3390 1701 3639 1742 sermone
3675 1706 3759 1743 as-

2174 1771 2413 1826 suefaeta
2437 1783 2542 1826 est.
2566 1772 2836 1827 Willelmo
2858 1774 2925 1828 ab
2945 1774 3170 1830 Arnulfo
3194 1775 3536 1829 Flamlelensi
3561 1779 3759 1832 comite

490 1851 544 1906 '5‘
581 1862 761 1908 autem
817 1870 1099 1911 successor
1151 1855 1437 1928 Turpionis
1488 1860 1724 1931 episcopi
1759 1903 1774 1927 ,
1820 1865 2068 1919 avunculi
2101 1864 2146 1926 Β
2173 1861 2294 1915 dolo
2325 1862 2652 1933 interempto
2682 1863 2793 1933 (an.
2825 1862 2972 1933 945),
3005 1864 3145 1918 ﬁlius
3168 1862 3285 1933 ejus
3310 1864 3616 1920 Richardus
3637 1883 3757 1921 sne-

492 1944 741 2000 Rotberti
793 1945 839 1976 "
888 1946 1223 2003 vicecomitis
1273 1950 1614 2008 Albuccusis.
1656 1954 1890 2024 Fuilque
1932 1955 2072 2011 idem

490 2035 657 2092 Eblus
682 2053 712 2091 a
740 2047 932 2093 sancto
963 2037 1213 2095 Marciale
1237 2042 1544 2098 tricesimus
1567 2059 1740 2100 nonus
1765 2046 2070 2118 episcopus,

492 2130 584 2199 qui
607 2132 672 2185 ad
703 2132 875 2186 bonus
908 2148 1065 2188 suum
1104 2133 1465 2191 suﬂ‘erendum
1509 2138 1855 2194 ordinaverat
1883 2138 1982 2195 sub
2014 2155 2074 2194 se

490 2224 899 2294 corepiscopum
950 2225 1327 2281 Benedictum.
1390 2226 1493 2297 Qui
1544 2238 1732 2300 postea
1792 2239 1983 2301 captus
2039 2246 2070 2285 a

488 2311 639 2368 Helia
670 2314 1095 2386 Petragoricensi
1121 2317 1320 2373 comite
1341 2359 1355 2382 ,
1386 2319 1557 2375 oculis
1585 2320 1831 2390 privatus
1861 2330 1945 2376 est
1973 2363 1988 2388 ,
2018 2331 2072 2376 et

488 2416 772 2475 propterea
803 2408 968 2464 [ξυιυς
995 2409 1161 2464 nimio
1201 2417 1257 2466 et
1297 2411 1619 2466 intolerabili
1650 2428 1863 2482 semper
1886 2413 2073 2469 dolore

488 2494 898 2550 afficiebatur”
942 2512 1112 2568 usque
1159 2499 1227 2553 ad
1277 2499 1420 2554 diem
1466 2502 1658 2557 mortis
1707 2518 1846 2569 suae;
1895 2502 2069 2573 ipsum

488 2588 633 2643 enim
663 2598 780 2660 post
813 2605 870 2645 se
899 2591 1145 2648 voluerat
1170 2593 1479 2664 relinquere
1514 2608 1901 2651 successorem.
1923 2595 2069 2651 Idem

491 2680 675 2735 llclias
718 2680 796 2747 4‘,
825 2698 946 2736 cum
988 2682 1219 2738 Geraldo
1249 2685 1569 2741 vicecomite
1598 2686 1653 2741 5‘
1696 2695 1753 2742 et
1802 2686 1912 2743 ﬁlio
1954 2686 2071 2755 ejus

493 2771 721 2828 Widone
756 2775 1048 2829 commisso
1094 2775 1282 2844 praalio
1308 2816 1323 2841 ,
1353 2778 1531 2832 victor
1549 2777 1749 2842 extitit,
1778 2786 1833 2832 et
1883 2789 2068 2849 postea

487 2877 609 2916 cum
643 2862 810 2919 fratre
839 2878 938 2919 suo
960 2864 1251 2919 Aldeberto
1289 2867 1342 2920 in
1368 2866 1740 2937 deceptionem
1771 2878 1961 2938 captus
1986 2878 2069 2924 est

487 2969 517 3009 a
544 2951 791 3018 Widone,
823 2964 877 3009 et
924 2956 977 3009 in
1008 2966 1187 3012 castro
1224 2955 1552 3012 Montiniaco
1598 2958 1651 3011 in
1673 2960 1912 3014 custodia
1941 2974 2071 3015 con-

479 3045 675 3121 jectus.
729 3044 839 3101 Sed
891 3061 1013 3102 cum
1056 3061 1220 3102 suasu
1258 3045 1511 3103 Willelmi
1562 3046 1715 3104 ducis
1755 3048 1929 3104 oculis
1956 3049 2068 3120 pri-

486 3137 694 3191 vandus
754 3145 899 3193 esset
950 3149 1170 3207 propter
1213 3138 1582 3209 supradictum
1621 3140 2024 3209 corepiscopum
2050 3180 2065 3205 ,

2173 1952 2407 2016 cellens,
2464 1951 2948 2006 christianissimus
2997 1951 3200 2014 factus,
3252 1952 3538 2008 adiﬁeavit
3586 1956 3640 2008 in
3692 1970 3754 2009 ea

2172 2039 2532 2104 Normannia,
2565 2057 2685 2110 quae
2723 2050 2885 2096 antea
2914 2042 3212 2096 vocabatur
3252 2044 3468 2096 marcha
3516 2043 3760 2097 Francia:

2171 2139 2226 2184 et
2279 2129 2611 2196 Britannice,
2672 2131 3061 2186 monasterium
3121 2132 3291 2185 sancti
3354 2130 3630 2186 Michaelis
3690 2132 3758 2185 de

2172 2220 2377 2285 Monte,
2409 2222 2495 2275 ubi
2528 2221 2821 2275 monachos
2849 2219 3140 2273 ordinavit.
3188 2219 3319 2272 Item
3368 2222 3756 2273 monasterium

2170 2310 2496 2365 Fiseannum
2542 2310 2654 2381 (77)
2699 2310 2752 2363 in
2801 2310 3006 2365 honore
3047 2324 3273 2363 surumm
3313 2309 3618 2374 Trinitatis,
3664 2309 3753 2363 ubi

2171 2401 2411 2471 sepultus
2439 2411 2524 2456 est
2566 2401 2698 2471 ipse,
2731 2401 2820 2456 ubi
2869 2410 2925 2455 et
2964 2400 3261 2455 monachos
3291 2403 3486 2470 posuit.
3520 2402 3756 2456 Franco-

2169 2507 2290 2547 rum
2323 2493 2527 2547 interea
2565 2506 2690 2563 rege
2720 2491 2993 2547 Ludovico
3037 2490 3144 2545 vita
3178 2501 3406 2547 exeunte
3454 2491 3565 2563 (an.
3597 2491 3754 2560 95i).

2173 2584 2416 2655 regnavit
2461 2598 2558 2653 pro
2588 2598 2653 2638 eo
2682 2582 2992 2648 Lotharius,
3038 2582 3180 2638 ﬁlius
3226 2583 3343 2653 ejus
3389 2599 3455 2638 ex
3483 2583 3748 2654 Girherga

2172 2677 2355 2749 regina
2389 2675 2722 2747 progenitus.

2240 2765 2331 2822 28.
2374 2766 2492 2833 Quo
2542 2774 2782 2834 tempore
2823 2764 2934 2834 (an.
2979 2762 3103 2834 95l)
3146 2762 3434 2818 Fulcaldus
3470 2764 3757 2833 episcopus

2170 2858 2614 2930 Engolismensis,
2656 2865 2944 2927 postquam
2987 2856 3202 2927 praefuit
3245 2856 3313 2910 12
3354 2857 3532 2921 annis,
3565 2856 3754 2910 defun-

2170 2960 2291 3005 ctus
2317 2956 2399 3002 est
2421 2948 2495 3011 9‘,
2534 2955 2588 3001 et
2615 2946 2878 3001 successit
2908 2946 2961 3000 iu
2988 2946 3300 3016 episcopatu
3336 2944 3556 3009 Ebulus,
3581 2946 3671 3015 qui
3700 2952 3751 2997 et

2170 3042 2285 3111 ipse
2304 3039 2366 3094 l2
2389 3038 2544 3093 annis
2576 3036 2787 3108 prtefuit
2812 3035 2923 3092 10’.
2955 3035 3257 3091 Willelnms
3282 3035 3515 3105 denique
3538 3036 3754 3090 Scotor-

2170 3133 2321 3201 mrri,
2348 3133 2440 3205 qui
2462 3132 2565 3188 hoc
2585 3146 2885 3204 cognomen
2913 3130 3163 3202 indeptus
3185 3140 3287 3195 est,
3312 3130 3437 3200 quia
3466 3130 3756 3185 commisso

488 3216 594 3281 Deo
621 3224 876 3296 propitio,
900 3226 966 3281 de
989 3228 1235 3283 custodia
1274 3228 1466 3294 evasit,
1501 3241 1687 3284 etnon
1731 3229 1899 3285 multo
1944 3239 2067 3301 post
2092 3219 2138 3283 C
2169 3228 2353 3299 praelia
2393 3242 2521 3282 cum
2565 3225 2911 3291 Normannis,
2944 3233 3000 3280 et
3043 3232 3235 3279 neutro
3262 3220 3497 3288 cedenti,
3540 3232 3756 3292 postera

485 3318 538 3371 in
570 3317 657 3371 via
705 3316 889 3373 Romae
923 3318 1241 3390 peregrinus
1286 3320 1339 3375 in
1381 3320 1476 3376 Dei
1509 3335 1671 3392 opere
1718 3321 1871 3376 obiit.
1903 3321 2068 3376 Alde—

485 3405 672 3460 bertus
703 3420 830 3461 vero
863 3405 1032 3463 frater
1063 3406 1179 3477 ejus
1213 3408 1446 3479 plurimo
1477 3393 1718 3481 tempore
1754 3409 1807 3464 in
1850 3418 1999 3466 turre
2020 3411 2066 3443 “

482 3496 724 3552 civitatis
749 3496 1050 3554 Lemovica:
1070 3501 1400 3565 custoditus,
1441 3500 1655 3556 tandem
1703 3500 1911 3557 solutus
1936 3511 2017 3557 est
2047 3543 2062 3567 ,

482 3595 705 3657 accepta
736 3587 788 3642 in
812 3589 1061 3660 conjugio
1087 3605 1276 3647 sorore
1300 3590 1553 3648 Widonis
1586 3591 1924 3648 vicccomitis
1952 3633 1967 3659 ,
1995 3609 2059 3649 ex

466 3694 589 3748 equa
620 3666 785 3734 lilium
826 3682 1014 3750 genuit
1037 3680 1395 3737 Bernardum.

551 3772 642 3827 26.
683 3772 760 3827 Eo
783 3781 1044 3844 tempore,
1062 3775 1239 3829 adhuc
1258 3775 1473 3831 vivente
1488 3775 1760 3846 Turpione
1783 3776 2062 3847 episeopo,

482 3863 600 3921 030
625 3873 679 3936 et
707 3864 930 3920 Teotolo
959 3868 1035 3931 ϐ’,
1065 3867 1309 3921 canonici
1348 3867 1521 3922 sancti
1565 3866 1776 3923 Martini
1814 3868 2065 3923 illustris-

483 3954 628 4021 simi,
651 3954 1003 4025 adimplcntes
1025 3957 1393 4028 evangelicum
1417 3967 1768 4030 praeceptum,
1792 3959 2065 4015 derelictis

2170 3318 2258 3376 die
2286 3319 2433 3390 pacti
2478 3332 2640 3373 causa
2674 3331 2794 3371 cum
2826 3329 3178 3386 rege-eorum
3213 3313 3394 3368 Storia
3441 3313 3601 3369 solito
3639 3312 3754 3385 (78)

2170 3409 2423 3466 conﬂictu
2460 3407 2761 3470 deluctans,
2805 3420 2935 3460 ense
2977 3411 3130 3459 corto
3179 3403 3266 3458 ll‘
3317 3402 3609 3459 durissimo
3660 3418 3757 3471 per

2170 3501 2347 3558 media
2376 3498 2611 3569 pectoris
2654 3496 2826 3552 secuit
2869 3494 3029 3550 simul
3058 3509 3179 3551 cum
3210 3503 3393 3550 torace
3428 3510 3565 3560 una;
3599 3494 3755 3549 modo

2169 3594 2522 3666 percussione
2562 3589 2819 3644 claudens
2846 3587 3009 3653 diem,
3055 3585 3300 3656 sepultus
3327 3593 3411 3641 est
3430 3584 3584 3654 juxta
3614 3585 3755 3640 basio

2167 3687 2325 3743 licam
2353 3683 2527 3740 sancti
2571 3680 2845 3751 Eparchii.
2878 3678 2944 3736 Ei
2971 3696 3066 3750 per
3093 3680 3161 3735 50
3185 3696 3357 3735 annos
3386 3695 3483 3750 pro
3512 3696 3577 3735 eo
3602 3680 3752 3752 prin-

2166 3776 2327 3847 cipali
2356 3768 2478 3829 s'uut
2503 3771 2809 3826 Bernardus
2852 3785 3036 3826 eomes
3068 3770 3179 3834 12⁸,
3227 3771 3420 3827 deinde
3465 3769 3607 3825 illius
3636 3768 3754 3839 ejus

2165 3865 2436 3921 Arnaldus
2462 3862 2573 3925 13‘,
2595 3859 3100 3915 deindeWillelmus
3116 3858 3446 3915 Talerandus
3465 3860 3537 3926 ’⁸,
3560 3860 3750 3915 deinde

2168 3957 2476 4014 Rannulfns
2514 3952 2867 4023 Bomparius,
2926 3962 3039 4008 tum
3102 3954 3407 4010 Ricliardus
3461 3953 3748 4025 lttsipietts.

484 4093 538 4154 1⁸
568 4110 597 4149 a
621 4110 745 4164 rege
760 4092 1067 4165 Supradicto
1088 4094 1213 4147 add.
1230 4092 1285 4165 2.
1351 4094 1404 4149 2‘
1420 4102 1472 4148 et
1487 4093 1770 4150 castellum
1790 4094 1963 4149 sancti
1990 4093 2246 4163 Stephani
2262 4074 2545 4150 Leniovice
2562 4095 2725 4157 sedis,
2745 4094 2884 4163 quod
2908 4092 3110 4164 Turpio
3135 4094 3420 4164 episcopus
3440 4103 3754 4165 antecessor

551 4165 667 4232 ejus
686 4164 880 4235 magna
907 4179 972 4219 ex
999 4174 1192 4235 partea
1214 4164 1328 4235 solo
1362 4173 1760 4226 construxerat,
1783 4165 1871 4219 hic
1905 4165 1970 4219 ad
1996 4165 2298 4235 perfectum
2326 4165 2963 4235 integravitﬁonstruxit
2985 4181 3013 4218 a
3036 4179 3173 4219 novo
3186 4164 3468 4220 castellum
3489 4164 3746 4235 llilarii2.

549 4238 605 4290 δ’
629 4232 956 4291 Anteéessor
970 4232 1095 4290 vero
1116 4234 1233 4305 ejus
1259 4232 1479 4304 Turpio,
1502 4250 1698 4305 genere
1713 4232 2346 4305 clarissimo,avuneulus
2383 4232 2631 4290 Rutberti
2655 4236 2985 4305 viceeomitis
3017 4234 3356 4297 Albueeusis,
3384 4234 3436 4288 in
3461 4233 3745 4305 rebusDei

553 4306 871 4377 magnificus
896 4305 1014 4369 fuit,
1037 4304 1600 4377 etOdonemabbatem
1628 4304 1999 4377 Cluniacensis
2026 4304 2258 4377 emnobii
2288 4320 2500 4359 summo
2528 4306 2786 4377 excoluit.
2819 4304 2921 4377 Qui
2945 4304 3061 4361 Odo
3090 4306 3583 4377 reverentissimus,
3611 4304 3751 4377 Tur-

488 4392 491 4395 '
550 4374 711 4448 pione
724 4376 1379 4448 rogitanteﬁ’itamsaneti
1397 4374 1607 4448 Gieraldi
1631 4376 1820 4448 edidit,
1834 4384 1888 4431 et
1901 4376 2098 4448 librum
2116 4376 2191 4430 De
2204 4383 2515 4448 contemptu
2533 4376 2717 4448 mundi
2732 4375 3013 4448 perutilem
3031 4374 3352 4448 composuit.
3379 4375 3520 4448 Idem
3541 4375 3750 4448 episcoj

548 4444 652 4516 pus
689 4447 744 4518 in
772 4446 892 4518 Vita
932 4462 1029 4501 sua
1063 4446 1244 4500 multis
1261 4447 1475 4518 pclaruit
1510 4446 1833 4518 miraculis;_
1856 4454 1911 4500 et
1944 4444 2324 4518 defunctusfi,
2355 4444 2647 4518 Albutione
2676 4444 2787 4518 (79)
2815 4445 3055 4518 sepultus
3092 4444 3193 4518 estA
3218 4446 3269 4499 in
3308 4445 3529 4518 basilica
3565 4445 3747 4518 sancti

554 4514 809 4572 Valerici.
850 4517 1013 4572 Ehlus
1048 4524 1226 4586 autem
1259 4516 1328 4570 59
1358 4533 1388 4570 a
1421 4517 1580 4571 beato
1617 4514 1871 4570 Marciale
1909 4518 2194 4586 episcopus
2224 4514 2344 4579 fuit,
2397 4516 2472 4570 et'
2489 4516 2558 4570 ad
2587 4514 2724 4570 onus
2749 4514 3063 4586 episcOpale
3084 4515 3448 4586 sull‘erendum
3479 4515 3749 4586 ordinavit

554 4588 654 4641 sub
689 4602 748 4642 se
776 4589 1181 4657 corepiscopum
1210 4585 1585 4657 Benedictum,
1620 4600 1787 4657 quem,
1821 4584 2019 4657 ipse'ar
2041 4602 2209 4655 puero
2238 4586 2522 4657 nutrierat.
2558 4586 2656 4654 Qui
2697 4584 2885 4654 captus
2911 4587 2964 4639 2.
3040 4585 3094 4638 4·
3139 4586 3285 4657 ﬁlius
3311 4585 3538 4657 Bosouis
3570 4584 3747 4657 Veluli

550 4658 618 4711 de
650 4657 825 4712 Marca
849 4654 974 4710 add.
1004 4654 1073 4710 2.‘
1137 4656 1193 4710 5‘
1222 4655 1588 4711 Lemovicensi
1610 4656 1735 4710 add.
1765 4656 1819 4710 2.
1841 4654 1856 4656 “
1896 4658 1949 4711 6'
1982 4654 2204 4711 Teotolo
2230 4666 2285 4711 et
2309 4654 2424 4710 Odo
2449 4657 2795 4712 sunradietus
2824 4657 2948 4709 dum
2978 4666 3162 4710 essent
3190 4672 3238 4710 c.
3264 4655 3318 4709 2.
3394 4656 3446 4707 7‘
3476 4654 3748 4710 secundus

554 4743 583 4782 a
611 4729 787 4796 primo
816 4728 1010 4782 abbate
1043 4726 1303 4795 ejusdem.
1336 4726 1460 4781 Fuit
1488 4725 1631 4780 enim
1669 4727 1876 4796 primus
1911 4726 2086 4781 Berno
2124 4737 2179 4781 et
2208 4726 2476 4781 secundus
2505 4723 2677 4781 Oildo.
2711 4726 2935 4779 Teotolo
2953 4724 3007 4778 2.
3081 4727 3136 4780 8'
3164 4726 3381 4796 comite
3406 4723 3746 4796 lludomense

551 4794 678 4853 add.
717 4799 773 4852 2.
850 4800 901 4852 9‘
934 4808 989 4851 et
1018 4794 1260 4865 sepultus
1290 4796 1442 4864 juxta
1474 4794 1751 4850 basilicam
1783 4797 1955 4866 sancti
1981 4796 2192 4866 Eparcii
2223 4796 2348 4851 add.
2376 4797 2432 4850 2.
2499 4797 2586 4850 10⁸
2620 4806 2675 4851 et
2705 4796 3189 4866 tumulatussccus
3219 4795 3390 4849 sancti
3418 4794 3465 4827 θ’
3491 4795 3745 4866 Eparchii

553 4868 830 4922 basilicam
862 4868 988 4920 add.
1021 4864 1093 4922 2.
1153 4870 1239 4920 lt‘
1272 4882 1318 4921 c.
1355 4867 1571 4921 nomine
1601 4867 1663 4935 d._
1687 4881 1846 4935 quem
1879 4864 2174 4921 Walzinder
2203 4866 2353 4921 faber
2381 4874 2603 4921 cuserat
2633 4866 2761 4919 add.
2788 4866 2951 4935 2.x].
2984 4864 3141 4919 Gesta
3179 4882 3293 4935 epp.
3338 4865 3525 4935 Engol.
3565 4881 3611 4917 c.
3654 4867 3742 4919 i9.

553 4882 830 4922 uasmcam
862 4882 988 4920 aaa.
1021 4882 1075 4922 :5.
1153 4882 1238 4920 τι*
1272 4882 1318 4921 c.
1355 4882 1571 4921 nomine
1601 4882 1653 4918 ο.
1687 4882 1846 4935 quem
1887 4882 2174 4921 watanuer
2203 4882 2353 4921 tauer
2381 4882 2603 4921 cuserat
2633 4882 2761 4919 ηαα.
2788 4882 2843 4919 z.
2880 4882 2951 4935 τι.
2984 4882 3141 4919 uesta
3179 4882 3293 4988 eplp.
3338 4882 3525 4935 ungat.
3565 4882 3611 4917 c.
3654 4882 3742 4919 ‘I‘J.

551 4939 638 4991 12‘
672 4938 1128 5009 Petragorieensis
1160 4937 1217 5009 7”
1247 4937 1372 4990 add.
1412 4936 1468 4990 2.
1517 4937 1586 5003 cf.
1628 4933 1784 5009 Gesta
1819 4936 2171 5009 epp.A_Engol.
2209 4937 2245 4990 ι.
2276 4937 2315 5009 l.
2360 4936 2441 5009 15·
2476 4945 2832 5006 cognomento
2857 4934 3119 5009 Borracio
3143 4936 3229 4988 adr
3256 4975 3268 4987 .
3305 4935 3356 4988 4.
3389 4945 3749 5009 cognomento

551 5006 967 5078 Boirratiofpro
990 5023 1054 5063 eo
1078 5008 1204 5077 quia
1228 5023 1348 5061 cum
1383 5008 1495 5075 ipsa
1528 5016 1677 5078 veste
1706 5006 1888 5078 lupum
1920 5007 2243 5078 diabolicum
2273 5008 2533 5078 homines
2546 5011 2893 5078 devorantem
2926 5007 3150 5078 appetiit
3181 5009 3231 5059 in
3244 5020 3456 5078 campo
3484 5006 3748 5060 loricatus

551 5088 607 5135 et
633 5073 895 5149 galeatus,
926 5087 981 5133 et
1019 5073 1264 5133 inanibus
1294 5073 1512 5147 gestans
1539 5075 1628 5142 ¹⁰⁰,
1664 5077 1925 5132 militibus
1953 5077 2305 5131 occidendum
2333 5076 2564 5146 praebuit
2585 5075 2711 5129 add.
2737 5076 2791 5129 2.
2818 5074 2888 5144 cf.
2914 5074 3071 5129 Gesta
3094 5093 3207 5146 app.
3236 5073 3427 5145 Eugol.

1763 5190 1993 5246 V’ARl/E
2032 5187 2441 5245 LECTIONES.

548 5336 591 5369 "
620 5351 717 5390 suo
749 5333 879 5387 Eblo
914 5329 1030 5382 cod.
1064 5326 1258 5381 Christ.
1289 5324 1411 5379 692.
1441 5323 1564 5378 Chr.
1599 5323 1657 5395 SA.
1686 5322 1831 5378 Max.
1863 5340 1914 5395 p.
1945 5323 2069 5378 202.
2111 5325 2157 5358 θ’
2200 5330 2426 5385 rorberti
2460 5330 2510 5384 l.
2569 5329 2616 5360 ”
2651 5326 2987 5381 efficiebatur
3015 5328 3066 5380 ί.
3143 5328 3189 5359 ’³
3230 5343 3284 5379 re
3323 5328 3366 5380 i.
3444 5328 3489 5360 ⁸⁸
3530 5327 3745 5382 inhabi-

482 5412 689 5459 tavcrat
730 5407 777 5459 1.
855 5402 902 5434 ⁹⁶
942 5398 1300 5453 talelerandns
1332 5397 1379 5449 Ι.
1471 5396 1513 5427 ⁹⁷
1556 5393 1822 5450 defunctis
1849 5393 1895 5449 ὁ.
2008 5395 2054 5427 ³⁸
2089 5411 2210 5450 cum
2240 5416 2285 5452 c.
2360 5400 2403 5433 9°
2431 5398 2858 5469 petrugcoricam
2887 5399 2998 5452 osis
3026 5414 3074 5451 c.
3147 5399 3213 5429 ¹⁰⁰
3243 5407 3453 5465 gestant
3481 5416 3527 5452 r.

1991 5526 2223 5584 NOTAE.

502 5630 528 5701 ί
548 5628 660 5701 (74)
686 5625 742 5681 in
772 5623 893 5681 cod.
922 5624 955 5678 4
975 5665 988 5689 ,
1022 5622 1241 5677 Velinus
1267 5660 1281 5685 ,
1316 5620 1439 5675 alibi
1502 5617 1711 5673 Veliam
1737 5658 1751 5682 ,
1804 5616 1983 5688 hodie}
2014 5618 2060 5671 Ie

491 5700 668 5769 Velay.

552 5763 662 5842 (Ἱᾷ)
704 5764 1077 5842 S_aint-Michel
1105 5778 1169 5817 eu
1201 5763 1351 5816 Erm.

554 5837 665 5911 (76)
704 5837 821 5908 Quo
847 5852 989 5892 anno
1019 5851 1123 5891 non
1148 5843 1383 5890 constat.

2236 5619 2346 5690 (77)
2389 5620 2639 5689 r’écamp.

2235 5688 2346 5764 (78)
2386 5690 2441 5764 Ill
2469 5699 2552 5764 est
2578 5688 2835 5761 singulari
2869 5688 3121 5763 [κεραίανὶ
3143 5689 3224 5764 2].

2236 5762 2345 5832 (79)
2385 5762 2694 5816 Aubusson.
