4088 6380
267 318 335 373 15
1244 314 1719 372 lllSTORlARUM
1761 315 1839 370 Lll

1939 317 1940 321 “
1980 316 2181 372 TRES.
2221 348 2291 359 —-
2320 318 2437 373 LIB
2485 319 2567 374 Ill.
3436 319 3508 377 Jb

264 425 522 481 Arnaldus
568 423 784 493 quidem
822 423 1149 480 subtrahens
1182 434 1377 479 sancto
1424 424 1691 493 Eparchio
1731 423 1828 476 vil-
1863 427 1906 486 Α
1935 426 2051 493 ejus
2079 427 2322 495 Carolus,
2367 433 2461 487 sed
2504 446 2612 488 non
2642 430 2833 503 potuit,
2865 431 2989 503 quia
3021 433 3162 489 Deus
3183 432 3385 505 judicio
3411 449 3511 491 suo

264 515 365 569 lam
408 513 743 569 Salasensem
775 513 868 579 m,
897 523 953 567 et
995 514 1283 568 conferens
1327 512 1492 567 Heliae
1538 513 1662 567 duci
1712 512 1832 566 villa

262 606 468 669 Boensi,
493 605 561 660 ab
587 603 779 673 angelo
805 619 1090 675 percussus
1121 603 1347 670 interiit,
1383 614 1440 659 et
1468 605 1571 659 hac
1599 605 1664 659 de
1692 619 1751 659 re
1782 604 1833 657 in

264 700 367 753 line
410 697 599 752 mortis
644 706 833 751 sancto
863 696 1131 766 Eparehio
1174 696 1355 751 villam
1392 697 1833 767 Ajarniacensem

261 791 482 848 contulit
521 807 621 863 pro
664 791 1042 846 emendatione
1080 790 1171 855 ¹⁰²,
1203 801 1258 845 et
1286 790 1525 859 sepultus
1568 798 1649 844 est
1681 790 1835 858 juxta

263 883 533 939 basilicam
574 881 746 936 sancti
790 879 1065 949 Eparchii.
1111 879 1323 934 Mortuo
1366 879 1530 934 fratre
1558 878 1673 947 ejus
1696 878 1833 933 Wil-

262 972 413 1026 lelmo
451 970 562 1044 (an.
594 971 742 1039 962),
791 969 1094 1026 Rannull‘us
1139 970 1278 1024 bello
1324 955 1594 1024 extinctus
1638 979 1722 1025 est
1767 970 1836 1023 ab

261 1062 489 1115 Arnaldo
539 1062 589 1115 i‘
643 1060 756 1114 tilio
797 1060 1055 1114 Willelmi
1105 1058 1545 1125 Seetoris-l‘erri,
1594 1060 1685 1128 qui
1738 1076 1835 1130 pro

260 1161 404 1222 patre
450 1168 549 1207 suo
595 1153 648 1206 in
700 1152 1061 1222 principatum
1110 1151 1433 1221 Engolismie
1479 1152 1739 1205 successit
1779 1162 1835 1206 et

260 1245 580 1299 Riehardum
619 1245 965 1314 insipientem
992 1245 1210 1313 expulit
1238 1245 1348 1315 (an.
1382 1244 1527 1315 975).
1559 1246 1835 1314 Captoque

255 1334 305 1388 2‘
343 1334 395 1388 in
427 1333 677 1388 conﬂictu
711 1333 1036 1401 Ganzberto,
1057 1333 1238 1388 fratre
1276 1334 1403 1387 Elim.
1437 1334 1673 1399 comitis,
1705 1350 1832 1389 sua-

257 1441 341 1479 sus
374 1434 458 1480 est
505 1424 838 1480 aWillelmo
885 1428 1042 1492 duce,
1092 1441 1200 1496 quo
1246 1427 1513 1497 praeberet
1557 1426 1833 1480 inimicum

255 1519 373 1573 sibi.
422 1519 492 1573 Et
538 1517 772 1573 Pictavis
827 1528 1008 1574 trusus
1054 1518 1421 1584 Gauzbertus,
1470 1518 1523 1573 in
1579 1518 1833 1573 ultionem

254 1607 522 1662 Benedicti
554 1608 887 1678 corepiscopi
916 1608 1088 1663 oculis
1117 1608 1439 1677 dampnatus
1467 1615 1566 1661 est.

316 1697 403 1753 29.
447 1698 544 1753 [lis
572 1700 903 1770 temporibus
929 1700 1089 1771 (circa
1115 1716 1204 1753 an.
1230 1697 1355 1770 975)
1381 1698 1702 1769 Aymericus
1729 1713 1832 1753 non

255 1791 550 1846 monachus
595 1789 764 1846 abbas
798 1790 972 1846 sancti
1018 1789 1310 1854 Marcialis,
1358 1804 1640 1846 succrassor
1686 1789 1833 1845 Gon—
1862 1771 1911 1829 Β

255 1883 408 1947 sindi,
444 1883 699 1949 moritur,
731 1892 787 1938 et
813 1884 866 1937 in
898 1883 1003 1937 line
1029 1882 1326 1938 monachus
1354 1884 1552 1945 extitit,
1586 1882 1711 1952 quia
1741 1898 1836 1937 rex

252 1972 552 2028 Ludovicus
581 1973 775 2028 timens
807 1974 923 2043 ejus
955 1973 1307 2037 tirannidem,
1355 1975 1615 2029 honorem
1662 1974 1837 2029 sancti

254 2065 516 2122 Martialis
554 2069 604 2123 ei
647 2068 1016 2133 commiserat,
1059 2078 1405 2124 sacramento
1448 2079 1626 2125 tamen
1655 2070 1839 2141 jurare

256 2155 395 2220 fecit,
426 2166 492 2212 ut
517 2173 779 2213 menaeus
806 2166 951 2213 esset
978 2158 1208 2214 futurus.
1238 2159 1340 2214 llic
1365 2160 1656 2216 Geraldum
1689 2163 1837 2217 vice-

252 2251 501 2304 eomitem
544 2251 595 2304 in
633 2250 883 2305 manibus
914 2251 1026 2306 suis
1058 2252 1245 2306 habuit
1273 2256 1709 2310 commendatum
1744 2255 1834 2322 ¹⁰⁸,

253 2352 301 2394 et
327 2341 596 2396 Bosonem
628 2340 874 2396 Vctulum
913 2342 981 2397 de
1019 2342 1196 2399 Marca
1226 2344 1305 2398 δ’.
1354 2345 1453 2400 llic
1488 2345 1643 2415 juxta
1675 2347 1835 2404 Cam-

254 2442 493 2488 bouense
534 2433 650 2504 (80)
701 2436 1090 2490 monasterium
1140 2436 1410 2493 destruxit
1461 2441 1740 2496 castellum
1788 2443 1836 2497 vi

242 2533 622 2595 expugnatum
662 2524 1098 2592 Cauboncasem,
1138 2543 1204 2583 eo
1231 2530 1373 2600 quod
1404 2531 1687 2587 molestum
1723 2543 1839 2589 erat

254 2613 563 2669 hominibus
593 2616 1003 2669 monachorum.

317 2705 403 2758 50.
452 2705 663 2759 interea
708 2706 1257 2765 defunctn‘Willelmo
1294 2709 1679 2782 Capite-stnpae
1721 2715 1832 2783 (an.

253 2798 373 2868 965)
419 2809 481 2855 et
524 2799 734 2870 sepulto
767 2801 904 2871 apud
934 2802 1219 2857 ecclesiam
1246 2805 1414 2858 sancti
1446 2796 1707 2874 Cipriani.
1738 2808 1840 2860 du—

256 2908 364 2947 cem
396 2909 502 2963 pro
528 2909 593 2948 eo
618 2893 786 2948 lilium
815 2892 932 2962 ejus
953 2893 1287 2949 Willelmnm
1315 2896 1500 2951 habuit
1526 2898 1838 2967 Aquitania.

254 2981 348 3047 Qui
379 2982 549 3037 filiam
584 2983 830 3039 Tetbaldi
867 2983 1259 3055 Campanensis
1288 2986 1550 3041 vocabulo
1590 2988 1840 3043 Emmam

256 3088 477 3127 morem
504 3074 732 3143 accepit,
776 3076 1072 3145 genuitque
1096 3090 1165 3131 ex
1192 3091 1253 3130 ea
1289 3076 1456 3131 lilium
1486 3077 1836 3133 Willelmum.

254 3163 360 3218 Rex
394 3175 581 3219 autem
619 3164 908 3220 Lotharius
953 3165 1293 3222 Lemovieam
1326 3168 1486 3232 adiit.
1533 3178 1588 3224 ct
1633 3180 1841 3239 tempus

254 3255 591 3327 aliquantum
621 3257 674 3310 in
703 3256 991 3327 Aquitania
1021 3258 1220 3329 exegit.
1258 3257 1406 3314 Unde
1441 3241 1718 3316 reverieus
1746 3263 1836 3329 “li,

254 3361 460 3401 veneno
483 3363 514 3401 a
540 3347 726 3418 regina
750 3364 846 3402 sua
873 3348 1119 3403 adultera
1146 3349 1416 3404 extinctus
1438 3358 1522 3405 est
1547 3352 1657 3418 (an.
1688 3352 1835 3423 935).

253 3434 560 3508 Filiumque
586 3440 804 3509 reliquit
830 3439 1183 3518 Ludovicum,
1208 3442 1299 3511 qui
1326 3458 1433 3496 uno
1463 3450 1669 3497 tantum
1698 3462 1840 3500 anno

256 3535 626 3604 supervivens,
674 3543 728 3589 et
762 3535 877 3605 ipse
920 3543 1048 3604 potu
1100 3535 1347 3590 maleficii
1389 3536 1444 3590 ι’
1489 3546 1714 3592 necatus
1747 3546 1871 3592 est‘

257 3629 360 3693 (an.
394 3628 551 3697 987).
596 3628 839 3699 Regnum
879 3644 977 3698 pro
1005 3645 1072 3684 eo
1112 3630 1359 3700 accipere
1400 3630 1572 3684 voluit
1610 3639 1840 3700 patruus

1936 520 2210 577 meliorem
2249 522 2430 593 elegit.
2473 521 2607 579 Nam
2641 524 2694 578 5‘
2736 523 2930 578 Franci
2968 524 3104 580 inito
3137 525 3361 581 consilio
3386 540 3510 580 eum

1935 611 2216 681 aitleillDl,
2243 623 2297 667 et
2312 613 2596 685 .llugonem
2621 613 2834 679 ducem,
2860 613 3024 668 filium
3049 614 3303 686 llugonis,
3329 631 3509 687 regem

1936 702 2158 773 eligunt.
2190 702 2301 758 Hae
2327 705 2393 759 de
2419 720 2581 761 causa
2606 705 2891 775 episcopus
2920 704 3118 760 montis
3150 704 3514 763 Lcudenensis

1935 791 2215 848 Ascclinus
2258 795 2369 865 (81)
2416 794 2713 850 ebdomada
2754 794 2947 865 majori
2996 804 3120 848 ante
3164 796 3361 864 pascha
3396 796 3509 866 (an.

1935 880 2084 953 991),
2113 884 2164 938 in
2188 899 2292 953 qua
2322 896 2407 940 est
2434 900 2566 939 cena
2599 884 2830 947 Domini,
2861 884 3213 940 veludludas
3235 885 3513 941 Christum

1898 998 1901 1003 ε
1936 984 1991 1028 et
2022 976 2136 1042 ipse
2172 976 2393 1031 tradidit
2420 976 2690 1031 Carolum.
2728 976 2829 1043 Qui
2868 977 3174 1031 Aurelianis
3216 977 3266 1029 in
3297 992 3516 1033 carcere

1932 1073 2119 1119 trusus
2145 1065 2210 1120 ad
2233 1080 2401 1136 usque
2424 1075 2675 1130 mortem,
2703 1065 2772 1120 ibi
2796 1066 2982 1136 genuit
3007 1066 3145 1119 filios
3171 1066 3240 1096 ¹⁰⁸
3261 1065 3513 1120 Karolum

1937 1163 1993 1209 et
2034 1154 2385 1219 Ludovicum,
2418 1163 2472 1209 et
2504 1164 2746 1209 mortuus
2786 1164 2898 1220 est;
2929 1161 2984 1208 et
3007 1153 3211 1224 expuli
3254 1163 3380 1208 sunt
3422 1155 3519 1209 lilii

1937 1247 2054 1313 ejus
2083 1260 2114 1299 a
2138 1244 2363 1299 Francis
2386 1244 2521 1317 (82),
2543 1241 2877 1314 profecuque
2899 1253 3024 1299 sunt
3050 1245 3113 1297 ad
3137 1244 3520 1313 imperatorem

1938 1334 2304 1389 Romanorum
2331 1345 2383 1390 et
2411 1335 2790 1390 habitaverunt
2821 1350 2941 1389 cum
2971 1350 3038 1390 eo
3054 1334 3197 1406 (85).
3238 1332 3381 1389 Sane
3410 1335 3520 1389 dux

1937 1426 2330 1494 Aquitanorum
2354 1424 2658 1479 Willelmus
2692 1425 2987 1495 reprobatis
3016 1424 3317 1493 nequieiam
3349 1423 3524 1478 Fran-

1937 1532 2154 1582 corum,
2203 1516 2413 1587 lluguni
2462 1504 2706 1572 subditus
2739 1529 2859 1571 esse
2907 1516 3096 1570 noluit.
3132 1514 3284 1570 Unde
3316 1514 3516 1570 factum

1936 1614 2039 1670 est,
2085 1615 2142 1658 ut
2192 1604 2364 1677 lltzgo,
2404 1606 2647 1660 exercitu
2679 1604 3012 1658 Francorum
3055 1605 3290 1668 admoto,
3329 1605 3518 1658 urbem

1938 1693 2171 1750 Pictavis
2204 1696 2481 1750 obsidione
2524 1695 2793 1766 fatigaret.
2827 1694 3072 1764 Dumque
3113 1693 3402 1749 frustratus
3431 1708 3521 1749 re-

1943 1787 2225 1852 cessisset,
2267 1802 2391 1841 cum
2431 1785 2826 1856 Aquitanorum
2858 1802 3018 1840 manu
3052 1785 3350 1841 Willelmus
3378 1786 3523 1840 inse-

1939 1890 2099 1952 cutus
2119 1886 2204 1933 est
2226 1894 2349 1934 eum
2372 1894 2541 1948 usque
2557 1877 2814 1950 Ligerim.
2830 1877 2932 1932 Ubi
2958 1878 3009 1931 in
3032 1878 3180 1949 gravi
3203 1877 3387 1947 przelio
3404 1877 3519 1948 (84)

1941 1971 2283 2025 decertantes
2317 1969 2646 2025 Francorum
2676 1979 2731 2025 et
2759 1969 3155 2039 Aquitanorum
3201 1970 3520 2024 animosita-

1940 2070 2050 2127 tes,
2083 2062 2249 2116 multo
2294 2062 2555 2131 sanguine
2600 2062 2806 2117 alterna
2853 2061 2986 2116 cede
3030 2060 3166 2127 fuso,
3216 2063 3522 2132 superiores

1938 2152 1979 2207 F
1988 2152 2134 2207 rauci
2163 2153 2483 2219 extiterunt,
2511 2161 2567 2208 et
2596 2154 2675 2209 sic
2703 2154 2902 2207 reversi
2929 2161 3073 2208 sunt.
3106 2154 3301 2209 Pacem
3334 2164 3524 2225 postea

1940 2245 2247 2301 Willelmus
2275 2260 2395 2300 cum
2433 2244 2656 2316 llugone
2687 2254 2740 2299 et
2782 2245 2891 2299 ﬁlio
2930 2246 3048 2315 ejus
3079 2245 3342 2301 Rotherto
3372 2247 3520 2300 fecit.

1937 2339 2003 2393 Et
2046 2353 2141 2393 rex
2171 2338 2321 2407 llugo
2368 2338 2611 2409 cogitans
2650 2352 2777 2408 erga
2817 2352 2876 2391 se
2923 2338 3013 2391 Dei
3063 2337 3313 2408 gratiam,
3366 2340 3522 2406 quasi

1939 2432 2114 2486 vicem
2151 2430 2472 2500 rependens,
2516 2428 2763 2486 defensor
2796 2428 3247 2483 clementissimus
3277 2429 3523 2485 ecclesia:

1940 2502 2259 2581 Deiextitit.
2290 2524 2422 2579 Nam
2446 2526 2516 2580 ob
2545 2526 2687 2579 hanc
2715 2540 2934 2580 causam
2962 2525 3201 2580 creditur
3234 2527 3520 2597 progenies

1939 2618 2115 2673 Caroli
2146 2619 2451 2687 reprobata,
2482 2618 2609 2689 quia
2648 2616 2763 2685 jam
2794 2618 2883 2672 diu
2919 2618 3206 2689 neglegens
3258 2620 3349 2673 Dei
3388 2634 3513 2690 gra-

1942 2713 2105 2776 tiam,
2150 2710 2500 2765 ecelcsiarum
2545 2709 2724 2780 potius
2753 2709 3049 2780 neglecti-ix
3096 2726 3256 2780 quam
3287 2711 3524 2767 erectrix

1940 2808 2244 2863 videbatur.
2278 2806 2426 2863 Beati
2458 2822 2586 2876 ergo
2627 2805 2853 2860 Dionisii
2883 2806 3207 2868 cmunbium,
3243 2805 3382 2875 quod
3406 2805 3518 2875 jam

1942 2900 2226 2971 pristinam
2292 2898 2644 2953 monasticam
2702 2904 3020 2966 corruperat
3074 2910 3363 2962 normam,
3426 2910 3525 2953 rex

1946 2993 2097 3064 l‘lugo
2142 2991 2373 3063 regulari
2406 2991 2713 3053 honestate,
2746 2989 2887 3043 sicut
2912 2989 2967 3043 in
3000 2989 3093 3044 Dei
3119 2988 3291 3044 oculis
3316 2998 3523 3044 rectum

1946 3094 2099 3149 erat,
2142 3082 2425 3139 honestius
2468 3080 2792 3136 restauravit
2836 3095 2933 3151 per
2979 3095 3173 3134 manus
3202 3078 3530 3135 venerabilis

1949 3175 2191 3230 Odilonis
2234 3174 2468 3238 abbatis,
2514 3182 2569 3227 et
2610 3173 2712 3226 al'a
2761 3181 3068 3226 sanctorum
3112 3171 3368 3226 nonnulla
3411 3185 3534 3225 mo-

1948 3269 2184 3325 nasteria
2224 3269 2276 3322 in
2315 3270 2564 3323 decorem
2594 3266 2662 3298 ¹⁰⁶
2690 3266 2931 3336 pristinae
2964 3265 3260 3336 disciplina:
3301 3281 3526 3322 revoca-

1950 3362 2023 3413 vit
2068 3359 2144 3414 6‘.
2200 3359 2397 3414 Eodem
2440 3368 2681 3427 tempore
2722 3357 3100 3428 gravissimum
3145 3357 3345 3413 bellum
3388 3359 3530 3413 inter

1946 3447 2277 3503 Willelmum
2310 3449 2501 3503 ducem
2529 3455 2582 3501 et
2608 3445 2918 3501 Gosfridum
2960 3446 3401 3515 Andegavensem
3432 3462 3528 3503 co-

1948 3542 2132 3595 mitem
2173 3548 2447 3609 perartnm
2489 3548 2592 3592 est.
2640 3537 2746 3591 Sed
2785 3536 3066 3593 Gosfridus
3107 3539 3527 3593 necessitatibus

1947 3642 2125 3696 actus,
2153 3627 2424 3683 Willelmo
2452 3627 2574 3681 duci
2603 3641 2662 3681 se
2699 3626 2959 3691 subdidit,
2991 3641 3157 3696 seque
3189 3626 3237 3682 ei
3267 3628 3321 3683 in
3354 3628 3532 3683 mani-

261 3809 746 3885 l‘_Manzere_add.
779 3812 834 3867 2.
854 3814 969 3885 ;_cf.
998 3812 1154 3869 Gesta
1180 3830 1295 3883 ρρρ.
1322 3813 1513 3885 Engal.
1542 3831 1658 3882 qua:
1685 3817 1810 3873 add.
1835 3837 1848 3872 :
1884 3838 1903 3871 ι
1925 3819 1975 3872 id
2007 3826 2086 3872 est
2119 3817 2422 3870 adulterino
2450 3813 2618 3885 filim:
2638 3811 2801 3885 2‘llic
2816 3812 3060 3885 cmpitin
3084 3811 3331 3867 conﬂictu
3350 3812 3537 3885 Gaul-V-

322 3881 537 3936 bertum
570 3883 844 3957 clericum,
871 3881 1093 3957 fratrem
1125 3881 1261 3957 Eliie
1281 3881 1496 3940 comitis
1525 3886 1618 3949 “’7,
1647 3902 1806 3957 quem
1843 3888 2074 3945 reddidit
2103 3886 2391 3949 Willeltno,
2417 3886 2525 3957 lilio
2554 3882 2804 3957 )Vi‘llelmi
2832 3883 3295 3957 Capitislstuppaz,
3316 3884 3531 3957 seniori

321 3968 445 4017 suo,
498 3961 553 4008 ct
597 3968 697 4023 pro
743 3953 949 4029 ultione
980 3954 1265 4029 Benedicti
1295 3957 1625 4029 corepiseopi
1664 3953 1836 4014 oculis
1865 3960 2185 4029 privandum
2219 3955 2509 4029 consensit.
2546 3953 2808 4029 Defuncto
2835 3957 2984 4029 enim
3010 3953 3274 4029 Willelmo
3302 3954 3523 4024 Capite-

320 4033 538 4097 stuppe,
587 4022 641 4077 et
679 4024 953 4097 —-ﬂ_lilium
980 4025 1310 4097 Willelmum
1344 4035 1400 4079 ut
1426 4022 1603 4095 infra,
1634 4029 1721 4081 ubi
1750 4022 2096 4084 ha'c'desunt.
2131 4028 2224 4081 llis
2256 4026 2587 4097 temporibus
2614 4024 2668 4079 2.
2742 4022 2795 4097 δ’
2834 4022 2933 4079 ilic
2962 4025 3264 4097 construxit
3292 4022 3531 4097 castrum

320 4093 663 4168 Boneomum
697 4095 819 4168 (8'3)
843 4095 969 4168 add.
1004 4095 1060 4168 2.
1137 4096 1191 4168 4f
1237 4111 1267 4149 a
1298 4111 1394 4150 sua
1425 4093 1654 4168 conjuge
1682 4098 1879 4154 Blanca
1912 4102 2130 4153 nomine
2160 4098 2286 4153 add.
2314 4093 2381 4152 2.
2446 4095 2500 4168 5'
2536 4094 2669 4149 Nam
2699 4094 3295 4168 episcopusAseelinus
3331 4095 3529 4150 montis

320 4161 711 4219 Leudenensis'
742 4166 889 4220 urbis
915 4166 1213 4221 ebdomada
1241 4176 1367 4220 ante

321 4249 489 4288 sensu
516 4235 870 4305 plurimorum
900 4235 1018 4306 Ugo
1042 4237 1168 4299 dux,
1207 4236 1349 4290 filius

1445 4165 1614 4221 aseha
1640 4178 1759 4236 post
1788 4169 2096 4224 convivium
2131 4170 2183 4222 in
2211 4168 2352 4223 lecto
2380 4166 2744 4236 quiescentem
2764 4179 2895 4218 eum
2924 4166 3046 4221 dolo
3072 4165 3259 4235 cmpit,
3305 4175 3361 4220 et
3402 4181 3535 4219 eou—

1425 4238 1579 4311 gonis
1604 4237 1809 4311 capetii
1842 4241 1978 4311 (86),
2007 4238 2545 4311 ἱηίγεκθηιβιθνθιυε
2570 4245 2676 4311 est.
2687 4236 2777 4311 At
2803 4250 2934 4289 vero
2961 4236 3195 4311 Carolus
3225 4237 3276 4289 in
3310 4250 3533 4311 carcere

320 4320 501 4380 usque
529 4305 595 4380 ad
610 4317 853 4380 _mortem
889 4305 1127 4361 retentus
1152 4315 1234 4362 est
1258 4306 1588 4380 Aureliauis,
1622 4305 1709 4363 ubi
1742 4305 2003 4378 genuit'2.
2048 4310 2101 4362 6·
2141 4310 2247 4364 Per
2286 4309 2406 4362 illos
2455 4305 3265 4380 enim_diessanetus‘hiaiglus
3304 4306 3529 4380 Clunia-

320 4376 506 4447 cen‘sis
539 4376 728 4441 abbas,
778 4391 1060 4431 successor
1098 4377 1272 4432 sancti
1310 4376 1534 4441 Odonis,
1577 4376 1831 4447 migravit
1855 4382 1922 4433 ad
1949 4380 2233 4434 Dominum
2263 4380 2315 4432 in
2335 4376 2667 4433 monasterio
2692 4376 3050 4431 Salviuieensi
3074 4377 3228 4447 7(87),
3275 4377 3418 4446 quod
3440 4385 3527 4431 est

321 4444 375 4519 in
402 4445 666 4519 Arvernis
690 4448 987 4511 territorio,
1015 4456 1070 4502 et
1092 4446 1291 4501 ibidem
1325 4448 1586 4516 sepultus,
1618 4444 1895 4519 miraculis
1927 4450 2098 4513 fulsit,
2137 4459 2191 4505 et
2220 4449 2485 4504 successit
2526 4447 2731 4501 invitus
2783 4461 2880 4519 pro
2908 4462 2994 4511 eo,
3038 4446 3242 4503 electus
3292 4444 3418 4501 tam
3457 4447 3529 4501 ab

321 4514 444 4586 ipso
474 4514 661 4572 Odone
682 4532 842 4589 quam
874 4532 904 4572 a
928 4527 1124 4573 cuneta
1142 4514 1583 4589 congregatione,
1617 4518 1775 4575 Odilo
1804 4522 2151 4591 supradictus
2181 4522 2311 4574 add.
2343 4519 2402 4574 2.

1605 4676 1841 4736 VARIAE
1882 4681 2281 4738 LECTIONES.

254 4790 318 4822 ’⁸³
350 4790 686 4846 salasensam
717 4807 853 4844 corr.
884 4791 1211 4845 salasensem
1234 4790 1286 4844 1.

253 4877 390 4914 corr.
422 4873 480 4915 ut
512 4863 713 4916 videtur
740 4862 877 4917 ﬁlios
904 4864 954 4915 1.
1044 4860 1111 4892 ²⁰⁵
1132 4861 1382 4916 decoram
1412 4863 1462 4915 1.

1362 4790 1433 4822 ³⁸³
1461 4789 1843 4844 emandatione
1869 4792 1921 4845 1.

1537 4860 1604 4891 ¹⁰⁷
1636 4862 1841 4915 comit”
1870 4877 1913 4914 ο,

3293 4792 3360 4823 ¹⁰⁵
3392 4790 3534 4849 illius

2022 4795 2089 4827 ¹⁰³
2114 4794 2549 4850 commandatum
2574 4794 2630 4847 1.
2739 4794 2807 4827 ὀδ
2838 4800 3114 4848 revertens
3138 4792 3188 4845 1.

1790 4988 2026 5048 ΝΟΓᾸΕ.

345 5111 442 5182 80)
480 5109 780 5182 Chariten-

348 5177 442 5250 81)
480 5180 563 5236 Ci.
596 5180 816 5235 Bieher.
837 5194 921 5250 ιν,
947 5177 1061 5250 17η
1533 5246 1548 5250 _
1799 5218 1805 5223 .

323 5246 441 5335 (8‘2)
483 5252 596 5334 lloe
632 5258 758 5335 post
787 5248 1007 5335 a.‘1008
1038 5247 1236 5335 tinctum
1268 5262 1389 5332 esse
1413 5264 1479 5335 εξ
1502 5246 1691 5335 obirata
1714 5261 1843 5335 cen-

252 5318 462 5390 iicitur,
507 5324 559 5375 in
599 5318 705 5392 qua
745 5319 938 5392 legitur
979 5337 1007 5392 :_
1037 5320 1221 5392 Actum
1260 5336 1312 5392 ag.
1346 5319 1391 5392 Ai.
1437 5318 1500 5370 D.
1542 5318 1711 5392 1098,
1761 5334 1844 5369 re-

290 5402 449 5447 nante
482 5388 705 5446 Roberto
735 5400 782 5443 et
804 5388 1071 5443 Ludovico
1102 5400 1147 5443 et
1177 5388 1458 5453 Carloino;
1486 5388 1626 5457 quod
1660 5395 1843 5442 monet

300 5474 565 5602 Ἓξὲςρὲς
587 5535 828 5603 ipsorum
853 5545 1053 5601 genere
1074 5529 1475 5598 Thuringorum
1497 5527 1845 5598 landgravios

257 5615 417 5658 natos
442 5622 580 5667 esse,
615 5604 764 5657 multi
797 5603 898 5656 sibi
932 5609 1337 5669 persuaserunt.

330 5675 445 5742 (84)
487 5674 598 5729 Hoc.
641 5675 883 5743 prndium
933 5668 1085 5743 (post,
1118 5671 1356 5739 ejusdem
1410 5670 1560 5723 urbis
1609 5668 1839 5723 obsidio-

259 5748 437 5814 nc.n),
462 5745 606 5819 quod
635 5741 687 5800 ἐι.
711 5745 836 5810 955,
866 5753 1003 5798 teste
1030 5741 1354 5819 Flodoardo,
1386 5743 1734 5798 conmissum
1762 5747 1846 5794 est

1947 5107 2089 5162 inter
2126 5104 2421 5176 Hugonemg
2447 5102 2730 5175 Magnum,
2772 5110 2992 5176 patrem
3026 5100 3266 5176 [ingenis
3294 5099 3533 5176 Ca‘petii,

1945 5189 1999 5233 et
2028 5172 2356 5232 Willelfnum
2385 5172 2947 5245 Caput-stupramale
2967 5173 3148 5227 forsan
3182 5172 3273 5245 hic
3297 5174 3535 5245 refertur

1946 5250 2011 5302 ad
2060 5262 2242 5318 regem
2283 5241 2584 5318 Hngonem_
2602 5253 2655 5297 et
2679 5241 3020 5299 ’Willelmum
3059 5244 3354 5314 supradicti
3398 5241 3535 5298 Wil.

1945 5318 2089 5372 lelini
2122 5314 2310 5371 filium.
2347 5316 2511 5377 Bouo.
2545 5314 2714 5369 Cosr.

2040 5388 2130 5460 85)
2168 5387 2252 5460 9f.
2286 5402 2448 5456 supra
2479 5401 2528 5439 c.
2564 5385 2648 5460 l_9_.
2681 5400 2733 5439 η.
2761 5384 2849 5460 45.

2040 5389 2130 5460 85)
2168 5389 2252 5442 Cf.
2286 5402 2448 5456 supra
2479 5401 2528 5439 c.
2564 5389 2648 5445 19.
2681 5400 2733 5439 n.
2761 5389 2849 5441 45.

2017 5389 2131 5529 186)
2168 5458 2287 5513 Jatn
2315 5471 2547 5529 suprae.
2571 5455 2665 5520 ‘22,
2690 5474 2747 5529 η.
2770 5458 2845 5522 ‘l',
2875 5455 3228 5525 interpolator
3249 5454 3529 5525 nugonem

1948 5527 2196 5596 Magnum
2226 5530 2328 5582 hoc
2356 5527 2572 5582 nomine
2600 5528 2984 5651 appellaverat.

2022 5600 2134 5651 (87)
2183 5598 2589 5651 Silviniacensi:
2636 5613 2664 5651 c
2694 5638 2706 5651 .
2750 5598 2928 5651 Vitam
2975 5595 2984 5650 1

2022 5592 2134 5672 (‘87)
2183 5598 2589 5663 Silviuiaceusi;
2636 5592 2706 5652 cf.
2750 5598 2928 5653 Vitam
2975 5594 3151 5652 Maioli
3183 5612 3234 5652 a.
3264 5596 3402 5668 Syro
3430 5592 3528 5663 111,

1958 5673 2045 5728 19.
