4088 6412
497 311 570 366 50
1564 316 1870 374 Ai‘vEliAlll
1911 319 1966 375 S.
1990 321 2266 377 ClBRADl
2302 323 2618 382 NONA-Cl"
3693 331 3762 388 60

500 427 639 484 idem
669 426 798 483 dux.
831 427 898 482 Et
925 426 1036 487 (ilio
1058 429 1291 485 Bosonis
1317 429 1483 485 Helia:
1509 447 1776 488 concessa
1797 438 1930 488 urbe
1971 433 2072 488 Pe—
2105 441 2151 496 Α
2181 439 2476 493 monachus
2522 440 2846 508 Adentarus,
2891 440 2982 511 qui
3016 451 3142 497 tune
3177 457 3299 498 eum
3346 446 3614 500 avuncqu
3659 463 3760 502 suo

498 520 791 589 tragorica,
831 519 1104 576 Bernardo
1150 521 1260 577 filio
1306 521 1603 580 llildeberti
1651 526 1798 596 (1‘27)
1847 525 2080 580 reddidit

499 613 800 667 marcham.
845 613 912 668 Et
953 613 1125 669 donec
1164 615 1347 671 viriles
1392 631 1564 672 annos
1611 619 1907 688 attingeret
1947 626 2080 671 aetas

497 703 783 767 Bernardi,
813 703 1048 772 injunxit
1073 720 1192 759 eam
1221 707 1508 777 regendam
1541 708 1856 764 fortissimis
1889 706 2082 777 princi-

495 797 674 866 pibus,
704 797 914 852 duobus
935 799 1230 867 germanis,
1254 799 1416 855 Petro
1441 800 1623 855 abbati
1649 800 2076 868 Scotoriensium

495 887 1066 957 canonicorum(128),
1091 898 1144 944 et
1167 888 1428 944 Umbcrto
1450 891 1638 945 Druto.
1663 891 1902 958 Quorum
1925 897 2080 960 pater

495 979 650 1032 Abbo
677 978 884 1034 Drutus
906 989 1147 1034 castrum
1180 981 1453 1036 Bellacum
1485 981 1632 1051 (1‘29)
1673 991 1864 1036 contra
1896 995 2078 1050 regem

497 1067 816 1122 llotbertum
844 1067 1146 1125 fortissime
1175 1069 1412 1125 defendit
1446 1071 1520 1124 1‘.
1566 1071 1612 1124 A
1643 1071 1842 1140 quibus
1870 1069 2080 1124 duobus

495 1158 792 1213 fortissime
828 1160 1050 1215 marcba
1087 1159 1308 1215 defensa
1347 1169 1450 1224 est,
1480 1175 1764 1230 quousque
1809 1159 2080 1215 Unbertus

495 1249 694 1304 obiret.
737 1250 932 1307 Petrus
960 1252 1128 1307 abbas
1170 1251 1498 1322 singularem
1540 1252 1902 1322 principatum
1941 1251 2082 1320 opti-

497 1359 654 1408 nens,
690 1343 927 1400 babebat
958 1345 1060 1400 sibi
1101 1344 1472 1400 fidelissimum
1506 1343 1913 1414 profundissimi
1950 1359 2081 1398 con-

497 1433 603 1490 silii
636 1434 933 1490 Ainardum
977 1436 1325 1506 praepositum
1359 1436 1438 1500 2‘,
1472 1435 1764 1490 habentem
1797 1433 1935 1489 duos
1970 1433 2084 1488 fra-

498 1533 609 1579 tres
641 1524 921 1580 Abbonem
951 1536 1006 1581 et
1037 1525 1420 1591 llaimundum,
1450 1525 1860 1581 strenuissimos
1889 1525 2078 1590 duces,

494 1633 722 1687 corpore
744 1619 1013 1684 robustos,
1038 1618 1221 1672 animo
1243 1617 1549 1684 bellicosos,
1572 1633 1802 1688 quorum
1833 1632 2079 1672 sororem

492 1710 816 1766 Aldeardem
847 1711 1059 1780 accepit
1087 1711 1138 1765 in
1169 1703 1948 1766 matrimoniumRaimuudus
1977 1709 2080 1765 Ca-

2181 525 2365 580 inclito
2405 527 2661 598 Rotgcrio
2699 528 3014 586 Lemovicas
3055 531 3283 602 degebat
3324 532 3378 586 in
3424 537 3756 591 monasterio

2179 618 2352 672 sancti
2405 617 2696 684 Marcialis,
2743 628 3094 689 experrectus
3145 621 3198 675 in
3251 629 3516 691 tempesta
3563 625 3757 688 noctis,

2181 707 2308 761 dum
2348 707 2482 762 foris
2507 717 2656 764 astra
2681 710 2999 780 suspiceret,
3029 711 3158 765 vidit
3199 711 3252 766 in
3279 721 3522 768 austrum
3555 713 3609 768 in
3637 713 3758 769 alti-

2181 800 2369 854 tudine
2405 799 2506 854 celi
2551 816 2803 870 magnum
2833 801 3150 858 cruciﬁxum
3198 803 3250 856 in
3297 803 3424 872 ipso-
3452 803 3568 858 celo
3607 805 3663 858 5·
3707 815 3764 860 et

2183 891 2392 946 Domini
2425 893 2745 961 pendentem
2787 893 3010 962 figurant
3051 892 3104 946 in
3133 907 3313 958 cruce,
3347 893 3519 950 multo
3541 892 3762 950 ﬂumine

2180 980 2525 1036 lacrimarum
2569 979 3000 1036 inlacrimantem
3024 981 3104 1037 ι’.
3144 982 3262 1052 Ipse
3294 994 3476 1040 autem
3509 986 3606 1056 qui
3645 987 3762 1041 haec

2183 1070 2312 1124 vidit
2340 1070 2600 1124 attonitus
2627 1069 2794 1124 nichil
2821 1070 2965 1126 aliud
2990 1071 3166 1140 potuit
3199 1086 3361 1142 agere
3399 1088 3562 1143 quam
3593 1073 3760 1130 lacri-

2179 1175 2299 1214 mas
2327 1159 2396 1214 ab
2423 1159 2592 1215 oculis
2621 1158 2966 1228 profundere.
2993 1158 3140 1215 Vidit
3163 1176 3290 1216 vero
3307 1171 3414 1216 tam
3437 1163 3609 1232 ipsam
3635 1178 3763 1218 cru-
3850 1223 3859 1230 _

2181 1265 2298 1305 cem
2325 1265 2488 1318 quam
2519 1249 2746 1321 figuram
2788 1250 3033 1305 crucifixi
3078 1251 3261 1308 colore
3300 1253 3457 1323 igneo
3497 1263 3554 1308 et
3600 1255 3766 1310 nimis

2180 1341 2476 1410 sanguineo
2541 1350 2708 1395 totam
2773 1354 2872 1412 per
2938 1341 3220 1396 dimidiam
3295 1344 3474 1399 noctis
3537 1343 3762 1410 horam,

2181 1449 2464 1504 quousque
2489 1433 2606 1488 celo
2634 1448 2757 1490 sese
2789 1432 3084 1489 clauderet.
3118 1435 3186 1490 Et
3215 1437 3360 1504 quod
3389 1436 3521 1490 vidit
3550 1451 3767 1507 semper

2181 1525 2238 1580 in
2262 1527 2426 1580 corde
2452 1524 2666 1591 celavit,
2692 1540 2974 1595 quousque
3003 1525 3092 1582 hic
3125 1527 3346 1597 scripsit
3381 1528 3643 1598 testisque
3677 1536 3766 1583 est

2183 1619 2464 1684 Dominus,
2494 1619 2639 1689 quod
2661 1618 2776 1674 brec
2797 1619 2952 1673 vidit.

2252 1709 2344 1763 47.
2385 1708 2463 1764 Εο
2509 1723 2654 1764 anno
2704 1707 2993 1764 Hilduinus
3028 1707 3177 1780 (155)
3231 1707 3520 1779 episcOpus
3563 1707 3770 1766 Judeos

497 1803 810 1867 baunensis,
843 1806 1082 1874 abnepos
1113 1806 1258 1876 (150)
1291 1804 1582 1876 Turpionis
1615 1805 1879 1877 episcopi,
1909 1804 2080 1860 frater
2109 1792 2154 1854 Β
2181 1799 2482 1855 Lemovicaa
2509 1800 2576 1854 ad
2605 1799 2932 1868 baptismum
2967 1799 3230 1869 conpulit,
3271 1797 3390 1868 lege
3433 1797 3664 1869 prolata,
3705 1805 3772 1854 ιιι

497 1896 772 1951 Adalberti
806 1897 996 1951 decani
1024 1897 1193 1952 incliti
1228 1906 1284 1953 et
1316 1899 1577 1969 prepositi
1619 1914 1686 1953 ett
1747 1897 2078 1952 monasterio

495 1989 672 2044 sancti
701 1988 999 2056 Marcialis;
1036 1991 1331 2062 genuitque
1357 2005 1419 2046 ex
1451 2006 1515 2046 ea
1550 1989 1717 2045 [ilium
1745 1990 2078 2044 Ademarum

497 2079 960 2149 Engolismensem
1015 2081 1083 2112 ’δι
1132 2081 1482 2146 monachum,
1533 2082 1624 2152 qui
1675 2081 1792 2135 haec
1837 2079 2075 2149 scripsit.

502 2167 726 2228 Vivente
765 2169 908 2222 enim
951 2170 1266 2240 supradicto
1294 2170 1554 2233 Ainardo,
1581 2169 1752 2224 abbas
1785 2168 1851 2200 “’
1888 2169 2080 2224 Petrus

497 2274 612 2312 rem
641 2258 913 2326 publicam
937 2261 1141 2329 optime
1169 2261 1612 2326 amministrarit,
1641 2269 1695 2314 et
1728 2261 1940 2315 invidos
1967 2277 2081 2314 sua:

496 2350 678 2421 gloria:
705 2353 1026 2422 conpressit.
1064 2351 1198 2407 Nam
1239 2367 1305 2408 eo
1344 2353 1532 2408 Romae
1569 2361 1803 2419 mortuo,
1851 2363 1907 2408 et
1950 2352 2080 2406 Bai-

497 2441 697 2494 mundo
722 2440 887 2496 fratre
917 2440 1038 2508 ejus
1060 2441 1435 2496 llierosolimaa
1463 2441 1739 2508 defuncto,
1771 2451 1828 2497 et
1857 2442 2084 2496 Ahbone

498 2529 818 2584 infirmitate
855 2539 1102 2599 gravato,
1145 2530 1364 2588 inclitus
1403 2531 1618 2597 Petrus,
1652 2531 1920 2586 neminem
1954 2529 2084 2584 ﬁde-

478 2619 606 2684 .lem
631 2619 1000 2676 consiliarium
1030 2621 1258 2686 habens,
1289 2621 1418 2676 dum
1441 2622 1508 2676 ad
1535 2639 1690 2676 suum
1721 2631 1926 2678 temere
1955 2621 2086 2677 facit

499 2708 788 2764 arbitrium
819 2711 1024 2776 omnia,
1047 2721 1103 2766 et
1131 2713 1272 2766 inter
1297 2729 1429 2767 suos
1454 2713 1712 2768 terribilis
1738 2722 1797 2767 ut
1827 2713 1910 2767 leo
1936 2713 2088 2766 vide-

503 2809 607 2864 tur,
658 2809 896 2855 castrum
944 2801 1226 2871 proprium
1277 2800 1702 2856 Mortemarense
1749 2811 2082 2866 concremat,

501 2890 907 2946 contradicente
927 2894 1152 2949 consilio
1169 2909 1411 2958 suorum,
1438 2904 1494 2949 et
1520 2893 1678 2964 hujus
1703 2894 1780 2950 rei
1803 2894 2086 2950 occasione

503 2980 822 3051 propinquis
864 2983 982 3053 ejus
1025 2994 1081 3040 et
1130 2985 1462 3054 principibus
1511 2985 1918 3042 marchionibus
1964 3001 2086 3042 cum

501 3073 780 3128 Bel-nardo
816 3075 1016 3131 comite
1049 3088 1102 3131 et
1139 3077 1412 3132 Willelmo
1451 3077 1610 3143 duce,
1651 3078 1806 3148 quasi
1849 3077 2081 3132 tirauni-

501 3164 620 3216 dein
646 3173 1023 3232 prmsumeret,
1049 3165 1102 3219 in
1133 3181 1257 3222 eum
1281 3167 1704 3238 insurgentibus,
1733 3165 1993 3236 paulatim
2014 3181 2080 3220 ex
2111 3153 2154 3212 C

504 3261 770 3322 potestate
805 3257 1179 3311 marehionum
1215 3257 1420 3328 ejectus
1465 3265 1568 3311 est.
1609 3255 1711 3323 Qui
1755 3271 1785 3310 a
1831 3255 2084 3311 llieroso-

503 3345 631 3400 lima
656 3363 926 3414 reversus,
951 3349 1006 3402 in
1028 3350 1257 3406 basilica
1283 3351 1456 3406 sancti
1489 3349 1750 3419 Stephani
1778 3349 2082 3404 Lemovicac

503 3440 648 3494 sedis
687 3441 975 3510 pristinum
1009 3443 1271 3498 honorem
1308 3445 1614 3506 continens,
1649 3451 1704 3496 et
1729 3441 2079 3498 ecclesiarum

499 3537 556 3582 ct
587 3528 830 3584 villarum
858 3531 1026 3586 multa
1053 3533 1402 3602 possessione
1429 3548 1496 3588 ex
1523 3542 1748 3604 paterna
1775 3533 1964 3588 fruens
1987 3533 2083 3589 he-

506 3624 754 3691 reditate,
781 3635 838 3682 et
865 3643 1074 3699 magna:
1107 3641 1342 3686 catervae
1362 3629 1618 3692 militum,
1645 3629 1738 3698 qui
1769 3627 1886 3697 ejus
1913 3629 2080 3684 bene-

503 3713 620 3768 ficia
675 3715 899 3781 habent,
944 3717 1238 3786 imperans,
1279 3732 1310 3771 a
1345 3717 1492 3772 curis
1521 3715 1856 3771 secularibus
1885 3732 2080 3786 magna

502 3820 568 3858 cx
611 3814 764 3875 parte
801 3817 1040 3876 ereptus,
1085 3815 1141 3861 et
1181 3806 1406 3860 liberius
1435 3805 1546 3860 Deo
1575 3813 1755 3868 vacat,
1795 3813 1852 3859 et
1890 3804 2082 3875 majori

503 3911 664 3963 quam
686 3905 811 3950 ante
837 3897 1131 3951 securitate
1158 3905 1213 3950 et
1239 3895 1407 3965 gloria
1439 3893 1602 3964 pollet
1627 3893 1796 3965 (151).

572 3985 662 4040 46.
696 3986 791 4040 His
819 3987 1151 4058 temporibus
1175 3986 1288 4059 (an.
1321 3985 1478 4057 1010)
1503 3985 1653 4056 signa
1684 3985 1738 4038 in
1769 3985 1952 4050 astris,
1977 3984 2084 4040 sic-

501 4076 692 4131 citatcs
723 4079 916 4140 noxim,
957 4078 1136 4134 nimiae
1175 4078 1388 4148 plurim,
1422 4078 1600 4131 nimim
1641 4085 1836 4147 pestes,
1875 4085 1930 4131 et
1959 4092 2085 4147 gra-

503 4169 738 4223 vissima:
785 4171 979 4237 fames,
1041 4170 1370 4225 defectiones
1420 4169 1600 4223 mulue
1657 4169 1788 4224 solis
1845 4179 1899 4224 et
1945 4169 2087 4224 luna:

504 4275 892 4332 apparuerunt,
949 4273 1006 4320 et
1059 4264 1336 4318 Viuzenna
1389 4262 1582 4316 ilut'ius
1638 4261 1784 4333 (152)
1832 4278 1930 4332 per
1979 4272 2090 4316 tres

2182 1901 2276 1949 aut
2301 1891 2586 1948 christiani
2622 1898 2828 1956 essent,
2859 1898 2953 1944 aut
2977 1889 3140 1945 dem
3167 1890 3388 1945 civitate
3423 1889 3766 1954 recederent,

2181 1992 2237 2038 et
2259 1998 2355 2053 per
2379 1997 2543 2036 unum
2565 1995 2806 2036 mensem
2821 1981 3073 2036 doctores
3088 1979 3768 2050 divinosjussitdisputare

2181 2088 2303 2128 cum
2328 2071 2550 2137 Judaeis,
2573 2079 2632 2125 ut
2659 2085 2754 2125 eos
2776 2070 2844 2124 ad
2879 2070 3039 2125 fidem
3063 2079 3319 2140 cogerent
3345 2071 3433 2136 5';
3462 2079 3518 2125 et
3545 2079 3654 2126 tres
3686 2070 3772 2126 vel

2181 2173 2414 2234 quatuor
2457 2162 2613 2218 Judei
2651 2161 2946 2220 Christiani
2976 2162 3104 2217 facti
3149 2172 3297 2218 sunt.
3339 2162 3540 2218 Cetera
3579 2172 3768 2218 autem

2183 2256 2471 2312 multitudo
2511 2273 2610 2328 per
2645 2257 2782 2314 alias
2822 2257 3074 2312 civitates
3114 2255 3376 2328 diffugere
3419 2273 3542 2312 cum
3587 2257 3774 2312 uxori~

2183 2348 2305 2415 bus,
2332 2347 2539 2412 liberis,
2568 2346 2848 2402 festinavit
2871 2347 2948 2402 6‘.
2973 2347 3095 2418 Ipso
3119 2362 3263 2403 anno
3285 2347 3628 2418 sepulchrum
3662 2348 3774 2402 Do-

2184 2437 2316 2492 mini
2381 2437 2757 2492 llierosolimis
2819 2435 3159 2492 confractum
3227 2446 3313 2492 est
3369 2453 3400 2492 a
3466 2437 3690 2508 paganis
3713 2435 3770 2488 Ἰ·

2185 2531 2218 2584 5
2278 2527 2850 2586 KalendasOctobris
2894 2528 3056 2594 1010,
3101 2543 3248 2583 anno
3287 2527 3354 2582 ab
3398 2527 3772 2582 incarnatione

2184 2621 2320 2690 ejus.
2362 2619 2496 2675 Nam
2530 2619 2687 2676 λιιιΙεί
2725 2619 3096 2674 occidentales
3133 2619 3188 2674 8‘
3219 2618 3479 2689 epistolas
3509 2618 3774 2673 miserunt

2186 2711 2239 2766 in
2279 2709 2558 2767 Orientem
2585 2710 2780 2782 (151),
2823 2718 3146 2766 accusantes
3186 2711 3515 2766 christianos
3538 2749 3566 2778 ,.
3617 2725 3792 2765 man--

2186 2804 2378 2859 dantes
2405 2803 2680 2869 exercitus
2707 2803 3134 2859 Occidentalium
3169 2803 3220 2858 9‘
3251 2819 3415 2874 super
3441 2803 3774 2858 Sarracenos

2185 2897 2481 2950 orientales
2521 2906 2823 2952 commotos
2874 2913 3016 2953 esse.
3063 2895 3216 2952 Tunc
3263 2896 3769 2954 Nabuchodonosor

2186 2985 2480 3041 Babilonia:
2506 2985 2658 3056 (155)
2685 3025 2700 3050 ,
2743 3001 2904 3054 quem
2930 2993 3128 3041 vocant
3153 2986 3529 3052 Admiratum,
3571 2984 3762 3040 conci-

2191 3085 2338 3132 tatus
2388 3092 2551 3133 suasu
2613 3075 3153 3132 SarracenorumiO‘
3209 3075 3264 3130 in
3294 3075 3460 3141 iram,
3521 3090 3773 3146 magnam

2189 3167 2534 3223 aiﬂictionem
2560 3184 2722 3238 super
2744 3169 3074 3224 christianos
3096 3169 3362 3234 exercuit,
3395 3167 3519 3222 data
3549 3167 3688 3237 lege,
3717 3175 3778 3220 ut

2189 3263 2516 3332 quicumque
2561 3261 2845 3316 christiani
2876 3261 2944 3316 de
2982 3275 3080 3316 sua
3119 3268 3387 3332 potestate
3419 3259 3628 3314 nollent
3657 3257 3779 3312 fieri

2191 3352 2514 3417 Sarraceni,
2559 3361 2655 3406 aut
2699 3351 3130 3407 coniiscarentur
3176 3359 3272 3405 aut
3313 3350 3772 3405 interﬁcerentur.

2190 3445 2344 3502 Unde
2370 3443 2572 3499 factum
2599 3454 2702 3508 est,
2721 3454 2778 3498 ut
2802 3443 3222 3498 innumerabiles
3247 3443 3664 3498 christianurum
3685 3439 3774 3494 11'

2193 3535 2479 3592 facultates
2524 3549 2652 3589 suas
2695 3549 2797 3604 pro
2859 3533 3064 3588 nichilo
3113 3532 3402 3598 ducerent;
3457 3531 3553 3586 sed
3601 3538 3776 3584 inerte

2191 3642 2350 3682 nemo
2383 3627 2578 3696 dignus
2604 3640 2702 3696 pro
2724 3624 2943 3679 Christo
2969 3623 3070 3678 fuit
3097 3623 3202 3678 nisi
3228 3623 3539 3694 patriarcha
3579 3619 3773 3676 lliero-

2190 3719 2542 3782 solimorum,
2569 3716 2662 3786 qui
2692 3717 2860 3770 variis
2890 3715 3169 3786 suppliciis
3191 3716 3405 3770 occisus
3438 3723 3553 3778 est,
3589 3722 3644 3767 et
3666 3711 3776 3767 duo

2189 3809 2561 3863 adolescentes
2582 3807 2827 3875 germani
2857 3806 2909 3860 in
2943 3807 3171 3877 Egypto,
3199 3805 3294 3875 qui
3325 3803 3574 3860 decollati
3606 3809 3773 3864 sunt,

2189 3908 2245 3954 et
2284 3897 2470 3953 multis
2505 3897 2812 3952 clarescunt
2853 3897 3154 3952 miraculis.
3191 3895 3328 3950 Nam
3376 3893 3624 3950 ecclesia:
3648 3908 3773 3946 san-

2191 3999 2404 4046 ctorum
2431 3987 2707 4044 subversa:
2729 3987 2984 4056 suutiﬂ‘,
3001 3995 3058 4041 et
3073 3985 3313 4057 peccatis
3339 3983 3539 4040 nostris
3565 3998 3776 4052 prome-

2195 4081 2472 4144 rentibus,
2504 4078 2725 4134 basilica
2749 4078 3023 4148 sepulchri
3059 4076 3274 4132 Domini
3305 4091 3476 4144 usque
3503 4075 3570 4128 ad
3600 4072 3774 4128 solum

2193 4171 2387 4224 diruta.
2421 4168 2677 4240 Lapidem
2710 4167 3043 4222 monumenti
3079 4181 3201 4222 cum
3231 4153 3536 4220 nullatenus
3555 4171 3780 4234 possent

2192 4261 2600 4327 comminuere,
2647 4261 2823 4332 ignem
2867 4258 3148 4330 copiosum
3197 4255 3652 4327 super-adjiciunt,
3683 4254 3778 4308 sed

511 4365 696 4410 noctes
726 4356 868 4410 aruit
893 4355 1198 4411 Lemovica:
1222 4370 1318 4426 per
1337 4354 1444 4409 duo
1467 4353 1633 4406 milia.
1662 4352 1730 4407 Et
1751 4353 2089 4422 supradictus
2119 4371 2168 4430 ι)
2193 4357 2347 4426 quasi
2375 4356 2637 4410 adamans
2665 4353 2958 4410 immobilis
2983 4352 3183 4408 mansit
3203 4361 3258 4406 et
3285 4350 3507 4406 solidus.
3535 4349 3779 4402 Bethlee-

504 4469 556 4522 1‘
583 4467 698 4536 illic
735 4468 851 4525 Abo
896 4483 1162 4523 consensu
1181 4465 1457 4536 Aldeberti
1517 4463 1732 4536 comitis
1758 4473 2013 4536 castrum
2059 4465 2482 4520 Mortemarcnse
2520 4465 2666 4536 (156)
2689 4463 2991 4536 construxit
3017 4464 3069 4518 in
3101 4460 3272 4536 fundo
3303 4459 3550 4536 proprio.
3595 4457 3779 4536 β

570 4535 626 4610 2'
666 4555 718 4610 ῃ.
741 4555 809 4593 ex
831 4538 1159 4610 monasterio
1188 4533 1538 4610 sanctiPetri
1560 4534 1910 4610 Scotoriensi.
1945 4533 2044 4610 Qui
2075 4527 2565 4610 ainardushabuit
2585 4527 2720 4610 diros
2746 4536 2815 4610 2.
2867 4533 3126 4610 {)ﬂquasi
3188 4527 3546 4610 confixumjn
3590 4528 3691 4610 celi
3720 4527 3786 4582 2.

573 4609 626 4680 _4‘
666 4603 990 4680 plorantem.
1015 4609 1116 4680 Qui
1145 4617 1326 4680 autem
1360 4607 1478 4680 hec.
1511 4604 1565 4658 2.
1637 4603 1689 4657 5'
1732 4619 1824 4680 eos
1845 4619 1910 4659 ex
1946 4605 2060 4680 suis
2083 4605 2688 4680 librisrevincerent}.
2764 4606 2818 4658 ϐ’

2857 4599 3085 4672 ρυίιΐθιη
3130 4603 3295 4657 etiam
3353 4617 3412 4672 se
3441 4601 3606 4669 'ipsos
3635 4599 3781 4672 _fe_r_ro

570 4668 978 4748 jughlarcrunt,
1003 4668 1246 4733 nolentes
1269 4677 1595 4748 baptismum
1621 4675 1919 4748 suscipere.
1945 4677 2072 4728 add.
2097 4677 2154 4748 2.
2231 4678 2284 4730 7'
2313 4675 2496 4730 Judeis
2523 4687 2578 4730 et
2608 4668 2924 4730 Sarracenis
2952 4675 3021 4748 “'f
3175 4674 3228 4728 8'
3261 4680 3314 4748 ent
3366 4668 3652 4726 Sarraceni
3683 4668 3777 4748 υἱέ

575 4746 762 4818 spanie
792 4751 918 4803 add.
941 4750 997 4804 2.
1069 4749 1124 4804 9'
1157 4747 1563 4818 Francorum];
1642 4746 1728 4798 10'
1754 4760 2084 4818 paganorum
2104 4747 2160 4801 2.

2239 4749 2327 4800 11·
2361 4763 2408 4800 c.
2460 4754 2910 4802 com'ertcrcntur
2958 4745 3025 4798 ad
3074 4745 3243 4812 legem
3273 4741 3628 4796 Snrracenam
3659 4779 3672 4802 ,
3725 4745 3778 4812 et

574 4809 734 4874 nemo
754 4835 807 4888 p.
835 4820 896 4874 C.
929 4837 999 4874 m.
1027 4819 1082 4872 d.
1115 4819 1216 4872 fuit
1242 4819 1298 4881 2,
1377 4817 1463 4870 12'
1494 4809 1897 4888 Nalnuzccclesia
1935 4814 1999 4847 ’³⁸
2028 4819 2201 4888 sancti
2229 4816 2470 4886 Georgii,
2512 4833 2618 4885 que
2631 4826 2872 4888 actenus
2902 4831 2932 4869 ιι
2963 4814 3109 4870 nullo
3130 4809 3566 4869 Sarracenorum
3606 4809 3782 4880 potuit

601 4884 810 4954 violari,
840 4900 970 4945 tunc
1003 4890 1279 4944 destructa
1303 4899 1386 4942 est
1414 4901 1535 4942 cum
1573 4884 1690 4939 aliis
1735 4885 1920 4939 multis
1968 4887 2212 4942 ecclesiis
2259 4884 2569 4942 sane—torum
2621 4887 2674 4941 2.

1775 4978 2003 5032 VARLE
2047 4978 2446 5036 LECTIOMES.

583 5100 649 5132 ‘“
689 5100 1086 5172 engolismense
1109 5101 1159 5154 1.
1193 5096 1549 5166 cgolismense
1577 5093 1631 5148 9..
1707 5093 1778 5152 ,ιδ’
1819 5093 2044 5148 ainardo
2071 5092 2303 5150 abbatis.
2326 5103 2514 5166 petrus
2540 5095 2592 5148 1.
2635 5092 2950 5148 u"devitate
2980 5092 3028 5147 1.

509 5172 674 5228 (-lcsie
704 5188 752 5224 c.

3110 5089 3178 5124 ‘“
3201 5088 3443 5146 s‘arcenis
3465 5105 3512 5143 c.
3591 5086 3658 5117 ⁸⁸⁵
3685 5101 3780 5140 ec-

2019 5231 2227 5290 ΝΟΤᾸΞ
2238 5276 2250 5290 .

580 5331 725 5402 (liii)
761 5329 906 5386 idem
920 5329 1035 5402 qui
1049 5343 1210 5399 supra
1241 5343 1298 5402 c._
1322 5327 1392 5402 51
1417 5323 1889 5402 Αιιίλυιωιπιιελιῇι-ιι
1919 5324 2082 5402 etiam

508 5395 771 5456 Alflninits
816 5409 871 5455 et
919 5395 1226 5456 Hilduinus.
1274 5397 1596 5468 Aldegarius
1625 5409 1696 5469 _et
1745 5395 2084 5464 ilildcgarius

507 5473 694 5526 Cadent
725 5479 852 5525 sunt
877 5471 1113 5524 nomina.

575 5541 722 5612 (128)
762 5541 834 5596 Le
865 5541 1048 5612 Durat.

581 5609 728 5682 (129)
765 5612 846 5682 tlt'.
879 5625 926 5664 c.
955 5609 1044 5664 54.

583 5679 729 5753 (150)
767 5681 1072 5753 _Pronepos;
1107 5679 1177 5735 cf.
1212 5679 1362 5749 praef.
1387 5679 1529 5753 n.2,

585 5749 731 5824 (151)
766 5751 838 5808 Dc
865 5749 1052 5808 mortis
1075 5760 1316 5821 tempore
1345 5749 1478 5806 nihil
1501 5757 1732 5804 constat.

2260 5327 2408 5398 (152)
2448 5326 2524 5381 La
2557 5327 2782 5381 Vicnne.

2262 5398 2410 5469 (155)
2451 5398 2735 5469 Alduinus.

2267 5459 2414 5540 (154)
2449 5467 2533 5523 Cf.
2587 5467 2786 5524 Glabcr
2826 5465 2963 5520 Red.
3011 5481 3104 5526 tn,
3150 5463 3248 5548 1οι,
3304 5465 3395 5534 qui
3443 5463 3558 5519 haec
3601 5459 3778 5516 fusius

2452 5608 2509 5680 id
2536 5616 2617 5662 est
2640 5606 2822 5670 Cairu,
2852 5607 2968 5662 izlcu
2995 5603 3234 5676 .Ii’gypti.

2263 5679 2408 5752 (150)
2451 5679 2784 5734 Morlcmart.
