4088 6376
356 369 430 426 et
1161 319 1170 324 ’
1339 355 1822 416 msromanuu
1858 357 2038 414 LIBRI
2076 356 2278 413 rues.
2319 388 2390 398 —
2416 355 2542 412 ue.
2569 355 2652 410 Ill.
3563 351 3649 410 62.

354 481 600 536 mitieam
642 473 969 541 ecclesiam,
1023 475 1115 531 ubi
1143 473 1393 532 Christus
1453 481 1616 530 natus
1651 481 1768 538 est.
1815 489 1938 530 eum
1971 481 2016 543 Α
2048 475 2365 540 meutis,.et
2407 474 2574 529 multa
2607 471 2880 528 allluentia
2921 469 3168 542 argenti,
3205 469 3330 539 quia
3375 468 3428 524 in
3473 484 3640 526 manu

353 571 664 624 niterentur
716 567 1038 632 destruere,
1091 565 1348 638 apparuit
1391 565 1472 622 eis
1520 563 1612 620 lux
1662 563 1950 634 fulgurans

361 658 577 724 subito,
607 665 666 712 et
693 654 872 712 omnis
910 669 1098 709 eorum
1141 655 1430 710 multitudo
1463 669 1728 710 corruens
1771 654 1951 725 exspi-

357 751 522 816 ravit,
559 759 614 805 et
640 749 869 804 ecclesia
897 749 948 803 1·
979 749 1184 804 intacta
1235 749 1520 804 remansit.
1557 747 1642 803 Ad
1673 757 1953 803 monaste-

357 843 502 898 rium
524 857 741 912 quoque
763 841 962 896 montis
985 840 1134 896 Sinai
1155 840 1212 896 2'
1235 841 1424 896 decem
1450 839 1596 896 milia
1618 841 1952 896 Sarraceno-

358 950 481 991 rum
512 943 854 990 armatorum
876 933 1158 988 venientes
1185 934 1597 998 destruendum,
1627 933 1786 1004 longe
1817 948 1956 1003 qua-

359 1037 486 1080 tuor
523 1024 746 1080 milibus
775 1025 1120 1095 conspiciuut
1162 1033 1334 1078 totum
1377 1033 1617 1080 montem
1663 1025 1854 1079 ardere
1896 1033 1952 1081 et

358 1113 613 1170 ﬂammas
642 1128 814 1184 usque
859 1114 914 1168 in
945 1113 1120 1169 celum
1150 1113 1316 1180 ferri,
1359 1123 1414 1169 et
1439 1123 1632 1169 cuncta
1661 1113 1734 1169 ibi
1757 1114 1951 1184 {posita

355 1219 484 1260 cum
521 1205 835 1260 hominibus
883 1219 1106 1261 manere
1151 1205 1331 1260 illesa.
1378 1205 1534 1274 Quod
1575 1221 1698 1261 eum
1745 1222 1952 1262 renun-

357 1294 600 1350 ciassent
629 1295 742 1365 regi
789 1294 1100 1362 Babilonio,
1123 1296 1428 1366 peuiteucia
1468 1295 1664 1352 ductus
1693 1305 1801 1352 tam
1836 1298 1952 1368 ipse

357 1399 524 1454 quam
571 1384 802 1454 populus
829 1383 1198 1452 Sarraceuus,
1233 1386 1389 1442 valde
1427 1386 1718 1442 doluerunt
1760 1388 1825 1444 de
1865 1388 1952 1444 bis

358 1490 482 1544 qua:
528 1484 720 1530 contra
765 1475 1100 1530 christianos
1147 1475 1421 1547 egissent,
1470 1486 1525 1534 et
1567 1478 1692 1533 data
1741 1494 1949 1548 praace-

357 1564 583 1636 ptione,
611 1563 776 1633 jussit
817 1565 1138 1621 remdilicari
1182 1565 1470 1622 basilicam
1519 1569 1795 1638 sepulchri
1838 1569 1952 1641 glo-

359 1655 517 1711 riosi.
547 1655 752 1710 Tamen
795 1656 1109 1727 redincepta
1145 1656 1404 1726 basilica,
1433 1661 1673 1714 nonfuit
1717 1661 1951 1731 amplius

364 1745 566 1801 similis
607 1746 775 1817 priori
817 1761 921 1802 nec
955 1747 1358 1818 pulchritudine
1397 1765 1502 1806 nec
1547 1751 1946 1823 magnitudine,

2049 582 2146 623 sua
2188 565 2463 622 abhatiam
2511 564 2747 620 habebat
2778 571 3015 634 emptam
3057 577 3086 615 a
3119 560 3383 626 Widone,
3428 576 3628 630 prope-

2049 657 2189 712 ravit
2219 665 2346 712 ante
2385 656 2862 727 quadragesimum
2911 669 3032 708 cum
3066 651 3336 708 Willehuo
3367 655 3500 707 duce
3528 653 3638 709 Ro-

2049 764 2191 802 mam
2215 789 2229 814 ,
2253 757 2309 802 et
2336 748 2388 802 in
2420 747 2648 802 tristicia
2683 747 2978 801 monachos
3000 745 3172 800 sancti
3206 743 3478 799 lllarcialis
3507 745 3636 800 reli-

2049 841 2196 910 quid.
2257 839 2378 895 Mox
2428 855 2492 894 eo
2561 839 2880 904 recedente,
2947 837 3013 890 ad
3078 835 3423 907 sepulchrum
3496 836 3642 891 beati

2050 931 2323 986 Mareialis
2384 931 2616 1002 plurima
2666 937 2932 1000 ceperunt
2979 929 3306 982 choruscare
3350 928 3646 991 miracula,

2053 1040 2172 1094 qua:
2203 1023 2443 1078 leticiam
2472 1021 2755 1076 monachis
2781 1029 2837 1076 et
2862 1031 3071 1075 cuncta:
3101 1019 3402 1090 Aquitaniae
3427 1019 3644 1090 plenam

2050 1117 2414 1187 ingesserunt.
2445 1113 2582 1168 Nam
2613 1112 2936 1167 nobilissimi
2969 1110 3365 1181 Aquitanorum
3393 1120 3447 1163 et
3476 1109 3648 1165 Fran-

2051 1221 2240 1262 corum
2270 1205 2578 1274 principum
2605 1211 2768 1273 atque
2795 1202 3050 1258 Italorum
3077 1216 3142 1256 eo
3164 1216 3306 1255 anno
3341 1201 3644 1256 Lemovicae

2051 1297 2252 1366 pascha
2283 1311 2408 1350 cum
2449 1294 2752 1364 frequentia
2785 1292 2958 1348 sancti
2989 1291 3262 1346 Marcialis
3294 1290 3527 1362 gloriose
3554 1305 3648 1344 ce-

2052 1385 2424 1440 lebraverunt.
2487 1383 2764 1438 Reversus
2821 1381 3111 1452 episcopus
3174 1379 3455 1435 basilicam
3503 1379 3660 1435 sedis.

2052 1477 2225 1532 sancti
2272 1474 2570 1544 Stephani,
2621 1487 2787 1544 quam
2837 1481 3064 1526 sanctus
3113 1471 3386 1526 M‘arcialis
3429 1471 3646 1525 dedica-

2051 1571 2242 1630 verat,
2274 1562 2661 1618 destruendam
2683 1571 2740 1616 et
2773 1559 3211 1632 ampliﬁcandam
3243 1559 3546 1630 disposuit,
3589 1567 3652 1615 et

2051 1656 2225 1712 lineas
2252 1655 2320 1709 ad
2371 1655 2719 1709 futtdamenta
2747 1653 2817 1684 “7
2856 1650 3011 1719 jecit,
3043 1662 3103 1705 ut
3129 1659 3252 1720 post
3280 1651 3398 1704 dies
3425 1649 3490 1704 15
3520 1648 3651 1703 iusi-

2051 1757 2132 1807 ste
2141 1749 2408 1820 retoperi.
2430 1749 2742 1816 Abieusqne
2757 1745 2959 1800 indead
2972 1744 3258 1799 ecclesiam
3275 1743 3482 1814 Agento
3495 1740 3656 1810 (138)

355 1850 525 1904 quam
551 1834 758 1892 Helena
783 1847 960 1893 mater
988 1836 1328 1896 Constantini
1373 1841 1544 1911 regali
1574 1819 1790 1912 sumptu
1823 1858 1952 1913 per-
1985 1836 2028 1896 Β
2057 1819 2423 1914 supradictam
2459 1841 2572 1906 lO',
2599 1841 2672 1895 ibi
2701 1839 2948 1909 spiritum
2973 1836 3208 1891 exalavit
3249 1837 3370 1906 (an.
3403 1819 3540 1890 l0l2
3573 1831 3656 1887 re!

355 1923 584 1980 fecerat.
610 1925 733 1982 Mox
763 1941 795 1982 e
821 1928 1054 2000 vestigio
1079 1944 1246 2000 super
1278 1946 1494 1986 omnem
1528 1940 1731 1988 terram
1761 1932 1954 1990 Sarra-

359 2031 625 2072 cenorum
661 2017 836 2075 fames
867 2019 1150 2076 incanduit
1192 2038 1290 2093 per
1321 2031 1434 2080 tres
1479 2041 1680 2092 annos,
1713 2037 1768 2082 et
1799 2028 1956 2082 innu-

358 2107 643 2163 merabilis
669 2123 860 2164 eorum
888 2110 1177 2168 multitudo
1216 2111 1360 2169 fame
1391 2123 1603 2170 mortua
1647 2126 1762 2184 est,
1791 2117 1862 2172 ita
1895 2129 1956 2173 ut

363 2197 561 2268 plateae
615 2208 670 2254 et
713 2201 929 2257 deserta
979 2204 1337 2261 cadaveribus
1361 2206 1428 2239 ¹⁶⁶
1483 2209 1839 2278 replerentur,
1901 2218 1958 2266 et

361 2286 560 2343 ﬁerent
592 2289 840 2346 homines
863 2293 1046 2348 cibum
1074 2304 1129 2350 et
1171 2298 1448 2366 sepultura
1482 2298 1614 2354 feris
1657 2311 1712 2355 et
1741 2303 1952 2358 avibus.

359 2376 568 2432 Secuta
610 2388 693 2435 est
727 2395 822 2436 eos
848 2381 1011 2452 gladii
1053 2386 1304 2440 vastitas.
1352 2385 1486 2442 Nam
1521 2398 1710 2459 gentes
1742 2389 1958 2446 Arabia:

360 2481 535 2536 super
561 2475 763 2523 terram
799 2487 987 2526 eorum
1027 2473 1239 2530 dill‘usaa
1276 2485 1430 2544 sunt,
1461 2487 1516 2534 et
1554 2479 1646 2548 qui
1675 2495 1960 2536 remanse»

360 2565 490 2610 rant.
523 2555 686 2625 fame,
712 2559 904 2630 gladiis
929 2561 1274 2619 interierunt.
1303 2564 1511 2638 Captus
1541 2577 1621 2623 est
1651 2569 1719 2624 ab
1749 2569 1830 2624 eis
1854 2585 1956 2625 rex

363 2647 687 2705 Babilonius
707 2692 722 2716 ,
749 2653 840 2722 qui
880 2669 941 2710 se
973 2664 1165 2710 contra
1201 2657 1368 2712 Deum
1399 2669 1652 2715 erexerat
1681 2661 1734 2715 in
1765 2677 1956 2732 super-

363 2737 539 2803 biam,
559 2748 618 2794 et
635 2739 812 2807 vivus,
849 2751 1042 2799 ventre
1063 2755 1236 2811 secto,
1274 2747 1574 2804 visceribus
1595 2749 1857 2806 extractis
1877 2751 1957 2817 δ’,

363 2837 618 2884 mortuus
657 2840 759 2886 est.
794 2831 998 2889 Venter
1041 2835 1160 2906 ejus
1184 2829 1469 2908 lapidibus
1509 2839 1786 2910 oppletus,
1828 2855 1957 2896 con-

361 2929 522 2976 sutus
549 2931 668 2992 est,
701 2935 758 2979 et
802 2926 1056 2993 cadaver,
1091 2927 1258 2998 ligato
1287 2927 1510 3000 plumbo
1539 2931 1606 2986 ad
1635 2931 1865 3001 collum,
1903 2932 1958 2989 in

364 3027 524 3070 mare
552 3015 862 3072 demersum
895 3028 1000 3078 est.

363 3117 399 3136 -ο
433 3103 528 3159 48.
560 3103 638 3160 Eo
656 3118 801 3160 anno
822 3105 1085 3164 Rodull’us
1101 3092 1876 3186 Petragoriceusiscpiscopus
1890 3115 1958 3171 ab

2059 1937 2240 2007 1015.)
2273 1935 2520 1990 Delatum
2563 1943 2647 1989 est
2695 1948 2894 2002 corpus
2929 1930 3046 2000 ejus
3077 1929 3458 1994 Lemovicam,
3504 1929 3649 1999 apud

2053 2029 2237 2086 sedem
2268 2027 2468 2100 vigiliis
2497 2028 2868 2091 observatum,
2900 2022 3041 2094 apud
3069 2023 3331 2078 Sanctum
3357 2021 3648 2076 Martinum

2056 2122 2349 2193 sepultum.
2387 2121 2665 2176 Successit
2707 2135 2807 2190 pro
2859 2133 2926 2174 eo
2957 2116 3432 2172 reverentissimns
3459 2114 3650 2170 Gerul-

2057 2216 2181 2278 dus,
2215 2229 2380 2284 nepos
2402 2211 2537 2280 ejus.
2569 2213 2932 2267 Consecratus
2962 2217 3016 2264 et
3052 2207 3292 2262 Pictavis
3324 2206 3466 2274 apud
3509 2203 3648 2260 San-

2056 2314 2203 2360 ctum
2251 2303 2529 2374 Hylarium
2560 2303 2650 2356 ll'
2681 2316 2710 2354 a
2755 2299 2983 2369 Siguiuo
3041 2297 3474 2364 archiepiscopo.
3529 2293 3648 2348 Non

2056 2397 2198 2452 enim
2231 2395 2405 2466 potuit
2450 2409 2572 2448 esse
2612 2390 2920 2448 Gauzlenus
2964 2385 3321 2442 Bituriceusis
3381 2383 3652 2454 archiepi-

2058 2504 2286 2559 scopus,
2319 2487 2447 2558 quia
2479 2485 2706 2540 nec-lum
2740 2489 2989 2552 receptus
3017 2477 3208 2534 eratin
3236 2476 3364 2531 sedc
3388 2473 3652 2528 Biturica.

2061 2578 2260 2634 llabuit
2307 2585 2487 2632 tamen
2527 2575 2597 2630 ibi
2621 2574 2832 2628 missos
2879 2586 3007 2626 suos
3059 2585 3127 2624 ex
3157 2565 3332 2623 sancti
3365 2563 3652 2619 Benedicti

2059 2667 2363 2724 monachis.
2415 2665 2592 2720 Simul
2623 2662 2985 2719 interfuerunt
3023 2659 3260 2730 episcopi
3305 2655 3650 2712 Gislebertus

2057 2759 2416 2822 l‘ictavensis,
2447 2756 2720 2812 Arnaldns
2747 2751 3234 2824 Pctragoricensis,
3261 2749 3366 2804 lslo
3397 2744 3656 2802 Santoni-

2059 2853 2263 2914 censis,
2289 2848 2648 2907 Grimoardus
2679 2844 3126 2918 Engolismeusis.
3165 2843 3296 2897 Post
3321 2837 3656 2896 benedictio-

2059 2963 2184 3002 nem
2209 2947 2299 3002 12‘
2327 2943 2572 2999 comitati
2597 2950 2722 2996 sunt
2748 2957 2872 2996 eum
2901 2953 3072 3006 usque
3091 2935 3432 2990 Lemovicum
3461 2930 3657 2986 Arual-

2061 3037 2162 3092 dus
2201 3045 2256 3090 et
2295 3032 2652 3090 Grimeardus
2681 3027 2940 3100 episcopi.
2981 3027 3223 3082 Primum
3271 3025 3339 3077 ad
3383 3021 3648 3076 Sanctum

2064 3124 2370 3180 Marcialem
2395 3128 2660 3176 venerunt
2685 3118 2846 3175 simul
2869 3118 2979 3180 l5‘,
3001 3125 3055 3171 et
3083 3113 3284 3184 recepti
3315 3121 3440 3168 sunt
3473 3127 3502 3164 a
3536 3125 3654 3165 mo-

363 3192 746 3252 llierosolimis
785 3199 1002 3254 rediens
1027 3201 1107 3267 4‘,
1144 3203 1278 3258 obiit
1305 3201 1690 3275 Petragoricre,
1721 3216 1778 3264 et
1830 3223 1958 3263 suc-

2065 3216 2275 3272 nachis.
2309 3212 2437 3268 lude
2470 3210 2720 3266 monachi
2748 3224 2844 3264 eos
2877 3209 3151 3264 duxerunt
3179 3219 3301 3259 cum
3342 3197 3657 3270 antiphonis

365 3287 536 3341 cessit
579 3302 678 3359 pro
719 3303 785 3365 eo
813 3289 1111 3347 Arualdus.
1144 3291 1245 3360 Qui
1292 3296 1435 3365 apud
1471 3295 1730 3352 Sanctqu
1785 3297 1963 3356 Bene-

367 3375 576 3432 dictum
599 3376 852 3434 Nautolio
885 3379 1032 3453 (157)
1095 3397 1452 3442 consecratus
1483 3399 1566 3442 est
1588 3388 1645 3443 5'
1669 3405 1698 3442 a
1734 3388 1960 3461 Siguino

363 3465 688 3539 Burdegalte
739 3472 1179 3544 archiepiscopo
1233 3475 1312 3530 6‘.
1378 3476 1532 3533 Tunc
1595 3479 1958 3548 Gauzbertus,

367 3558 623 3628 princeps
643 3561 808 3614 castri
836 3562 1292 3632 Mal-amorteusis,
1323 3577 1514 3636 captus
1549 3568 1618 3622 ab
1647 3569 1783 3624 Ehlo
1811 3571 1958 3624 vice-

368 3647 569 3702 comite
589 3647 931 3719 Comboruis,
961 3663 1206 3710 retrusus
1234 3657 1289 3710 iu
1313 3667 1493 3712 castro
1521 3657 1819 3714 fortissimo
1849 3660 1960 3717 Me-

369 3737 600 3808 lurensi,
633 3743 742 3798 Deo
763 3743 976 3801 volente
1007 3762 1036 3800 a
1069 3747 1181 3802 suis
1203 3748 1424 3804 rusticis
1443 3749 1520 3815 7‘,
1580 3760 1762 3806 castro
1791 3768 1962 3822 expu-

373 3838 540 3897 gnato
567 3839 621 3886 et
665 3849 791 3888 mox
814 3845 991 3906 capto,
1025 3845 1244 3908 ereptus
1267 3847 1374 3905 est,
1403 3847 1459 3894 et
1480 3849 1721 3896 castrum
1745 3839 1961 3898 destru-

372 3929 524 3976 ctum
567 3923 625 3978 8'
665 3933 766 3978 est.
833 3925 900 3979 Et
927 3926 1341 3982 Hierosolimam
1380 3945 1647 4002 pergens.
1673 3931 1960 3988 defunctus

370 4022 457 4068 est
500 4013 580 4080 9',
634 4015 996 4072 et-miraculis
1040 4026 1162 4086 post
1189 4029 1420 4074 mortem
1464 4021 1764 4077 clarescere
1797 4023 1960 4093 cepit.

372 4106 507 4161 Erat
529 4107 674 4163 enim
706 4107 857 4164 valde
879 4110 1304 4176 ecclesiasticus,
1327 4122 1382 4166 et
1407 4110 1634 4168 honeste
1661 4127 1720 4168 se
1745 4115 1962 4183 agebat.

444 4199 537 4255 49.
579 4199 732 4255 Circa
755 4201 858 4256 hoc
885 4209 1095 4272 tempus
1112 4203 1379 4258 Alduinus
1400 4203 1706 4274 episcopus,
1729 4206 1964 4275 acceptis

2064 3322 2233 3376 usque
2257 3305 2322 3359 ad
2346 3305 2630 3361 ecclesiam
2654 3303 3005 3358 Cairoensem
3021 3298 3192 3372 (159).
3208 3297 3289 3351 lbi
3315 3294 3366 3348 in
3391 3290 3652 3347 cathedra

2061 3398 2220 3462 sedit,
2246 3406 2300 3453 et
2323 3397 2563 3452 huineris
2588 3395 2765 3466 populi
2793 3403 3004 3458 vectus,
3026 3390 3306 3446 canonicis
3327 3386 3660 3457 antiphonas

2063 3491 2496 3550 concinentibus.
2533 3499 2740 3544 textum
2773 3487 3050 3558 Evangelii
3093 3503 3123 3540 a
3159 3483 3484 3540 Grimoardo
3537 3479 3657 3549 epi-

2065 3599 2232 3652 scopo
2258 3581 2544 3652 legendum
2592 3579 2844 3649 sumpsit,
2877 3589 2931 3633 et
2972 3578 3042 3630 ita
3066 3575 3390 3630 benedicens
3434 3573 3662 3626 dextera

2065 3676 2310 3740 assidue,
2343 3673 2410 3728 ad
2457 3673 2692 3727 hostium
2725 3671 2962 3726 basilica:
3002 3669 3174 3724 sancti
3221 3663 3484 3735 Stephani
3527 3677 3655 3718 cum

2065 3767 2233 3839 gloria
2285 3767 2548 3822 deductus
2595 3775 2700 3820 est.
2739 3763 3096 3820 Grimoardus
3133 3761 3349 3815 tradidit
3383 3759 3431 3813 ei
3476 3765 3662 3827 portas

2065 3861 2338 3925 ecclesiae,
2387 3859 2658 3914 Arnaldus
2693 3859 2890 3914 cordas
2941 3856 3260 3925 signoruni,
3307 3859 3364 3907 et
3401 3850 3564 3930 ambo
3604 3848 3658 3903 in

2069 3955 2194 4009 sede
2222 3953 2390 4008 Sancti
2427 3951 2698 4006 Marcialis
2728 3948 3199 4005 intronizaverunt
3225 3959 3348 4000 eum
3367 3983 3382 4006 ,
3411 3949 3468 3996 et
3507 3938 3660 3996 clara

2068 4057 2220 4108 voce,
2247 4041 2322 4096 Te
2363 4042 2528 4096 Deum
2553 4042 2850 4102 laudamus,
2881 4037 3155 4094 Arnaldus
3179 4035 3466 4106 episcopus
3508 4031 3658 4084 into-

2069 4139 2208 4193 nuit.
2256 4137 2580 4206 Episc0pum
2625 4133 2916 4190 sedentem
2973 4128 3204 4186 osculati
3255 4137 3382 4181 sunt
3433 4137 3656 4186 clunes;

2069 4228 2262 4282 deinde
2321 4227 2542 4281 missam
2590 4225 3002 4280 celebraverunt
3055 4222 3121 4274 de
3176 4215 3424 4272 martirio
3479 4211 3660 4266 sancti

372 4292 800 4364 pretiosioribus
829 4295 1002 4350 sancti
1040 4295 1312 4352 Marcialis
1354 4297 1686 4353 ornamentis
1717 4305 1771 4352 et
1795 4298 1962 4352 vesti-
1992 4333 2042 4390 Ι)
2070 4321 2368 4386 Theodori,
2411 4319 2566 4390 cuius
2616 4317 2881 4373 [ρειενίωε
2922 4315 3038 4386 ipso
3067 4308 3328 4384 δίεμιο)
3373 4303 3658 4375 agebatur.

374 4498 519 4569 l‘et
567 4497 650 4552 sic
690 4497 920 4554 ecclesia
953 4499 1052 4557 Dei
1081 4495 1360 4569 genitricis
1381 4494 1436 4551 2.
1487 4495 1540 4569 2f
1561 4494 1729 4556 Sinai,
1766 4495 2152 4569 ubiquiugenti
2179 4505 2233 4550 et
2253 4511 2318 4550 eo
2345 4495 2836 4569 ampliusmonachi
2855 4493 3206 4569 subimperio
3234 4487 3446 4547 abbatis
3467 4499 3658 4541 mane-

446 4567 600 4634 bant,
626 4569 894 4625 habentes
915 4566 1114 4624 ibidem
1143 4568 1420 4638 proprium
1451 4566 1788 4638 episcopum,
1821 4566 2086 4638 venerunt
2115 4567 2537 4638 Sarracenorum
2570 4568 2756 4622 decem
2793 4566 2940 4620 milia
2965 4574 3326 4638 armatorum2
3369 4569 3429 4621 ut
3471 4571 3660 4638 mona-

443 4653 542 4695 00$
577 4626 926 4708 perimentes,
951 4626 1262 4694 habitacula
1295 4626 1652 4709 eorum'eum'
1671 4626 1921 4709 ecclesiis
1948 4637 2250 4709 diruerent.
2284 4637 2718 4708 Propinquantes
2739 4647 2943 4709 autem,
2965 4651 2995 4688 a
3039 4631 3414 4709 qiuatnorfere
3439 4626 3662 4709 milibus

444 4700 792 4779 conspiciunt
819 4700 988 4765 totum
1016 4718 1255 4779 montem
1277 4707 1642 4779 ardeutemet
1665 4705 1984 4770 (innantem,
2036 4700 2407 4779 ﬂammasque
2442 4700 2519 4762 in'
2546 4709 2720 4779 celum
2750 4706 2880 4779 ferri
2914 4705 2970 4779 2.
3098 4705 3154 4779 β’
3185 4717 3236 4758 e.
3285 4700 3506 4779 impiam
3535 4700 3656 4779 ani-

447 4773 600 4850 mani
619 4781 688 4836 ab
711 4785 992 4850 baratrum
1021 4776 1246 4850 projeeit
1270 4777 1327 4850 2_.
1353 4847 1365 4850 _
1401 4775 1457 4829 4‘
1491 4775 1672 4850 retulit
1695 4794 1815 4846 qua:
1841 4779 2050 4850 viderat
2071 4779 2155 4850 ibi
2201 4773 2442 4850 infanda,
2465 4847 2473 4850 Α
2498 4788 2568 4850 et_
2594 4778 2720 4850 add.
2752 4776 2826 4850 72.
2921 4776 2976 4828 5'
3002 4775 3198 4850 diebus
3243 4773 3660 4850 quadragesimo

446 4849 575 4903 add.
601 4850 655 4904 2.
730 4848 787 4904 θ’
818 4867 846 4905 a
868 4841 1192 4906 Grimoardo
1220 4859 1271 4902 et
1300 4841 1761 4918 lsloueepiscnpis
1793 4849 1941 4918 (Ml)
1973 4847 2098 4901 add.
2128 4848 2184 4903 2.
2303 4849 2358 4902 7'
2384 4866 2428 4904 r.
2461 4847 2514 4902 in
2547 4847 3106 4918 frunalibusquodam
3129 4857 3298 4918 mane
3343 4841 3524 4894 subito
3558 4852 3662 4918 ex-

448 4931 686 4990 pugnato
713 4928 769 4975 et
796 4937 915 4975 mox
951 4931 1108 4990 capto
1139 4928 1318 4990 castro
1341 4917 1396 4970 2.
1475 4907 2008 4990 8"llam-uiis'datum
2036 4919 2090 4972 2.
2163 4989 2196 4990 η
2237 4919 2288 4974 9‘
2318 4920 2369 4972 iu
2407 4921 2728 4973 revertendo
2758 4907 2966 4990 add.'2.
3018 4916 3140 4990 Δ1οῘ
3164 4915 3307 4990 unde
3359 4907 3661 4990 monachos

447 4978 761 5046 cxiruserat
788 4993 912 5045 add.
937 4991 991 5045 2.
1019 4978 1122 5045 ’11”
1155 4989 1394 5060 Ylarium
1429 5003 1619 5060 mense
1634 4987 1933 5060 Novembri
1972 5005 2071 5056 pro
2135 4989 2203 5022 m
2245 4991 2497 5046 erunibus
2551 4991 2812 5060 gradibus
2835 4985 3223 5060 ecclesiasticis
3275 4999 3306 5036 a
3353 4978 3664 5060 Gisleberlo

452 5061 725 5132 episcopo,
775 5062 937 5130 etin
981 5061 1148 5132 gradu
1187 5058 1481 5132 pontificali
1521 5073 1550 5110 a
1589 5058 1815 5132 signino
1865 5050 2153 5132 nionacho,
2202 5050 2612 5132 archiepiscopo
2639 5057 3046 5131 Burdegaleusi.
3079 5055 3191 5130 ~12‘
3219 5067 3337 5126 qua:
3391 5050 3659 5105 dominica

453 5127 541 5186 die
564 5127 786 5199 peracta
813 5127 896 5188 eSt
921 5127 1048 5187 ααὶι.
1070 5130 1127 5185 2.
1188 5127 1292 5185 13‘
1324 5127 1486 5184 simul
1510 5159 1578 5168 —
1606 5129 1881 5182 duxerunt
1907 5131 2017 5184 des.
2046 5131 2096 5184 2.

1679 5257 1915 5314 VARIAE
1950 5259 2336 5319 LECTIONES

1671 5376 1736 5407 Μ
1779 5394 1828 5434 n.
1860 5393 1904 5430 c.

1910 5517 2147 5574 NOTAE.

2149 5649 2299 5720 (140)
2339 5649 2436 5704 Die
2457 5650 2489 5705 9
2517 5657 2610 5704 aut
2637 5649 2704 5705 l2
2726 5649 2894 5719 Nova;

2144 5717 2291 5793 (141)
2330 5720 2720 5791 Eugolismensi
2750 5729 2802 5777 et
2824 5717 3200 5776 sanctoneusi.

456 5383 525 5418 “‘3
563 5382 916 5440 cadeveribus
947 5383 996 5436 l.
1074 5382 1140 5413 “7
1162 5379 1508 5436 londamenta
1539 5379 1586 5432 1.

460 5658 606 5750 seu
645 5656 921 5750 autem

463 5731 609 5796 (158)
647 5731 830 5784 Ahun.

467 5799 616 5873 (159)
646 5800 719 5856 Dc
747 5799 996 5868 Queroir.
