4088 6370
423 369 492 424 63
1471 374 1780 430 ΑΜΞΜΑΒΙ
1822 375 1879 430 S.
1903 371 2024 429 CIB;

2129 367 2174 422 )i
2211 366 2518 423 MONACII!
3630 373 3703 426 (ii

423 478 526 534 Per
548 479 663 536 dies
693 489 899 552 septem
945 480 1164 537 indutus
1191 484 1458 552 processit
1495 486 1635 541 stola
1663 486 2006 544 sanctiﬁcata
2036 488 2084 546 A
2112 479 2163 534 Vi
2187 480 2477 552 etingenio
2521 480 2666 552 εερίι
2726 490 2966 538 casuum
3018 481 3408 556 Argentomum
3455 486 3622 558 (144).
3649 499 3704 544 el

424 585 544 622 cum
595 571 922 627 indumentis
972 573 1020 626 l‘
1067 581 1124 628 et
1164 590 1332 646 cappa
1377 577 1642 643 Romana,
1675 578 1880 650 absque
1926 597 2018 637 ca-

423 654 576 732 pstila
603 663 681 730 2‘,
726 675 780 719 et
821 681 918 736 per
951 665 1174 720 eosdem
1213 669 1503 724 continuos
1546 671 1664 727 dies
1713 674 1934 728 missam
1959 673 2013 728 5‘

423 747 720 810 celebravit
747 756 824 812 4⁵.
858 757 900 812 Τ
907 773 1010 812 une
1042 758 1212 814 abbas
1236 758 1524 818 Goslridus
1551 764 1831 820 basilicam
1865 782 2020 836 rega-

428 847 532 901 lem
562 849 753 919 majori
797 864 966 920 opere
1007 851 1174 921 coepit
1215 868 1480 908 renovare
1505 854 1653 926 (14⁵2.)
1684 854 1796 928 (an.
1834 858 2016 930 1017).

430 939 857 1012 Quadragesima
890 957 1018 998 vero
1055 945 1230 998 media
1255 943 1368 1015 (1m.
1401 948 1559 1020 lOl8)
1591 963 1712 1002 cum
1741 952 2020 1006 nocturnis

425 1029 626 1098 vigiliis
659 1031 950 1087 multitudo
997 1034 1235 1090 maxin'ta
1261 1037 1312 1090 in
1343 1039 1572 1092 eandem
1619 1039 1804 1095 aulam
1832 1041 1900 1096 ad
1939 1051 2022 1096 tu-

428 1118 632 1176 mulum
670 1121 811 1176 beati
847 1123 1118 1182 Marcialis
1165 1142 1524 1197 properantes
1564 1130 1861 1198 intrarent,
1912 1133 2020 1188 viri

431 1224 554 1264 cum
606 1211 925 1268 innlieribus
965 1215 1084 1285 plus
1141 1217 1211 1271 50
1257 1218 1485 1274 invicem
1531 1222 1833 1278 conculcati
1877 1226 2020 1280 intra

429 1300 720 1357 ecclesiam
745 1305 1165 1374 expiraverunt,
1199 1318 1252 1364 ct
1279 1311 1365 1367 die
1388 1313 1626 1368 crastina
1647 1315 1844 1386 sepulti
1871 1327 2017 1372 sunt.

433 1393 730 1466 Episcopus
799 1400 1066 1456 Geraldus
1135 1397 1367 1459 Romam
1428 1407 1676 1474 abierat;
1743 1409 1864 1466 ideo
1925 1427 2024 1480 per

434 1487 729 1542 Arnalimn
771 1494 994 1548 missum
1019 1505 1102 1550 est
1134 1497 1446 1568 cpiscOpum
1475 1539 1488 1567 ,
1519 1501 1606 1569 qni
1639 1500 1692 1554 5'
1725 1517 1848 1556 cum
1881 1518 2019 1573 aqua

441 1581 739 1650 episcopali
775 1587 1062 1641 ecclesiam
1094 1591 1480 1646 reconciliavit.
1512 1592 1679 1648 Paulo
1700 1604 1819 1662 post
1847 1596 2021 1650 exorti

438 1684 564 1728 sunt
590 1691 684 1758 per
715 1680 1056 1748 Aquitaniam
1095 1682 1390 1749 Manichei,
1431 1686 1752 1742 seducentes
1786 1680 2018 1758 plebem.

439 1750 719 1835 Negahant
769 1769 1096 1840 baptismum
1143 1783 1198 1828 et
1236 1789 1452 1829 crucem
1499 1785 1554 1830 et
1593 1750 1849 1848 quicqu-id
1877 1795 2022 1834 sana:

2118 574 2187 629 ab
2236 589 2302 628 eo
2342 573 2720 630 vicecomitem
2754 574 3039 631 Widonem
3087 576 3342 646 expulsit.
3393 577 3540 634 Idem
3587 579 3704 636 Odo

2111 661 2266 732 juxta
2297 663 2626 718 Masciacum
2656 663 2805 736 (145)
2853 666 3244 722 monasterium
3269 679 3507 723 castrum
3536 669 3706 725 indili-

2118 755 2286 818 cavit,
2315 753 2462 823 quod
2490 769 2584 808 rex
2629 755 2926 812 Rotbertus
2949 772 3267 828 expugnans
3293 773 3487 828 capere
3516 761 3706 830 nequi-

2118 844 2198 898 vit
2223 861 2236 908 ;
2277 853 2329 899 et
2360 844 2440 900 sic
2467 843 2762 902 frustratus
2785 847 3033 903 recessit.
3070 847 3166 904 llis
3195 849 3530 919 temporibus
3556 851 3704 906 basi-

2120 939 2221 996 lica
2247 942 2419 996 sancti
2457 941 2672 996 Martini
2723 943 3015 1009 Turonica,
3049 943 3120 999 ab
3159 945 3340 1000 Arvco
3367 944 3706 1000 thesaurario

2122 1047 2317 1102 magno
2348 1031 2493 1086 cultu
2521 1032 2794 1100 inchoata,
2819 1033 2886 1088 ad
2908 1033 3070 1089 ﬁnem
3090 1035 3372 1104 perducta,
3399 1047 3456 1090 ct
3479 1050 3707 1106 corpore

2121 1123 2296 1178 sancti
2342 1122 2560 1178 Martini
2611 1124 2914 1192 sublevato,
2945 1140 3066 1179 cum
3100 1123 3268 1196 gloria
3299 1141 3492 1197 magna
3516 1140 3706 1182 conse-

2122 1222 2275 1267 crata
2304 1223 2389 1268 est
2419 1214 2472 1268 in
2496 1215 2703 1270 honore
2742 1214 2809 1268 l2
2836 1213 3228 1285 apostolorum.
3267 1215 3362 1270 llis
3385 1216 3548 1271 etiam
3573 1225 3709 1270 tem-

2125 1305 2348 1372 poribus
2397 1307 2626 1361 ecclesia
2683 1307 2856 1362 sancti
2901 1306 3048 1362 Petri
3095 1308 3242 1363 sedis
3284 1308 3709 1379 Engolismensis

2123 1395 2371 1450 dedicata
2411 1405 2497 1452 est
2521 1413 2553 1452 a
2579 1397 2752 1452 tribus
2776 1395 3065 1468 episcopis,
3111 1415 3140 1452 a
3185 1398 3412 1470 Signina
3442 1401 3708 1454 mooacho

2125 1485 2530 1556 liurdcgalensi,
2557 1504 2587 1542 a
2608 1487 2934 1543 Grimoardo
2981 1498 3036 1543 et
3066 1488 3241 1544 lslone
3275 1488 3448 1544 fratre
3482 1490 3536 1543 7‘
3567 1491 3704 1560 ejus.

2125 1576 2332 1642 Quibus
2379 1579 2711 1649 temporibus
2762 1579 2992 1634 ecclesia
3049 1588 3252 1634 sancta:
3300 1579 3708 1634 Raurectionis

2125 1677 2252 1723 ante
2278 1669 2563 1724 basilicam
2589 1670 2736 1725 beati
2790 1669 3046 1740 Eparchii
3105 1678 3267 1724 terra:
3307 1679 3456 1723 motu
3483 1671 3537 1725 8‘
3585 1669 3710 1724 sub-

2127 1774 2284 1813 vursa
2307 1770 2408 1824 est,
2449 1770 2501 1816 ct
2529 1760 2727 1816 ibidem
2775 1760 3070 1816 clocarium
3110 1761 3387 1832 inceptum
3417 1775 3520 1816 eSt.
3547 1760 3714 1816 Gisle—

437 1856 699 1912 doctrina:
738 1869 842 1916 est.
887 1865 1238 1919 Abstinentes
1279 1881 1308 1919 a
1349 1866 1523 1933 cibis,
1569 1869 1725 1938 quasi
1765 1870 2018 1925 monachi

2129 1850 2281 1905 berto
2304 1865 2520 1920 quoque
2541 1850 2819 1906 Pictav‘ine
2842 1851 3094 1921 episcopo
3113 1851 3551 1908 reverentissimo
3570 1851 3713 1907 diem

437 1949 800 2018 apparebant,
834 1962 888 2009 et
918 1958 1226 2011 castitatem
1255 1958 1584 2014 simulabant
1611 2003 1625 2026 ,
1664 1962 1758 2016 sed
1793 1963 1936 2017 inter
1964 1978 2022 2018 se

439 2043 586 2111 ipsos
617 2062 832 2101 onlnem
865 2049 1136 2104 luxuriam
1175 2052 1538 2118 exercebant,
1579 2064 1633 2108 ct
1671 2057 1854 2111 nuncii
1886 2058 2024 2111 anti-

437 2133 628 2190 christi
657 2148 848 2204 erant,
881 2142 1194 2211 multosque
1225 2159 1253 2196 a
1289 2143 1393 2198 lide
1418 2147 1726 2202 exorbitare
1756 2147 2020 2202 fecerunt.

507 2221 600 2278 50.
640 2225 746 2280 Pcl‘
765 2227 868 2282 hoc
897 2238 1108 2298 tempus
1133 2230 1456 2298 Willelmns,
1481 2237 1802 2306 cognomine
1825 2235 2026 2294 Bucca-

437 2324 618 2382 uncta,
645 2333 828 2374 cernes
855 2319 1270 2380 .‘ilatisconensis
1324 2325 1399 2390 ϐ’,
1435 2327 1717 2383 castellum
1738 2330 2028 2386 aediﬁcavit

437 2419 625 2462 conttra
676 2411 1034 2468 Cluniacensc
1061 2415 1128 2446 “‘9
1173 2419 1566 2473 monasterium
1607 2430 1831 2491 propter
1867 2437 2027 2492 supe-

440 2500 664 2554 randum
715 2499 997 2573 llugonem
1021 2507 1298 2562 comitem.
1343 2507 1448 2563 Pro
1477 2527 1582 2580 qua
1612 2526 1671 2566 re
1692 2526 1814 2566 cum
1842 2514 2026 2569 divina

437 2603 672 2644 censura
703 2594 1003 2661 percussit,
1045 2607 1103 2650 ut
1140 2596 1288 2651 nuilo
1315 2599 1474 2654 modo
1509 2600 1764 2670 deinceps
1807 2613 2026 2673 ereptus

437 2695 678 2752 gressum
716 2696 920 2756 ageret.
955 2687 1020 2741 Et
1050 2689 1238 2758 paucis
1270 2689 1603 2762 interpositis
1627 2695 1846 2762 dielms,
1875 2696 2029 2768 liugo

433 2784 616 2826 comes
641 2775 824 2830 subito
859 2777 1029 2847 ipsum
1057 2789 1296 2836 castrum
1328 2783 1378 2836 vi
1407 2783 1550 2854 cepit
1573 2794 1734 2855 atque
1759 2787 1871 2842 solo
1905 2803 2030 2844 coe-

439 2865 648 2931 quavit.
691 2867 951 2923 Defuncto
979 2868 1237 2926 Gosl'rido
1275 2872 1468 2928 abbate
1495 2880 1606 2942 (an.
1639 2877 1833 2946 l0l9),
1877 2878 2030 2950 llugo

438 2953 487 3008 ci
540 2959 835 3025 successit;
889 2961 982 3016 sed
1033 2963 1320 3034 episcolms
1365 2965 1632 3024 Gcraldns
1678 2970 1936 3028 adversus
1978 2973 2028 3028 ci

439 3047 672 3113 esstitit,
698 3051 988 3120 prohibens
1010 3053 1058 3108 ei
1082 3054 1209 3108 dare
1231 3059 1694 3115 consecrationem
1719 3079 1882 3118 causa
1906 3064 2027 3129 zeli,

439 3136 566 3205 quia
600 3154 702 3192 non
745 3153 957 3210 poterat
988 3144 1265 3200 vitulicarc
1296 3147 1399 3202 sibi
1431 3148 1732 3218 abbatiam;
1784 3153 1906 3209 ideo
1933 3171 2030 3225 per

2129 1941 2414 1996 claudente
2437 1942 2600 2014 (circa
2623 1959 2712 1998 an.
2740 1943 2925 2014 1020).
2950 1953 3003 1998 et
3030 1943 3356 1999 Malliacensi
3386 1945 3716 2002 monasterio

2130 2035 2376 2099 humato,
2406 2037 2648 2092 succedit
2673 2037 3003 2094 lsembertus
3031 2039 3338 2109 episc0pus.

2199 2127 2284 2182 52.
2304 2129 2397 2183 llis
2412 2131 2622 2198 diebus,
2647 2131 2698 2184 in
2721 2146 3033 2200 parasccve,
3058 2140 3410 2200 posterucem
3433 2133 3714 2192 adoratam

2127 2221 2299 2277 Bonna
2349 2233 2508 2278 terra:
2553 2235 2700 2278 motu
2738 2233 2793 2278 et
2829 2224 2998 2278 nimio
3031 2225 3244 2280 turbine
3277 2225 3583 2296 periclitata
3611 2237 3716 2282 est.

2129 2315 2197 2368 Et
2221 2315 2508 2371 confestim
2536 2317 2754 2386 quidam
2803 2315 3096 2372 Judeorum
3125 2317 3180 2374 9"
3215 2317 3488 2374 intimavit
3517 2315 3717 2374 domno

2131 2420 2302 2476 papte,
2326 2408 2450 2476 quia
2471 2422 2534 2462 ea
2564 2409 2699 2462 hora
2741 2407 3070 2463 deludebant
3109 2407 3385 2478 sinagogae
3422 2407 3716 2463 Judcomai

2131 2497 2388 2554 Cruciﬁxi
2421 2499 2674 2570 figuram.
2699 2498 2852 2566 Quod
2885 2501 3211 2556 Benedictus
3241 2499 3386 2572 (146)
3410 2517 3546 2571 papa
3574 2501 3720 2555 solli-

2131 2589 2239 2643 cite
2260 2588 2543 2658 inquirens
2565 2599 2619 2644 et
2665 2591 3030 2661 comperiens,
3060 2605 3182 2644 mox
3215 2584 3750 2671 auctores'sccleris"

2132 2678 2348 2748 capitali
2373 2681 2644 2735 sententia
2679 2681 3015 2751 dampnavit.
3066 2680 3272 2748 Quibus
3296 2679 3600 2744 decollatis,
3631 2679 3716 2732 fa-

2137 2785 2228 2824 ror
2257 2780 2538 2826 ventorum
2571 2773 2823 2848 cessavit.
2869 2772 2986 2838 Quo
3033 2781 3275 2841 tempore
3329 2771 3501 2842 llugo,
3535 2770 3711 2840 capel-

2138 2864 2290 2917 lanus
2319 2863 2574 2918 Aimerici
2617 2864 2952 2918 vicecomitis
2994 2861 3442 2922 liocacardensis,
3481 2878 3602 2916 cum
3628 2878 3718 2915 eo-

2137 2955 2256 3008 dem
2282 2957 2496 3010 seniore
2527 2970 2627 3010 suo
2662 2955 2912 3010 'l'holosa:
2950 2955 3002 3009 in
3045 2955 3244 3024 pascha
3270 2953 3462 3018 adluit,
3495 2964 3548 3008 et
3577 2951 3720 3008 cola-

2138 3045 2303 3114 phum
2329 3045 2524 3108 Judco,
2554 3047 2696 3101 sicut
2744 3045 2854 3100 illic
2905 3047 3052 3100 omni
3089 3046 3290 3116 pascha
3317 3062 3531 3114 semper
3555 3047 3721 3100 moris

2135 3147 2242 3200 cst,
2277 3139 2533 3208 inposuit.
2563 3149 2619 3192 et
2645 3139 2932 3193 cerebrmn
2973 3137 3098 3192 ilico
3138 3149 3192 3192 et
3219 3137 3406 3194 oculos
3452 3154 3516 3192 ex
3540 3139 3721 3208 capite

444 3227 721 3284 biennium
769 3233 960 3288 seditio
991 3251 1096 3288 non
1123 3237 1346 3292 minima
1380 3240 1479 3295 fuit
1505 3243 1711 3310 civilis,
1742 3246 1915 3302 donec
1940 3263 2024 3301 ra-

2143 3231 2352 3300 ναι-1⁷1110
2377 3231 2444 3285 ad
2469 3239 2668 3285 terram
2709 3229 2896 3284 clYudit
2927 3247 2942 3296 ;
2977 3240 3034 3284 et
3077 3231 3260 3285 statim
3289 3242 3558 3293 mortuus,
3587 3248 3616 3284 a
3647 3230 3722 3285 si-

441 3317 584 3373 tione
597 3322 924 3380 erubescens
939 3325 1005 3356 ¹⁶⁰
1021 3327 1307 3400 episcopus
1326 3331 1525 3388 domno
1541 3333 1584 3388 11
1592 3336 1750 3405 ugoni
1773 3339 2026 3394 assensit.

445 3409 508 3462 lit
532 3413 849 3483 episcopus,
885 3418 1009 3486 quia
1045 3420 1421 3478 thesaurarius
1445 3423 1630 3481 Sancti
1659 3426 1848 3482 Hilarii
1875 3441 1994 3484 erat
2015 3472 2029 3496 ,

443 3502 571 3557 dum
612 3517 737 3561 ante
772 3507 1118 3565 festivitatem
1158 3514 1402 3569 omnium
1437 3527 1748 3574 sanctorum
1795 3520 2033 3576 Pictavis

445 3593 567 3652 iret.
603 3595 656 3650 in
691 3599 890 3654 Sancto
916 3601 1143 3658 (Jan-oio
1171 3614 1446 3676 egrotans,
1487 3609 1628 3664 intra
1667 3611 1731 3666 15
1760 3611 1875 3668 dies
1899 3613 2036 3668 obiit

443 3687 555 3754 (an.
598 3690 786 3761 l020),
817 3704 872 3748 et
899 3695 968 3748 ibi
1002 3696 1248 3765 sepultus
1272 3709 1376 3754 est.
1407 3701 1486 3755 Ad
1509 3712 1669 3771 caput
1697 3703 1813 3772 ejus
1851 3705 2029 3760 tabula

444 3777 692 3844 plumbea
726 3779 896 3852 posita
920 3797 1003 3841 est
1037 3789 1107 3840 ita
1124 3792 1324 3858 scripta
1359 3809 1371 3844 :
1411 3790 1510 3844 llic
1542 3795 1817 3862 requiescit
1847 3795 2033 3849 Gerul-

444 3869 544 3922 rlas
579 3875 846 3938 (’piacaptts
891 3875 1208 3940 Lenwticu',
1269 3881 1396 3932 obiit
1443 3883 1476 3936 5
1524 3881 1655 3938 ldus
1699 3883 2028 3940 Novembris.

448 3958 658 4030 ,l’icfuil
687 3965 852 4018 eidem
895 3968 1004 4019 sedi
1038 3970 1070 4022 8
1103 3970 1278 4023 annis.
1330 3968 1457 4025 Post
1490 3982 1717 4026 mortem
1764 3972 1880 4044 ejus
1910 3989 2036 4030 suc-

445 4057 609 4110 cessit
628 4053 900 4115 Jordanus
928 4061 1232 4130 episwpus.

511 4147 599 4202 51.
642 4149 748 4204 Per
778 4151 879 4206 hos
913 4169 1084 4208 annos
1108 4153 1244 4220 Odo,
1279 4151 1535 4228 princeps
1583 4158 1830 4216 Dolensis
1859 4161 2028 4235 (145),

431 4314 504 4393 1·
531 4358 654 4396 cum
687 4345 883 4410 quilms
905 4346 1220 4401 benedictus
1241 4346 1419 4402 fuerat
1490 4351 1616 4404 add.
1645 4351 1698 4405 2.
1772 4352 1824 4406 2'
1861 4351 2070 4407 colobia
2101 4362 2279 4404 tamen
2303 4355 2355 4401 et
2377 4345 2557 4402 casula
2585 4345 2638 4399 2.

2135 3341 2342 3393 nagoga
2372 3321 2664 3377 Judeornm
2691 3323 2757 3376 de
2786 3321 3006 3376 basilica
3034 3322 3207 3377 sancti
3241 3321 3502 3390 Stephani
3525 3323 3720 3390 elatus,

2135 3417 2425 3486 sepultura:
2449 3417 2607 3470 datus
2625 3423 2730 3470 est.
2749 3417 2866 3482 Quo
2889 3424 3130 3487 tempore
3151 3415 3528 3471 Cordubenses
3551 3415 3724 3472 Mauri

2138 3525 2232 3578 per
2269 3523 2420 3562 mare
2463 3507 2728 3562 Gallicum
2778 3498 2958 3561 Subito
3007 3524 3130 3562 cum
3164 3506 3332 3561 multa
3385 3507 3544 3562 classi
3586 3506 3722 3560 Nar-

2138 3604 2294 3657 bonae
2338 3616 2435 3671 per
2473 3609 2688 3655 noctem
2736 3599 3084 3670 appulerunt,
3127 3609 3182 3653 et
3229 3616 3441 3654 summo
3485 3599 3723 3654 diluculo

2137 3712 2260 3750 cum
2285 3695 2454 3749 armis
2491 3695 2543 3748 in
2581 3693 2812 3749 circuitu
2845 3693 3084 3748 civitatis
3114 3707 3239 3748 sese
3282 3692 3589 3746 ell'uderunt
3623 3708 3638 3758 ;
3667 3699 3722 3744 et

2135 3789 2276 3857 sicut
2305 3787 2407 3857 ipsi
2431 3785 2587 3840 nobis
2618 3784 3043 3848 retuli-.runt'lO‘,
3077 3784 3618 3853 sortileginmeornm
3643 3783 3722 3836 eis

2133 3855 2486 3950 promiserat,
2541 3890 2800 3946 prospere
2845 3885 3062 3931 acturos
3107 3885 3163 3931 et
3195 3875 3503 3930 Narbonam
3531 3885 3718 3941 capttp

2138 3987 2247 4026 ros.
2277 3970 2348 4024 At
2387 3969 2672 4024 christiani
2710 3969 3026 4038 quantotius
3069 3983 3266 4038 corpus
3312 3977 3367 4022 ct
3405 3967 3720 4038 sanguinem

2139 4063 2235 4118 Dei
2265 4078 2295 4115 a
2325 4059 2700 4116 sacerdotibus
2729 4059 3058 4130 accipientes
3086 4059 3641 4118 communicaverunt,
3669 4066 3724 4110 et

2139 4133 2510 4226 pimparantes
2537 4165 2595 4205 se
2625 4151 2695 4204 ad
2722 4158 2972 4213 mortem,
3006 4147 3146 4204 bello
3172 4152 3490 4203 invaserunt
3529 4146 3723 4202 Sarra-

2741 4347 2794 4402 5‘
2837 4360 2934 4414 per
2977 4343 3266 4412 stationem
3317 4343 3468 4397 urbis
3523 4343 3722 4414 missas

532 4412 598 4494 2._
689 4413 752 4495 4‘.
785 4414 900 4470 {\on
929 4417 1186 4496 debemus
1217 4420 1652 4487 prietermittere,
1676 4423 1809 4496 ‘quia
1841 4439 1939 4496 per
1968 4422 2032 4476 l5
2059 4422 2174 4476 dies
2203 4420 2486 4496 altercatio
2533 4415 2634 4470 fuit
2683 4412 2918 4496 Pictavis
2946 4430 3062 4496 _pro
3088 4429 3202 4496 con
3224 4413 3726 4496 contradicentibus

431 4486 438 4491 ’
515 4483 784 4567 εψίεεορὶς
820 4486 1106 4567 ,θιξῑιιίζηιλ
1149 4483 1253 4541 Ilo-II
1283 4503 1434 4567 _esse
1482 4483 1859 4567 auctoritatem
1908 4493 2148 4555 Patrum,
2199 4488 2571 4567 ordinationes
2611 4489 2874 4567 graduum
2911 4483 2980 4540 ab
3017 4485 3242 4567 ostiario
3267 4487 3720 4567 usque'adprcs-

515 4553 762 4636 bytermu
817 4557 948 4637 heri.
975 4557 1355 4637 deberempisi
1383 4577 1478 4628 per
1503 4561 1706 4637 jejnnia
1735 4575 1968 4633 quatuor
2000 4553 2306 4637 temporum
2332 4560 2460 4614 anni
2489 4569 2544 4613 et
2577 4553 2684 4637 tota
2715 4557 3124 4637 quadragesima
3155 4570 3261 4637 per.
3275 4557 3391 4609 dies
3418 4554 3720 4637 albatorum

517 4640 686 4702 usque
709 4625 762 4680 in
788 4626 1020 4702 palmis,
1043 4629 1161 4702 sed,
1193 4625 1524 4702 ‘f‘vohintas
1545 4625 1803 4688 Willelmi
1834 4636 1986 4690 ducis
2014 4635 2080 4666 ¹⁵¹
2112 4625 2430 4702 praevalens,
2461 4625 3362 4702 auctoritatemdehitamcppilare
3388 4642 3494 4702 non
3520 4626 3720 4702 linunt.

518 4695 622 4748 l’er
651 4698 748 4752 hos
775 4695 890 4752 dies
909 4698 1178 4754 losl'redus
1199 4699 1252 4754 2.

516 4767 624 4820 des.
655 4767 709 4820 2.
785 4769 840 4822 8'
867 4771 1019 4824 ruina
1064 4771 1240 4825 subita
1271 4769 1324 4824 2.

1419 4712 1538 4768 post
1561 4705 1782 4758 terciam
1816 4706 1956 4759 diem
1993 4697 2124 4758 add:
2147 4703 2202 4756 2.
2277 4702 2332 4757 6‘
2366 4699 2693 4762 Matisconm,
2718 4699 2860 4767 quod
2886 4708 2965 4751 est
2991 4698 3043 4750 in
3075 4697 3382 4768 Burgundio
3406 4697 3461 4750 ‘2.
3527 4697 3580 4750 7·
3603 4697 3643 4750 1“.
3669 4711 3720 4752 e.

1405 4776 1456 4827 9‘
1481 4776 1544 4827 de
1580 4777 1760 4830 schola
1813 4775 2006 4831 Grecia
2057 4776 2183 4830 add.
2215 4775 2272 4827 2.

2348 4775 2431 4826 ω·
2465 4783 2650 4839 postea
2688 4769 2882 4839 captivi
2911 4769 3036 4821 add.
3065 4768 3100 4820 ‘2

1745 4972 1973 5028 νΑΒιΑς
2013 4968 2416 5026 LECTIONES.

453 5163 459 5169 '
523 5155 589 5189 ’θ’
614 5155 978 5214 cluniacensis
1014 5161 1068 5216 1.
1145 5159 1216 5195 ¹⁵⁰
1240 5159 1569 5216 crubcscans
1600 5148 1670 5210 1.’
1732 5157 1794 5187 ¹⁸²
1831 5171 1890 5210 se
1912 5174 1956 5208 τ.

2037 5153 2106 5185 ¹⁸²
2138 5155 2258 5211 duci
2290 5170 2316 5207 θ

1938 5283 2169 5340 ΝΟΤᾸΞ.

521 5444 672 5515 (M2)
711 5444 793 5500 Cl'.
839 5445 990 5515 Ann.
1039 5445 1263 5500 Lemov.
1310 5441 1575 5515 a.7l0l7_,_
1603 5439 1773 5504 1018,
1822 5437 1922 5492 SS.
1957 5437 2031 5501 ll,

451 5535 504 5588 p.
693 5515 800 5588 Sed
819 5514 1110 5572 Geraldum
1144 5517 1254 5587 jam
1280 5531 1343 5588 ra.
1372 5514 1510 5588 1015
1541 5511 1728 5588 Itonia:
1757 5523 2032 5588 reversum

452 5579 736 5662 essedici}
761 5587 1080 5662 Ademarns
1105 5579 1162 5662 in
1204 5580 1708 5662 epistobrap._hlal_i.
1751 5579 1898 5633 Anu.
1935 5579 2019 5662 |_V.

455 5676 505 5726 ιι.
536 5657 672 5730 72l_,
698 5656 1009 5730 ibidemque
1039 5657 1200 5730 refert
1231 5650 1317 5730 (ν.
1349 5650 1506 5720 7⁵25)ζ
1541 5650 1818 5705 Ῐκιεῖιῖοὶιιη
1879 5657 2036 5730 ξὐιυ-

454 5741 594 5780 stam
621 5726 950 5791 Salvatoris,
991 5743 1111 5798 qtlil‘.
1152 5727 1315 5780 nimia
1357 5731 1790 5800 vetustatcut‘nnc
1815 5726 2031 5800 ruinam

454 5799 774 5867 minitabat,
799 5790 1158 5868 anteseptem
1190 5811 1358 5852 annos
1389 5795 1460 5864 (i.
1496 5811 1544 5848 c.
1595 5791 1763 5859 l02l)
1796 5790 2032 5845 dirutam

2137 5454 2257 5494 esse
2285 5454 2454 5509 usque.
2477 5437 2541 5509 a'l
2570 5437 2768 5509 solum.

2210 5507 2452 5582 (145)-111
2479 5507 2782 5562 Britannia.

2241 5582 2356 5646 Hi)
2397 5584 2695 5649 Argenton.

2241 5584 2356 5646 ut)
2397 5584 2610 5649 Argenti

2209 5584 2358 5720 illi?)
2396 5650 2610 5704 Massai.

2209 5721 2355 5794 (ltiti)
2400 5722 2720 5778 Benedictus
2746 5720 2876 5776 \‘lll.
