4088 6416
356 347 429 401 6⁸1
1312 340 1789 398 HISTORIARU)!
1828 341 2002 395 Lliiill
2037 340 2237 395 TRiCS.
2276 372 2329 381 -ο
2373 342 2501 395 LER.
2544 343 2626 397 111.
3557 349 3626 405 66

356 474 542 524 ccnos,
576 468 632 514 et
677 458 904 514 victoria
948 460 1103 528 potiti
1136 467 1282 525 sunt,
1311 474 1610 529 omnesque
1639 470 1734 513 aut
1766 470 1939 513 morte
1971 471 2011 523 Α
2047 456 2220 509 victor
2249 466 2509 526 angustus
2536 459 2591 511 in
2645 458 2763 511 aula
2798 459 2979 529 palatii
3025 475 3128 513 non
3180 461 3337 515 modo
3375 463 3623 534 legendo,

353 561 453 607 aut
479 553 793 622 captivitate
817 566 941 607 cum
974 553 1201 608 navibus
1230 562 1286 608 et
1325 552 1509 607 multis
1539 553 1727 623 Spoliis
1750 567 1937 607 eorum

354 645 722 709 retinuerunt,
741 652 798 697 et
829 644 1071 714 captivos
1113 653 1206 698 aut
1224 644 1587 699 vendiderunt
1612 655 1707 699 aut
1732 646 1940 701 servire

355 733 693 799 fecerunt,ct
716 733 916 789 Sancto
942 734 1176 791 Marciali
1200 734 1502 790 Lemovicae
1515 736 1702 807 viginti
1727 734 1940 790 Mauros

354 839 585 892 corpore
630 839 882 878 enormes
934 824 1352 879 transmiserunt
1395 824 1540 879 dono
1569 824 1828 878 numeris.
1861 823 1940 878 Ex

353 915 555 985 quibus
604 914 770 968 abbas
818 913 1100 970 Gosl‘ridus
1130 915 1264 970 duos
1307 915 1531 970 retinuit
1576 916 1629 969 in
1658 915 1937 980 servitute,

353 1015 568 1061 ceteros
593 1005 779 1060 divisit
804 1022 901 1076 per
937 1007 1213 1077 principes
1241 1008 1574 1079 peregrinos,
1603 1008 1695 1077 qui
1718 1008 1783 1062 de
1812 1023 1939 1079 par-

356 1100 503 1154 tibus
533 1099 762 1153 diversis
789 1099 1129 1155 Lemovicum
1167 1112 1549 1155 convenerant.
1579 1101 1813 1171 Loquela
1843 1116 1937 1156 eo-

359 1204 481 1243 rum
507 1204 847 1259 nequaquam
873 1199 994 1244 erat
1039 1190 1442 1255 Sarracenisca,
1478 1191 1571 1247 sed
1618 1205 1768 1246 more
1790 1201 1939 1246 catu-

353 1278 534 1334 lorum
562 1279 864 1350 loquentes,
897 1280 1088 1350 glatire
1116 1281 1461 1336 videbantur.

425 1373 514 1427 53.
546 1373 625 1428 Eo
647 1383 889 1443 tempore
919 1373 1126 1428 inliuita
1174 1373 1460 1428 multitudo
1504 1372 1937 1428 Normannorum

352 1481 423 1519 ex
459 1466 837 1519 Danamarcha
872 1474 927 1520 et
949 1464 1122 1520 lresca
1152 1467 1372 1537 regione
1410 1481 1532 1520 cum
1559 1466 1732 1521 classe
1764 1466 1833 1497 ’⁸³
1861 1465 1939 1519 in-

350 1570 581 1609 numera
621 1554 945 1624 appulerunt
972 1566 1191 1625 portum
1239 1555 1643 1625 Aquitanicum.
1686 1555 1774 1621 Et,
1800 1555 1939 1610 sicut

352 1656 608 1715 parentes
657 1654 901 1715 egerant,
953 1646 1133 1701 conati
1181 1655 1311 1701 sunt
1338 1660 1552 1701 omnem
1591 1645 1935 1715 Aquitaniam

348 1740 627 1793 desertare
653 1748 708 1792 et
751 1739 1046 1808 captivare.
1094 1738 1280 1809 Itaque
1307 1741 1414 1794 dux
1446 1737 1773 1793 fortissimus
1794 1737 1934 1792 Wil-

2046 558 2235 596 verum
2259 554 2315 596 et
2340 546 2627 599 scribendo
2650 548 2984 603 creberrime
3023 551 3425 606 exercitahatnr
3455 554 3624 625 (M7).

2041 630 2175 685 Nam
2203 631 2536 688 Octavianus
2566 637 2731 690 Ccsar
2751 638 3024 708 Augustus
3044 648 3166 706 post
3192 639 3473 696 lectionem
3504 660 3627 713 pro-

2040 726 2159 794 pria
2187 741 2349 779 manu
2379 728 2563 797 prmlia
2595 744 2690 782 sua
2738 739 2794 782 et
2845 740 2995 799 gesta
3034 731 3399 787 Romanorum
3431 744 3487 789 et
3521 736 3626 790 alia

2041 834 2267 887 qumque
2290 834 2397 873 non
2425 822 2606 890 segnis
2638 822 2911 876 scribebat
2932 822 3100 893 (148).

2112 908 2201 963 55.
2245 908 2338 965 His
2390 912 2719 980 temporibus
2768 912 3064 968 Normanni
3103 916 3424 985 supradicti,
3481 925 3626 988 quod

2041 1009 2225 1070 patres
2253 1018 2440 1057 eorum
2485 1021 2777 1074 numquam
2818 1007 2933 1060 ausi
2977 1016 3104 1060 sunt
3149 1008 3349 1073 facere,
3390 1026 3513 1064 cum
3547 1011 3626 1066 in-

2044 1107 2274 1146 numera
2318 1093 2491 1149 classe
2514 1094 2828 1150 Hiberniam
2857 1096 3110 1164 insulam,
3141 1114 3259 1169 qua:
3287 1108 3341 1155 et
3367 1098 3626 1154 Hirlmtla

2041 1183 2255 1247 dicitur,
2306 1185 2536 1256 ingressi
2569 1195 2701 1241 sunt
2743 1204 2850 1242 una
2878 1204 3001 1242 cum
3052 1190 3315 1245 uxoribus
3348 1200 3404 1246 et
3442 1191 3628 1246 liberis

2038 1285 2096 1330 et
2121 1277 2347 1346 captivis
2373 1279 2703 1343 christianis,
2734 1295 2869 1349 quos
2902 1280 3146 1335 fecerant
3170 1282 3272 1337 sibi
3310 1297 3518 1349 servos,
3542 1293 3622 1346 nt,

2040 1367 2314 1423 llirlandis
2343 1371 2622 1438 extinctis,
2672 1372 2773 1442 ipsi
2805 1388 2907 1443 pro
2944 1374 3024 1428 eis
3072 1373 3453 1430 inhabitarent
3492 1391 3628 1445 opu-

2039 1460 2394 1517 lentissimam
2435 1463 2500 1495 ¹δ⁷
2529 1473 2751 1518 terram.
2798 1464 2928 1532 Quae
2977 1466 3047 1519 12
3074 1468 3324 1524 civitates
3356 1484 3477 1523 cum
3510 1484 3627 1522 am-

2039 1552 2295 1621 plissimis
2348 1554 2748 1625 episeopatihus
2795 1566 2851 1612 et
2896 1572 3063 1612 unum
3125 1574 3305 1630 regem
3350 1560 3515 1614 habet
3568 1573 3625 1614 ct

2039 1642 2314 1713 propriam
2344 1642 2606 1713 linguam,
2637 1647 2730 1700 sed
2779 1644 3002 1701 Latinas
3030 1646 3257 1702 litteras.
3290 1648 3461 1715 Quam
3500 1664 3627 1703 sat:-

2043 1742 2164 1789 ctus
2203 1735 2475 1790 Patricius
2506 1736 2783 1791 Romanus
2811 1737 2879 1791 ad
2925 1738 3084 1792 ﬁdem
3130 1740 3420 1804 convertit,
3467 1749 3522 1794 et
3550 1738 3624 1793 ibi

350 1828 548 1883 lelmus
570 1830 791 1884 mandat
818 1830 1017 1899 ubique
1060 1846 1160 1903 per
1202 1832 1507 1902 episcopos,
1535 1839 1594 1885 ut
1643 1832 1933 1885 suaderent

2037 1826 2247 1894 primus
2294 1825 2509 1895 praefuit
2538 1828 2864 1897 episcOpus;
2904 1843 3022 1896 qua:
3049 1828 3285 1897 undique
3330 1828 3468 1882 mari
3521 1828 3629 1882 cir-

346 1918 560 1988 plebern
590 1918 802 1974 Domini
831 1921 1091 1976 auxilium
1120 1938 1243 1977 cum
1267 1922 1489 1992 jejuniis
1511 1931 1565 1978 et
1586 1923 1804 1978 letaniis
1831 1925 1935 1977 im-

344 2011 586 2081 plorare.
628 2013 746 2083 Ipse
774 2029 901 2069 vero
948 2024 1275 2087 congregata
1312 2030 1479 2071 manu
1526 2015 1705 2071 valida
1732 2016 1937 2072 electo-

346 2121 491 2171 rum,
532 2122 719 2163 meuse
760 2109 1022 2179 Augusto,
1066 2110 1384 2165 imminente
1424 2109 1539 2178 jam
1579 2119 1759 2178 nocte,
1792 2112 1935 2166 circa

346 2197 478 2252 litus
510 2199 678 2253 maris
733 2214 893 2254 secus
945 2214 1039 2255 eos
1088 2209 1268 2256 castra
1299 2201 1588 2271 disposuit.
1622 2202 1825 2271 Pagani
1860 2203 1937 2256 vi-

344 2288 538 2343 dentes
566 2297 771 2343 tantam
805 2289 1236 2356 multitudinem,
1268 2300 1478 2347 terrore
1501 2293 1771 2363 conpulsi,
1825 2302 1935 2348 tota

344 2389 511 2435 nocte
532 2380 771 2436 minutas
814 2381 1035 2438 scrobes
1059 2399 1156 2454 per
1177 2385 1465 2440 circuitum
1508 2385 1577 2417 ηδ
1602 2385 1853 2441 foderunt
1882 2396 1938 2441 et

346 2471 650 2540 cespitibus
696 2483 1068 2542 operuerunt,
1125 2482 1185 2528 ut
1241 2474 1557 2545 ignorantes
1601 2477 1813 2545 equites
1861 2476 1934 2531 ibi

344 2574 589 2618 ruerent.
613 2564 797 2635 Itaque
825 2581 981 2621 mane
1010 2567 1187 2637 primo
1210 2568 1460 2623 incautus
1480 2569 1777 2632 exercitus,
1810 2584 1933 2624 cum

340 2653 479 2707 duce
510 2653 686 2723 prima
733 2654 929 2710 frontis
976 2658 1093 2712 acie
1144 2668 1530 2726 prtecttrrente,
1591 2675 1732 2730 equo
1771 2676 1933 2730 super

347 2758 593 2814 paganos
642 2744 795 2800 frena
824 2746 1031 2811 laxans,
1075 2762 1200 2803 mox
1247 2763 1348 2819 per
1392 2751 1613 2805 scrobes
1652 2750 1930 2806 dilabitur.

342 2834 410 2887 Et
433 2835 720 2890 ruentibus
742 2838 898 2906 equis
920 2852 1042 2892 cum
1062 2841 1372 2895 scssoribus
1398 2855 1671 2895 armormn
1691 2845 1932 2915 pondere

340 2924 606 2994 gravatis,
641 2927 838 2996 pagani
887 2927 1087 2982 multos
1138 2929 1398 2999 capiunt;
1448 2938 1504 2984 et
1545 2933 1821 2986 novissimi
1862 2934 1929 2964 ⁸⁵⁵

339 3017 638 3083 exercitus,
676 3019 828 3075 tarde
877 3029 1132 3075 caventes
1170 3002 1372 3087 dolum,
1421 3022 1577 3093 equis
1634 3024 1925 3080 dissiluan.

337 3104 461 3174 Ipse
493 3106 626 3172 dux,
650 3122 790 3177 equo
808 3108 1054 3164 scrobem
1084 3108 1383 3173 ollendens,
1414 3111 1465 3165 in
1489 3127 1729 3183 praeceps
1758 3116 1926 3180 venit,

2042 1916 2345 1970 cumcincta
2374 1929 2476 1970 est.
2511 1917 2583 1971 lbi
2616 1917 2926 1972 solsticialis
2945 1918 3207 1974 brumalis
3234 1918 3350 1973 dies
3377 1918 3463 1973 vix
3495 1919 3626 1973 dna-

2042 2020 2161 2057 rutn
2191 2015 2274 2060 est
2297 2007 2576 2072 horarum,
2606 2016 2661 2061 et
2684 2006 2998 2061 solsticialis
3028 2007 3202 2061 cstiva
3252 2022 3357 2061 nox
3383 2007 3625 2079 ejusdem

2039 2095 2342 2165 parvitatis.
2365 2096 2687 2153 Consertum
2710 2106 2795 2154 est
2826 2113 2956 2169 ergo
2986 2097 3231 2168 praelium
3259 2113 3358 2167 per
3388 2079 3624 2153 triduiun

2042 2190 2394 2254 incessanter,
2432 2198 2489 2245 et
2516 2188 2955 2245 Normanuorum
3004 2190 3183 2245 nullus
3233 2192 3387 2245 vivus
3431 2192 3624 2247 evasit.

2018 2278 2252 2335 Uxores
2295 2295 2486 2359 eorum
2513 2295 2637 2335 cum
2691 2280 2932 2348 parvulis
2976 2297 3097 2335 sese
3124 2290 3333 2335 cunctae
3377 2282 3429 2335 in
3476 2298 3626 2336 mare

2037 2369 2345 2439 praecipites
2374 2368 2728 2425 sull'ocarunt.
2760 2371 2861 2438 Qui
2893 2370 3172 2439 vivieapti
3217 2381 3362 2435 sunt,
3396 2371 3527 2426 feris
3556 2373 3624 2425 ad

2038 2464 2354 2519 laniandum
2385 2464 2454 2497 ¹⁵⁸
2486 2466 2709 2535 projecti
2763 2475 2909 2522 sunt.
2952 2464 3130 2521 Unum
3166 2482 3232 2522 ex
3282 2469 3513 2538 captivis
3549 2470 3625 2523 dis

2038 2553 2323 2621 misit,rex
2372 2556 2578 2624 vivere,
2611 2557 2735 2626 quia
2767 2557 3128 2612 christianum
3154 2559 3425 2627 captivum
3457 2558 3624 2614 fuisse

2036 2647 2314 2717 cognovit,
2346 2657 2401 2702 et.
2453 2664 2576 2703 cum
2608 2650 2924 2703 muneribus
2950 2649 3189 2704 donavit.
3224 2650 3336 2705 Rex
3367 2665 3498 2705 vero
3522 2651 3622 2705 Ca-

2040 2746 2203 2791 ttotus
2240 2738 2306 2792 de
2354 2741 2728 2794 Danamarcha
2778 2755 3046 2809 paganus,
3098 2751 3311 2797 mortuo
3350 2743 3623 2798 Adalrado

2038 2844 2163 2898 rege
2186 2830 2481 2899 Anglorum
2506 2832 2617 2900 (an.
2652 2831 2830 2902 1010),
2874 2847 3097 2902 regnum
3142 2832 3259 2901 ejus
3297 2832 3420 2888 dolo
3449 2835 3614 2904 cepit,

2032 2926 2088 2972 et
2117 2919 2356 2988 reginam
2375 2921 2745 2991 Anglorum‘in
2769 2919 3078 2992 conjugium
3108 2924 3340 2993 accepit,
3366 2940 3485 2994 quzc
3504 2939 3624 2979 erat

2033 3026 2191 3066 soror
2234 3011 2452 3066 comitis
2500 3012 2848 3068 Rotomensis
2892 3014 2958 3044 ¹⁵⁹
3006 3014 3284 3081 Richardi,
3334 3023 3390 3069 ct
3444 3015 3622 3072 factus

2032 3103 2386 3168 Christianus,
2426 3111 2659 3173 utraque
2690 3120 2857 3176 regna
2888 3107 3084 3171 tenuit,
3140 3116 3195 3160 et
3248 3122 3621 3178 quoscumque

338 3208 395 3251 et
425 3200 594 3252 armis
620 3208 877 3253 oneratus
913 3199 1138 3269 jamjam
1169 3202 1445 3258 deciderat
1488 3204 1544 3258 in
1585 3219 1803 3260 manum
1827 3208 1925 3260 ad-

2035 3195 2208 3264 potuit
2240 3211 2306 3250 ex
2338 3197 2566 3266 paganis
2594 3199 2662 3252 de
2702 3197 3080 3254 Danamarcha
3129 3200 3194 3255 ad
3228 3199 3385 3254 tidem
3414 3199 3616 3256 Christi

336 3289 731 3355 versariorum,
779 3291 908 3357 nisi,
941 3291 1072 3359 Deo,
1106 3294 1197 3362 qui
1246 3308 1369 3349 eum
1423 3310 1640 3366 semper
1668 3298 1926 3365 custodit,

334 3381 509 3436 robur
556 3391 613 3437 et
659 3392 895 3440 mentem
951 3386 1000 3440 ei
1061 3388 1426 3458 ministrante,
1476 3406 1674 3463 magno
1724 3393 1929 3464 impetu

340 3471 539 3526 saltum
571 3473 727 3527 daret
748 3482 802 3528 et
832 3474 1174 3532 velocissimo
1195 3493 1357 3534 cursu
1379 3496 1499 3536 sese
1522 3482 1770 3537 redderet
1793 3484 1925 3538 suis.

338 3562 459 3618 Mox
492 3564 863 3620 intermissum
911 3576 996 3622 est
1042 3569 1243 3624 bellum
1294 3586 1459 3626 causa
1509 3581 1810 3643 captorum,
1861 3590 1929 3629 ne

338 3652 833 3722 interimerentur;
876 3665 1034 3711 erant
1063 3658 1208 3713 enim
1255 3674 1321 3713 ex
1379 3661 1753 3716 nobilioribus.
1793 3662 1925 3717 Cum

324 3758 405 3800 eo
424 3745 515 3800 die
540 3746 611 3799 ab
634 3747 880 3818 utrisque
911 3757 1217 3817 notaretur,
1262 3753 1511 3821 sequenti
1545 3763 1723 3820 nocte,
1753 3754 1927 3823 plebi-

330 3836 528 3892 tudine
555 3840 725 3893 maris
772 3840 1054 3909 invitante,
1106 3857 1228 3897 cum
1259 3845 1433 3912 captis
1484 3846 1696 3900 concite
1732 3848 1926 3917 pagani

338 3928 573 3983 navibus
618 3929 882 3997 insiliunt,
915 3942 971 3986 et
1010 3932 1213 3987 auxilio
1251 3934 1424 4004 pelagi
1472 3935 1792 4004 liberantur,
1822 3953 1928 3993 nec

336 4019 570 4088 amplius
598 4020 732 4075 lines
774 4021 897 4077 illos
927 4023 1297 4091 inquietarunt
1326 4026 1414 4079 “5°.
1468 4026 1583 4081 Dux
1609 4036 1788 4082 autem
1827 4044 1927 4098 pro

337 4107 518 4176 captis
543 4108 750 4162 infinita
771 4111 1011 4178 pondera
1039 4112 1246 4182 argenti
1290 4114 1457 4177 misit,
1489 4122 1544 4168 et
1568 4130 1930 4189 unumquem-

336 4210 444 4264 que
472 4211 708 4265 pcusans
728 4207 952 4269 argento
986 4202 1214 4254 redemit
1242 4201 1536 4256 hominem.

409 4283 500 4338 51.
543 4285 667 4341 Fuit
692 4289 795 4342 dux
823 4290 923 4344 iste
946 4306 975 4343 a
1002 4290 1237 4359 pucricia
1261 4292 1451 4347 doctus
1477 4292 1692 4359 litteris,
1722 4302 1774 4349 et
1795 4296 1928 4351 satis

335 4375 597 4445 noticiam
624 4377 1015 4447 scripturarum
1058 4379 1265 4435 habuit.
1297 4381 1584 4437 Librorum
1630 4386 1841 4455 copiam
1874 4387 1925 4440 in

333 4465 541 4535 palatio
572 4483 670 4522 suo
693 4470 949 4535 servavit,
982 4481 1037 4525 et
1070 4472 1113 4526 si
1165 4472 1307 4528 forte
1340 4489 1370 4527 a
1416 4474 1646 4528 tumultu
1682 4486 1939 4542 vacaret,

2033 3285 2301 3356 pertraxit
2334 3287 2415 3340 ε’.
2452 3286 2727 3343 Richardo
2755 3303 2889 3343 vero
2920 3288 3121 3344 comite
3167 3289 3473 3362 Rotomagi,
3510 3290 3620 3345 tilio

2032 3378 2311 3445 Richardi,
2348 3378 2688 3436 Normannos
2716 3382 3080 3451 gubernante,
3112 3381 3400 3437 multitudo
3428 3398 3619 3437 eorum

2031 3484 2153 3525 cum
2180 3469 2317 3524 duce
2339 3468 2573 3524 Rodull’o
2601 3472 2796 3525 armati
2820 3472 3070 3536 Romam,
3103 3480 3158 3526 et
3184 3472 3309 3527 inde
3335 3473 3620 3549 c.ivente

2030 3575 2171 3630 papa
2200 3560 2495 3615 Benedicto
2524 3561 2808 3630 Appuliam
2860 3564 3124 3633 aggressi,
3170 3573 3366 3618 cuncta
3419 3565 3614 3619 deras-

2034 3659 2152 3706 tant
2205 3651 2317 3722 (an.
2373 3651 2555 3722 1017).
2608 3652 2807 3707 Contra
2854 3668 2992 3721 quos
3038 3654 3341 3708 exercitum
3380 3652 3618 3708 Basilius

2032 3744 2289 3807 intendit,
2320 3752 2375 3798 et
2402 3745 2788 3819 congressione
2819 3745 2902 3799 bis
2937 3753 2992 3799 et
3029 3753 3111 3799 ter
3142 3744 3283 3800 facta
3315 3745 3403 3810 “5°,
3444 3745 3614 3799 victu-

2032 3853 2120 3891 res
2140 3836 2437 3892 Normanni
2468 3837 2727 3891 existunt.
2760 3835 2965 3903 Quarto
2991 3850 3287 3907 congressu
3318 3849 3439 3891 cum
3457 3844 3619 3907 gente

2032 3927 2330 3982 Russorum
2362 3926 2513 3999 (H9)
2540 3928 2667 3982 victi
2700 3936 2755 3982 ct
2798 3928 3059 3995 prostrati
3084 3936 3225 3982 ‘sunt
3254 3938 3309 3982 et
3344 3928 3412 3982 ad
3441 3926 3619 3982 nichi-

2032 4019 2141 4073 lum
2183 4019 2411 4087 redacti,
2448 4028 2501 4074 et
2556 4019 2829 4074 innumeri
2866 4020 3011 4074 ducti
3071 4018 3614 4088 Constantinopolim,

2031 4125 2204 4180 usque
2232 4111 2298 4164 ad
2340 4111 2544 4164 exitum
2585 4111 2707 4165 vita:
2739 4112 2792 4165 in
2821 4111 3138 4166 carceribus
3188 4110 3423 4165 trihulati
3465 4120 3613 4164 sunt.

2036 4201 2191 4257 Unde
2233 4202 2405 4255 exivit
2450 4202 2845 4271 proverbium:
2901 4201 3099 4257 Greca:
3132 4219 3248 4256 cum
3296 4218 3520 4256 carruca
3549 4202 3619 4257 le-

2031 4310 2207 4363 porem
2257 4294 2414 4363 capit.
2465 4292 2615 4347 Tunc
2642 4308 2740 4363 per
2767 4294 3061 4353 triennium
3103 4293 3395 4347 interclusa
3423 4300 3509 4346 est
3536 4293 3616 4346 via

2033 4384 2450 4451 llierosolimte;
2503 4403 2627 4441 nam
2691 4398 2913 4459 propter
2979 4389 3115 4443 iram
3160 4386 3615 4452 Normannorutn,

2034 4479 2365 4550 quicumque
2407 4480 2782 4535 invenirentur
2810 4481 3107 4551 peregrini,
3156 4496 3187 4534 a
3236 4479 3428 4536 Grecis
3468 4478 3617 4548 ligati

332 4555 559 4612 lectioni
590 4574 688 4629 per
741 4575 799 4615 se
849 4560 1021 4629 ipsum
1069 4577 1288 4632 operam
1337 4559 1516 4619 dabat.
1563 4564 1923 4637 Longioribus
1957 4566 2001 4626 D
2030 4572 2556 4643 Constantinopolim
2593 4576 2954 4640 ducebantur,
2977 4584 3032 4629 et
3068 4575 3139 4628 ibi
3185 4574 3448 4629 carcerati
3480 4572 3616 4627 altli—

331 4650 589 4705 noctibus
616 4651 941 4708 elucubratis
966 4654 1017 4707 in
1041 4653 1214 4721 libris,
1257 4654 1431 4711 donec
1457 4672 1648 4713 somno
1676 4660 1923 4715 vincere-

332 4751 442 4794 tur.
472 4740 585 4799 lluc
627 4743 954 4801 Hludovicus
1002 4748 1316 4817 imperator,
1350 4751 1451 4804 hoc
1483 4760 1637 4819 pater
1665 4750 1782 4819 ejus
1814 4753 1923 4806 Ma-

326 4849 473 4901 gnus
498 4833 729 4890 Karolus
778 4838 1183 4893 assuescebant.
1233 4839 1569 4897 Theodosius
1619 4843 1673 4896 l'
1708 4858 1923 4914 quoque

2029 4663 2318 4734 gebautur.
2352 4663 2484 4717 ltcm
2512 4648 2835 4728 Normanni,
2864 4666 3001 4719 duce
3033 4664 3312 4735 Rotgerio,
3360 4664 3426 4717 ad
3475 4664 3619 4717 occi-

2031 4756 2239 4811 dendos
2282 4771 2524 4826 paganos
2568 4756 2882 4826 Hispaniam
2913 4756 3139 4827 profecti
3168 4754 3338 4825 (150),
3371 4755 3618 4808 innume-

2027 4863 2117 4903 ros
2147 4847 2582 4905 Sarracenorum
2629 4849 2967 4913 deleverunt,
3018 4858 3073 4904 et
3113 4848 3365 4903 civitates
3394 4845 3479 4901 vel
3531 4862 3618 4900 ca-

328 4990 379 5042 Γ
415 4986 550 5071 Nam
573 4991 1032 5075 etIOCtaviannus
1057 4995 1226 5052 Cesar
1253 4999 1527 5068 Augustus
1564 5001 1639 5075 ing
1664 5002 1785 5057 aula
1842 5003 2026 5071 palatii
2084 5020 2190 5059 non
2218 5005 2401 5065 modo
2432 5006 2658 5075 legendo
2699 5021 2887 5060 verum
2933 5016 2990 5061 et
3046 5006 3335 5061 scribendo
3399 5005 3613 5057 creber-

407 5060 548 5148 ritlnc
577 5062 644 5093 ¹⁶¹
694 5074 845 5132 gesta
881 5072 938 5148 et
963 5065 1071 5148 alia
1110 5083 1323 5137 queque
1338 5060 1471 5148 “non
1495 5072 1674 5148 segnis
1710 5060 2017 5148 scribebat.
2040 5076 2096 5131 2,

402 5132 580 5186 solum
612 5148 834 5203 regnum
875 5138 942 5191 de
971 5132 1302 5194 Danamarca
1330 5143 1519 5196 tenuit.
1545 5132 1671 5196 ἇᾱά.
1704 5144 1760 5198 2.

2204 5076 2259 5129 2ο
2294 5075 2457 5133 Pater
2484 5079 2601 5148 ejus
2629 5093 2870 5148 paganus
2889 5118 2902 5142 ,
2932 5079 3151 5133 nomine
3196 5078 3411 5147 Asqnec
3440 5075 3609 5147 (151),

1688 5233 1922 5289 VARle
1955 5234 2340 5293 LECTIONES

407 5341 477 5427 ¹ξ³
502 5340 674 5427 classa
726 5361 865 5427 corr.
898 5346 1073 5427 classe
1114 5348 1164 5400 l.
1243 5346 1700 5427 “i'circttit‘atnl.
1757 5346 1847 5427 nl"
1893 5349 2091 5427 novi‘ssi
2146 5351 2197 5427 1ἶ
2278 5350 2373 5427 κέδμ-
2402 5352 2773 5427 inequitarunt
2804 5356 2852 5408 1.
2933 5355 3494 5427 "'opulantissimam
3555 5354 3602 5409 l'.

326 5413 402 5444 ³⁸⁸
436 5412 749 5469 laniendum
802 5416 848 5469 1.
933 5417 1001 5448 ⁸⁸⁸
1032 5418 1362 5472 rotomansis
1394 5418 1443 5470 l.

1525 5417 1590 5448 ¹⁶⁰
1642 5416 1769 5472 facti
1816 5434 1955 5472 τοῖν.
2003 5420 2143 5473 facta
2181 5422 2229 5474 1.
2311 5421 2376 5452 ³⁸³
2411 5416 2653 5479 crchime
2676 5442 2723 5479 ε.

1860 5550 2087 5607 NOTAE.

405 5640 552 5712 (H7)
591 5640 671 5697 Cl'.
726 5642 793 5697 de
823 5638 1130 5698 Theodosio
1162 5641 1383 5696 iuniore
1417 5640 1553 5695 llist.
1596 5639 1751 5694 misc.
1804 5656 1918 5708 xw,

323 5716 421 5768 eti.
457 5712 648 5766 Murat.
684 5728 732 5781 p.
769 5714 856 5769 96.
1118 5758 1123 5763 .

405 5783 676 5854 (1411),(ὶῐ.
705 5784 950 5840 Suetonii
978 5783 1099 5839 Vita
1131 5783 1379 5853 Augusti,
1406 5798 1453 5836 c.
1484 5781 1572 5835 8'3.

2026 5654 2031 5659 '
2291 5644 2687 5722 Quiinllasilii
2708 5652 2948 5722 exercitu
2981 5652 3145 5707 fuisse
3171 5652 3435 5707 videntur.

2402 5717 2848 5794 BaluziusMarGt
2875 5723 3049 5793 Hisp.,
3080 5740 3130 5794 p.
3166 5724 3290 5779 429.

2068 5797 2072 5800 ‘
2108 5784 2251 5856 (151)
2296 5785 2437 5840 Sucn
2473 5786 2787 5861 Tvcskiaeg.
