4032 5416
477 294 554 348 c7
1657 287 1965 344 annnam
2005 286 2064 342 s.
2103 287 2374 342 CIBARBI
2407 284 2712 344 uoxacm
3083 250 3090 255 ’
3679 289 3748 348 es

481 405 646 462 stella
687 403 755 459 ab
789 405 868 460 eis
907 403 1182 458 abstulere
1222 402 1410 457 multa.
1464 401 1649 456 Primo
1679 417 1808 457 vero
1837 401 2068 456 adventu
2101 407 2142 462 Α
2173 407 2270 469 put
2295 399 2648 469 przecursoris
2673 397 2881 453 Domini
2906 398 3248 455 Alexandria:
3277 399 3516 456 habitum
3551 411 3636 457 est
3671 401 3748 456 δ’.

492 513 592 552 suo
645 496 956 567 Rotgerius,
1004 493 1332 550 Sarracenis
1375 493 1585 565 captis,
1631 506 2075 562 unumquemque

491 605 679 644 eorum
720 604 816 658 per
865 587 984 642 dies
1029 587 1288 656 singulos,
1339 585 1644 641 videntibus
1667 583 1890 648 ceteris,
1919 582 2074 652 quasi

481 693 716 750 porcum
745 693 843 749 per
865 675 1034 732 frusta
1084 677 1150 709 ³⁸³
1195 676 1464 742 dividens,
1495 677 1547 730 in
1578 675 1835 730 caldariis
1861 683 2074 730 coctum

495 770 576 824 eis
611 769 913 841 apponebat
935 783 1035 838 pro
1069 766 1264 837 epulis,
1291 774 1346 821 et
1371 768 1424 821 in
1470 767 1574 822 alia
1605 766 1766 820 domo
1790 764 2078 820 simulabat

495 876 554 916 se
597 861 882 916 comedere
899 875 1033 916 cum
1084 860 1198 914 suis
1226 859 1431 929 reliqua
1481 859 1786 913 medietatis
1830 855 2074 912 monbra.

495 951 791 1022 Postquam
827 951 912 1006 ita
955 967 1144 1006 onmes
1195 952 1583 1024 percurrisset,
1631 951 1986 1005 novissimum
2013 949 2078 1004 de

495 1045 738 1100 custodia
763 1045 918 1113 quasi
945 1043 1235 1114 neglegens
1265 1031 1616 1111 permittebat
1643 1042 1802 1114 fugae,
1846 1041 1936 1112 qui
1965 1041 2080 1094 haec

495 1145 744 1191 monstra
798 1135 1120 1191 Sarracenis
1171 1135 1456 1189 nunciaret
1496 1135 1574 1188 4‘.
1633 1133 1751 1200 Qua
1803 1132 1871 1186 de
1918 1145 2077 1185 caiisa

497 1229 694 1282 timore
722 1227 1039 1291 exanimati,
1064 1227 1256 1282 vicinae
1305 1225 1574 1296 llispanire
1619 1223 1910 1279 Sarraceni
1943 1237 2078 1278 cum

490 1331 624 1387 rege
672 1331 769 1371 suo
819 1315 1027 1371 Museto
1060 1329 1248 1384 pacem
1295 1330 1326 1369 a
1373 1315 1648 1370 comitissa
1697 1312 2080 1366 Barzelonensi

499 1407 880 1462 Ermensende
932 1414 1233 1477 petunt,-et
1278 1421 1518 1460 annuum
1568 1407 1830 1459 tributum
1881 1403 2081 1474 persol-

497 1513 626 1554 vere
673 1499 960 1569 spondent.
993 1499 1300 1553 Eratenim
1343 1499 1458 1552 hcce
1497 1497 1676 1560 vidua,
1719 1505 1773 1551 et
1821 1495 2082 1566 Rotgerio

471 1638 474 1641 .
498 1608 653 1649 suam
675 1592 839 1646 filiam
869 1592 922 1646 in
955 1591 1356 1646 matrimonium
1375 1591 1707 1644 sociaverat.
1729 1589 1862 1643 Cum
1889 1589 2083 1658 quibus

497 1699 629 1753 pace
659 1683 821 1747 facta,
850 1675 1138 1752 Rotgérius
1163 1696 1284 1735 omn
1317 1679 1574 1735 ulteriore
1601 1679 1859 1749 Hispania
1889 1679 2081 1732 decer-

2175 491 2358 560 ltaque
2387 488 2808 544 dum-inventum
2834 491 3214 544 ostenderetur
3243 500 3404 560 caput
3445 491 3621 547 sancti
3657 491 3753 548 Jo-

2175 583 2394 647 hannis,
2427 583 2606 637 omnis
2630 583 2915 652 Aquitania
2937 591 2992 636 et
3014 582 3208 648 Gallia,
3229 582 3382 638 Italia
3411 595 3468 639 et
3493 584 3752 654 Hispania

2176 675 2242 728 ad
2269 673 2469 728 famam
2498 684 2792 740 commota,
2812 674 2884 729 ibi
2910 688 3196 730 occurrere
3218 675 3475 728 certatim
3531 675 3756 730 festinat

2177 761 2365 836 (θοι).
2393 762 2506 817 Rex
2539 777 2755 832 quoque
2786 763 3080 818 Rotbcrtus
3109 764 3160 817 6‘
3191 778 3256 818 ac
3286 764 3502 834 regina,
3525 762 3756 818 "ex'Na-

2177 870 2368 920 vamc,
2397 855 2505 910 dux
2536 854 2841 911 Wasconia:
2887 855 3138 920 Saucius,
3179 855 3294 912 Odo
3345 855 3755 928 Campanensis,

2178 946 2404 1001 comites
2432 954 2488 1000 et
2515 947 2822 1015 principes,
2869 961 2990 1000 cum
3025 946 3291 1017 episcopis
3344 955 3399 1003 et
3447 947 3755 1010 abbatibus,

2177 1052 2475 1107 omnesque
2519 1037 2812 1107 dignitates
2865 1047 3132 1092 terrarum
3183 1052 3247 1091 eo
3293 1037 3620 1092 conﬂuxere.
3653 1035 3758 1093 Ubi

2179 1141 2367 1181 omnes
2395 1125 2692 1180 oll‘erebaut
2717 1141 2940 1180 munera
2982 1128 3226 1196 preciosa
3258 1127 3456 1182 diversi
3500 1127 3756 1196 generis;

2180 1216 2270 1288 ubi
2297 1215 2639 1284 supradictus
2668 1230 2762 1269 rex
2787 1215 3144 1280 Francorum,
3190 1215 3370 1270 oblata
3406 1231 3576 1271 conca
3606 1215 3660 1268 7‘
3694 1233 3760 1270 ex

2179 1323 2314 1362 auro
2343 1309 2634 1378 purissimo
2668 1318 2932 1377 pensante
2965 1307 3132 1362 libras
3159 1309 3230 1363 50
3256 1317 3312 1362 et
3348 1309 3592 1364 vestibus
3643 1323 3756 1378 prc-

2179 1400 2343 1454 ciosis
2375 1400 2428 1454 8'
2463 1399 2530 1453 ad
2564 1409 2816 1452 ornatum
2845 1399 3110 1465 ecclesiae,
3131 1415 3170 1454 .a
3202 1399 3472 1456 Willelmo
3500 1401 3638 1455 duce
3683 1414 3759 1454 reo

2181 1499 2432 1544 verenter
2453 1497 2738 1557 susceptus
2763 1488 2838 1554 9‘,
2861 1489 3143 1543 Franciam
3181 1505 3434 1544 reversus
3461 1497 3574 1545 est.
3614 1488 3764 1544 Ultra

2181 1597 2396 1636 onmem
2431 1579 2744 1635 felicitatem
2775 1588 2830 1634 et
2857 1580 3083 1650 gloriam
3136 1582 3422 1636 videbatur
3466 1595 3768 1636 concursus

2182 1670 2523 1742 psallentium
2555 1686 2678 1724 cum
2725 1669 2967 1739 reliquiis
3005 1679 3316 1726 sanctorum
3355 1671 3766 1734 canonicorum,

492 1786 616 1832 tare
651 1777 810 1844 cepit,
835 1783 890 1828 et
911 1775 1142 1844 quadam
1171 1773 1259 1828 die
1281 1788 1388 1827 una
1413 1787 1534 1827 cum
1559 1773 1614 1828 2'
1643 1773 1714 1828 40
1751 1771 2086 1826 solunnnodo

2191 1762 2575 1816 monachorum
2610 1801 2626 1827 ,
2680 1761 3054 1830 undecumque
3103 1761 3170 1816 ad
3229 1763 3546 1816 memoriam
3595 1761 3767 1816 sancti

498 1865 816 1924 Christianis
845 1865 1172 1934 quingentos
1203 1861 1639 1918 Sarracenorum
1667 1863 1873 1918 electos
1917 1863 1971 1917 in
2002 1862 2084 1916 ia-

500 1959 654 2013 sidiis
693 1957 925 2011 latentes
953 1953 1196 2020 offendit,
1221 1971 1343 2010 cmn
1376 1955 1574 2026 quibus
1623 1954 1944 2027 conﬂigens,
1978 1955 2085 2009 fra-

500 2059 640 2104 trem
663 2063 818 2103 suum
863 2062 1170 2102 manzerem
1212 2047 1419 2112 amisit,
1450 2055 1506 2103 et
1529 2048 1690 2102 tertio
1719 2063 1968 2117 campum
2005 2046 2086 2101 lu-

501 2149 705 2203 strans,
758 2147 813 2194 et
843 2139 898 2190 23'
933 2138 1055 2209 plus
1081 2147 1298 2193 centum
1339 2139 1680 2194 adversarios
1732 2139 1984 2202 extinxit,
2030 2147 2086 2192 et

492 2247 624 2285 cum
655 2231 769 2286 suis
820 2218 1042 2301 propr'ia
1074 2230 1287 2298 revisit,
1334 2245 1437 2284 nec
1469 2230 1588 2285 ausi
1629 2239 1756 2286 sunt
1797 2229 2086 2286 Sarraceni

501 2321 749 2392 persequi
781 2320 1098 2392 fugientem.

573 2413 663 2467 56.
690 2412 792 2466 Per
821 2413 922 2466 bos
941 2412 1058 2466 dies
1083 2411 1232 2482 (152)
1259 2410 1513 2481 dignatus
1535 2420 1620 2466 est
1642 2411 1902 2467 Dominus
1929 2411 2091 2466 clari-

498 2501 670 2556 ﬁcare
695 2514 938 2570 tempora
968 2503 1300 2558 serenissimi
1328 2502 1484 2557 ducis
1505 2503 1783 2558 Willelmi.
1802 2503 1870 2557 ‘ln
1902 2503 2090 2559 diebus

501 2595 616 2650 suis
641 2607 875 2664 namque
908 2602 1072 2664 caput
1100 2595 1273 2648 sancti
1313 2593 1576 2650 Johannis
1626 2595 1678 2649 iu
1730 2595 1951 2650 basilica
1981 2595 2092 2648 An-

499 2683 830 2755 geriacensi,
861 2683 916 2738 in
945 2685 1100 2738 theca
1133 2683 1200 2716 ‘“
1231 2700 1393 2739 saxea
1423 2685 1616 2740 turrita
1660 2685 1832 2740 instar
1871 2686 2092 2754 pirami-

506 2776 591 2830 dis
622 2774 714 2840 ηδ,
745 2775 1022 2829 inventum
1079 2784 1165 2830 est
1210 2777 1278 2830 ab
1305 2775 1538 2830 Alduino
1563 2774 1866 2830 clarissimo
1896 2777 2092 2830 abbate

506 2866 620 2932 (un.
649 2866 787 2920 lOlO
811 2865 877 2936 ἵ).
905 2865 1058 2932 Quod
1088 2875 1338 2921 sanctum
1361 2875 1522 2936 caput
1567 2867 1756 2921 dicunt
1809 2882 1931 2922 esse
1975 2883 2090 2936 pro-

499 2956 684 3024 prium
716 2956 964 3025 baptista:
989 2955 1275 3012 Johannis.
1305 2956 1459 3012 Tunc
1494 2956 1798 3013 Willelmus
1828 2963 1934 3012 dux
1962 2958 2092 3028 post

508 3043 792 3113 paschales
819 3046 932 3101 dies
953 3045 1124 3100 Roma
1153 3062 1456 3118 regressus,
1485 3047 1590 3102 hoc
1615 3048 1820 3112 audito,
1855 3049 2092 3119 repletus

2175 1852 2963 1924 .praccursorisfestinantium.
2997 1854 3142 1908 inter
3171 1869 3292 1922 quae
3339 1855 3579 1923 reliquis:
3620 1852 3762 1922 priu-

2187 1945 2322 2013 cipis
2351 1943 2564 2008 summi,
2591 1943 2682 2013 qui
2743 1952 2900 2014 pater
2915 1953 3007 1998 est
3048 1943 3442 2013 Aquitanorum
3471 1953 3524 1997 ct
3565 1947 3772 2012 primus

2189 2032 2488 2088 Galliarum
2513 2033 2905 2103 spermologus,
2930 2031 3180 2086 videlicet
3200 2033 3343 2086 beati
3374 2033 3598 2101 apostoli
3624 2030 3770 2084 Mar-

2189 2124 2362 2188 cialis,
2401 2124 2562 2178 simul
2587 2140 2710 2178 cum
2738 2123 2984 2193 reliquiis
3036 2123 3211 2176 sancti
3261 2123 3522 2192 Stephani
3570 2121 3772 2176 Lemo-

2189 2216 2324 2271 viczn
2353 2216 2516 2282 sedis,
2545 2214 2672 2269 illuc
2695 2213 3102 2270 deferebantur.
3132 2213 3430 2266 Protractis
3471 2211 3540 2244 ‘“
3591 2212 3775 2281 itaque

2189 2309 2362 2365 sancti
2392 2308 2663 2363 Mareialis
2689 2309 2739 2362 in
2765 2308 3002 2362 vecturio
3023 2323 3088 2361 ex
3113 2322 3246 2362 auro
3265 2317 3315 2362 et
3341 2307 3569 2378 gemmis
3591 2306 3764 2376 pigne-

2189 2401 2340 2456 ribus
2371 2399 2505 2454 foris
2528 2399 2804 2454 basilicam
2855 2400 3153 2468 propriam,
3195 2414 3321 2453 mox
3373 2397 3552 2452 omnis
3601 2396 3774 2466 Aqui-

2192 2491 2358 2554 tania,
2423 2505 2545 2560 quae
2588 2489 2702 2559 jam
2758 2489 2848 2543 diu
2907 2489 3070 2543 nimis
3129 2487 3326 2558 pluviis
3388 2487 3774 2548 laboraverat,

2183 2584 2424 2640 adventu
2470 2584 2639 2654 patris
2689 2584 2773 2640 sui
2829 2583 3133 2638 lartiiicatur
3185 2583 3476 2638 serenitate
3535 2581 3773 2636 reddita.

2189 2675 2326 2730 Cum
2362 2675 2564 2730 eisdem
2596 2674 2909 2746 pigneribus
2943 2675 3113 2729 abbas
3135 2671 3416 2728 Josfredus
3451 2682 3614 2740 atque
3659 2670 3777 2740 epi-

2195 2782 2393 2840 scopus
2413 2766 2668 2822 Giraldus
2689 2783 2810 2822 cum
2843 2767 3182 2837 principibus
3211 2765 3514 2820 ntnuerosis
3538 2775 3594 2818 et.
3621 2763 3771 2817 οιιιιιὶ

2193 2856 2576 2912 innumerabili
2609 2855 2806 2926 populo
2829 2856 3166 2910 diverterunt
3189 2855 3242 2908 iu
3277 2853 3557 2908 basilicam
3579 2850 3778 2906 sancti

2195 2946 2494 3002 Salvatoris
2517 2947 2744 3002 Carroli.
2774 2946 3010 3002 Exierun
3023 2956 3148 3017 tque
3173 2947 3256 3002 eis
3283 2946 3496 3002 obviam
3525 2943 3779 3000 monachi

2195 3042 2488 3100 cumomni
2515 3042 2669 3113 plebe
2693 3042 2933 3111 populari
2979 3042 3044 3072 ³⁵⁷
3088 3039 3320 3096 miliario
3362 3054 3506 3102 uno,
3553 3045 3610 3091 et
3652 3050 3778 3090 cum

506 3144 592 3189 est
619 3135 836 3206 gaudio.
879 3144 935 3192 et
954 3147 1199 3191 sanctum
1252 3146 1414 3207 caput
1457 3138 1671 3210 populis
1698 3140 2088 3194 ostendendum
2119 3146 2162 3204 ρ
2195 3143 2456 3206 apparatu
2479 3133 2778 3188 honoriﬁco
2799 3129 3466 3200 l0‘,autiphonasexcelsa
3490 3127 3784 3182 voceinto-

506 3227 770 3280 decrevit.
806 3226 900 3281 Est
930 3228 1266 3282 reconditum
1314 3229 1487 3298 ipsum
1533 3240 1696 3300 caput
1745 3231 1796 3284 in
1855 3231 2090 3286 turibulo

511 3325 794 3384 argenteo,
823 3317 914 3372 ubi
947 3313 1142 3373 littera:
1169 3318 1424 3391 leguntur
1453 3339 1466 3373 ε
1498 3319 1600 3374 Hic
1633 3323 1906 3392 requiescit
1932 3331 2090 3392 caput

501 3422 669 3475 ,ιη-αττ
747 3407 853 3462 oris
885 3407 1120 3462 Domini.
1143 3411 1187 3463 A
1219 3425 1330 3480 quo
1352 3421 1529 3466 tamen
1585 3411 1668 3467 vel
1717 3427 1824 3480 quo
1853 3423 2096 3481 tempore

509 3497 597 3552 vel
625 3423 767 3552 uage
796 3499 905 3552 huc
957 3501 1217 3552 delatum-
1250 3501 1334 3552 vel
1377 3502 1421 3552 si
1479 3503 1833 3552 nrmcursoris-
1883 3504 2095 3552 Domini

509 3497 597 3554 vel
625 3497 767 3554 unde
796 3499 905 3554 huc
957 3501 1218 3569 delatum,
1250 3501 1334 3558 vel
1377 3502 1421 3557 si
1477 3503 1833 3574 prtecursoris
1883 3504 2095 3558 Domini

509 3592 606 3653 sit,
636 3591 1051 3663 haudquaquam
1077 3595 1478 3666 fideliter-patet
1512 3597 1599 3652 ⁸⁸⁸.
1632 3598 1689 3652 In
1743 3599 1910 3670 gestis
1953 3599 2096 3654 enim

510 3682 688 3753 Pipiui
716 3686 881 3756 regis,
918 3701 1042 3741 cum
1090 3688 1158 3744 de
1205 3690 1506 3744 minoribus
1551 3690 1764 3766 legatur
1819 3693 2000 3756 rebus,
2031 3708 2094 3746 ex

513 3775 640 3838 hac,
663 3791 784 3844 quae
833 3792 900 3830 ex
957 3779 1210 3832 maximis
1239 3789 1344 3844 est,
1374 3794 1538 3836 causa
1571 3782 1846 3847 reticetur,
1875 3791 1931 3837 et
1966 3783 2104 3837 scri—

513 3871 670 3932 ptura
703 3880 769 3918 ex
798 3879 864 3919 eo
901 3865 1040 3920 facta
1101 3867 1248 3936 (I55)
1301 3883 1640 3940 nequaquam
1689 3887 1795 3926 non
1830 3873 1998 3927 futilis
2033 3871 2102 3926 ab

511 3953 742 4007 cruditis
765 3953 1093 4025 dijudicetur
1120 3956 1197 4014 4⁷.
1229 3957 1346 4014 Non
1375 3961 1520 4014 enim
1552 3961 1774 4030 Pipinus
1806 3963 1866 4016 in
1910 3963 2101 4017 diebus

516 4043 798 4114 Theophili
823 4063 923 4103 nec
953 4056 1191 4119 tempore
1211 4051 1599 4108 Wandalorum
1631 4054 1832 4119 extitit,
1877 4069 1977 4110 nec
2012 4069 2102 4108 ca-

516 4176 570 4231 1‘
598 4177 680 4264 ita
711 4177 946 4264 fabulam
1004 4181 1202 4264 'i'iestis
1226 4199 1406 4238 veram
1437 4185 1738 4264 a‘dimplens
1765 4185 1889 4264 qdd.
1919 4185 1996 4264 2._
2055 4183 2112 4264 2:
2140 4184 2308 4264 _Pet_ro
2333 4183 2584 4264 episcopo
2619 4181 2999 4264 ΤῼΙοεθμῖξβ),
3019 4189 3074 4236 ει
3103 4181 3229 4264 (ξέζάε

586 4249 734 4302 acies
757 4249 1100 4324 adversarius
1119 4255 1424 4324 irrumpens
1455 4255 1511 4308 2.

2197 3241 2411 3296 nantes,
2437 3229 2780 3284 deduxerunt
2821 3243 2993 3298 usque
3036 3229 3122 3282 .ad'
3158 3227 3329 3282 altare
3361 3223 3678 3281 Salvatoris.
3711 3222 3782 3276 Et

2199 3325 2362 3378 missa
2394 3323 2686 3386 celebrata,
2733 3321 2896 3376 simili
2949 3321 3110 3376 modo
3163 3319 3432 3390 prosecuti
3485 3324 3612 3370 sunt
3657 3327 3775 3368 eos.

2199 3411 2441 3482 Cumque
2467 3412 2520 3465 in
2545 3412 2828 3466 basilicam
2873 3411 3047 3464 sancti
3080 3409 3422 3480 precursoris
3462 3407 3776 3467 intrassent,

2201 3503 2497 3558 celebravit
2524 3502 2595 3556 ibi
2632 3503 2719 3556 Μ’
2746 3501 2966 3555 missam
2999 3501 3285 3570 episcopus
3305 3497 3565 3552 -Giraldus
3593 3497 3658 3551 de
3688 3509 3784 3548 na-

2207 3595 2416 3650 tivitate
2455 3594 2627 3649 sancti
2671 3593 2942 3663 baptistze,
2969 3577 3094 3648 cum
3123 3600 3267 3647 esset
3297 3591 3498 3646 mensis
3524 3588 3778 3644 Octuber.

2203 3674 2460 3744 Canonici
2490 3688 2658 3742 sancti
2686 3686 2944 3755 Stephani
2975 3701 3098 3740 cum
3133 3685 3414 3740 monachis
3443 3683 3615 3736 sancti
3641 3680 3783 3733 Mar-

2204 3777 2356 3831 cialis
2378 3775 2686 3830 alternatim
2727 3783 2912 3843 tropos
2947 3788 3011 3827 ac
3039 3773 3226 3827 laudes
3247 3771 3560 3826 cecinerunt
3595 3768 3702 3832 12‘;
3727 3775 3785 3822 et

2204 3873 2327 3935 post
2357 3866 2577 3919 missam
2604 3864 2888 3933 cpiscopus
2930 3877 3052 3916 cum
3095 3861 3273 3929 capite
3301 3857 3476 3913 sancti
3517 3856 3786 3912 Johannis

2204 3958 2480 4013 benedixit
2525 3957 2806 4026 populum;
2851 3961 2906 4008 et
2934 3953 3014 4008 sic
3053 3952 3120 4007 de
3142 3950 3416 4006 miraculis
3443 3949 3616 4004 sancti
3648 3949 3786 4002 illar-

2197 4051 2382 4117 cialis,
2409 4065 2529 4120 quae
2566 4063 2664 4118 per
2717 4047 2857 4102 viam
2909 4047 3266 4116 contigerant,
3319 4044 3474 4100 valde
3517 4044 3786 4108 halantes,

3407 4178 3460 4233 3‘
3489 4178 3789 4247 Tercioque

1611 4255 1667 4308 4‘
1701 4256 1756 4309 In
1785 4257 1886 4310 hac
1911 4256 2054 4310 enim
2088 4255 2276 4309 frivola
2305 4249 2539 4308 refertur
2567 4255 2781 4323 pagina,
2815 4249 2869 4306 in
2896 4249 3086 4306 diebus
3117 4251 3288 4323 l’ipini
3321 4251 3462 4323 regis
3482 4249 3788 4323 Aquitania:

589 4321 878 4387 quemdam
921 4321 1157 4395 Felicem
1190 4317 1448 4380 detulisse
1475 4325 1545 4379 ab
1577 4325 1900 4380 Alexandria
1929 4341 2023 4395 per
2049 4341 2200 4380 mare
2231 4325 2282 4379 in
2330 4317 2680 4392 Aquitaniam
2724 4333 2884 4395 caput
2935 4323 3108 4377 sancti
3134 4317 3404 4395 Johannis
3424 4317 3692 4388 Baptistae.
3723 4317 3791 4372 Et

586 4397 717 4466 tunc
771 4393 1032 4462 temporis
1055 4394 1407 4466 Alexandrie
1439 4395 1716 4466 przefuisse
1748 4393 2104 4466 Theophilum
2133 4395 2621 4466 archiepiscopum,
2651 4393 2804 4466 cujus
2831 4394 3012 4466 Lucas
3035 4393 3388 4466 inprincipio
3413 4401 3631 4445 actuum
3659 4403 3788 4456 apo-

587 4459 852 4540 stolorum
887 4459 1152 4540 :mentiuit
1198 4465 1388 4540 dicens
1416 4459 1709 4540 {Primum
1731 4459 1940 4540 quidem
1984 4459 2492 4540 serrrtonent_leci_dé
2521 4459 2785 4540 omnibus,
2817 4483 2846 4520 ο
2880 4459 3195 4532 Theophile;
3226 4459 3308 4516 et
3335 4469 3634 4540 peractum
3669 4472 3791 4540 esse

583 4529 830 4598 praelium
864 4532 937 4606 "in
979 4533 1222 4588 Alniensi
1277 4550 1414 4604 pago
1465 4537 1608 4590 inter
1655 4527 1902 4606 Pipinum
1941 4546 2199 4606 regemet
2241 4527 2529 4600 Walados;
2563 4535 2849 4605 ipsumque
2877 4527 3516 4606 caputsuperquosdam
3562 4527 3788 4606 interfe-

587 4609 706 4654 ctos
740 4602 1006 4674 satellites
1045 4618 1172 4658 suos
1204 4602 1512 4674 impositum
1543 4621 1570 4658 a
1603 4602 1756 4670 reae,
1789 4615 1844 4660 et
1875 4621 1969 4660 eos
2002 4602 2125 4660 mox
2159 4607 2509 4660 resuscitatus
2537 4602 2679 4660 esse.
2710 4602 2836 4658 add.
2869 4606 2926 4658 2.

3038 4603 3092 4656 5‘
3117 4600 3374 4673 Legimus
3415 4600 3468 4673 in
3492 4600 3790 4673 Aquitano-

586 4685 709 4724 rum
744 4671 974 4744 legimus
1000 4674 1088 4738 ιθθ,
1118 4668 1294 4743 primo
1335 4677 1610 4730 inventum
1647 4668 1712 4708 “9
1738 4668 1903 4744 caput
1943 4677 2114 4731 sancti
2165 4677 2502 4745 precursoris
2555 4692 2584 4729 a
2616 4677 2824 4730 duobus
2887 4673 3171 4728 monachis
3199 4668 3298 4744 per
3324 4671 3706 4745 revelatiouem
3736 4668 3786 4745 in

584 4755 654 4794 eo
703 4738 1049 4815 quo'vcntum
1090 4738 1202 4810 est;
1233 4745 1488 4814 deinceps
1532 4755 1711 4800 autem
1753 4763 1782 4800 a
1809 4738 2122 4801 Theodosio
2165 4738 2512 4815 'imperatore
2557 4745 2794 4800 delatum
2827 4745 2879 4798 in
2901 4745 3175 4815 civitatem
3201 4738 3428 4812 ’regiam
3471 4738 3785 4815 _(_Ionstanti-

586 4814 848 4887 nopo_l_im,
899 4815 1206 4887 ibidemque
1257 4817 1525 4870 venerari.
1563 4816 1753 4885 Itaque
1805 4826 1866 4870 ut
1911 4818 1980 4871 ad
2025 4814 2359 4887 propositum
2395 4818 2694 4887 redeamus
2713 4815 2840 4868 add.
2872 4816 2927 4868 2.

591 4895 684 4932 rex
714 4882 972 4958 l\'ava_r_re_
997 4882 1256 4958 Saucius,
1293 4901 1590 4958 o_mnesque
1620 4882 1912 4957 dignitates
1962 4882 2149 4958 eorum
2203 4887 2509 4958 coitllugere
2535 4887 2590 4941 2.

595 4951 762 5006 textis
789 4953 918 5007 add.
945 4954 1000 5008 2.

593 5017 789 5075 hannis
819 5021 871 5076 2.
950 5023 1042 5092 ιε’
1073 5017 1267 5081 festive
1295 5041 1446 5082 more
1474 5027 1602 5081 add.
1629 5030 1686 5082 2.
1834 5046 1868 5088 Α

1099 4956 1150 5009 9‘
1184 4971 1282 5028 per
1314 4955 1548 5010 Pictavis
1575 5027 1579 5028 ν
1602 4955 1729 5010 add.
1757 4957 1811 5010 2.
1889 4957 1976 5010 lO‘
2016 4957 2158 5012 diem
2201 4955 2404 5011 festum
2431 4967 2650 5028 agentes
2677 4956 2802 5009 add.
2833 4955 2890 5008 2.

3014 4815 3069 4868 6'
3100 4809 3436 4868 Francorum
3471 4809 3788 4867 llothertus,

2685 4885 2739 4938 7'
2771 4887 2963 4956 gabata
2989 4884 3045 4956 2.
3139 4883 3195 4937 8"
3220 4881 3550 4937 odoscerieis
3577 4890 3633 4933 et
3658 4892 3791 4956 auro

2991 4955 3078 5009 H‘
3107 4961 3234 5008 ante
3285 4959 3448 5022 caput
3498 4945 3792 5005 sanctilo-

1717 5117 1952 5175 VARIE
1987 5118 2388 5176 LECTIONES.
