4088 6380
322 359 401 411 ’(Ξῐ)
1298 356 1771 415 HISTGREARUM
1812 360 1995 414 LIBRI
2038 361 2218 415 TRES
2279 393 2349 403 —-
2387 363 2516 417 LIB.
2559 363 2643 417 lll.
3515 374 3586 428 70

330 473 522 543 quinto
567 470 653 524 die
703 477 830 524 ante
882 468 1230 523 festivitatem
1286 468 1538 524 Omnium
1587 469 1909 533 Sanctorum
1939 476 1987 531 Α
2085 471 2171 525 57.
2208 471 2336 527 Post
2365 481 2594 527 mortem
2625 473 2857 543 denique
2889 477 3180 545 supradicti
3228 481 3463 552 episcopi
3503 485 3592 540 Gi-

330 564 537 619 reversi
567 570 713 618 sunt.
740 589 811 601 —-
857 560 931 614 Ea
983 568 1299 630 tempestate
1344 569 1565 616 sanctus
1598 560 1909 616 Leonardus

327 653 612 709 confessor
660 652 718 704 in
776 649 1166 715 Lemovicino,
1222 660 1279 703 et
1333 660 1551 705 sanctus
1605 650 1909 706 Antoninus

326 754 540 816 martyr
560 745 613 797 in
645 728 953 798 Cadurcino
981 741 1257 797 miraculis
1282 743 1661 806 coruscabant,
1682 751 1736 797 et
1757 743 1909 796 undi-

328 849 437 904 que
463 832 646 903 pepuli
675 847 739 887 eo
763 831 1131 886 conﬂuebant.
1159 831 1229 885 Et
1274 831 1540 902 gloriosus
1564 832 1667 885 dux
1694 833 1908 902 recogi-

327 911 452 977 tans
478 923 571 984 Dei
602 922 886 987 honorem,
919 921 1094 976 accito
1122 919 1348 976 Otiilone
1394 922 1733 976 sanctissimo
1780 922 1908 977 Clu-

326 1014 573 1070 niacensi
598 1014 666 1046 ¹⁷⁰
695 1013 889 1068 abbate
914 1053 930 1078 ,
960 1012 1013 1067 in
1054 1013 1224 1067 sancti
1270 1012 1534 1068 Johannis
1579 1015 1909 1068 monasterio

326 1107 631 1178 regularem
663 1106 942 1161 renovavit
986 1106 1400 1171 districtioncm,
1425 1106 1515 1160 ubi
1559 1105 1715 1161 Odilo
1742 1105 1910 1160 abba-

325 1209 436 1253 tem
480 1198 805 1254 Rainaldnm
863 1198 1159 1268 disposuit,
1192 1197 1446 1253 defuncto
1481 1200 1534 1253 l‘
1562 1198 1792 1253 Alduino
1815 1198 1906 1253 ab-

320 1290 468 1347 bate.
498 1292 561 1346 Et
589 1291 852 1347 ltainaldo
874 1290 932 1345 2'
960 1290 1211 1362 spiritum
1264 1291 1518 1346 reddente
1541 1331 1555 1354 ,
1589 1290 1905 1346 Aimiricum

319 1397 421 1450 pro
450 1382 770 1437 eodomnus
813 1381 971 1437 Odilo
1020 1389 1229 1451 patrem
1279 1381 1569 1450 praeposuit
1611 1380 1769 1451 (circa
1813 1397 1901 1433 an.

320 1469 504 1538 1020).
537 1469 669 1523 Item
710 1470 837 1524 dum
880 1469 1118 1539 reliquize
1147 1470 1320 1523 sancti
1358 1470 1610 1539 Eparchit
1642 1470 1901 1538 procede-

318 1571 445 1617 rent
475 1563 541 1617 ad
569 1571 817 1617 sanctum
860 1577 1275 1633 praecursorem,
1308 1562 1518 1617 delatus
1563 1570 1648 1616 est
1699 1563 1905 1631 pariter

317 1654 544 1709 baculus
566 1652 806 1723 ejusdem
840 1653 1186 1709 confessoris.
1214 1654 1310 1707 Est
1340 1652 1454 1722 ipse
1475 1652 1698 1707 baculus
1722 1663 1901 1721 p:;s:o-

315 1747 449 1799 ralis
488 1746 540 1799 in
572 1745 884 1799 summitate
906 1754 1185 1808 curvatus,
1213 1745 1279 1798 ad
1308 1743 1463 1813 cujus
1491 1743 1895 1798 similitudinem

2013 563 2146 617 raldi
2179 565 2290 634 (an.
2318 566 2474 636 1020)
2496 566 2844 619 decertabant
2876 568 3145 638 principes
3170 568 3588 631 Lemoviceuses

2011 667 2107 720 pro
2137 655 2470 724 episcopatu,
2498 669 2621 708 cum
2652 654 2961 710 Simoniaca
3006 658 3175 712 heresi
3213 662 3585 728 pontiﬁcatum

2009 744 2284 798 vindicare
2319 747 2516 799 conati.
2542 746 2692 799 Tunc
2733 748 2959 815 populus
3009 749 3157 803 urbis
3195 750 3421 807 letanias
3460 770 3585 810 cum

2012 833 2291 887 monachis
2318 842 2372 887 et
2400 835 2677 889 canonicis
2709 845 2929 905 propter
2972 838 3072 892 hoc
3119 842 3342 910 peregit,
3392 852 3444 897 et
3476 846 3586 900 dux

2008 922 2459 989 prudentissimus
2490 939 2612 977 cum
2634 925 2952 981 consiliario
2978 942 3076 981 suo
3096 928 3366 985 Willelmo
3387 938 3589 990 comite

2008 1009 2363 1077 Egolismensi
2442 1014 2580 1081 apud
2662 1012 2923 1069 Sanctum
2987 1015 3275 1073 Juuianum
3331 1022 3586 1089 placitum

2007 1101 2198 1156 habuit
2252 1117 2317 1158 ex
2372 1104 2475 1159 hac
2521 1121 2683 1160 causa
2712 1106 2822 1176 (an.
2850 1107 2981 1162 {02]
3011 1149 3025 1169 ,
3074 1110 3467 1182 Jan.)..Adfuit
3514 1114 3585 1168 ibi

2005 1190 2169 1248 Wido
2216 1194 2521 1251 vicecomes
2568 1205 2625 1250 et
2667 1212 2856 1252 omnes
2908 1200 3178 1269 principes
3218 1201 3588 1257 Lemovicino-

2006 1298 2147 1337 rum.
2178 1284 2252 1339 lbi
2276 1284 2371 1339 Dei
2402 1296 2534 1341 nutu
2565 1287 2812 1356 elegit‘in
2849 1291 3191 1360 episcopatus
3234 1294 3439 1348 honore
3464 1293 3586 1349 Jor—

2007 1374 2202 1430 danum
2227 1378 2557 1446 propositum
2586 1379 2830 1435 ecclesia:
2856 1384 3026 1436 sancti
3066 1383 3350 1452 Leonardi,
3379 1403 3585 1456 magnae

2007 1468 2306 1523 nobilitatis
2332 1477 2387 1525 et
2413 1469 2772 1539 simplicitatis
2802 1474 2997 1528 virum.
3028 1473 3266 1545 Surgens
3293 1492 3452 1532 mane
3479 1479 3584 1532 dux

2005 1572 2034 1609 a
2074 1560 2404 1614 monasterio
2442 1562 2616 1615 sancti
2646 1560 2885 1627 Iuniani,
2919 1578 3040 1618 eum
3078 1565 3287 1621 duobus
3312 1568 3579 1637 episcopis

2002 1647 2175 1702 lslone
2202 1658 2257 1704 et
2283 1648 2567 1705 lsimberto
2616 1661 2669 1706 et
2720 1652 3062 1708 multitudine
3106 1655 3412 1726 principum
3443 1698 3458 1722 ,
3489 1659 3581 1713 de-

2004 1740 2150 1794 venit
2196 1739 2264 1794 ad
2294 1742 2480 1795 urbem
2531 1740 2677 1795 circa
2730 1742 2918 1796 horam
2968 1754 3199 1798 sextam.
3232 1745 3331 1800 Cui
3362 1746 3578 1800 obviam

314 1854 477 1906 super
505 1838 759 1908 reliquias
778 1837 1016 1906 ejusdem
1045 1838 1221 1893 sancti
1247 1838 1358 1893 oris
1387 1838 1667 1893 nocturnis
1724 1854 1898 1907 usque
1934 1822 1975 1880 Β
2002 1830 2269 1901 Processu
2298 1832 2476 1886 Omnis
2506 1833 2697 1888 Cit'ilas
2723 1834 2983 1902 gaudenti.
3011 1841 3066 1889 et
3086 1850 3210 1890 mox
3235 1846 3489 1905 properat
3515 1837 3580 1889 ad

311 1929 429 1981 sole
458 1926 673 1981 oriente
704 1926 1033 1996 resplenduit
1078 1928 1130 1981 in
1171 1926 1309 1981 caelo
1352 1927 1538 1997 igneus
1564 1928 1619 1983 5‘
1649 1927 1896 1992 baculus,

311 2018 490 2085 quoad
519 2025 738 2072 ventum
768 2026 850 2072 est
882 2017 948 2071 ad
979 2027 1140 2086 caput
1170 2017 1343 2071 sancti
1369 2016 1656 2083 Johannis,
1701 2026 1755 2072 et
1798 2019 1896 2073 mi-

312 2108 517 2163 raculis
545 2124 575 2162 a
607 2108 673 2140 ’⁷³
701 2117 888 2163 sancto
917 2107 1186 2178 Eparchio
1209 2123 1372 2177 super
1402 2108 1648 2163 inﬁrmos
1671 2118 1893 2164 sanatos

312 2201 578 2269 peractis,
602 2217 722 2254 cum
747 2200 924 2255 leticia
951 2216 1259 2271 regressum
1283 2210 1384 2256 est.
1417 2201 1703 2257 Cauonieis
1732 2204 1895 2257 etiam

309 2291 488 2345 sancti
516 2290 659 2344 Petri
686 2290 830 2346 sedis
861 2291 1247 2360 Egolismensis
1294 2292 1714 2361 procedentibus
1774 2309 1897 2348 cum

311 2378 580 2447 reliquiis,
613 2395 735 2434 cum
767 2379 1118 2435 subveetores
1142 2394 1349 2444 earum,
1396 2380 1566 2435 induti
1603 2382 1775 2438 sacris
1808 2393 1893 2436 tu-

311 2470 477 2533 nieis,
526 2484 625 2539 per
675 2469 1000 2539 profundum
1045 2471 1265 2526 ﬂuvium
1315 2474 1755 2540 pertransissent.
1793 2492 1894 2530 non

310 2570 599 2616 senserunt
624 2577 842 2630 aquam,
871 2565 965 2617 sed
996 2564 1106 2617 acsi
1140 2564 1207 2595 ""
1247 2579 1344 2632 per
1370 2566 1577 2621 aridam
1626 2569 1898 2625 ambulas-

310 2661 453 2715 εριιι,
518 2651 723 2705 nullum
778 2653 989 2724 signum
1038 2669 1193 2723 aqua:
1240 2670 1404 2724 super
1451 2671 1547 2711 eos
1588 2672 1688 2712 nec
1734 2673 1896 2727 super

311 2743 632 2796 vestimenta
656 2743 738 2797 vel
767 2743 1126 2801 calciamenta
1157 2760 1343 2800 eorum
1369 2749 1615 2817 apparuit
1642 2732 1719 2803 4⁵.
1754 2750 1893 2805 Con-

314 2836 434 2906 tigit
458 2836 706 2890 homines
725 2837 897 2891 sancti
924 2834 1189 2891 Johannis
1215 2846 1269 2892 et
1290 2838 1546 2893 Willelmi
1570 2842 1720 2897 ducis
1742 2841 1795 2896 in
1824 2842 1893 2875 ¹”

310 2927 617 2999 Angeriaco
644 2931 764 2984 vico
799 2928 1133 2994 tumultuari,
1164 2937 1219 2984 et
1256 2930 1569 2986 vulneratus
1623 2942 1706 2987 est
1757 2949 1894 3004 pra:-

309 3022 521 3088 positus
545 3021 697 3077 ducis
733 3022 799 3077 ad
828 3031 1082 3087 mortem,
1121 3031 1178 3077 et
1229 3024 1350 3078 aula
1400 3025 1518 3095 ejus
1572 3025 1643 3080 ibi
1691 3026 1890 3082 diruta.

308 3109 465 3165 Tunc
493 3125 522 3163 a
557 3110 878 3181 primatibus
906 3110 1194 3176 malivolis,
1226 3121 1278 3167 et
1320 3114 1572 3183 precipue
1595 3130 1622 3168 a
1652 3114 1890 3171 Fulcoue

304 3202 529 3267 comite,
567 3202 657 3270 qui
688 3210 816 3256 tunc
872 3202 925 3255 in
980 3202 1202 3256 servitio
1250 3202 1403 3257 ducis
1453 3202 1688 3258 Pictavis
1741 3214 1883 3271 erat,

309 3304 554 3365 tempore
573 3293 1001 3363 quadragesima:
1022 3294 1350 3349 suadebatur
1394 3296 1444 3351 ei
1497 3294 1781 3351 destruere
1812 3298 1886 3352 lo-

304 3401 432 3441 cum
481 3385 652 3440 sancti
708 3383 986 3447 Johannis,
1052 3394 1107 3439 et
1165 3386 1289 3440 inde
1340 3388 1632 3442 monachos
1663 3388 1881 3458 ejicere,

301 3474 598 3530 canonicos
626 3475 680 3529 5'
713 3474 1002 3529 inmittere.
1035 3474 1102 3529 Et
1141 3474 1269 3528 licet
1303 3476 1684 3530 serenissimus
1730 3478 1880 3546 prin-

305 3582 434 3635 ceps
464 3564 651 3621 furore
681 3565 830 3633 gravi
862 3573 1162 3619 commotus
1188 3574 1332 3619 esset
1383 3580 1481 3635 pro
1536 3565 1729 3633 injuria
1761 3582 1879 3632 sua,

304 3667 490 3710 tamen
538 3671 691 3710 suam
741 3655 875 3709 iram
921 3664 975 3710 et
1023 3655 1311 3725 impiorum
1362 3655 1587 3709 consilia
1624 3656 1792 3717 vicit,
1828 3667 1884 3712 et

304 3747 473 3817 regali
498 3762 648 3803 more
677 3762 797 3802 cum
830 3746 1040 3803 ratione
1078 3746 1330 3816 prudenti
1369 3761 1586 3801 causam
1630 3747 1882 3816 paciﬁca-

300 3837 401 3890 vit.
436 3837 771 3907 Semperque
802 3836 903 3891 fuit
935 3852 1214 3891 servorum
1246 3836 1337 3891 Dei
1369 3836 1633 3901 defensor,
1664 3848 1718 3891 et
1740 3838 1881 3894 Deus

300 3930 350 3983 ei
387 3930 442 3983 in
476 3929 729 3985 omnibus
757 3927 970 3997 adjutor
995 3928 1073 3981 ϐ’.
1108 3926 1258 3983 Tunc
1284 3942 1408 3982 casu
1431 3928 1622 3982 civitas
1644 3929 1880 3985 Pictavis

302 4019 587 4072 combusta
609 4025 716 4081 est,
748 4018 929 4072 etdux
967 4017 1148 4072 sedem
1181 4017 1350 4071 sancti
1380 4016 1526 4071 Petri
1558 4026 1880 4088 ceterasque

300 4110 564 4165 ecclesias
589 4124 854 4181 suumque
890 4108 1149 4179 palatium
1199 4108 1390 4179 majori
1435 4108 1629 4164 decore
1672 4109 1741 4141 ¹⁷⁶
1770 4125 1887 4164 am-

302 4201 512 4273 pliavit.

301 4357 356 4410 1’
409 4368 581 4423 nuper
643 4354 772 4408 add.
807 4353 860 4407 2.
938 4353 991 4406 2'
1022 4362 1141 4422 post
1179 4352 1380 4423 aliquot
1411 4370 1581 4410 annos
1616 4355 1742 4411 add.
1773 4359 1829 4413 2.

2002 1921 2281 1976 basilicam
2337 1922 2570 1993 regalem
2613 1923 2786 1994 (155),
2834 1933 3085 1992 receptus
3133 1940 3164 1979 a
3214 1926 3494 1980 monachis
3526 1925 3580 1979 7'

2000 2028 2125 2069 cum
2152 2021 2300 2067 textu
2353 2023 2667 2069 sanctorum
2697 2015 3101 2085 evangeliorum
3131 2024 3187 2071 et
3213 2016 3580 2070 timiamathe-

2001 2103 2085 2157 rio
2108 2102 2185 2167 8‘,
2215 2104 2355 2158 sicut
2384 2119 2599 2173 semper
2623 2104 2691 2158 ab
2711 2104 2791 2158 eis
2819 2105 2925 2158 dux
2965 2105 3103 2159 solet
3131 2106 3329 2175 excipi.
3363 2106 3490 2161 Inde
3514 2108 3581 2159 ad

2000 2191 2262 2247 tumulant
2298 2194 2472 2247 sancti
2511 2192 2782 2248 Marcialis
2818 2195 3040 2248 missam
3066 2194 3307 2259 audivit;
3338 2204 3393 2249 et
3425 2194 3580 2262 juxta

1998 2285 2388 2340 monasterium
2411 2299 2475 2338 eo
2499 2284 2586 2339 die
2609 2285 2862 2354 regaliter
2882 2286 3188 2355 hospitatus
3207 2296 3309 2340 est.
3329 2286 3580 2341 Crastino

1997 2380 2222 2434 barbam
2253 2380 2426 2435 electo
2456 2381 2702 2434 benedici
2745 2380 2905 2449 jubet
2954 2391 3009 2436 et
3055 2382 3298 2449 detondi,
3327 2394 3381 2439 et
3405 2384 3483 2438 sic
3512 2386 3580 2439 ad

1996 2472 2177 2526 sedem
2204 2472 2378 2526 sancti
2408 2471 2674 2526 Marcialis
2707 2472 2760 2525 in
2788 2472 2910 2525 aula
2939 2473 3114 2527 sancti
3164 2473 3424 2542 Stephani
3449 2474 3574 2529 Jor-

1995 2564 2198 2617 danum
2225 2562 2471 2627 deduxit,
2525 2571 2581 2616 et
2627 2576 2750 2616 eum
2805 2560 2999 2617 bacqu
3052 2564 3307 2633 pastorali
3353 2564 3423 2619 ibi
3454 2580 3578 2619 eum

1995 2653 2163 2723 gratis
2190 2650 2395 2706 honore
2426 2650 2724 2722 pontificali
2749 2651 3000 2718 vestivit;
3038 2662 3265 2723 eratque
3310 2652 3433 2707 linis
3481 2652 3572 2706 Ja-

1996 2741 2170 2796 nuarii
2199 2741 2423 2805 mensis,
2453 2750 2508 2797 et
2535 2755 2786 2797 reversus
2835 2749 2919 2796 est
2965 2741 3223 2798 Pictavis.
3262 2744 3577 2813 Quadrage-

1993 2833 2129 2887 sima
2175 2834 2592 2902 superveniente
2619 2833 2746 2895 ,dux
2787 2834 3014 2889 Romam
3046 2836 3252 2898 abiens,
3306 2835 3416 2891 tilio
3455 2852 3577 2899 suo,

1992 2924 2418 2995 prudentissimo
2440 2925 3068 2991 adolescenti,Willcltno
3089 2927 3373 2997 imperavit
3404 2926 3494 2993 ιη,
3521 2936 3576 2981 ιιι

1994 3027 2277 3072 revertens
2302 3018 2614 3072 ordinatum
2647 3018 2910 3088 reperiret
2940 3020 3278 3089 episcopum.
3310 3019 3463 3086 Quod
3492 3020 3578 3074 ille

1994 3106 2290 3176 adimplere
2352 3107 2602 3173 curavit,
2688 3116 2746 3161 et
2804 3107 2980 3162 media
3048 3109 3459 3179 quadragesima
3522 3109 3574 3163 9‘

1992 3195 2292 3265 Angeriaco
2329 3204 2454 3250 ante
2475 3205 2635 3266 caput
2676 3198 2847 3252 sancti
2881 3196 3144 3253 Johannis
3175 3199 3263 3252 {0‘
3291 3214 3578 3254 consecra-

1996 3296 2079 3343 tu‘s
2103 3289 2485 3358 estepiscopus
2505 3289 2572 3344 ab
2593 3289 2769 3345 lslone
2789 3291 3044 3360 episcopo
3058 3292 3080 3345 1
3096 3293 3141 3346 1·
3164 3290 3440 3362 etRoone(
3458 3292 3574 3363 150)

1992 3388 2157 3448 atque
2226 3378 2468 3434 Arnaldo
2528 3394 2740 3435 necnon
2798 3388 2853 3434 et
2912 3380 3198 3435 lsimbcrto
3269 3381 3575 3449 episcopis.

1992 3481 2046 3524 et
2073 3486 2104 3525 a
2135 3471 2453 3527 clarissimae
2499 3472 2696 3527 indolis
2724 3471 2995 3526 Willelmo
3026 3473 3224 3528 comite
3251 3482 3307 3527 et
3340 3472 3577 3539 bnaldo

1989 3561 2423 3633 Petragoricensi
2457 3563 2715 3632 episcopo
2761 3563 3106 3619 Lemovicam
3154 3564 3447 3627 deductus,
3494 3564 3577 3617 in-

1988 3653 2286 3731 tronizatus
2332 3664 2417 3709 est
2466 3654 2520 3709 in
2551 3654 2680 3709 sede
2717 3654 2890 3710 sancti
2922 3654 3193 3709 Ma’rcialis
3224 3654 3345 3725 (an.
3378 3654 3571 3724 1021).

1983 3745 2441 3817 Arcbiepiscopus
2479 3760 2610 3801 vero
2640 3745 2998 3801 Bituricensis
3022 3745 3357 3811 Gauzlenus,
3386 3746 3453 3801 ad
3480 3761 3573 3800 cu-

1979 3838 2070 3910 jus
2110 3839 2370 3894 diocesim
2402 3838 2694 3893 Lemovica
2722 3838 2956 3907 pertinet
2995 3838 3110 3904 12‘,
3141 3838 3267 3906 quia
3315 3837 3430 3891 sine
3476 3851 3571 3891 sua

1983 3929 2308 3984 auctoritate
2334 3938 2685 3984 consecratus
2708 3936 2791 3984 est
2817 3929 3102 3998 episcopus
3133 3928 3241 3993 15⁸,
3271 3936 3439 3983 totum
3462 3927 3568 3981 Le-

1987 4021 2316 4077 movicinum
2361 4020 2879 4086 exeommuuicavit,
2929 4029 3126 4091 praeter
3172 4019 3349 4075 locum
3398 4019 3569 4074 sancti

1986 4110 2259 4166 Marcialis
2309 4119 2365 4165 et
2421 4125 2543 4181 qua:
2606 4111 2838 4181 propria:
2895 4111 2963 4166 ad
3013 4126 3137 4165 eum
3191 4111 3567 4182 pertinebant.

1988 4202 2270 4274 ipsumque
2283 4203 2559 4275 prohibuit
2581 4204 2650 4260 ab
2678 4201 2854 4259 olIicio
2875 4217 2974 4258 suo
2999 4203 3331 4274 episcOpum.
3363 4199 3567 4268 QuiM‘

1925 4359 1981 4414 5‘
2009 4361 2164 4431 ignea
2214 4360 2395 4428 virga,
2448 4367 2672 4431 curvata
2712 4358 3099 4431 nihilhominus
3160 4358 3229 4431 in,
3274 4358 3488 4431 fastigio
3507 4358 3563 4413 2.

373 4424 428 4477 ι·
457 4424 511 4478 2.
546 4426 643 4478 Itoc
668 4424 780 4478 loco
811 4424 938 4477 add.
972 4442 991 4481 :
1028 4424 1234 4500 Interea
1261 4434 1424 4500 caput
1452 4455 1525 4500 —__—
1562 4428 1836 4500 retinetur
1863 4447 1981 4500 qua:
2021 4424 2164 4499 i'nfra
2210 4448 2257 4485 c.
2300 4424 2399 4486 38.
2445 4430 2709 4500 leguntur.
2774 4429 2919 4483 Tunc
2946 4446 3061 4482 vero
3088 4430 3254 4498 pergit
3287 4446 3304 4481 :
3332 4424 3563 4484 Piramis

372 4504 554 4570 autem
579 4510 738 4549 saxea
755 4495 1113 4570 su_perv_estita
1138 4503 1220 4570 est
1243 4512 1309 4570 ex
1341 4495 1533 4550 tabulis
1560 4497 1748 4564 ligneis
1773 4495 2785 4570 dea'rgentat'isundique,ex'ohlatione
2813 4500 3014 4568 copiosi
3045 4495 3254 4568 argenti
3282 4500 3368 4561 η’.
3418 4501 3562 4567 quod

374 4580 470 4640 rex
501 4564 755 4640 Navarra:
796 4564 1024 4619 Saucius
1046 4566 1241 4640 obtulit
1276 4566 1432 4618 beato
1463 4569 1806 4634 praeeursori.
1849 4564 2089 4637 Quodam
2114 4587 2242 4625 vero
2273 4564 2514 4640 tetnpore
2554 4579 2838 4639 postquam
2870 4564 2985 4640 lucc
3005 4564 3135 4623 acta
3158 4578 3282 4640 sunt
3311 4564 3562 4638 contigit.

373 4634 429 4688 5°
457 4637 843 4690 monachorum
872 4645 1122 4690 senatum
1160 4633 1360 4704 ejicere
1397 4633 1475 4689 eti
1507 4633 1893 4694 canonicorurn
1942 4641 2212 4695 feritatem
2260 4633 2456 4695 ibidem
2489 4633 2779 4695 immittere
2800 4640 2854 4693 2.

2960 4639 3014 4692 ϐ’
3036 4641 3089 4691 2.
3116 4640 3211 4692 ltoc
3235 4638 3347 4692 loco
3394 4641 3520 4692 add.
3538 4661 3555 4694 :

373 4704 477 4778 llis,
511 4708 843 4778 temporibus
879 4716 1116 4778 cometes
1156 4737 1236 4778 ‘-_-
1261 4706 1554 4778 devoravit
1595 4724 1714 4776 qua:
1754 4710 1897 4778 infra
1939 4728 1985 4765 ε.
2033 4710 2120 4765 58.
2162 4721 2466 4764 occurrunt.
2509 4712 2559 4763 7‘
2590 4711 2830 4765 vestibus
2854 4709 2991 4763 albis
3012 4720 3063 4762 et
3091 4709 3274 4778 cappis
3298 4709 3570 4763 olosiricis

374 4777 591 4831 amictis
618 4775 743 4829 add.
775 4776 829 4829 2.

957 4776 1011 4849 8f
1033 4775 1369 4849 candelabris
1403 4791 1617 4846 quoque
1660 4786 1715 4832 et
1756 4775 1896 4847 aqua
1936 4780 2217 4835 benedicta
2242 4783 2370 4834 add.
2397 4781 2453 4834 2.
2530 4781 2583 4835 9‘
2615 4780 2838 4834 sabbato
2870 4779 3043 4833 medie
3069 4775 3482 4849 quadragesimo
3508 4782 3563 4833 2.

375 4846 467 4918 10⁸
494 4846 751 4918 diaconus
778 4854 839 4918 et
865 4846 1147 4918 presbyter
1179 4846 1460 4918 ordinatus
1490 4857 1605 4913 est,
1635 4857 1688 4918 et
1718 4850 1954 4905 crastina
1970 4851 2237 4905 dominica
2274 4850 2400 4904 add.
2441 4851 2496 4904 2.
2544 4851 2633 4904 ll'
2663 4849 3065 4917 archiepiscopo
3088 4846 3478 4918 'Burdegalcnsi
3509 4849 3563 4902 2.

377 4916 469 4969 η·
501 4917 625 4986 quia
654 4917 936 4985 pecuniam
983 4916 1291 5039 requirebat
1314 4931 1415 4985 pro
1448 4917 1792 4986 impositione
1816 4936 2106 4985 manuum,
2138 4929 2477 5044 conqzmptus
2504 4931 2587 4975 est
2616 4929 2671 4974 et
2697 4920 2823 4973 add.
2851 4916 2908 4973 2.
2967 4916 3051 4972 13'
3089 4918 3230 4972 facta
3274 4916 3464 4972 sinodo
3510 4920 3565 4973 in

377 4985 607 5041 Francia
658 5002 843 5041 coram
885 5001 1014 5044 rege
1084 4987 1344 5044 lotberto.
1394 4985 1482 5040 ubi
1525 4997 1730 5044 sentem
1778 4990 2172 5044 archieniscooi
2214 5007 2267 5044 at
2286 4990 2503 5044 fuerunt
2552 4991 2638 5044 die
2672 4999 3013 5044 pentecostes
3058 5004 3179 5043 cum
3229 4990 3565 5044 sufraaaneis

2249 5011 2267 5045 ι

374 4985 607 5041 Francia
658 5002 843 5041 coram
885 5001 1014 5054 rege

1084 4987 1355 5060 totberto,
1394 4985 1482 5040 ubi
1525 4985 1730 5060 Septem
1778 4990 2172 5060 archiepiscopi
2214 4985 2242 5045 a

2286 4990 2503 5047 fuerunt
2552 4991 2638 5045 die
2672 4999 3013 5060 pentecostes
3058 5004 3179 5060 cum
3229 4990 3568 5059 sufraganeis

377 5057 795 5133 episcopis‘add.
823 5056 899 5133 2_.__
952 5056 1041 5111 14·
1078 5071 1199 5111 eum
1245 5056 1782 5133 ra_cionem_r_edt_lere
1809 5056 1993 5129 posset
2021 5070 2077 5115 et
2106 5056 2233 5133 isese
2274 5077 2506 5133 purgare
2536 5061 2603 5094 "7
2622 5056 2848 5133 a'culpa
2870 5101 2884 5126 ,
2922 5061 2965 5115 si
2997 5059 3184 5133 vellet,
3212 5056 3403 5115 coram
3426 5074 3565 5130 papa

379 5125 626 5183 Romano
652 5127 744 5193 ³⁷⁸,
786 5127 992 5183 scilicet
1016 5127 1408 5196 contempsisse
1441 5125 1904 5198 archiepiscopum
1935 5132 2212 5202 pr0prium
2237 5125 2405 5188 causa
2426 5132 2757 5199 Simoniaca,
2782 5125 2967 5187 tamen
2998 5130 3126 5185 add.
3150 5129 3204 5185 2.

1582 5259 1670 5314 VA
1680 5260 1815 5315 RUE
1852 5262 2255 5322 LECTIONES.

1355 5375 1421 5406 ⁸³η
1447 5375 1532 5427 axi
1562 5374 1611 5427 1.
1720 5375 1790 5411 ¹⁷⁸
1821 5376 1872 5429 in

1373 5443 1444 5475 ⁸⁷⁸
1480 5461 1698 5501 romana
1724 5463 1770 5499 c.

380 5379 451 5412 "'°
476 5376 837 5432 cluniacensis
864 5378 913 5430 1.
1015 5376 1078 5406 ⁸⁷¹
1107 5375 1171 5428 ad
1201 5376 1245 5428 l.

297 5450 376 5485 ¹⁷⁴
400 5451 530 5521 argé
556 5464 603 5502 ο.
705 5448 771 5478 ³⁷⁷
801 5463 949 5502 sesse
979 5461 1215 5517 pugnare
1244 5462 1290 5499 ρ.

1910 5407 1982 5417 -—
2028 5390 2254 5434 tnortem
2285 5381 2396 5434 des.
2424 5380 2476 5433 2.

2574 5380 2640 5411 ¹⁷⁸
2668 5381 2919 5435 decorem
2962 5381 3013 5434 1.
3113 5380 3179 5411 ³⁷⁸
3224 5379 3484 5449 imperavi
3511 5378 3566 5433 1.

1811 5584 2018 5645 NOTAE
2029 5630 2041 5643 .

378 5683 526 5754 (155)
571 5682 664 5738 Sic
716 5647 1870 5754 sancti_hlartialisecclesmmmappellat;

298 5746 552 5816 (lfAnn.
584 5754 735 5809 Lem.
764 5766 816 5805 a.
852 5749 1005 5816 1017,
1035 5747 1173 5802 Μοιι.
1201 5747 1299 5802 SS.
1329 5747 1390 5813 ll,
1424 5762 1476 5816 β.
1501 5746 1668 5821 ἓὸξὶηι

2057 5682 2206 5756 (156)
2236 5682 2648 5754 Engolismeusi.
