4088 6374
512 331 571 383 7|
1610 329 1921 383 ADICllARI
1956 330 2011 384 S.
2059 329 2331 384 CIBRADI
2371 328 2679 385 MONACill
3716 331 3788 393 73

510 444 869 505 satisfaciens,
910 442 1066 497 nudis
1097 444 1343 513 pedibus,
1386 458 1506 496 cum
1542 452 1761 497 centum
1795 444 2010 497 clericis
2040 453 2093 495 ct
2126 452 2165 508 Α
2197 445 2292 506 cti,
2339 455 2390 498 ct
2440 460 2534 514 per
2580 445 2826 497 diversas
2865 442 3174 498 Occidentis
3222 453 3403 514 partes
3444 446 3617 501 nuntii
3649 447 3787 504 anti-

510 533 812 597 nionachis,
839 532 1094 587 omnibus
1142 534 1395 589 similiter
1422 534 1650 602 pedibus
1682 534 1861 596 nudis,
1898 533 2099 587 Bituri-

509 645 627 684 cam
672 629 857 683 sedem
892 627 1043 690 adiit,
1076 627 1165 680 ubi
1198 627 1640 695 archiepiscopus
1669 642 1792 680 eum
1834 625 1979 679 clero
2022 624 2101 677 eis

508 720 772 790 processit
792 717 1029 781 obviam,
1057 727 1111 772 et
1135 734 1257 773 eum
1286 719 1491 773 honore
1516 733 1611 773 eos
1637 717 1934 776 deducens.
1959 717 2101 785 quod

508 813 775 882 ligavcrat
805 810 1033 866 absolvit
1057 810 1170 882 (an.
1204 810 1385 883 I022).

579 909 667 964 58.
718 908 927 961 Interea
978 907 1030 960 Γ
1073 916 1234 976 caput
1271 907 1444 961 sancti
1487 904 1779 972 Johannis,
1813 916 2098 977 postquam

510 1002 644 1057 satis
688 1009 969 1054 ostensum
1012 1007 1095 1053 est
1138 998 1370 1069 populis,
1425 1006 1761 1051 reservatum
1813 1007 1897 1051 cst
1944 998 2101 1067 jussu

514 1093 771 1149 Willelmi
805 1092 976 1156 ducis,
1016 1101 1071 1145 et
1101 1091 1521 1146 reconditum‘in
1553 1090 1818 1160 piramide
1849 1091 2096 1160 pristina,

509 1188 601 1243 ubi
653 1187 882 1241 interius
934 1185 1358 1239 timiamatherio
1411 1193 1665 1253 argenteo
1716 1184 1856 1252 quod
1906 1183 2102 1252 pendet

512 1276 802 1340 catenulis,
845 1275 1112 1329 inclusum
1163 1273 1448 1327 retinetur.
1495 1272 1590 1326 llis
1627 1274 1960 1343 temporibus
2005 1288 2097 1328 c0-

514 1377 687 1422 metes
723 1366 871 1421 velnt
904 1367 1051 1420 ensis
1094 1364 1257 1419 latior
1304 1372 1358 1417 et
1401 1363 1613 1434 longior
1648 1373 1837 1417 contra
1881 1372 2099 1434 septen-

510 1459 738 1512 trionem
792 1455 1042 1527 apparuit
1088 1455 1331 1526 pluribus
1375 1456 1577 1510 aestivis
1616 1456 1886 1519 noctibus,
1918 1466 1973 1509 et
2007 1471 2102 1525 per

511 1552 741 1607 Galliam
772 1562 827 1604 et
874 1550 1082 1604 Italiam
1115 1565 1144 1604 e
1188 1549 1417 1620 vestigio
1465 1550 1741 1614 civitates,
1789 1548 2006 1602 castella
2047 1556 2102 1601 et

514 1642 842 1697 monasteria
894 1641 1016 1711 igne
1065 1648 1305 1696 cremata
1355 1648 1483 1693 sunt
1543 1640 1727 1709 plura:
1786 1639 1929 1693 inter
1979 1653 2101 1707 qua:

510 1734 794 1787 (larrofnm
826 1747 954 1787 casu
999 1731 1217 1785 flamma
1256 1731 1579 1785 conbustam
1608 1738 1691 1784 est
1723 1744 1843 1784 Cllm
1879 1729 2099 1783 basilica

2177 561 2180 565 ν
2206 537 2396 593 christi
2436 536 2631 599 exorti,
2667 551 2763 606 per:
2794 536 3015 593 latibula
3048 550 3171 592 sese
3199 537 3473 593 occultare
3498 542 3784 607 curabant,

2203 641 2257 686 et
2284 645 2655 700 quoscumque
2699 638 2948 700 poterant
2970 630 3119 685 viros
3150 639 3206 684 et
3232 630 3485 685 mulieres
3510 633 3789 688 subverte-

2203 719 2354 774 bant.
2389 720 2621 787 Qnidam
2652 721 2818 776 etiam
2866 720 3173 796 A_nrelianis
3211 721 3263 773 7'
3322 722 3615 777 canonicns
3656 739 3787 777 can-

2206 824 2323 880 tor,
2373 814 2589 868 nomine
2639 814 3013 878 Theobaldus,
3061 815 3152 885 qui
3201 823 3445 874 mortuus
3494 826 3613 871 erat
3661 827 3789 873 ante

2207 906 2496 960 triennium
2528 906 2579 960 in
2612 905 2697 959 illa
2732 907 2947 968 Incresi,
2980 917 3035 960 ut
3075 907 3431 977 perhibebant
3462 909 3674 978 probati
3703 911 3787 964 vi-

2205 1002 2249 1055 ri
2273 1003 2362 1069 ’7’,
2395 1002 2680 1072 religiosus
2703 1002 2849 1056 visus
2874 1000 3048 1055 fuerat
3077 1003 3155 1057 8‘.
3191 999 3353 1069 Cujus
3383 1017 3609 1072 corpus,
3640 1010 3789 1072 post-

2205 1110 2366 1164 quam
2415 1094 2697 1163 probatum
2743 1102 2844 1155 est,
2882 1093 3111 1162 ejectum
3144 1103 3229 1147 est
3264 1095 3329 1147 de
3374 1094 3678 1159 cimiterio,
3703 1094 3791 1160 j::-.

2204 1184 2363 1237 bente
2391 1184 2644 1253 episcopo
2682 1181 2964 1245 Odolrico,
3011 1190 3066 1237 et
3096 1182 3396 1253 projectum
3429 1184 3651 1237 invium.
3685 1183 3786 1250 Qui

2205 1286 2382 1329 autem
2412 1275 2648 1329 flammis
2670 1274 2893 1345 judicati
2943 1282 3069 1327 sunt
3111 1274 3404 1343 supradicti
3435 1275 3620 1328 decens
3665 1290 3787 1328 cum

2203 1366 2383 1420 Lisoio
2414 1365 2582 1438 (I58),
2615 1382 2773 1435 quem
2820 1379 2911 1418 rex
2945 1364 3098 1419 valde
3131 1365 3393 1418 dilexerat
3420 1373 3639 1434 propior
3665 1379 3789 1418 san-

2205 1456 2469 1517 ctitatem,
2503 1470 2665 1524 quam
2709 1471 2831 1507 eum
2882 1454 3081 1508 habere
3131 1454 3406 1516 credebat,
3441 1440 3615 1508 securi
3655 1453 3788 1507 nihil

2205 1548 2382 1617 ignem
2417 1546 2696 1609 timebant,
2723 1556 2777 1601 et
2803 1562 2831 1599 a
2869 1545 3099 1600 flammis
3130 1561 3188 1601 se
3228 1546 3429 1599 inlesos
3473 1545 3622 1600 exire
3660 1561 3789 1616 pro-

2204 1642 2512 1703 mit:ebant,
2543 1652 2597 1693 et
2637 1640 2872 1694 ridentes
2914 1641 2965 1692 in
3006 1639 3182 1693 medio
3211 1638 3352 1709 ignis
3386 1639 3533 1708 ligati
3563 1647 3708 1703 sunt,
3736 1648 3791 1694 et

2204 1732 2322 1785 sine
2370 1746 2516 1784 mora
2550 1730 2764 1800 penitus
2803 1729 2855 1782 in
2881 1730 3126 1785 ‘cinerem
3175 1729 3381 1783 redacti
3432 1738 3576 1795 sunt,
3609 1738 3791 1784 utnec

512 1825 828 1879 Salvatoris.
884 1823 1186 1878 Ecclesiam
1233 1837 1450 1892 quoque
1490 1831 1690 1875 sanctae
1731 1819 1920 1875 Crucis
1955 1820 2098 1874 sedis
2129 1814 2175 1872 Β
2205 1825 2270 1879 de
2295 1826 2507 1879 ossibus
2536 1824 2805 1878 residuum
2837 1823 3169 1877 inveniretur
3189 1840 3379 1877 eorum
3410 1822 3488 1876 9'.

505 1916 820 1970 'Aurelianis
846 1924 898 1969 et
933 1913 1324 1968 monasterium
1363 1912 1534 1966 sancti
1565 1910 1841 1965 Benedicti
1886 1909 2101 1963 Floria-

510 2025 633 2063 cnm
672 2017 727 2063 et
775 2007 878 2060 alia
929 2007 1094 2060 multa
1134 2003 1348 2058 flamma
1391 2002 1689 2056 devoravit.
1723 2001 1839 2055 Dux
1886 2014 2102 2071 quoque
2136 2034 2141 2041 ν

510 2099 845 2164 Willelmus,
875 2112 1089 2167 semper
1117 2096 1363 2166 cegitans
1412 2095 1504 2148 Dei
1539 2094 1905 2159 voluntatem,
1945 2107 2100 2162 regn-

511 2189 681 2244 larem
735 2187 1076 2257 disciplinam
1124 2185 1451 2241 restauravit
1504 2186 1558 2238 in
1623 2183 1824 2239 Sancto
1875 2183 2103 2238 Carrofo

511 2286 625 2355 (an.
673 2281 891 2350 IOI4?),
944 2279 1120 2349 ejecto
1168 2278 1332 2334 Petro
1374 2277 1571 2331 abbate
1617 2275 1993 2346 potentissimo
2019 2275 2101 2339 2’,

513 2373 606 2444 qui
631 2387 728 2444 per
754 2372 1121 2443 Simoniacam
1144 2369 1376 2424 heresim
1401 2367 1771 2438 prtelationem
1795 2367 2103 2436 optinuerat

513 2476 569 2521 et
595 2465 930 2519 saeculariter
960 2464 1012 2518 '5‘
1046 2464 1220 2517 locum
1267 2462 1703 2525 administrabat,
1734 2468 1787 2514 et
1814 2460 2104 2528 subrogato

513 2555 799 2611 Gunbaldo
829 2553 1067 2625 regulari
1114 2563 1169 2608 et
1208 2552 1303 2606 Dei
1347 2567 1537 2616 servo,
1571 2550 1764 2605 abbate
1793 2551 1962 2605 sancti
2002 2550 2104 2604 Sa-

514 2648 625 2702 vini
657 2648 737 2701 4'.

584 2740 674 2795 59.
709 2739 786 2794 Eo
810 2745 1052 2810 tempore
1081 2738 1193 2810 (an.
1226 2737 1383 2809 I022)
1416 2737 1482 2793 I0
1511 2754 1575 2792 ex
1607 2736 1882 2791 canonicis
1905 2746 2106 2790 sancta:

510 2831 713 2886 Crucis
743 2830 1069 2896 Anrelianis,
1103 2830 1196 2901 qui
1224 2830 1545 2884 videbantur
1591 2844 1711 2884 esse
1743 2828 2106 2899 religiosiores

508 2923 660 2987 aliis,
705 2921 918 2992 probati
968 2929 1097 2976 sunt
1142 2936 1264 2976 esse
1303 2920 1568 2975 Maniehei
1618 2920 1789 2991 (157).
1822 2920 1967 2987 Quos
2007 2935 2101 2974 rex

514 3014 840 3079 Rotbertus,
871 3026 996 3069 cum
1054 3013 1257 3069 nollent
1283 3013 1336 3067 5‘
1366 3012 1430 3066 ad
1465 3012 1623 3067 fidem
1671 3012 1891 3076 reverti,
1927 3012 2104 3082 primo

513 3124 542 3160 a
579 3106 747 3176 gradu
780 3106 1069 3161 sacerdotii
1114 3106 1332 3175 deponi,
1367 3105 1561 3160 deinde
1607 3106 1675 3159 ab
1719 3104 1963 3159 :ecclesia
2005 3104 2104 3159 eli-

2276 1914 2364 1968 60.
2397 1913 2513 1980 Quo
2561 1923 2804 1983 tempore
2837 1912 2961 1983 (an.
3007 1911 3177 1982 1021)
3223 1912 3513 1966 Aimiriens
3540 1911 3794 1982 princeps

2203 2006 2598 2061 Rouconiensis
2627 2005 2698 2036 ¹⁸⁰
2727 2014 2915 2059 contra
2954 2007 3220 2060 seniorem
3268 2021 3423 2060 suum
3461 2005 3790 2061 Willelmum

2205 2099 2456 2153 comitem
2490 2097 2804 2168 Egolismre,
2838 2098 2964 2151 dum
3011 2098 3126 2166 ipse
3149 2096 3453 2152 Willelmus
3497 2095 3683 2151 Romae
3708 2111 3798 2151 es-

2203 2199 2318 2254 set,
2359 2197 2599 2243 castrum
2648 2188 3031 2244 Fractabotum
3074 2190 3127 2243 in
3174 2190 3505 2244 Sanetonico
3550 2189 3795 2244 extruxit

2204 2295 2302 2350 per
2350 2281 2464 2334 dies
2512 2280 2950 2334 resurrectionis.
3002 2279 3332 2333 Promiserat
3379 2279 3428 2334 ei
3478 2278 3791 2334 fidelitatem

2209 2386 2375 2442 super
2392 2371 2650 2441 reliquias
2666 2381 2977 2426 sanctorum
3004 2370 3486 2425 calciamentorum
3512 2369 3594 2423 IO‘
3618 2368 3794 2423 sancti

2207 2462 2482 2530 Eparchii.
2519 2462 2585 2514 Et
2614 2461 2738 2531 quia
2789 2459 3043 2530 perjurus
3068 2472 3257 2515 contra
3291 2460 3467 2528 ipsum
3506 2458 3636 2524 fuit,
3672 2469 3793 2528 post

2208 2568 2410 2621 paucos
2440 2552 2557 2606 dies
2581 2568 2609 2605 a
2649 2550 2897 2605 Josfrcdo
2916 2592 2931 2616 ,
2960 2550 3072 2605 ﬁlio
3097 2552 3315 2606 comitis
3348 2551 3666 2620 supradicti,
3695 2553 3791 2604 ob-

2207 2646 2389 2700 viante
2420 2644 2564 2698 ferro
2599 2643 2915 2708 confossus,
2947 2644 3183 2698 animam
3217 2645 3332 2699 sine
3360 2659 3509 2697 mora
3551 2643 3785 2713 reliquit.

2207 2736 2402 2791 Comes
2450 2751 2576 2789 vero
2612 2734 2915 2790 Willehnus
2960 2751 3082 2790 cum
3131 2735 3364 2789 Alduino
3395 2734 3505 2787 filio
3550 2742 3789 2787 castrum

2209 2829 2298 2883 diu
2328 2829 2570 2893 obsedit,
2598 2837 2654 2883 et
2678 2828 2895 2882 fortiter
2917 2837 3282 2898 expugnatum
3323 2829 3545 2896 capiens
3575 2828 3789 2881 destru-

2210 2923 2311 2987 xit,
2345 2930 2397 2976 et
2428 2931 2550 2991 post
2597 2921 2824 2974 multum
2874 2931 3087 2990 tempus
3118 2920 3313 2975 iterum
3356 2919 3705 2981 reedificavit,
3736 2927 3793 2971 et

2211 3012 2321 3068 ﬁlio
2367 3027 2466 3066 suo
2519 3010 2770 3067 Josl‘redo
2825 3011 3246 3067 commendavit.
3296 3009 3612 3066 Guillelmus
3664 3024 3792 3062 vero

2212 3106 2514 3188 vicccomes
2550 3104 2966 3159 Martiliacensis
3005 3103 3152 3174 (159)
3183 3112 3237 3158 et
3273 3103 3440 3157 frater
3482 3101 3598 3170 ejus
3628 3100 3792 3157 Odol-

513 3198 751 3264 minari,
785 3208 842 3253 et
886 3199 1102 3254 demum
1151 3199 1273 3269 igne
1309 3197 1539 3253 cremari
1582 3196 1766 3266 jussit.
1813 3197 1946 3251 Nam
1996 3185 2176 3267 ipsi‘C
2213 3200 2359 3255 ricus
2385 3185 2534 3268 gravi
2568 3198 2837 3253 discordia
2872 3195 3227 3252 decertabant
3274 3211 3392 3250 cum
3424 3194 3658 3250 Alduino
3685 3194 3795 3247 fra-

507 3287 720 3358 decepti
755 3303 783 3341 a
814 3288 1048 3359 quodam
1086 3289 1292 3342 rustico
1330 3287 1410 3353 6',
1466 3288 1558 3347 qui
1589 3303 1646 3342 se
1675 3287 1887 3341 dicebat
1922 3286 2100 3341 facere

512 3380 767 3444 virtutes,
798 3389 853 3434 et
877 3380 1154 3450 pulverem
1183 3394 1248 3433 ex
1275 3379 1505 3433 mortuis
1530 3378 1712 3448 pueris
1752 3392 1934 3432 secum
1964 3378 2102 3432 fere-

515 3472 626 3538 bat,
657 3474 856 3542 quuo
889 3474 932 3527 si
974 3488 1131 3542 quem
1163 3480 1348 3543 posset
1381 3471 1801 3536 communicare,
1836 3485 1959 3525 mox
1992 3470 2102 3524 Ma-

516 3565 768 3620 nicheum
819 3566 1071 3632 faciebat,
1122 3565 1423 3619 adorabunt
1451 3564 1757 3623 diabolum.
1804 3564 1893 3632 qui
1926 3565 2100 3633 primo

514 3657 596 3710 eis
643 3657 696 3710 in
734 3656 1006 3727 IEtyopis,
1038 3657 1230 3711 deinde
1261 3655 1435 3725 angeli
1468 3655 1603 3710 lucis
1652 3655 1971 3724 ﬁguratione
2004 3672 2101 3724 ap-

514 3749 759 3815 parebat,
792 3758 847 3801 ct
874 3748 953 3801 eis
989 3748 1215 3801 multum
1252 3748 1450 3802 cotidie
1479 3755 1760 3816 argentum
1803 3748 2098 3802 deferebat.

512 3838 679 3905 Cujus
713 3839 893 3892 verbis
934 3839 1280 3902 obcdientes,
1311 3839 1527 3906 penitus
1552 3839 1826 3893 Christum
1868 3838 2101 3893 latenter

514 3937 862 3996 respuerant,
894 3938 948 3983 ct
976 3930 1446 3984 abhominationes
1477 3938 1531 3983 et
1564 3930 1814 3991 crimina,
1845 3946 1966 3999 quae
1995 3930 2099 3984 dici

508 4020 678 4074 etiam
729 4019 991 4088 flagitium
1039 4031 1143 4085 est,
1196 4022 1248 4074 in
1295 4022 1510 4075 occulto
1562 4021 1916 4084 exercebant,
1952 4032 2007 4075 et
2046 4022 2096 4074 in

514 4122 701 4180 aperto
730 4112 1058 4165 christianos
1110 4127 1267 4164 veros
1314 4129 1371 4167 se
1413 4111 1687 4166 fallebant.
1734 4110 2101 4166 Nihilominus

513 4205 655 4275 apud
680 4206 932 4261 Tolosam
958 4206 1157 4260 inventi
1190 4215 1315 4259 sunt
1344 4202 1607 4257 Maniehei
1632 4243 1644 4266 ,
1676 4211 1730 4256 et
1754 4201 1855 4272 ipsi
1887 4203 2102 4256 destru-

518 4387 571 4441 Γ
599 4386 1184 4442 Interea—devoravit
1206 4384 1301 4437 hoc
1331 4383 1442 4436 loco
1467 4385 1649 4438 desunt
1685 4383 1761 4445 2.;
1791 4385 1860 4451 cf.
1887 4400 1931 4435 ε.
1966 4383 2097 4436 Gil-.7

2205 4386 2346 4451 κᾶτ’,
2371 4390 2450 4440 6⁸.

2214 3303 2295 3347 tre
2316 3307 2500 3346 eorum
2526 3300 2746 3362 propter
2770 3299 3009 3346 castrum
3032 3290 3312 3344 Rotiacum
3341 3288 3506 3341 multo
3531 3295 3791 3356 tempore.

2214 3383 2366 3438 Unde
2398 3382 2595 3436 factum
2624 3391 2724 3444 est,
2761 3391 2819 3435 nt
2847 3398 2877 3435 a
2909 3381 3180 3437 Willelmo
3206 3380 3407 3434 comite
3438 3380 3579 3433 inter
3613 3392 3673 3433 se
3701 3393 3796 3447 pa—

2211 3472 2579 3538 cificarentur,
2610 3482 2665 3525 et
2692 3488 2876 3540 pacem
2909 3472 3078 3541 ipsam
3109 3481 3435 3540 pactumque
3470 3466 3796 3524 conditionis

2212 3580 2376 3635 super
2402 3579 2600 3635 corpus
2643 3566 2815 3620 sancti
2846 3564 3095 3635 Eparchii
3127 3565 3299 3618 eidem
3330 3564 3598 3633 jurarent.
3639 3560 3795 3627 Quod

2216 3655 2359 3709 inter
2396 3670 2454 3710 se
2481 3656 2690 3709 mentiti
2721 3664 2773 3709 et
2801 3656 3038 3727 pcrjurio
3066 3656 3177 3717 rei,
3207 3654 3343 3709 alter
3369 3663 3661 3708 excecatus
3689 3662 3793 3715 est,

2206 3745 2304 3799 alii
2331 3746 2435 3800 duo
2465 3747 2669 3802 honore
2696 3748 2841 3801 omni
2888 3747 3080 3818 privati
3134 3756 3274 3802 sunt.
3319 3744 3452 3799 Nam
3491 3744 3791 3801 Willelmus

2214 3847 2269 3891 et
2312 3836 2594 3892 Otlolricus
2623 3839 2743 3893 dolo
2772 3840 2835 3893 ad
2878 3855 2937 3895 se
2966 3847 3245 3894 evocatum
3284 3838 3579 3892 Alduinum
3621 3837 3793 3906 prima

2211 3930 2507 3985 ebdomada
2552 3933 2766 4001 pascluc
2812 3934 2862 3986 in
2899 3933 3216 3995 traditione,
3248 3940 3531 4001 postquam
3556 3944 3678 3984 cum
3714 3929 3793 3983 eis

2211 4032 2521 4075 cmuaverat
2548 4032 2601 4076 et
2630 4023 2681 4076 in
2705 4038 2889 4077 eorum
2918 4024 3145 4092 hospitio
3168 4022 3479 4085 dormierat,
3505 4030 3793 4090 antequam

2157 4132 2164 4140 δ
2212 4126 2241 4164 a
2291 4112 2428 4166 lecto
2462 4124 2737 4182 surgeret,
2769 4117 3018 4185 capiunt,
3048 4124 3102 4170 et
3142 4115 3457 4186 Iinguamjei
3492 4122 3793 4183 amputant,

2213 4210 2267 4255 et
2317 4203 2535 4259 occulas
2568 4205 2860 4271 effodiunt,
2909 4217 2963 4260 et
3017 4206 3089 4259 ita
3122 4206 3402 4261 Roﬁaeum
3451 4212 3792 4275 recuperant.

2527 4388 2579 4463 2'
2607 4389 2838 4463 seculari
2871 4390 2995 4445 add.
3021 4392 3074 4446 2.
3150 4392 3204 4445 ὅ·
3237 4391 3552 4463 etinsipide
3583 4392 3707 4463 add.
3739 4390 3793 4443 2.

589 4458 644 4511 ιν
682 4468 829 4512 recta
871 4457 1024 4533 fecit,
1073 4472 1176 4533 que
1223 4454 1509 4525 placebant
1538 4456 1589 4508 in
1624 4456 1796 4533 oculis
1823 4456 2057 4533 bornini.
2095 4455 2311 4524 I'erctns
2347 4475 2474 4533 vero
2504 4458 2722 4525 Petrus,
2752 4462 2818 4514 ad
2852 4462 3110 4516 Sanctum
3151 4462 3408 4533 Angelum
3431 4454 3797 4533 Lernov'icino

590 4528 921 4583 monasterio
968 4528 1167 4581 mansit
1213 4541 1502 4597 percussus
1557 4526 1776 4594 paralisi
1830 4525 2144 4597 longissima
2195 4543 2365 4597 usque
2411 4530 2475 4584 ad
2524 4541 2773 4585 mortem.
2811 4533 2937 4584 add.
2980 4533 3034 4586 2.
3131 4534 3183 4586 5”
3237 4525 3536 4589 alicatenus
3584 4534 3708 4585 add.
3738 4531 3792 4585 ‘2.

590 4599 643 4671 (ᾆέ
687 4597 1242 4671 Ρεῑιηίλξςονίρθιιείήίδι
1291 4596 1416 4649 add.
1457 4597 1556 4671 )2.‘
1603 4597 1690 4671 __7‘
1737 4607 1924 4671 sancte
1986 4596 2175 4671 Crucis
2244 4600 2652 4671 Aurelianensis
2688 4603 2742 4656 2.
2843 4604 2895 4658 8'
2931 4604 3247 4669 peribebant
3311 4604 3534 4658 heretici
3590 4602 3689 4671 ipsi
3738 4602 3792 4655 2.

593 4669 649 4721 9"
687 4669 781 4724 IIis
831 4666 1023 4723 diebus
1056 4667 1275 4737 quidam
1308 4684 1338 4719 e
1387 4666 1724 4739 principibus
1756 4667 2204 4739 Egolismensintn
2252 4668 2594 4733 Gardradus,
2624 4688 2746 4727 cum
2780 4689 2883 4727 non
2917 4666 3083 4727 tilium
3129 4675 3384 4739 haberet,
3415 4666 3704 4728 aedificavit
3741 4673 3794 4725 in

595 4740 959 4815 Sa‘nctoniclto
987 4754 1122 4815 pago
1161 4754 1193 4793 a
1220 4753 1357 4815 novo
1391 4739 1443 4790 in
1472 4737 1677 4791 honore
1700 4738 1873 4815 san-eti
1908 4738 2618 4815 Stephaniprotomartyris
2659 4744 2966 4815 cmnobium
3005 4744 3331 4801 Baciaccnse
3370 4737 3547 4815 (161),
3580 4744 3670 4815 ubi
3706 4758 3792 4796 rc.-

629 4810 807 4885 ulat'es
859 4808 1155 4885 [1100301198
1212 4808 1553 4885 adgregatis,
1574 4808 1957 4885 r‘venerabil‘em
1996 4808 2291 4885 Ainardnm
2344 4808 2597 4885 abbatem
2634 4814 2874 4881 [η’ίυῐυςίι
2925 4815 3010 4866 ¹⁸².
3067 4816 3348 4869 Dedicavit
3378 4808 3572 4885 ipsum
3604 4814 3794 4885 locum

646 4880 953 4955 ritnoardus
977 4879 1368 4949 Egolismensis
1392 4884 1503 4955 (an.
1529 4878 1748 4955 μυξη),
1777 4889 1840 4955 et
1862 4879 2031 4955 frater
2065 4877 2181 4955 ejus
2209 4880 2315 4934 Islo
2345 4877 2787 4955 Sapqtonidensi5
2826 4885 3133 4955 cpiscopus.
3174 4888 3344 4953 Quem
3386 4877 3560 4940 locum
3589 4883 3799 4939 Garda-

590 4951 718 5024 dre,
768 4951 912 5005 facto
949 4948 1315 5024 Δξιξςιειιιιρηῑο,
1363 4948 1659 5024 attitulavit
1692 4950 1946 5004 [tormina
1990 4949 2226 5005 basilica:
2270 4953 2639 5024 sanctil’ctri,
2676 4964 2733 5008 ut
2780 4948 3030 5010 omnibus
3070 4948 3283 5024 semper
3326 4958 3488 5011 annis
3535 4955 3795 5024 tributum

590 5022 839 5143 annique
869 5020 1187 5144 Eolidorutn
1208 5019 1421 5091 argenti
1473 5019 1783 5075 exsolvatur
1820 5034 1983 5089 super
2012 5035 2210 5090 corpus
2249 5023 2419 5077 sancti
2449 5023 2613 5080 Petri.
2644 5025 2768 5080 add.
2800 5026 2854 5081 2.
2935 5027 3022 5082 10·
3053 5019 3367 5083 sanctarum
3401 5027 3695 5098 caligarunt
3736 5023 3793 5077 2.

644 5130 657 5144 .
706 5108 822 5144 eun.
922 5107 1009 5144 no.

644 5130 657 5144 .
706 5108 822 5161 epp.
869 5107 1009 5161 eng.

1812 5220 2043 5275 VARle
2079 5221 2481 5281 LECTIONES.

598 5352 667 5384 αθ
691 5351 797 5409 rivi
825 5354 875 5407 1.
954 5351 1023 5385 ¹⁸⁰
1057 5354 1427 5409 roneomensis
1454 5354 1504 5409 I.
1586 5354 1650 5385 ¹⁸¹
1684 5356 2130 5423 petragoricumsi
2159 5375 2205 5410 c.
2286 5360 2350 5392 ¹⁸²
2382 5363 2605 5430 perfecit
2630 5382 2678 5419 ο.

2048 5509 2270 5569 NOTAE.

596 5665 748 5734 (I57)
779 5666 861 5721 Cf.
894 5666 1091 5720 Glabcr
1124 5667 1255 5719 llud.
1292 5666 1375 5720 III.
1401 5665 1433 5719 8

598 5674 748 5739 (157)
779 5674 861 5721 (gr.
894 5674 1091 5720 Ulahcr
1124 5674 1255 5719 nou.
1293 5674 1375 5720 III.
1401 5674 1433 5719 δ
2288 5674 2432 5746 (περ)
2468 5676 2548 5731 cr,
2579 5693 2626 5732 ε,
2657 5677 2750 5744 ρο,
2783 5696 2883 5734 um

598 5739 746 5810 (I58)
777 5738 860 5793 υτ.
891 5738 1051 5791 Gesta
1085 5739 1270 5807 synodi
1299 5738 1480 5792 Aurel.
1520 5737 1760 5806 llouquet
1789 5736 1859 5803 Χ,
1895 5754 1946 5809 p.
1980 5738 2103 5793 537.
