4088 6448
519 421 588 476 79
1631 427 1938 484 ADEMABI
1980 427 2036 484 S.
2080 428 2352 484 ClBAliDl
2393 425 2696 486 MONACI“
3692 426 3768 489 80

591 535 678 590 68.
723 535 852 611 Qua
893 545 1211 607 tempestate
1253 538 1555 605 Odolrieus,
1605 542 1778 599 sancti
1831 541 2096 598 Mareialis
2122 548 2171 605 Λ
2199 540 2499 597 mcelesram
2552 541 2646 596 Dei
2677 538 3000 595 catholicam
3045 537 3311 594 venerari.
3363 536 3590 611 Siguino
3634 553 3768 596 vero

518 627 688 680 abbas
713 609 1135 697 vigilantissinm
1160 629 1479 698 honestatis,
1504 631 1826 702 Egolismam
1855 632 2002 686 venit
2025 633 2094 688 ad

516 717 783 772 llduiuum
811 719 1084 774 comitem.
1126 718 1246 791 Ipse
1295 737 1424 776 vero
1469 733 1595 777 tunc
1634 723 1855 778 donavit
1903 731 2093 776 sancto

519 807 757 862 Marciali
797 810 1093 865 aecclesiam
1121 819 1321 866 sanctae
1357 811 1536 866 Marire
1573 811 1627 866 in
1654 812 1924 866 territorio
1960 810 2096 866 Bur-

519 898 789 967 degalensi
820 915 940 954 cum
977 900 1151 956 insula
1174 917 1364 972 magna
1396 901 1681 957 Dornonia:
1706 901 1878 972 (I67),
1901 901 1956 956 in
1987 915 2093 970 qua

519 998 600 1040 est
642 987 776 1054 sita;
812 998 866 1043 et
911 999 994 1044 est
1042 995 1154 1060 ipsa
1203 990 1376 1045 insula
1409 990 1490 1046 vel
1524 990 1767 1046 mcclesia
1819 1004 1927 1045 uno
1973 989 2095 1060 plus

521 1081 754 1136 miliario
793 1097 822 1134 a
858 1090 1036 1136 castro
1083 1080 1400 1146 Fronciaco,
1433 1083 1573 1151 quod
1614 1091 1733 1137 erat
1764 1081 1815 1136 iu
1856 1081 2095 1136 dominio

520 1173 865 1243 pr0prietatis
890 1173 1182 1243 supradicti
1212 1175 1426 1230 comitis
1464 1190 1585 1230 cum
1613 1175 1860 1230 omnibus
1902 1175 1955 1229 in
1986 1175 2095 1229 cir-

521 1264 668 1318 cuitu
702 1264 860 1320 terris
883 1273 937 1321 et
960 1266 1213 1321 castellis.
1259 1267 1429 1334 Quam
1467 1268 1858 1337 possessionem
1890 1267 2094 1322 retine-

519 1353 614 1408 bat
657 1368 722 1407 ex
765 1352 889 1422 jure
934 1354 1276 1410 luereditario
1317 1355 1503 1410 uxoris
1559 1369 1669 1408 suae
1723 1355 2091 1420 nobilissimae,

521 1444 812 1500 comitissre
832 1443 1252 1500 Alaiziaz.Pater
1282 1459 1412 1500 vero
1442 1443 1558 1514 ejus
1588 1443 1887 1501 Willelmus
1912 1460 2096 1500 rever-

521 1549 616 1590 sus
645 1552 674 1589 a
705 1535 1098 1600 llierosolimis,
1131 1535 1311 1592 multis
1332 1536 1664 1606 principibus
1688 1537 1738 1590 1⁸
1762 1537 1964 1591 bonum
1991 1535 2093 1591 fuit

520 1626 844 1695 exemplum.
897 1624 1193 1680 Confestim
1250 1626 1392 1681 enim
1445 1625 1758 1682 lsimbertns
1811 1626 2095 1696 episcopus

519 1714 850 1782 Pictavinus,
902 1727 958 1772 et
1004 1715 1272 1772 Jordanus
1320 1717 1603 1788 episc0pus
1652 1716 1990 1782 Lemovicus,
2038 1727 2095 1772 et

520 1824 702 1864 comes
735 1808 921 1877 Fulco,
954 1809 1241 1881 pluresque
1268 1809 1556 1880 primatum
1581 1811 1638 1864 2‘
1673 1808 2091 1866 llicrosolimam

521 1901 768 1956 tendunt.

592 1991 678 2046 69.
721 1991 816 2046 llis
843 1993 1030 2047 dielms
1050 1992 1338 2048 concilium
1373 1991 1683 2064 adgregavit
1715 1993 2089 2064 episcoporum

518 2090 575 2134 et
596 2081 849 2136 abbatum
881 2083 986 2137 dux
1015 2081 1314 2139 Willehnus
1339 2085 1477 2154 apud
1498 2082 2091 2154 Sanctum‘Carrofum,

518 2183 743 2243 pr0pter
777 2175 1162 2244 extinguendas
1191 2177 1440 2243 baareses,
1487 2192 1606 2246 quae
1655 2177 1812 2248 vulgo
1861 2192 1890 2231 a
1924 2175 2096 2230 hiaui-

520 2266 672 2321 cbeis
694 2267 1199 2322 disseminabantur.
1232 2267 1308 2323 lbi
1332 2268 1621 2324 adfuerunt
1650 2283 1838 2323 omnes
1871 2268 2097 2338 Aquita-

519 2354 625 2411 nia:
675 2356 964 2428 principes,
1004 2356 1201 2430 quibus
1251 2361 1491 2431 precepit
1537 2374 1722 2429 pacem
1773 2358 1990 2412 ﬁrmare
2039 2367 2096 2414 et

521 2509 1312 2599 ι’,ροιξηξινειξν..τηειιξροτίιξιεε
1343 2520 1411 2599 ξι
1433 2512 1779 2599 ,ρειυροτίιιειε
1830 2514 1884 2567 2-

590 2595 788 2663 perum
811 2596 883 2663 ac
907 2581 1134 2663 divitum
1174 2581 1300 2663 add.
1343 2582 1399 2663 2..
1430 2581 1494 2638 G.
1517 2581 1658 2663 ‘cfpp:
1692 2582 1828 2652 Eng.

2119 2530 2179 2636 3”

1921 2585 1974 2638 3‘
2017 2599 2118 2652 apu

2195 631 2577 702 Burdegalensi
2597 630 2851 686 defuncto
2871 628 3276 700 archiepiscopo
3292 629 3454 699 (circa
3473 647 3565 685 an.
3581 631 3764 701 1020),

2195 732 2252 779 et
2287 724 2416 778 Acio
2456 731 2578 794 post
2613 736 2735 776 eum
2773 720 3040 785 ordinato,
3083 729 3136 774 et
3168 736 3273 776 non
3303 719 3462 790 longe
3502 731 3624 792 post
3652 723 3764 778 vita

2193 815 2424 886 privato,
2467 815 2574 869 dux
2614 813 2917 884 Aquitaniae
2943 810 3246 866 Willelmus
3291 820 3347 867 et
3389 813 3495 866 dux
3534 812 3766 868 Waseoo

2195 907 2298 961 nia:
2357 905 2623 970 Sancius,
2679 903 2970 974 adgregato
3025 909 3292 957 conventu
3347 911 3474 970 aput
3523 901 3763 957 Blaviam

2194 999 2368 1069 (circa
2425 1013 2515 1051 an.
2575 995 2781 1066 1927),
2845 994 3243 1050 constituerunt
3301 993 3769 1064 archiepiscopum

2193 1084 2553 1152 Gotelridum,
2585 1085 2802 1139 natione
2849 1081 2921 1116 ³⁸⁸
2958 1082 3256 1148 Francum,
3307 1081 3551 1137 moribus
3603 1083 3771 1136 hone-

2194 1187 2356 1234 stum.
2413 1177 2512 1244 Qui
2563 1177 2761 1232 ibidem
2808 1175 2864 1231 δ’
2914 1183 3261 1230 consecratus
3303 1181 3388 1229 est
3436 1188 3468 1226 a
3500 1170 3770 1243 suifraga-

2194 1269 2310 1323 neis
2337 1268 2408 1299 ἰ’
2429 1265 2696 1338 episcopis
2717 1265 2794 1320 4⁸.

2265 1358 2351 1412 70.
2382 1357 2494 1413 Rex
2518 1371 2731 1426 quoque
2757 1354 3007 1411 Navarm
3029 1352 3274 1417 Sancius,
3299 1351 3554 1408 adhibitis
3581 1366 3766 1406 secum

2193 1447 2576 1512 Wasconibus,
2615 1459 2778 1515 super
2811 1444 3141 1499 Sarracenos
3169 1442 3468 1498 exercitum
3497 1439 3669 1502 duxit,
3711 1447 3770 1493 et

2193 1539 2472 1594 devastata
2519 1535 2801 1605 Hispania,
2847 1549 2970 1587 cum
3021 1531 3204 1587 multis
3249 1531 3438 1601 spoliis
3482 1538 3538 1583 et
3572 1543 3771 1598 magno

2197 1631 2471 1700 triumpho
2497 1628 2756 1684 remeavit
2795 1627 2906 1695 (an.
2939 1623 3121 1694 1027).
3176 1624 3296 1693 Ipso
3342 1623 3576 1691 denique
3623 1635 3771 1674 anno

2197 1737 2294 1776 rex
2321 1719 2643 1776 Gallitianus
2669 1715 2974 1772 Adel‘onsus
3009 1713 3340 1770 Sarracenos
3368 1711 3652 1782 populatus
3686 1717 3771 1764 est

2197 1829 2388 1883 magna
2415 1809 2777 1874 infestatione,
2805 1816 2857 1862 et
2885 1807 3118 1876 quadam
3142 1803 3413 1873 lliSpauia:
3431 1801 3650 1859 civitate
3673 1815 3774 1870 per

2123 1900 2167 1958 Β
2195 1903 2530 1959 obsidionem
2561 1915 2696 1971 pene
2722 1901 2777 1954 δ’
2802 1913 2921 1954 sese
2948 1898 3196 1952 tradente
3235 1895 3309 1961 ei,
3338 1895 3464 1949 dum
3498 1894 3630 1962 ipse,
3677 1907 3768 1946 ar-

2198 1995 2302 2050 mis
2355 1993 2628 2063 depositis,
2680 1990 2920 2046 furentes
2970 1990 3306 2044 extrinsecus
3359 1984 3684 2040 christianos
3737 1998 3770 2036 a

2198 2085 2495 2142 certamine
2523 2084 2737 2139 sedaret
2769 2082 3031 2146 hostium,
3069 2081 3134 2134 ab
3181 2076 3528 2139 adversariis,
3569 2073 3769 2144 quibus

2198 2193 2422 2249 parcere
2447 2175 2785 2240 deliberavit,
2811 2174 2920 2230 ictu
2957 2173 3164 2244 sagittre
3193 2170 3326 2224 foris
3370 2181 3554 2221 muros
3583 2163 3770 2218 vulne-

2201 2277 2351 2322 ratus
2377 2265 2603 2330 interiit,
2648 2275 2703 2320 et
2732 2265 2810 2320 sic
2836 2264 3106 2318 exercitus
3135 2262 3250 2333 ejus
3294 2259 3481 2314 dolore
3519 2272 3625 2312 non
3656 2255 3774 2312 sine

2199 2374 2396 2431 magno
2421 2358 2741 2431 regreditur,
2775 2358 2962 2428 lugens
2995 2354 3292 2426 principem
3321 2365 3478 2406 suum
3505 2347 3591 2402 6‘.

2181 2530 2232 2584 p7.
2269 2509 2406 2582 Eng.
2478 2511 2532 2584 ξ’
2564 2521 2620 2568 et
2645 2511 2851 2566 infinita
2879 2509 3170 2584 multitudo
3184 2504 3534 2584 mediocrium
3559 2511 3612 2556 et
3636 2515 3776 2582 pau-

2197 2573 2452 2636 Sanctvum
2487 2581 2783 2636 Romanum
2821 2581 2947 2634 add.
2994 2580 3047 2633 9..
3121 2578 3174 2632 4·
3208 2576 3337 2630 Nam
3373 2575 3521 2629 llislo
3565 2573 3776 2641 cpisco-

593 2645 694 2718 pus
720 2649 790 2683 ’³⁸
811 2650 1272 2723 Sanctonieeusis,
1299 2653 1390 2721 Qui
1419 2645 1940 2723 archiepiscopatum
1967 2645 2139 2722 ipsum
2168 2662 2476 2722 susceperat
2503 2653 2714 2723 vivente
2743 2649 3192 2723 etmroganteAtio
3213 2645 3436 2723 paralisi
3461 2645 3777 2714 dampnato.

593 2714 784 2790 sponte
811 2721 878 2754 ⁸⁸⁷
907 2720 1203 2794 dereliquid
1231 2714 1524 2778 secundum
1559 2714 1826 2778 canonum
1857 2714 2100 2778 instituta
2129 2722 2254 2777 add.
2283 2714 2340 2778 ἓξ
2410 2724 2463 2778 5·
2493 2724 2634 2778 deest
2661 2722 2716 2777 2.
2789 2721 2842 2777 6'
2871 2714 3226 2778 fortissimum
3251 2717 3374 2772 add.
3404 2714 3460 2770 2.

1854 2899 2083 2961 vitam
2123 2899 2519 2960 LECTIONES.
2582 2874 2585 2877 ’

593 3049 665 3084 ³⁸⁸
688 3047 908 3108 natione
935 3047 988 3107 l.
1063 3045 1135 3082 ³⁸⁸
1167 3043 1532 3118 ωαηιιοίῌ.
1606 3045 1676 3080 ἰ’
1705 3042 1822 3119 epis
1848 3033 2234 3104 sees—Emioscis
2263 3059 2312 3098 ο.
2387 3043 2456 3076 ²¹τ
2487 3040 2696 3113 spontie
2725 3039 2777 3095 l.

2079 3215 2308 3278 ΝΟΤιΕ.

611 3341 628 3412 (
641 3342 656 3395 l
669 3342 757 3414 67)
787 3342 1088 3417 Dordogne.

537 3501 3767 3554 Μ

1643 3685 2618 3792 COMMEMOBATIO

1059 3936 1814 4071 ABBATUM
1913 3926 3219 4065 LEMOVICENSIUM

1514 4212 1848 4274 BASlLleE
1887 4212 1944 4270 S.
1985 4209 2356 4268 MARTIALIS
2393 4203 2754 4267 APOSTOLI.

877 4372 1389 4484 Auctore
1447 4365 2024 4480 Ademaro
2078 4359 2611 4471 monacho
2690 4354 2826 4476 S.‘
2898 4349 3384 4470 Cibardi.

1399 4594 1573 4669 (Apud
1599 4592 1893 4656 Lahbeum,
1926 4590 2248 4647 Bibliotheca
2288 4603 2418 4641 nora
2460 4601 2584 4639 mss.
2617 4582 2681 4649 ll,
2712 4582 2865 4650 27L)

599 4915 756 4970 Anno
800 4912 906 4970 848
949 4911 1018 4968 ab
1065 4907 1438 4967 incarnatione
1460 4907 1694 4978 Domini,
1717 4907 2009 4964 indictione
2043 4917 2098 4959 χι
2127 4889 2171 4950 (ἶ
2203 4919 2270 4960 ex
2315 4903 2608 4975 semitipsis
2655 4905 2904 4960 abbatem
2949 4899 3300 4963 constituere,
3345 4895 3438 4951 sed
3478 4893 3779 4966 regularem

530 5005 703 5076 pridie
730 5001 1230 5072 KalendasAprilis,
1267 5000 1620 5073 temporibus,
1641 5014 1828 5072 regum
1855 4996 2099 5052 Lotharii

529 5106 586 5151 ct
627 5094 804 5151 Caroli
837 5092 1006 5160 Calvi,
1055 5106 1197 5148 nono
1236 5105 1378 5147 anno
1411 5101 1533 5162 post
1569 5098 1798 5147 mortem
1842 5085 2100 5142 Ludovici

528 5187 893 5259 imperatoris,
942 5185 1038 5242 ﬁlii
1073 5183 1252 5241 Caroli
1290 5181 1468 5254 Magni
1511 5180 1851 5254 imperatoris
1879 5187 1934 5235 et
1963 5193 2094 5249 pra:-

528 5277 662 5332 lium
692 5276 1122 5342 Fontaneticum,
1163 5283 1402 5330 mutatus
1429 5282 1512 5329 est
1535 5269 1865 5328 cauonicalis
1889 5269 2104 5325 habitus

530 5369 584 5422 in
612 5367 968 5424 monastieum
997 5367 1048 5421 in
1090 5366 1311 5422 basilica
1349 5363 1646 5421 Salvatoris
1674 5363 1857 5418 mundi
1887 5372 1942 5418 et
1965 5360 2106 5416 Mar-

533 5455 680 5513 tialis
699 5457 815 5528 ejus
842 5458 1068 5529 apostoli
1095 5456 1380 5513 Lemovica
1411 5455 1652 5512 civitate.

604 5547 716 5605 lloe
739 5547 1010 5604 Ainardus
1057 5547 1226 5602 abbas
1255 5547 1424 5616 ipsius
1469 5544 1571 5600 loci
1618 5558 1722 5598 non
1755 5543 1978 5609 invitus,
2014 5542 2106 5596 sed

531 5643 867 5697 voluntarius
904 5656 1024 5696 cum
1077 5640 1209 5710 ipsis
1261 5637 1575 5703 canonicis,
1622 5634 1730 5688 Deo
1772 5633 2104 5703 inspirante,

535 5735 663 5806 egit,
699 5743 754 5788 et
789 5744 895 5788 tam
931 5733 1047 5802 ipse
1077 5746 1239 5802 quam
1262 5743 1450 5783 omnes
1477 5724 1722 5781 canonici
1755 5723 1871 5792 ejus
1915 5733 2111 5776 semet-

536 5829 680 5897 ipsos
711 5829 760 5881 in
794 5829 980 5881 colem
1009 5825 1125 5879 loco
1153 5822 1444 5879 monachos
1476 5820 1711 5874 fecerunt
1745 5825 1794 5871 et
1824 5815 2108 5871 uoluerunt

2209 4994 2460 5051 abbatem
2487 4995 2657 5052 sancti
2690 4995 2872 5050 Savini
2917 4992 3136 5048 nomine
3169 4989 3442 5044 Dodonem
3474 4986 3575 5041 sibi
3609 4985 3782 5038 abba-

2209 5091 2315 5139 tem
2344 5083 2640 5154 elegerunt,
2664 5093 2718 5138 et
2745 5081 2980 5153 perfecte
3010 5079 3286 5154 regulares
3306 5077 3650 5132 exstiterunt.

2281 5173 2697 5242 Primusitaque
2737 5172 2902 5226 abbas
2942 5171 3100 5238 hujus
3145 5169 3245 5224 loci
3271 5184 3336 5222 ex
3377 5167 3644 5222 monacho
3679 5161 3782 5217 fuit

2209 5263 2350 5319 idem
2373 5263 2541 5328 Dodo,
2574 5271 2626 5315 et
2649 5262 2862 5332 praefuit
2888 5261 3059 5316 tribus
3086 5260 3264 5314 annis.

2282 5353 2561 5409 Secundus
2581 5353 2746 5408 abbas
2775 5352 2926 5407 Abbo
2948 5350 3158 5422 prmfuit
3184 5349 3340 5402 anuis
3364 5361 3437 5408 xt,
3464 5345 3618 5415 cujus
3639 5358 3784 5397 anno

2211 5446 2401 5517 quinto
2426 5443 2652 5499 Carolus
2683 5442 2878 5498 Calvus
2921 5442 2973 5496 in
3009 5457 3189 5509 regem
3239 5437 3553 5494 Letuovicas
3590 5443 3783 5488 unctus

2212 5545 2294 5592 est
2325 5552 2355 5591 a
2399 5534 2632 5590 Radull‘o
2684 5531 3008 5588 Bituriceusi
3032 5530 3461 5599 archiepiscopo,
3491 5533 3546 5580 et
3574 5522 3783 5580 Stodilo

2214 5628 2582 5684 Lemovicensi
2615 5628 2886 5698 episcopo,
2908 5634 2958 5681 et
2983 5625 3102 5679 aliis
3131 5622 3374 5678 Francize
3399 5629 3455 5676 et
3481 5616 3784 5688 Aquitania:

2211 5732 2267 5788 et
2301 5721 2464 5775 ltalim
2490 5731 2543 5774 et
2572 5719 2889 5790 Burgundia:
2935 5715 3120 5772 multis
3153 5710 3572 5783 archiepiscopis
3593 5721 3643 5762 cl
3672 5706 3788 5775 epi-

2213 5813 2406 5884 SCOlliS.
2453 5812 2562 5869 lloe
2593 5826 2734 5866 anno
2774 5809 3078 5866 coenobium
3111 5805 3463 5863 Bello-locum
3501 5819 3529 5856 a
3558 5799 3784 5855 llolalto
