4032 5416
265 185 334 257 et

1347 199 1898 260 COMMEMORATIO
1936 202 2263 261 ABBATUM
2302 205 2549 263 LEMOV.

3483 200 3564 261 83'

267 316 688 388 archiepiscopo
748 314 1025 372 funlat'im
1092 327 1147 372 et
1204 327 1607 378 consecratum,
1679 325 1734 371 et
1794 315 1850 371 8.
1886 321 1930 379 Α
1962 329 2196 383 panense
2226 314 2380 382 juxta
2409 312 2690 372 castellum
2741 315 3064 372 Potentiam:
3093 317 3306 374 Tertius
3330 336 3548 392 quoque

265 409 541 463 Geralzlus
587 409 980 463 Auriliacensis
1018 417 1175 463 natus
1219 418 1323 463 est.
1373 409 1520 464 Obiit
1564 408 1716 462 Abbo
1765 423 1853 460 xiv

266 501 497 556 Kalend.
529 500 697 556 Junii.

336 592 565 646 Tertius
599 594 769 647 abbas
794 591 1007 661 praefuit
1028 590 1351 645 Benedictus
1380 589 1539 644 annis
1569 605 1654 643 xv.
1687 587 1856 656 llujus

261 683 562 751 pnesulatu
593 681 889 736 Normanni
933 688 1214 748 coeperunt
1251 694 1309 734 se
1334 679 1562 748 primum
1593 677 1742 744 (168)
1772 675 1856 730 εἷς·

261 775 496 828 fundere
526 775 580 828 in
614 774 896 828 Franciam
937 783 991 827 et
1035 772 1414 842 Aquitaniam;
1460 771 1594 824 obiit
1626 784 1713 822 xw
1745 768 1854 822 Ka-

259 864 454 920 lendas
507 865 812 946 Februarii.
867 862 1075 918 Stodilo
1131 861 1387 930 episcopo
1431 857 1674 913 succedit
1719 856 1855 910 Aldo

260 943 555 1028 episcopus
605 967 663 1012 et
702 943 836 1012 obiit
867 956 1032 1010 Nonis
1053 954 1323 1017 Octobris,
1352 953 1596 1024 sepultus
1627 953 1680 1006 in
1713 951 1854 1005 basi-

259 1050 364 1102 lica
396 1048 704 1104 Satvaloris
744 1048 1058 1102 Lemovicm.
1087 1046 1214 1100 Post
1240 1061 1362 1100 eum
1392 1044 1544 1099 Geilo
1567 1045 1852 1114 episcopus

260 1143 493 1205 exstitit,
522 1143 616 1212 qui
647 1141 783 1196 obiit
820 1157 874 1196 :v
904 1127 1026 1196 ldus
1052 1139 1200 1195 Julii.
1240 1137 1371 1195 Post
1396 1154 1520 1195 eum
1564 1137 1852 1192 Anselmus

258 1234 634 1303 episcopatum
668 1234 812 1288 tenui
824 1243 860 1287 t.

329 1326 570 1393 Quartus
595 1326 766 1379 abbas
788 1323 1003 1394 praefuit
1027 1323 1336 1379 Gonsindus
1369 1323 1534 1378 annis
1558 1337 1712 1376 xvm.
1741 1321 1850 1376 llu-

253 1417 342 1485 jus
368 1417 612 1472 secundo
637 1433 783 1470 anno
812 1415 1036 1471 Carolus
1065 1415 1262 1470 Calvus
1307 1417 1600 1484 imperator
1631 1416 1765 1468 obiit
1793 1427 1849 1470 et

261 1510 399 1564 lilius
427 1510 548 1581 ejus
579 1497 885 1565 Ludovicus
935 1510 1133 1565 Balbus
1179 1526 1400 1580 regnum
1443 1511 1700 1580 suscepit.
1750 1509 1849 1565 Hic

255 1602 431 1654 tribus
467 1602 628 1655 annis
663 1609 946 1671 postquam
991 1610 1267 1671 regnasset
1301 1602 1434 1656 obiit
1467 1610 1521 1657 et
1562 1601 1703 1657 ﬁlius
1732 1601 1849 1672 ejus

254 1690 483 1744 Carolus
518 1706 745 1762 regnum
776 1692 1010 1761 suscepit
1041 1691 1217 1762 (-169),
1243 1692 1327 1746 cui
1355 1691 1471 1746 Odo
1495 1707 1590 1747 rex
1623 1708 1847 1762 regnum

252 1782 480 1835 abstulit
509 1792 564 1837 et
592 1798 691 1853 pro
711 1798 777 1837 eo
807 1783 1071 1854 regnavit.
1116 1783 1269 1839 llunc
1296 1783 1547 1838 abbatem
1579 1799 1686 1839 non
1722 1786 1848 1839 mit-

252 1880 426 1925 terem
475 1873 529 1925 in
564 1875 834 1944 catalogo,
864 1875 965 1929 nisi
1005 1874 1195 1929 fuisset
1227 1876 1527 1930 monastico
1548 1876 1734 1931 habitu
1765 1878 1846 1931 in-

257 1966 436 2018 dutus.
469 1964 606 2020 Nam
637 1967 798 2022 nimis
829 1968 991 2022 corde
1028 1967 1307 2023 saecularis
1352 1968 1550 2024 multas
1584 1969 1845 2025 ecclesias

251 2067 304 2109 et
327 2065 513 2111 terras
544 2072 574 2111 a
602 2058 824 2113 basilica
862 2059 1121 2114 Martialis
1151 2060 1378 2129 apostoli
1404 2061 1630 2116 abstulit
1658 2071 1710 2116 et
1747 2078 1845 2118 ειυς

253 2147 532 2203 cularibus
576 2150 937 2219 potestatibus
979 2151 1246 2208 inutiliter
1273 2152 1564 2209 concessit.
1594 2152 1740 2208 Obiit
1769 2169 1840 2210 vn

251 2235 372 2290 Kal.
403 2237 754 2296 Novembris.

324 2329 564 2395 Quintus
587 2331 754 2385 abbas
777 2331 1064 2387 Fulbertus
1087 2332 1300 2404 praefuit
1329 2335 1486 2390 aunis
1509 2352 1582 2390 vl.
1615 2335 1761 2391 Obiit
1788 2352 1838 2391 Ix

251 2419 484 2474 Kalend.
518 2420 824 2476 Februarii.
859 2423 1027 2494 llujus
1054 2441 1196 2480 anno
1227 2428 1418 2496 quinto
1443 2428 1558 2483 Odo
1590 2444 1680 2483 rex
1705 2431 1842 2484 obiit

248 2520 306 2588 et
329 2510 527 2566 Carlus
551 2511 726 2567 Minor
758 2530 980 2585 regnum
1024 2520 1385 2587 recuperavit.
1417 2519 1535 2588 Ipso
1566 2536 1707 2575 anno
1733 2522 1840 2575 An-

249 2583 455 2655 selmus
515 2601 805 2672 episcopus
850 2602 1257 2662 Lcmovicensis
1301 2609 1436 2663 obiit
1488 2626 1517 2664 v
1570 2610 1696 2666 ldus
1739 2611 1839 2666 Fe-

248 2687 478 2755 bruarii,
509 2693 755 2760 sepultus
786 2695 837 2748 in
872 2696 1094 2751 basilica
1129 2697 1425 2755 Salvatoris
1454 2701 1608 2772 juxta
1641 2717 1838 2774 corpus

250 2784 546 2850 supradicti
571 2784 799 2840 Aldonis
828 2788 1086 2858 episcopi.

320 2875 520 2928 Sextus
551 2875 722 2930 abbas
753 2877 1040 2933 Fulbertus
1075 2882 1288 2951 pra-fuit
1325 2886 1483 2939 annis
1527 2901 1618 2940 xv.
1666 2886 1837 2954 llujus

251 2978 390 3019 anno
417 2977 576 3020 sexto
609 2978 830 3023 sanctus
852 2970 1117 3027 Geraldus
1154 2975 1292 3045 apud
1336 2977 1669 3033 Auriliacum
1703 2981 1836 3034 obiit

251 3059 408 3112 tertio
438 3057 566 3122 ldus
609 3059 882 3126 Octobris,
929 3065 1171 3133 sepultus
1222 3067 1272 3121 in
1322 3072 1651 3125 monasterio
1690 3072 1832 3128 Petri

248 3149 472 3214 apostoli
505 3150 647 3220 quod
691 3151 809 3218 ipse
830 3153 1216 3210 :edificaverat.
1264 3156 1432 3226 Hujus
1457 3159 1668 3215 abbatis
1691 3177 1836 3219 anno

247 3237 457 3294 decimo
488 3255 632 3294 nono
659 3241 795 3296 obiit
829 3241 1144 3301 Guillelmus
1171 3247 1276 3300 dux
1298 3289 1311 3309 ,
1343 3264 1525 3305 eomes
1551 3251 1832 3319 Arvernis,

249 3330 333 3396 qui
357 3331 674 3387 (Iluniacum
690 3335 1297 3395 emnobiumtedilicavit
1317 3341 1642 3412 (l70).ldcm
1667 3347 1832 3401 abbas

247 3417 538 3476 Fulbertus
567 3423 699 3478 obiit
725 3425 978 3482 Kalendis
1007 3428 1311 3485 Februarii.

315 3513 592 3582 Septimus
641 3517 809 3573 abbas
867 3519 1176 3590 Stephanus
1225 3524 1439 3593 praefuit
1487 3526 1643 3582 annis
1681 3543 1826 3592 xvu,

246 3602 375 3657 obiit
407 3621 540 3660 xvtu
579 3606 804 3663 Kalend.
842 3609 1178 3667 Decembris.
1213 3613 1309 3669 llic
1333 3618 1637 3685 composuit
1665 3635 1831 3690 super

245 3695 415 3752 altare
467 3697 768 3756 Salvatoris
812 3703 1102 3759 ecclesiam
1155 3720 1219 3760 ex
1249 3723 1381 3764 auro
1419 3719 1474 3764 et
1515 3713 1744 3780 gemmis
1776 3722 1831 3768 et

244 3797 471 3855 argento
501 3806 662 3859 quam
696 3802 891 3848 vocant
939 3794 1242 3851 Muneram.
1291 3798 1388 3856 llic
1438 3810 1612 3858 turres
1657 3803 1707 3858 in
1740 3819 1831 3859 ca-

245 3895 270 3932 s
291 3882 395 3936 ello
429 3882 489 3936 S.
517 3882 777 3941 Martialis
803 3887 936 3942 duas
961 3888 1107 3954 fecit,
1140 3905 1301 3944 unam
1333 3903 1519 3946 contra
1547 3893 1828 3950 Scutarios

243 3975 458 4028 nomine
501 3974 826 4046 Orgoletam,
877 3979 1102 4036 alteram
1149 3989 1338 4035 contra
1368 3981 1580 4037 Areuas
1609 3984 1826 4040 nomine

242 4061 565 4129 Fustiviam,
606 4067 951 4137 praecipiente
989 4069 1112 4137 hoc;
1140 4085 1265 4140 rege
1293 4071 1488 4128 Carolo
1524 4073 1728 4131 Illiuore
1759 4075 1825 4129 ad

240 4155 607 4223 repellendum
638 4140 1239 4226 Guillelmmn‘ducem,
1273 4161 1610 4218 Pictavinum
1655 4166 1825 4220 comi-

241 4257 366 4313 tem,
399 4258 455 4303 et
489 4263 561 4302 ex
598 4251 818 4305 nomine
864 4265 964 4305 suo
999 4252 1172 4322 ipsum
1207 4255 1488 4310 castellum
1526 4258 1824 4315 nominavit

240 4335 595 4407 Stenopolim,
630 4340 786 4409 quasi
819 4341 1077 4412 Stephani
1111 4344 1383 4400 civitatem
1413 4346 1582 4417 (l7l).

304 4430 544 4485 Octavus
569 4429 740 4484 abbas
765 4432 922 4488 Aimo
952 4433 1165 4503 praafuit
1197 4437 1353 4492 annis
1392 4452 1506 4493 sex.
1536 4437 1682 4495 Obiit
1711 4440 1820 4495 No-

241 4523 316 4576 nis
340 4521 487 4578 Maii.
524 4523 624 4578 [lic
654 4524 949 4580 amicitiam
991 4527 1182 4583 habuit
1218 4545 1338 4584 cum
1390 4531 1447 4586 8.
1479 4532 1665 4588 Odoue
1692 4533 1818 4589 Clu-

240 4617 471 4671 niacensi
511 4617 733 4680 abbate,
770 4617 853 4671 cui
881 4618 1043 4687 jussit
1075 4621 1240 4675 edere
1272 4622 1444 4676 Vitam
1487 4624 1544 4678 S.
1577 4625 1814 4681 Geraldi.

241 4703 328 4758 llic
368 4706 709 4776 Turpionem
757 4707 1066 4779 episcopum
1103 4709 1566 4780 Lemoviccuscm,
1596 4715 1815 4771 fratrem

239 4810 407 4861 suum,
437 4811 658 4850 smnmo
691 4811 878 4852 amore
925 4800 1164 4855 excoluit
1189 4810 1243 4855 et
1271 4804 1430 4856 tertio
1463 4814 1583 4874 post
1608 4807 1814 4864 obitum

175 4903 182 4910 ·
235 4884 342 4951 ejus
369 4902 514 4940 anno
543 4887 730 4942 eidem
760 4885 817 4940 S.
844 4887 1042 4957 Turpio
1085 4891 1370 4960 episcopus
1391 4896 1528 4950 obiit
1571 4913 1662 4951 \‘lll
1704 4897 1816 4957 Ka—

235 4973 406 5032 lendas
442 4976 708 5048 Augusti.
745 4975 823 5029 Ex
853 4977 1002 5046 cujus
1030 4989 1186 5050 nepte
1211 4981 1395 5038 Ollicia
1431 4987 1668 5054 nomine,
1702 4993 1814 5047 nati

229 5079 343 5123 sunt
371 5071 723 5124 Adalbertus
754 5068 986 5128 decanus
1014 5082 1066 5128 et
1094 5073 1382 5146 Rotgerius
1405 5088 1556 5148 patre
1579 5080 1814 5139 Fulcbe-

227 5161 298 5216 rio
328 5164 378 5217 iu
409 5161 641 5233 proprio
675 5159 806 5230 jure
831 5161 1184 5233 brereditario,
1217 5169 1359 5236 quod
1401 5181 1625 5227 vocatur
1645 5172 1812 5230 Cam-

455 5325 583 5416 1010
607 5320 810 5416 potius
837 5327 1069 5384 secunda
1099 5328 1416 5398 irruptione.

287 5405 294 5416 ,ι
312 5398 324 5416 Ι
340 5397 423 5416 l'n\
455 5395 561 5416 IT---
581 5413 588 5416 .

1958 407 2499 476 Raimundusjunior
2529 418 2657 464 natu
2684 424 2980 478 germanus
3000 410 3208 465 exstitit
3234 411 3541 476 amborum.

1953 496 2109 564 cujus
2123 513 2222 569 ego
2244 499 2542 556 Ademarus
2566 500 2706 556 filius
2728 500 2802 556 fui
2833 510 3006 557 matre
3051 500 3373 574 Hildegarde
3414 506 3544 577 [sive

1954 587 2271 662 Aldearde].

2027 679 2154 735 Post
2186 682 2470 738 Aimonem
2507 683 2758 740 abbatem
2793 685 3006 741 vacavit
3028 685 3245 741 abbatia
3287 702 3417 742 xxx:
3443 703 3541 744 an-

1955 773 2040 827 nis
2081 774 2197 828 sine
2231 784 2470 842 pastore.
2509 776 2659 832 Illum
2690 779 2832 832 enim
2876 779 2968 848 qui
3013 787 3094 832 tot
3137 779 3296 834 annis
3325 781 3541 850 praefuit

1954 872 2164 918 tantum
2207 879 2313 919 non
2348 866 2569 937 profuit,
2595 867 2725 924 nolo
2759 869 3098 948 inﬁatalogo
3143 859 3399 926 abbatu'm
3434 887 3537 942 po-

1952 969 2105 1015 nere.
2131 971 2253 1010 cum
2281 955 2541 1025 injustum
2563 958 2665 1014 hoc
2688 961 2777 1014 sit.
2807 959 2940 1014 Nam
2972 959 3159 1014 habitu
3192 975 3538 1032 nequaquam

1929 1045 2286 1109 'monacbali,
2314 1048 2408 1103 sed
2439 1050 2764 1114 canonicali,
2801 1051 2910 1104 imo
2939 1049 3115 1106 laicali
3143 1065 3241 1121 per
3265 1060 3346 1106 tot
3366 1067 3539 1108 annos

1952 1135 2316 1207 principatum
2345 1138 2446 1194 loci
2477 1143 2649 1196 tenuit
2675 1141 2791 1196 solo
2822 1142 3038 1197 nomine
3065 1142 3255 1198 abbas.
3291 1141 3394 1210 Qui
3425 1144 3540 1199 vult

1949 1226 2070 1294 ejus
2097 1241 2290 1282 nomen
2303 1229 2465 1289 scire.
2482 1229 2785 1286 Aimericus
2813 1241 3037 1288 vocatus
3057 1241 3160 1289 est.
3192 1232 3368 1305 Hujus
3391 1251 3537 1290 anno

1955 1333 1984 1371 ι
2013 1319 2400 1374 monasterium
2431 1320 2491 1374 S.
2525 1321 2786 1376 Martialis
2816 1323 3000 1378 divino
3024 1323 3231 1392 judicio
3268 1326 3390 1396 igne
3410 1342 3536 1382 crc-

1951 1421 2159 1465 matum
2188 1419 2290 1465 est.
2321 1410 2419 1466 Hie
2447 1426 2664 1466 omnem
2699 1422 2898 1468 terram
2927 1415 3240 1471 monasterii
3287 1416 3447 1486 hujus
3477 1426 3536 1474 et

1949 1503 2215 1558 ecclesias
2243 1513 2352 1558 tam
2377 1505 2690 1573 parentibus
2727 1506 2841 1561 suis
2871 1523 3033 1576 quam
3061 1508 3274 1564 caeteris
3304 1509 3536 1564 saecula-

1953 1593 2104 1649 ribus
2149 1594 2507 1664 potestatibus
2557 1595 2687 1651 dare
2734 1611 2839 1651 non
2886 1596 3082 1651 timuit.
3117 1595 3216 1653 llic
3258 1598 3419 1654 tertio
3448 1599 3537 1655 die

1881 1667 1924 1727 Β
1953 1693 2076 1739 ante
2107 1694 2333 1740 mortem
2371 1701 2523 1741 suam
2552 1686 2795 1741 habitum
2823 1687 3071 1742 monachi
3108 1686 3301 1752 induit,
3334 1689 3534 1745 timens

1862 3019 1905 3079 C

1848 4371 1898 4429 D

1949 1774 2247 1845 perjurium
2281 1778 2426 1846 quod
2472 1776 2584 1848 regi
2617 1775 2896 1832 lllotbario
2942 1778 2992 1832 iu
3025 1777 3254 1834 Francia
3284 1780 3535 1834 ﬁrmave-

1949 1877 2054 1928 rat,
2085 1865 2304 1935 quando
2326 1880 2356 1920 a
2388 1882 2514 1938 rege
2543 1868 2714 1923 abbas
2740 1868 3070 1924 constitutus
3095 1877 3198 1924 est.
3231 1869 3364 1925 Nam
3381 1869 3535 1939 jura-

1947 1957 2024 2013 vit
2049 1959 2162 2030 regi
2203 1973 2263 2014 se
2305 1961 2631 2015 monachum
2685 1959 2823 2024 ﬁeri,
2854 1960 2949 2016 sed
2994 1959 3205 2016 deriSor
3234 1949 3331 2017 Dei
3362 1978 3534 2033 usque

1945 2050 2012 2105 ad
2055 2061 2284 2106 mortem
2313 2051 2540 2117 distulit,
2583 2052 2674 2121 qui
2718 2051 2822 2106 nisi
2875 2052 3056 2108 scelus
3097 2055 3534 2125 praesumptionis

1942 2138 2062 2210 ejus
2091 2140 2300 2196 deleret
2319 2156 2470 2205 eum,
2495 2157 2670 2197 nonus
2697 2141 2866 2198 abbas
2890 2145 3244 2199 scriberetur.

2014 2232 2199 2287 Nonus
2229 2231 2398 2288 abbas
2427 2231 2600 2304 Guigo
2625 2232 2840 2302 praefuit
2867 2233 3026 2288 annis
3049 2249 3180 2288 xvu.
3211 2232 3360 2290 Obiit
3389 2233 3532 2305 Ego-

1942 2320 2115 2376 lisma:
2144 2321 2304 2377 tertio
2325 2321 2596 2378 Kalendas
2622 2321 2897 2388 Octobris,
2928 2322 3169 2392 sepultus
3199 2323 3253 2379 iu
3289 2323 3522 2380 basilica

1941 2413 1999 2469 S.
2029 2414 2276 2484 Eparchii
2307 2423 2433 2471 ante
2458 2415 2632 2470 altare
2667 2416 2838 2471 sancti
2874 2415 3198 2485 Stbaphani,
3221 2416 3349 2486 quia
3379 2415 3529 2472 etde

1942 2505 2059 2576 ipso
2088 2505 2419 2560 monasterio
2455 2505 2624 2560 abbas
2649 2515 2788 2560 erat.
2823 2504 2920 2560 llic
2957 2503 3308 2561 Adalbertum
3331 2520 3526 2576 supra-

1939 2599 2142 2653 dictum
2193 2598 2477 2655 constituit
2531 2598 2635 2653 sibi
2687 2599 2952 2654 decanum
2988 2598 3042 2653 in
3085 2598 3306 2655 basilica
3350 2601 3526 2656 sancti

1940 2686 2229 2742 Martialis.
2262 2687 2432 2758 l-lujus
2457 2703 2600 2742 anno
2626 2687 2945 2744 duodecimo
2972 2703 3065 2744 rex
3087 2687 3400 2745 Hlotharius
3431 2689 3527 2746 Le-

1939 2779 2181 2833 movicas
2206 2778 2374 2843 venit,
2408 2777 2772 2848 praecepitque
2797 2776 2976 2831 abbati
3004 2787 3064 2833 ut
3087 2777 3382 2835 aedificaret
3407 2795 3526 2834 mu-

1938 2885 2030 2924 ros
2058 2869 2260 2934 castri;
2307 2870 2398 2938 qui
2440 2885 2694 2925 reversus
2741 2870 2796 2924 in
2827 2868 3116 2926 Franciam
3153 2881 3276 2942 post
3320 2887 3527 2943 paucos

1938 2962 2055 3016 dies
2085 2970 2334 3018 mortuus
2363 2969 2467 3026 est,
2501 2969 2557 3016 et
2598 2961 2886 3032 progenies
2908 2959 3027 3030 ejus
3067 2962 3322 3034 deinceps
3357 2979 3526 3034 regno

1938 3055 2147 3123 privata
2198 3062 2300 3110 est.
2334 3053 2468 3109 Nam
2513 3053 2686 3110 frater
2715 3054 2833 3123 ejus
2871 3055 3098 3111 Carolus
3142 3056 3197 3110 in
3239 3071 3520 3113 carcerem

1937 3148 2136 3204 missus
2162 3159 2248 3203 est
2291 3149 2360 3203 ab
2410 3145 2592 3218 Ugone
2636 3147 2794 3214 duce,
2825 3157 2878 3204 et
2927 3149 3042 3218 ipse
3077 3147 3189 3220 Ugo
3220 3164 3314 3204 rex
3346 3149 3523 3206 factus

1935 3250 2037 3306 est,
2063 3239 2216 3308 cujus
2245 3240 2386 3295 ﬁlius
2410 3241 2703 3306 Robertus,
2729 3258 2820 3298 rex
2843 3244 3276 3313 sapientissimus
3301 3253 3357 3300 et
3384 3245 3519 3314 piis-

1937 3332 2130 3396 simus,
2161 3347 2335 3402 usque
2369 3332 2532 3387 hodie
2571 3333 2723 3387 vivit.
2757 3335 2930 3402 lpsius
2973 3335 3185 3390 abbatis
3212 3335 3520 3406 principatu

1933 3432 2120 3493 crypta
2144 3439 2308 3479 aurea
2344 3423 2604 3478 Martialis
2632 3426 2858 3495 apostoli
2891 3427 3066 3482 media
3101 3436 3263 3484 nocte
3288 3429 3411 3500 igne
3438 3439 3524 3484 est

1931 3517 2235 3583 combusta,
2265 3517 2495 3572 cadente
2518 3518 2741 3572 candela
2773 3534 2878 3572 una
2907 3520 3088 3576 minus
3121 3521 3402 3576 'rcstincta
3431 3523 3519 3576 in.

1937 3619 2019 3664 ter
2035 3609 2428 3664 multitudinem
2451 3610 2822 3676 caudelaruru,
2841 3621 2898 3666 et.
2912 3611 3116 3681 lapides
3137 3611 3515 3682 pretiosissimi

1933 3710 2060 3757 lllllC
2080 3701 2148 3756 ab
2171 3703 2291 3773 igne
2316 3702 2555 3773 corrupti
2579 3712 2724 3769 sunt,
2747 3713 2801 3759 et
2827 3704 3084 3774 quidquid
3116 3705 3258 3759 intra
3291 3704 3511 3759 domum

1932 3793 2101 3863 ipsam
2126 3802 2244 3848 erat
2271 3795 2416 3864 quod
2439 3795 2630 3849 ardere
2666 3803 2898 3866 poterat,
2932 3794 3166 3851 ﬂammis
3195 3809 3511 3851 concrema.

1932 3891 2043 3936 tum
2078 3892 2184 3948 est,
2214 3883 2336 3939 libri
2361 3885 2611 3950 cremati,
2647 3900 2838 3939 aurum
2869 3893 2927 3939 et
2970 3895 3254 3955 argentum
3282 3883 3523 3954 liquefa~-

1928 3983 2080 4028 ctum
2110 3983 2165 4029 et
2193 3975 2331 4030 intra
2362 3975 2671 4044 quindecim
2701 3976 2816 4031 dies
2844 3977 3013 4045 rripta
3037 3991 3204 4031 aurea
3228 3990 3348 4031 eum
3365 3989 3512 4047 gem-

1932 4064 2036 4118 mis
2059 4078 2088 4117 a
2113 4079 2251 4120 novo
2272 4073 2574 4119 restaurata
2598 4074 2681 4120 est
2705 4080 2736 4119 a
2761 4063 3015 4124 Josberto
3031 4065 3254 4122 custode
3275 4066 3512 4138 sepulcri

1926 4156 2209 4210 monacho.
2259 4156 2403 4211 ldem
2460 4156 2751 4220 Josbertus,
2793 4159 3003 4214 icoucm
3052 4173 3274 4215 auream
3323 4162 3497 4218 sancti

1925 4245 2186 4302 Martialis
2236 4249 2465 4318 apostoli
2497 4249 2648 4315 fecit,
2675 4250 2952 4307 sedentem
2998 4267 3160 4322 super
3200 4253 3391 4318 altare,
3443 4263 3501 4317 et

1926 4355 2087 4393 rnauu
2107 4341 2298 4394 dextra
2329 4341 2584 4410 populum
2607 4341 3035 4408 benedicentem,
3061 4343 3282 4399 sinistra
3309 4344 3506 4402 librum

1931 4441 2200 4487 tenentem
2252 4432 2550 4504 Evangelii.
2624 4434 3007 4504 Supradictum
3083 4436 3409 4494 incendium.
3451 4437 3504 4496 iu

1927 4540 2112 4580 mense
2157 4523 2317 4579 .luuio
2349 4525 2548 4580 accidit
2592 4535 2717 4580 ante
2759 4526 3111 4581 festivitatem
3149 4524 3498 4588 sanctiMar~

1930 4615 2090 4676 Uallis.

2000 4712 2248 4768 Decimus
2269 4711 2437 4768 abbas
2462 4710 2740 4768 Josfredus
2762 4711 2975 4783 praefuit
2995 4712 3152 4769 annis
3178 4726 3280 4768 vn.
3301 4711 3448 4770 Obiit
3476 4727 3511 4767 v

1924 4803 2047 4858 ldus
2093 4804 2366 4861 Octobris.
2399 4803 2570 4874 llujus
2613 4805 2921 4876 principatu
2967 4805 3122 4877 plaga
3158 4805 3512 4877 ignissuper

1922 4911 2146 4966 corpora
2191 4897 2584 4970 Aquitanorum
2611 4897 2854 4953 desaeviit
2887 4907 2945 4952 et
2980 4899 3179 4953 mortui
3228 4895 3510 4965 sumplus

1921 4991 2278 5062 quadraginta
2311 4989 2478 5045 millia
2504 4991 2794 5051 hominum.
2822 4991 2900 5046 ab.
2927 4992 3118 5048 eadem
3170 4989 3506 5063 pestilentia.

1919 5081 2043 5137 Ideo
2077 5080 2360 5139 Josfredus
2385 5082 2553 5140 abbas
2586 5091 2640 5138 et
2675 5081 2912 5153 episcopi
2953 5080 3258 5155 Aquitaniae
3285 5078 3511 5134 adunati

1918 5175 2236 5233 Lemovicas
2266 5178 2584 5237 levaverunt
2619 5189 2817 5244 corpus
2854 5176 3052 5234 sancti.
3076 5171 3341 5239 Martialis
3371 5184 3502 5240 apo-

1919 5333 2076 5416 v'eril,
2111 5328 2545 5416 aliisqueetiam
2595 5312 2979 5387 eruditissimis
3006 5330 3138 5388 viris
3164 5341 3383 5385 causam
3413 5339 3503 5378 cr—
