4088 6414
3231 342 3275 376 θ’

560 371 631 425 83
1360 398 1367 407 ·
1662 373 1969 430 ΑΜΣΜΑΒΙ
2008 374 2064 427 S.
2102 371 2121 427 ί

2224 351 2370 424 iam
2410 370 2714 429 nomen:
2772 370 2780 377 ·
3231 351 3275 376 “”
3739 375 3810 434 st

558 487 682 544 stoli
717 496 770 542 et
809 487 862 542 in
903 498 1138 543 montem
1167 487 1363 544 Gaudii
1401 488 1809 552 transtulerunt,
1853 497 1909 544 et
1937 489 2132 543 exinde
2161 522 2206 582 Α
2234 483 2431 538 stolatu
2481 486 2656 539 sancti
2709 483 2991 549 Martialis,
3035 498 3133 540 cur
3180 484 3269 540 alii
3314 466 3387 540 in.
3415 489 3806 560 apostolorum,

559 578 735 647 pridie
763 577 941 633 Nonas
975 579 1284 635 Decembris
1309 579 1513 635 tumulo
1542 595 1639 635 suo
1665 580 2045 642 restituerunt,
2079 588 2133 634 et

561 670 794 723 cessavit
828 669 1131 738 pestilentia
1163 671 1323 739 ignis.
1367 670 1464 725 llic
1495 671 1563 725 de
1602 671 1754 724 icona
1786 669 1954 723 'aurea
1985 669 2135 724 locu-

556 759 664 813 lum
705 759 836 814 fecit
879 774 1100 815 aureum
1149 776 1273 815 cum
1317 762 1546 830 gemmis
1586 762 1637 815 iu
1669 778 1776 831 quo
1803 773 2014 816 vectum
2050 770 2136 817 est

555 863 752 918 corpus
782 851 952 904 sancti
980 849 1259 904 Martialis.
1300 849 1397 906 Hie
1431 852 1565 907 duas
1595 866 1786 907 cruces
1816 868 1882 907 ex
1915 868 2047 908 auro
2078 863 2135 909 et

555 941 782 1010 gemmis
812 938 960 994 fecit.

623 1029 949 1086 Undecimus
974 1031 1141 1087 abbas
1160 1032 1491 1097 Adalbaldus
1509 1032 1721 1103 prmfuit
1746 1036 1905 1089 anuis
1931 1051 2004 1090 lx.
2034 1035 2133 1091 llic
2168 1079 2176 1083 .

554 1119 809 1188 regaliter
836 1120 1116 1176 basilicam
1151 1121 1209 1177 S.
1244 1121 1502 1182 Martialis
1547 1126 1907 1195 recuperavit.
1961 1127 2133 1199 Hujus

554 1210 856 1279 principatu
881 1212 1224 1281 supradictus
1255 1214 1493 1268 dccanus
1528 1215 1873 1281 Adalhertus,
1905 1217 1992 1271 vir
2017 1218 2141 1272 cla-'

550 1300 974 1364 rissimus,-obiit
997 1318 1049 1356 χι
1075 1301 1341 1358 Kalendas
1380 1299 1523 1359 Maii.
1550 1303 1714 1360 Juxta
1736 1322 1860 1361 eum
1887 1317 2133 1365 mortuus

536 1402 633 1446 'est
675 1391 1009 1449 Adalbaldus
1058 1395 1218 1450 tertio
1264 1410 1470 1461 mense,
1522 1396 1623 1453 hoc
1651 1408 1736 1453 est
1764 1414 1819 1454 ιι
1860 1398 2136 1456 Kalendas

549 1482 803 1552 Augusti.

620 1570 981 1630 Duodecimus
1008 1575 1176 1632 abbas
1207 1577 1389 1634 itidem
1416 1577 1943 1652 Josfreduspraefuit
1970 1583 2130 1641 annis

534 1662 854 1718 duodecim.
900 1664 998 1721 llic
1040 1682 1298 1723 coronam
1331 1686 1552 1725 auream
1586 1688 1707 1727 cum
1739 1675 1966 1745 gemmis
1996 1690 2128 1744 pen-

547 1751 766 1805 dentem
795 1761 922 1809 ante
955 1770 1150 1826 corpus
1172 1759 1315 1813 beati
1345 1759 1608 1818 Martialis
1630 1761 1775 1818 fecit.
1808 1764 1909 1819 Hie
1934 1780 1964 1819 a
1988 1781 2126 1821 novo

545 1838 830 1897 basilicam
895 1844 1195 1903 Salvatoris
1261 1851 1551 1919 magnifico
1603 1868 1768 1923 opere
1824 1856 2119 1910 renovavit.

552 1930 726 2000 llujus
771 1935 930 1990 tertio
972 1951 1118 1994 anno
1166 1940 1473 2010 sepulcrum
1526 1944 1736 1999 Domini
1765 1942 1890 1999 Jesu
1924 1945 2125 2002 Christi

546 2023 686 2091 apud
725 2022 1148 2098 Hierosolymam
1190 2031 1525 2087 confractum
1568 2043 1653 2089 est
1692 2050 1723 2089 a
1755 2034 2042 2093 Saracenis
2070 2051 2125 2094 et

538 2110 762 2182 Judaeis,
789 2126 844 2173 et
878 2128 1086 2177 cetera:
1113 2122 1354 2179 ecclesiae
1383 2140 1479 2195 per
1528 2125 1699 2196 ipsam
1743 2128 2120 2197 provinciam:

542 2205 658 2261 sola
704 2209 932 2265 ecclesia
986 2212 1322 2279 Bethlehem,
1370 2217 1460 2271 ubi
1515 2226 1677 2271 natus
1709 2227 1813 2284 est,
1855 2218 2123 2289 confringi

542 2312 651 2350 non
678 2300 875 2367 potuit.
908 2300 1041 2356 Nam
1075 2304 1247 2360 virtus
1288 2304 1385 2359 Dei
1425 2320 1544 2360 eam
1586 2306 1848 2374 defendit,
1876 2318 1933 2363 et
1961 2307 2122 2363 Sara-

542 2400 711 2441 cenos
754 2388 847 2457 qui
893 2404 1012 2444 eam
1055 2392 1274 2463 .violare
1318 2404 1598 2460 venerant,
1656 2398 1895 2467 pessima
1947 2407 2124 2454 morte

539 2493 732 2534 attines
768 2482 1029 2537 exstinxit
1061 2501 1074 2536 :
1106 2495 1435 2554 crepuerunt
1476 2490 1623 2542 enim
1668 2504 1793 2544 mox
1838 2492 2123 2547 ventribus

526 2583 750 2635 omnes,
791 2580 847 2626 et
887 2573 968 2627 ira
1016 2573 1108 2630 Dei
1154 2587 1338 2630 secuta
1386 2585 1471 2631 est
1513 2592 1676 2647 super
1714 2577 2038 2645 Saracenos,
2069 2590 2126 2636 et

452 2656 460 2666 '
540 2661 740 2714 mortui
790 2672 919 2718 sunt
967 2676 1075 2719 tam
1117 2664 1259 2721 fame
1303 2683 1464 2738 quam
1520 2668 1827 2738 pestilentia
1868 2686 1966 2741 per
2012 2681 2123 2727 tres

538 2764 711 2805 annos
757 2748 1154 2809 Saracenorum
1199 2766 1256 2811 et
1301 2755 1613 2813 Judaeorum
1643 2758 1764 2829 plus
1793 2776 1956 2830 quam
1984 2776 2121 2816 non-

538 2839 747 2908 genties
771 2851 990 2898 centum
1020 2846 1205 2900 millia.
1255 2832 1605 2904 Confractum
1646 2858 1730 2905 est
1765 2860 1944 2906 autem
1980 2852 2119 2907 idem

536 2933 846 3001 sepulcrum
875 2938 1034 2992 tertio
1056 2938 1326 2996 Kalendas
1351 2943 1627 3007 Octobris,
1659 2952 1715 2998 et
1743 2959 1868 2999 mox
1893 2945 1960 2999 ab
1990 2945 2121 3015 ipsis

538 3025 828 3081 Saracenis
852 3029 1018 3099 coepit
1066 3032 1417 3100 remditieari;
1462 3034 1683 3089 fuerunt
1734 3035 1881 3090 enim
1927 3036 2120 3091 timore

536 3119 830 3185 perterriti.
879 3119 1050 3193 Hujus
1099 3124 1316 3180 abbatis
1352 3141 1499 3182 anno
1541 3126 1778 3191 decimo,
1822 3127 2119 3181 Dominicze

2234 574 2325 628 alii
2358 576 2409 628 in
2438 574 2806 631 eonfessorum
2839 590 3067 633 numero
3096 591 3217 632 eum
3246 586 3430 634 tenere
3465 580 3806 638 videbantur.

2236 665 2336 732 Qui
2366 665 2417 719 in
2449 682 2676 722 numero
2696 667 3073 723 coufessorum
3096 682 3221 722 eum
3251 671 3525 737 tenebant,
3558 673 3677 729 ideo
3705 675 3807 733 hoc

2233 757 2466 825 agebant
2509 758 2633 829 quia
2676 774 2782 815 non
2818 760 3081 828 putabant
3116 760 3327 831 aliquos
3363 777 3484 819 esse
3534 767 3807 834 apostolos

2224 853 2429 913 praeter
2446 845 2747 902 duodecim.
2771 848 2874 902 Alii
2898 864 3025 905 vero
3050 850 3154 905 hoc
3183 851 3432 922 agebant,
3462 854 3590 924 quia
3613 871 3806 913 nomen

2228 932 2347 1002 ejus
2394 935 2447 989 in
2493 945 2732 1004 quatuor
2773 938 3124 1009 evangelistis
3162 955 3269 994 non
3304 943 3663 1011 reperiebant.
3705 944 3806 1012 Qui

2231 1039 2363 1082 vero
2400 1029 2602 1083 saniori
2645 1029 2871 1083 consilio
2922 1030 3193 1087 intellecta
3235 1033 3543 1103 sapiebant,
3574 1034 3806 1091 allirma—

2232 1120 2362 1174 bant
2408 1135 2533 1175 eum
2581 1135 2703 1177 esse
2743 1121 3049 1192 apostolum
3098 1139 3262 1179 unum
3308 1126 3636 1196 praecipuum
3689 1137 3806 1198 post

2230 1209 2537 1275 duodecim,
2584 1213 2710 1282 quia
2752 1228 2875 1268 cum
2923 1215 3206 1270 duodecim
3247 1200 3597 1273 conversatus
3633 1229 3715 1273 est
3748 1228 3803 1275 et

2230 1302 2476 1356 eatndcm
2518 1303 2750 1373 gratiam
2790 1305 3145 1374 apostolatus,
3189 1322 3350 1377 quam
3399 1318 3457 1363 et
3499 1309 3596 1375 illi,
3635 1325 3667 1364 a
3701 1311 3805 1367 Do-

2235 1390 2380 1445 mino
2420 1393 2667 1461 accipere
2716 1395 2933 1448 meruit.
2967 1394 3024 1449 ln
3053 1411 3162 1465 quo
3199 1397 3429 1453 concilio
3460 1399 3528 1453 ab
3555 1400 3806 1456 omnibus

2231 1481 2511 1536 deﬁnitum
2560 1492 2645 1537 est
2685 1498 2791 1539 non
2832 1499 2955 1539 eum
3000 1487 3277 1541 numerari
3324 1488 3426 1542 nisi
3472 1488 3525 1542 in
3558 1489 3803 1559 catalogo

2230 1572 2618 1640 apostolorum,
2660 1573 2803 1628 sicut
2838 1582 2894 1628 et
2921 1573 3160 1631 Joannes
3204 1576 3556 1650 evangelista,
3607 1580 3697 1648 qui
3749 1581 3802 1634 in

2230 1675 2363 1730 pace
2402 1662 2678 1733 migravit,
2709 1662 2926 1719 debere.
2955 1663 3089 1719 Nam
3117 1666 3347 1737 plurima
3376 1669 3682 1724 testimonia
3713 1686 3802 1726 re-

2227 1764 2378 1824 perta
2421 1766 2547 1811 sunt
2593 1758 2895 1829 antiquitus
2941 1775 3065 1815 eum
3114 1762 3166 1817 in
3212 1762 3440 1818 Litaniis
3486 1773 3542 1820 et
3588 1764 3639 1819 in
3683 1765 3808 1819 aliis

2227 1844 2450 1914 scriptis
2478 1846 2781 1916 apostolum
2809 1848 2967 1905 fateri
2993 1865 3089 1920 per
3113 1850 3340 1907 Galliam
3364 1861 3419 1907 et
3438 1852 3800 1919 Britanniam,

2228 1936 2435 1991 Italiam
2466 1948 2523 1993 et
2550 1938 2889 2009 Hispaniam,
2933 1950 2990 1996 et
3036 1942 3158 1999 illos
3193 1959 3314 1999 esse
3345 1944 3661 2001 Hebiouitas
3689 1946 3801 2000 ba:-

2229 2029 2449 2094 reticos,
2497 2031 2589 2100 qui
2641 2047 2746 2087 non
2792 2032 3242 2103 eretluntprwter
3271 2035 3558 2091 duodecim
3589 2046 3809 2106 aposto—

2225 2116 2325 2173 los.
2358 2117 2493 2173 Nam
2532 2129 2682 2192 gesta
2725 2121 2844 2192 ejus
2890 2123 3153 2178 canonica
3199 2137 3415 2194 semper
3456 2125 3525 2179 ab
3564 2125 3805 2179 Ecclesia

2226 2218 2445 2278 recepta
2469 2209 2602 2266 satis
2630 2210 2912 2266 declarant
2941 2211 3279 2283 privilegium
3307 2213 3638 2284 apostolatus
3656 2212 3801 2282 ejus;

2224 2308 2281 2353 et
2306 2300 2437 2370 quia
2484 2303 2602 2357 sine
2643 2302 2980 2361 dubitatione
3031 2320 3169 2360 unus
3214 2313 3301 2361 est
3348 2308 3414 2360 de
3462 2307 3802 2377 septuaginta

2224 2390 2433 2446 duobus
2480 2394 2741 2462 apostolis
2786 2409 2922 2464 quos
2970 2394 3232 2451 Dominus
3282 2397 3433 2451 misit
3463 2398 3609 2453 velut
3635 2413 3807 2468 agnos

2224 2482 2368 2537 inter
2425 2484 2618 2553 lupos,
2682 2500 2820 2554 quos
2869 2486 3211 2556 septuaginta
3262 2487 3399 2542 duos
3456 2503 3562 2542 non
3623 2488 3798 2542 solum

2223 2571 2438 2637 Graeci,
2469 2589 2656 2629 verum
2688 2575 2851 2629 etiam
2898 2574 3072 2631 Lucas
3117 2576 3448 2648 evangelista
3496 2587 3553 2633 et
3600 2578 3799 2633 Paulus

2223 2665 2499 2735 apostolus
2550 2665 2601 2719 in
2654 2664 2894 2735 Epistola
2948 2667 3015 2721 ad
3060 2666 3371 2722 Corinthios
3416 2668 3593 2738 prima
3641 2678 3801 2723 vocat

2220 2754 2514 2823 apostolos.
2547 2753 2695 2824 [Nam
2741 2764 2796 2810 et
2839 2757 2979 2825 apud
3016 2754 3234 2811 Graecos
3270 2756 3630 2827 sapientiores
3662 2757 3802 2811 Mar-

2222 2843 2365 2899 tialis
2407 2843 2682 2913 apostolus
2734 2844 3050 2898 notissimus
3090 2854 3195 2899 est.
3242 2844 3341 2900 llic
3375 2862 3404 2900 a
3437 2845 3664 2900 Francia
3707 2862 3795 2901 re-

2220 2933 2372 2988 diens
2421 2949 2543 2987 mox
2592 2921 2746 2988 sicut
2780 2934 3044 3003 comperit
3090 2935 3378 2989 veritatem
3431 2936 3484 2990 in
3536 2936 3790 3003 concilio,

2218 3023 2521 3079 Martialem
2593 3025 2813 3094 scripsit
2873 3025 2927 3079 in
2988 3024 3218 3080 Litauiis
3286 3025 3428 3081 inter
3486 3026 3801 3097 apostolos,

2219 3132 2324 3170 non
2369 3115 2647 3172 confidens
2698 3115 3047 3185 disputationi
3091 3115 3322 3186 propria:
3349 3154 3364 3180 ,
3415 3116 3511 3171 sed
3562 3116 3804 3186 antiquis

536 3207 728 3264 mediae
769 3209 1210 3284 Quadragesima:
1258 3227 1440 3281 nocte,
1479 3217 1606 3271 dum
1650 3217 1920 3273 intrarent
1947 3216 2117 3273 turbae

2223 3207 2565 3273 testimoniis,
2602 3215 2658 3261 et
2690 3206 2885 3262 exinde
2913 3220 2981 3261 ex
3020 3214 3157 3272 toto,
3202 3221 3308 3261 non
3347 3222 3414 3263 ex
3452 3216 3605 3278 parte
3658 3207 3797 3261 Mar-

531 3300 599 3353 ad
666 3300 961 3363 Matutinas
1017 3306 1070 3359 in
1132 3306 1413 3363 basilicam
1471 3317 1738 3363 vetustam
1796 3307 2115 3373 Salvatoris,

533 3391 890 3462 impnessione
942 3396 1107 3452 nimia
1155 3398 1209 3453 in
1259 3400 1482 3455 introitu
1528 3411 1805 3470 portarum
1844 3400 2113 3470 quinqua-

534 3485 684 3553 ginta
710 3490 819 3544 duo
854 3490 1100 3546 homines
1126 3491 1377 3549 exstincti
1416 3501 1560 3549 sunt.
1600 3489 1746 3549 Obiit
1773 3492 1886 3565 ipse
1912 3489 2117 3550 Josbe-

534 3575 638 3629 dns
664 3575 831 3634 Nonis
861 3579 1195 3640 Decembris.

607 3667 857 3728 Decimus
902 3675 1095 3730 tertius
1141 3676 1308 3732 abbas
1352 3677 1505 3749 Hugo
1555 3677 1768 3748 praefuit
1806 3676 1963 3732 anuis
1992 3690 2109 3732 sex.

531 3758 633 3815 llic
670 3762 724 3816 in
763 3762 991 3821 Francia
1025 3767 1370 3824 collationem
1399 3770 1526 3825 fecit
1558 3787 1679 3826 cum
1713 3786 1840 3840 rege
1873 3768 2117 3824 Roberto

527 3859 586 3904 et
610 3853 1022 3928 archiepiscopo
1046 3858 1368 3915 Bituricensi
1392 3860 1691 3922 Gaualeno,
1730 3870 1786 3915 et
1812 3876 1934 3916 cum
1964 3859 2109 3914 mul-

528 3941 601 3997 tis
638 3945 907 4016 episcopis
944 3959 999 4003 et
1041 3949 1376 4020 sapientibus
1406 3952 1538 4005 viris
1574 3951 1837 4017 Franeixe,
1869 3951 1937 4006 de
1969 3964 2102 4020 apo-

2222 3299 2367 3353 tialis
2417 3299 2749 3354 acclamatus
2804 3305 2888 3353 est
2941 3298 3218 3368 apostolus
3275 3297 3347 3353 ab
3397 3299 3650 3354 omnibus
3702 3315 3794 3353 ca—

2221 3390 2475 3456 tholicis,
2529 3398 2585 3444 et
2628 3388 2837 3444 confusi
2892 3398 3019 3444 sunt
3066 3388 3387 3444 llebionitae.
3436 3387 3607 3457 Hujus
3645 3402 3799 3446 sexto

2219 3497 2366 3545 anno
2415 3482 2552 3540 obiit
2605 3480 2870 3552 Rogerius
2911 3480 3082 3536 frater
3129 3479 3406 3541 Adalberti
3448 3483 3670 3547 deeani,
3720 3485 3801 3538 vir

2212 3579 2581 3642 clarissimus,
2627 3587 2684 3633 et
2723 3592 2875 3633 meus
2927 3575 3185 3652 magister
3232 3583 3286 3629 et
3332 3583 3581 3644 patruus,
3632 3590 3796 3633 sexto

2215 3672 2486 3726 Kalendas
2536 3670 2697 3736 Maii;
2746 3679 2866 3740 post
2914 3684 3038 3726 eum
3090 3666 3176 3725 die
3223 3666 3497 3735 tricesima
3553 3671 3793 3727 secunda

2216 3773 2463 3820 mortuus
2486 3772 2571 3819 est
2592 3763 2733 3818 idem
2762 3761 2930 3819 abbas
2958 3762 3094 3834 Ugo,
3123 3771 3277 3818 sexto
3308 3761 3577 3819 Kalendas
3599 3763 3789 3819 Junii:

2208 3870 2446 3929 quorum
2470 3853 2684 3908 animas
2713 3853 2805 3907 tibi
2837 3853 3178 3919 commendo,
3209 3853 3436 3909 Domine
3459 3852 3607 3911 Jesu.

606 4032 755 4110 Qua
783 4045 1128 4117 sequuntur
1168 4058 1298 4100 non
1348 4048 1495 4101 sunt
1529 4041 1849 4114 Ademuri,
1875 4038 1982 4101 sed
2029 4033 2296 4173 ulterius
2326 4026 2692 4170 tcujuspiam
2731 4027 3045 4102 ηῖοηαοίιίν
3095 4027 3295 4090 Helia!
3343 4028 3415 4091 de
3465 4031 3712 4112 Roﬁaco

1896 4134 2147 4173 nomina
2185 4132 2233 4173 ιι
2284 4128 2315 4171 0
2351 4128 2404 4170 (3.

1896 4128 2234 4187 nominati,
2284 4128 2404 4171 ere.

598 4236 854 4294 Decimus
899 4248 1126 4308 quartus
1169 4240 1337 4296 abbas
1382 4240 1666 4297 Odolricus
1710 4240 1946 4312 prmfuit.
2002 4241 2111 4296 Iste

531 4330 870 4401 comparavit
916 4332 1023 4387 duo
1071 4331 1228 4403 pallia
1277 4333 1525 4396 leonina,
1574 4344 1629 4387 et
1678 4342 1884 4389 textum
1935 4333 2113 4386 Evan-

528 4418 655 4489 gelii
676 4421 937 4475 minorem
962 4421 1029 4477 de
1057 4434 1210 4486 auro,
1247 4433 1303 4477 et
1329 4422 1455 4477 fecit
1483 4423 1734 4478 dedicare
1762 4432 1923 4492 caput
1953 4422 2116 4477 istius

537 4509 781 4566 ecclesia:
805 4527 928 4566 cum
950 4527 1146 4583 magno
1172 4514 1398 4578 honore,
1430 4523 1483 4569 et
1514 4515 1741 4569 redemit
1772 4515 1907 4569 duas
1937 4513 2111 4569 eccle-

534 4600 665 4665 sias,
700 4617 886 4658 muros
910 4613 964 4659 et
998 4603 1300 4659 castellum.
1330 4606 1530 4672 Quinto
1558 4604 1827 4660 Kalendas
1857 4604 2111 4661 Octobris

540 4690 695 4745 obiit.

606 4785 856 4841 Decimus
883 4788 1107 4858 quintus
1159 4789 1356 4844 Petrus
1400 4790 1567 4845 abbas
1592 4789 1829 4858 praefuit,
1860 4790 1952 4860 qui
1984 4789 2110 4845 fecit

535 4884 746 4945 portam
773 4893 805 4933 a
832 4877 1193 4933 Mourmelier.

614 4965 864 5023 Decimus
900 4975 1089 5024 sextus
1126 4977 1249 5038 post
1270 4983 1393 5024 eum
1428 4968 1738 5025 Mainardus
1775 4971 1941 5026 abbas
1973 4987 2111 5041 pra:-

537 5056 661 5112 fuit.

616 5148 870 5206 Decimus
913 5153 1177 5222 septimus
1221 5152 1323 5209 loci
1369 5153 1524 5210 istius
1568 5154 1739 5210 abbas
1795 5163 2001 5209 sanctas
2048 5168 2112 5207 ae

540 5242 865 5298 venerabilis
911 5246 1188 5300 memoria:
1236 5246 1487 5302 dominus
1530 5248 1740 5303 exstitit
1791 5248 2111 5301 Adcmarus.

536 5331 638 5386 llic
667 5333 832 5403 igitur
869 5346 1136 5406 quantum
1185 5338 1360 5394 loemn
1407 5340 1551 5396 hunc
1599 5357 1711 5411 pra:
1759 5341 1973 5396 caeteris
2019 5340 2109 5409 qui

533 5434 660 5478 ante
710 5440 768 5479 se
813 5424 1046 5490 fuerant,
1105 5428 1487 5496 nobilitaverit,
1538 5430 1837 5499 qualiterve
1884 5446 2005 5484 eum
2056 5431 2107 5483 in

536 5513 723 5569 υτιΙίιιθ
753 5524 807 5570 et
830 5516 1405 5590 religione,'simulque
1432 5521 1483 5573 in
1514 5534 1693 5574 rerqu
1732 5519 2107 5589 temporalimn

535 5623 685 5676 copia
719 5611 1080 5679 ampliaverit,
1124 5613 1190 5666 ad
1238 5612 1454 5682 plenum
1498 5613 1710 5667 narrari
1764 5628 1868 5667 non
1907 5620 2106 5682 potest.

528 5696 657 5755 Post
703 5702 815 5757 haec
852 5703 1016 5774 igitur
1038 5714 1094 5758 et
1121 5704 1226 5758 alia
1255 5705 1395 5760 bona
1431 5704 1828 5775 quamplurima
1858 5720 1981 5761 cum
2013 5720 2110 5775 per

2215 4231 2605 4304 quinquaginta
2633 4247 2806 4288 annos
2826 4241 2882 4288 et
2906 4248 3101 4289 novem
3142 4246 3357 4288 menses
3401 4234 3577 4289 locum
3626 4236 3799 4293 istum

2217 4324 2470 4396 religiose
2509 4332 2672 4394 atque
2714 4323 2949 4380 fideliter
2982 4325 3358 4395 gubernasset,
3389 4326 3697 4396 ipsumque,
3733 4335 3796 4379 nt

2220 4413 2425 4470 dictmn
2464 4425 2567 4480 est,
2607 4414 2764 4470 bouis
2810 4416 3063 4471 omnibus
3091 4416 3430 4483 adornasset,
3462 4431 3603 4471 anno
3625 4418 3691 4470 ab
3713 4404 3808 4470 in-"

2218 4506 2535 4561 earuatione
2582 4507 2795 4564 Domini
2848 4507 2983 4561 “I4
3041 4507 3093 4562 in
3147 4524 3279 4578 pace
3323 4510 3553 4579 quievit,
3581 4509 3791 4565 decimo

2212 4596 2483 4654 Kalendas
2508 4596 2866 4668 Septembris,
2887 4607 2941 4653 et
2969 4598 3021 4652 in
3047 4599 3284 4669 capitulo
3304 4600 3555 4669 quiescit.

2285 4691 2540 4747 Decimus
2566 4699 2793 4746 octavus
2819 4691 3025 4745 exstitit
3052 4689 3361 4747 Bernardus
3388 4691 3577 4746 abbas.

2288 4782 2540 4839 Decimus
2569 4798 2741 4839 nonus
2766 4783 2998 4837 domnus
3031 4782 3378 4847 Amblardus,
3426 4798 3632 4851 magna:
3671 4784 3796 4838 reli-

2218 4874 2400 4944 gionis
2421 4884 2472 4929 et
2503 4873 2802 4930 honestatis
2850 4874 2954 4937 vir,
3004 4873 3057 4927 in
3100 4874 3254 4944 cujus
3286 4882 3529 4943 tempore
3556 4876 3656 4929 hoc
3680 4893 3795 4929 mo-

2219 4967 2514 5021 nasterium
2561 4982 2685 5021 cum
2733 4964 2998 5034 adjacenti
3031 4965 3151 5019 villa
3193 4964 3444 5020 incendio
3486 4980 3797 5021 concrema-

2218 5064 2329 5110 tmn
2355 5065 2437 5113 est
2464 5055 2510 5126 (l
2526 5056 2635 5125 75).
2686 5054 2850 5110 Rexit
2894 5054 3283 5108 monasterium
3321 5054 3462 5108 istud
3493 5069 3589 5124 per
3623 5067 3796 5107 annos

2214 5148 2407 5218 viginti
2436 5157 2580 5203 octo.
2611 5147 2759 5204 Obiit
2803 5162 2951 5201 anno
2985 5145 3145 5200 1H5.
3178 5146 3277 5214 Qui
3318 5145 3574 5216 prmcepit
3597 5160 3795 5199 consu-

2214 5238 2356 5295 libus
2380 5250 2439 5294 ut
2464 5240 2706 5295 facerent
2734 5254 2919 5295 nmros
2942 5248 2999 5293 et
3025 5240 3247 5294 fossata.

2288 5331 2590 5386 Vicesimus
2629 5331 2841 5387 exstitit
2869 5332 3041 5391 abbas
3068 5331 3341 5395 Albertus,
3385 5330 3469 5385 vir
3499 5328 3734 5383 admodu
3760 5347 3791 5384 η

2206 5412 2497 5496 religiosus
2525 5435 2582 5478 et
2615 5424 2894 5486 honestus,
2948 5421 3092 5477 rexit
3140 5437 3236 5491 per
3280 5437 3453 5476 annos
3494 5422 3785 5475 tredecim“

2213 5517 2349 5571 obiit
2381 5527 2523 5570 anno
2549 5515 2706 5579 “50,
2731 5515 2924 5585 quinto
2948 5514 3073 5569 ldus
3102 5513 3353 5583 Augusti.

2288 5606 2585 5664 Vicesimus
2636 5607 2848 5679 primus
2902 5608 3133 5663 domnus
3182 5605 3402 5666 Petrus,
3453 5606 3537 5659 vir
3580 5618 3790 5668 magna-

2213 5700 2494 5771 religionis
2526 5708 2581 5755 et
2611 5700 2939 5765 honestatis,
2985 5696 3199 5768 praefuit
3230 5712 3325 5766 per
3353 5707 3584 5766 quatuor
3617 5710 3788 5749 annos

603 5816 753 5888 (I75)
786 5817 950 5871 Anno.
971 5818 989 5871 l
1010 5817 1123 5882 l‘2l,
1159 5812 1500 5873 combustum
1535 5824 1772 5873 castrum
1806 5816 1862 5871 S.
1906 5816 2182 5884 Martialis,
2225 5828 2275 5872 ct
2307 5819 2696 5875 monasterium
2729 5818 2895 5888 ipsius
2925 5833 3047 5871 cum
3078 5811 3331 5873 munibus
3357 5811 3601 5872 ollicinis.
