4088 6374
1210 368 1216 373 -
1318 355 1873 437 couusuomrio
1909 368 1941 423 Α

1970 367 2235 428 BBATUM
2269 370 2525 429 LEMOV.
3480 367 3557 424 εὖ

286 470 345 516 et
377 478 593 521 menses
642 473 775 522 tres.
834 466 983 526 Obiit
1035 470 1356 531 duodecimo
1405 493 1547 536 anno
1602 481 1872 540 Kalendas
1899 490 1946 549 Α
1978 501 2220 543 mensem
2277 495 2564 558 antequam
2627 486 2933 552 decederet,
2984 501 3129 543 cura;
3184 480 3438 556 pastorali
3502 484 3556 541 in

285 550 649 621 Septembris.

359 643 671 703 Vicesimus
719 651 986 707 secundus
1030 654 1200 711 abbas
1248 656 1478 726 Petrus,
1530 660 1613 715 vir
1662 677 1903 735 magnae

284 734 573 807 religionis
609 747 666 793 et
705 739 1029 809 honestatis,
1069 760 1468 820 pravorumque
1498 767 1709 808 morum
1742 734 1871 825 rigi-

284 826 391 882 dus
430 837 732 887 corrector.
777 831 937 888 Rexit
962 850 1058 905 per
1086 838 1343 895 tredecim
1371 857 1543 900 annos
1570 852 1625 899 et
1656 860 1870 902 menses

276 924 436 971 octo.
475 914 626 973 Obiit
667 930 863 989 quarto
888 921 1012 979 ldus
1042 923 1395 996 Septembris,
1428 947 1571 988 anno
1595 933 1664 989 ab
1691 934 1868 990 incar-

281 1009 514 1064 natione
566 1009 776 1066 Βοωὶηὶ
818 1013 976 1068 1164.
1014 1015 1072 1071 In
1100 1033 1211 1088 quo
1236 1035 1380 1077 anno
1409 1023 1596 1079 sedata
1622 1034 1708 1082 est
1735 1036 1871 1082 tem-
1898 1046 1910 1054 ⁴

281 1106 471 1166 pestas
513 1099 657 1155 inter
705 1101 996 1160 Henricum
1045 1108 1427 1178 probissimum
1455 1129 1637 1186 regem
1666 1117 1871 1189 Anglia:

278 1198 449 1245 terra:
479 1201 537 1247 et
571 1191 714 1249 ﬁlios
740 1210 888 1260 suos,
930 1210 1052 1267 quae
1087 1197 1203 1256 iere
1228 1216 1330 1272 per
1359 1204 1494 1260 duos
1516 1221 1687 1263 annos
1710 1208 1871 1264 dura-

278 1283 385 1348 vit,
423 1293 532 1340 etc.
562 1284 745 1341 Helias
772 1286 840 1343 de
864 1287 1089 1346 Roliaco
1130 1295 1440 1364 capellanus
1484 1315 1636 1363 suus,
1678 1316 1869 1357 earum

278 1388 470 1429 rerum
517 1376 774 1446 scriptor,
814 1394 976 1449 quem
1001 1381 1069 1437 de
1097 1397 1196 1439 suo
1222 1386 1566 1459 beneplacito
1591 1390 1751 1463 hujus
1773 1409 1869 1449 ec-

273 1462 465 1520 clesia:
493 1468 818 1523 monachum
848 1469 1002 1526 fecit.

357 1553 665 1615 Vicesimus
707 1560 902 1617 tertius
938 1563 1109 1620 abbas
1136 1563 1371 1624 domnus
1400 1567 1748 1638 lsembertus,
1786 1572 1871 1629 vir

276 1645 609 1704 mitissimus
638 1660 694 1705 et
720 1652 962 1722 quietus,
999 1663 1056 1712 et
1094 1657 1161 1713 ad
1204 1667 1455 1728 potentes
1487 1663 1712 1718 multum
1744 1679 1868 1736 gra-

280 1736 482 1792 tiosus.
527 1738 883 1798 Exaetionem
926 1760 1090 1816 quam
1119 1749 1407 1821 episcopus
1437 1753 1865 1822 Lemovicensis,

1975 577 2211 647 capitulo
2248 578 2571 650 resignavit;
2616 589 2672 635 et
2718 596 2841 636 cum
2872 579 2938 635 ad
2960 579 3102 635 diem
3127 576 3407 648 praeﬁxum
3438 592 3558 646 per-

1973 668 2195 738 agendae
2220 668 2502 726 electionis
2542 678 2649 725 tam
2698 669 2930 726 domnus
2974 668 3143 724 abbas
3170 664 3557 723 Cluniacensis

1972 772 2139 827 quam
2182 757 2395 827 priores
2422 767 2478 815 et
2500 759 2798 831 prmpositi,
2841 767 2899 814 et
2942 758 3032 814 alii
3071 757 3222 813 multi
3251 772 3317 813 ex
3346 754 3549 813 nostris

1972 848 2178 918 pariter
2202 849 2608 914 convenissent,
2653 850 2707 905 in
2746 850 2888 907 bona
2916 847 3258 905 confessione
3286 848 3425 903 inter
3451 862 3548 902 eos

1973 938 2065 1007 qui
2118 939 2277 994 simul
2321 948 2708 1005 convenerant,
2757 940 2995 995 animam
3030 938 3329 1005 exhalavit,
3388 945 3548 993 nocte

1972 1028 2223 1086 videlicet
2270 1030 2597 1101 praecedenti
2630 1031 2773 1087 diem
2814 1029 3115 1098 electionis,
3146 1029 3272 1086 dum
3304 1043 3544 1085 conven-

1978 1128 2069 1176 tus
2099 1120 2522 1191 Conipletorium
2577 1122 2927 1178 celebrasset.
2981 1120 3038 1176 in
3093 1120 3332 1203 crastino
3377 1118 3547 1172 libere

1971 1208 2167 1266 electio
2195 1210 2470 1277 celebrata
2492 1219 2595 1277 est,
2640 1210 2775 1266 feria
2814 1210 3055 1267 secunda
3104 1208 3338 1265 traditur
3375 1208 3548 1263 honu-

1972 1302 2123 1358 rilice
2149 1303 2459 1373 sepulturas,
2504 1304 2861 1375 praesentibus
2908 1302 3178 1374 episcopis
3207 1299 3415 1358 Joanne
3441 1298 3551 1361 Le:

1969 1394 2288 1458 movicensi,
2314 1394 2382 1452 ϐ.
2399 1395 2749 1463 Cadurcensi,
2780 1405 2835 1451 et
2865 1395 3151 1451 abbatibus
3175 1392 3566 1455 Cluniacensi;

1969 1485 2184 1540 noviter
2206 1484 2380 1541 electo
2406 1484 2464 1541 8.
2499 1484 2779 1551 Martialis,
2812 1486 2870 1541 8.
2896 1484 3042 1541 Petri
3071 1482 3545 1553 Snlemniaccnsis,

1971 1573 2028 1629 S.
2052 1574 2358 1646 Augustini,
2390 1574 2449 1630 S.
2480 1573 2717 1629 Martini.

2040 1663 2344 1720 Vicesimus
2367 1672 2594 1735 quartus
2623 1663 2856 1719 domnus
2888 1662 3039 1735 llugo
3061 1661 3335 1718 sexdecim
3365 1660 3545 1713 annis.

2042 1755 2348 1812 Vicesimus
2386 1756 2612 1829 quintus
2662 1755 2829 1813 abbas
2881 1754 3076 1811 Petrus
3133 1755 3198 1810 de
3253 1753 3301 1807 la
3360 1751 3546 1808 Grissa

273 1830 366 1886 vel
394 1833 644 1888 canonici
686 1836 788 1891 sub
816 1838 1037 1896 nomine
1074 1842 1407 1912 confratriae,
1450 1861 1480 1900 a
1518 1849 1716 1919 popqu
1743 1851 1861 1906 vio-
1901 1838 1943 1899 Β
1970 1847 2162 1902 dictus.

272 1918 457 1975 lenter
481 1923 826 1994 expetebant,
890 1931 1095 1989 sedulis
1140 1918 1620 1995 reclamatienibus
1654 1941 1862 1998 irritam

2045 1937 2348 1994 Vicesimus
2373 1947 2581 2006 sextus,
2608 1938 2798 1994 Petrus
2827 1937 3169 1993 Davaiacum.

273 2007 431 2064 fecit.
482 2009 646 2069 Rexit
692 2030 789 2086 per
836 2019 1023 2091 viginti
1074 2031 1309 2094 quatuor
1345 2041 1536 2084 annos.
1564 2028 1669 2085 Per
1697 2046 1865 2087 unum
1974 2071 1993 2087 .
2070 2073 2084 2086 .
2161 2072 2176 2086 .

274 2167 544 2251 Reliqua
583 2192 710 2236 non
810 2186 1109 2244 oluerunt
1170 2182 1292 2262 legi
1326 2186 1394 2247 in
1443 2205 1557 2249 ms.
1611 2188 1847 2263 codice,
1896 2190 2103 2270 inquit
2145 2191 2419 2249 Joannes
2484 2185 2748 2277 Bestius,
2786 2184 2965 2274 cujus
3022 2178 3453 2271 apographum
3508 2196 3549 2265 ξι

368 2248 432 2310 ν.
466 2249 547 2311 οι.
584 2196 820 2317 ,Ιαεοὲο
852 2256 1132 2317 Puteano
1170 2263 1349 2317 nobis
1379 2285 1517 2317 cum
1547 2267 1857 2317 nleriemm
1890 2268 2040 2317 aliis
2067 2267 2333 2317 piugdem
2359 2265 2706 2317 doctissima
2742 2270 3081 2317 scrmtorls
3112 2256 3549 2317 cluraarunlus

788 2277 820 2315 ο

368 2248 448 2310 ΥΣ
466 2249 547 2311 cl.
584 2254 739 2315 Jaco

352 2333 877 2396 communicatum
898 2336 1060 2411 bona
1092 2338 1213 2419 ﬁde
1244 2333 1687 2422 expressimus.

852 2256 1137 2357 Ρμιεανκξ⁵
1165 2256 1349 2357 pubis
1379 2285 1528 2357 cum_
1544 2256 1857 2348 plerisque
1890 2256 2040 2331 aliis
2067 2267 2333 2349 ejusdem
2359 2259 2709 2328 doctissimi
2735 2256 3081 2341 scriptoris
3112 2256 3553 2336 chiragruphia

1138 2461 1492 2542 Subjicitur
1526 2467 1641 2528 iste
1674 2468 2014 2549 Catatogus
2042 2466 2390 2530 earumdem
2423 2465 2736 2528 abbatum.

348 2590 627 2648 Ainardus
652 2593 821 2651 abbas
850 2597 1127 2657 saecularis
1154 2603 1454 2676 resignavit
1488 2622 1632 2663 anno
1667 2609 1771 2667 848

349 2684 506 2742 Dedo
1607 2716 1694 2755 an.
1737 2703 1771 2757 ὅ

350 2776 509 2833 Abba
942 2770 945 2773 λ
1154 2792 1157 2795 ·
1511 2786 1515 2792 ‘
1704 2797 1787 2851 υ.

349 2874 678 2935 Benedictus
1706 2892 1791 2949 l5.

349 2967 654 3026 Gossindus
682 2958 691 2970 ’
1709 2985 1791 3042 ιδ,

352 3056 650 3116 Fulbertus
806 3120 811 3124 ,
1738 3073 1791 3129 6.

351 3147 647 3206 Fulbertus
1323 3151 1335 3161 “
1701 3164 1792 3221 eo.

350 3241 666 3313 Stephanus
1706 3256 1789 3312 t7.

350 3333 531 3404 Αγιηο
1737 3350 1790 3402 6.

344 3422 655 3480 Aimericus
1696 3437 1759 3491 3i
1775 3478 1788 3491 .

345 3514 530 3588 Cuigo
1700 3529 1785 3583 l7.

343 3607 631 3665 Josl’redus
1733 3622 1785 3676 7.

345 3700 679 3758 Adalbaldus
1729 3713 1785 3768 9.

342 3792 374 3850 J
388 3794 468 3849 15f
466 3794 626 3851 redus
986 3788 995 3795 ’
1698 3806 1717 3859 l
1731 3806 1784 3860 2.

344 3883 505 3955 llugo
1734 3898 1790 3952 6.

347 3972 639 4032 Odolricus

341 4067 603 4125 Anterius
1733 4079 1788 4133 7.

344 4144 541 4217 Petrus
1734 4169 1790 4224 ι,

345 4248 658 4308 Mainardus

344 4330 649 4400 Ademai'us
1328 4368 1420 4407 an.
1453 4350 1523 4408 50
1545 4360 1599 4409 et
1625 4368 1695 4408 ιιι.
1728 4353 1783 4409 9.

341 4431 653 4492 Bernardus
1281 4459 1289 4465 ’
1727 4443 1780 4500 2.

341 4522 673 4584 Amblardus
1691 4535 1782 4592 28.

341 4613 598 4675 Albertus
1696 4614 1784 4681 15.

345 4705 543 4765 Petrus
570 4710 721 4782 prior
746 4712 902 4770 Clun.
1542 4720 1599 4782 5,
1632 4734 1702 4773 m.
1729 4718 1783 4774 5.

343 4785 542 4854 Petrus
570 4801 741 4858 abbas
772 4801 831 4858 S.
855 4802 992 4876 Aug.
1503 4807 1590 4874 t3,
1622 4824 1692 4863 m.
1727 4811 1779 4864 8.

345 4884 678 4947 lsambcrtus
702 4891 1007 4962 Escoblart,
1038 4894 1189 4966 prior
1215 4897 1280 4954 de
1308 4897 1528 4955 Benaco
1567 4935 1591 4960 .
1681 4897 1777 4952 24.

1938 3035 1949 3041 -
2040 2966 2379 3025 Raimundus
2399 2966 2661 3024 Gaucelin

2042 2608 2192 2679 llugo
2217 2608 2281 2664 de
2308 2607 2503 2661 Brossa
2528 2604 2678 2676 prior
2706 2601 2793 2669 16,
2817 2600 2953 2657 obiit
2982 2598 3140 2656 1218.

2040 2699 2234 2755 Petrus
2256 2699 2305 2753 la
2325 2695 2491 2755 Griﬂ‘a
2515 2693 2836 2767 praepositus
2858 2692 2925 2747 de
2947 2691 3151 2748 Rossac
3226 2687 3313 2753 l0,
3332 2702 3402 2741 in.
3419 2684 3479 2740 3.

2039 2791 2230 2847 Petrus
2257 2778 2545 2844 Davalenm

2040 2880 2362 2938 Guillehnus

3367 2810 3475 2832 Oa...

2040 3060 2361 3117 Guillelmus
3365 3084 3476 3103 .....

2040 3151 2361 3208 Guillelmus

2035 3244 2273 3301 Jacobus
3367 3269 3477 3288 .....

2038 3334 2232 3390 Petrus

2035 3425 2323 3482 Gcraldus.

2036 3516 2232 3572 Guido.

2036 3607 2398 3664 Gualliardus.

1968 3740 2223 3814 (Cetegos
2259 3757 2451 3814 omnes
2487 3742 2729 3814 repetesis
2750 3755 2816 3814 ea.
2834 3737 3008 3794 Gallia
3041 3734 3346 3814 Christiana
3382 3730 3548 3786 Cluu-

2038 3812 2114 3866 dii
2140 3809 2373 3866 Roberti.
2401 3809 2510 3875 Nec
2538 3805 2824 3865 emittenda
2860 3825 2924 3863 ex
2968 3824 3066 3862 ius.
3117 3805 3292 3860 codice
3327 3819 3441 3873 quia
3475 3817 3551 3854 Ην

1892 3880 1938 3942 C
2040 3890 2270 3953 quantm
2300 3879 2542 3952 ibidem.)

1971 3994 1993 4059 Ι
2046 3992 2234 4048 Tertio
2288 3991 2559 4047 Kalendas
2602 3990 2957 4062 Septembris,
3002 4003 3144 4045 anno
3183 3986 3250 4042 ab
3300 3986 3548 4039 incarna-

1971 4088 2120 4143 tione
2162 4075 2373 4142 Demini
2410 4084 2563 4161 l066,
2600 4083 2903 4140 combustio
2932 4077 3332 4137 Lemoviceusis
3359 4074 3551 4131 civita-

1971 4177 2060 4241 tis,
2092 4177 2142 4231 in
2168 4190 2275 4247 qua
2303 4175 2558 4249 obierunt
2586 4182 2802 4229 centum
2830 4182 2885 4228 et
2915 4170 3101 4243 viginti
3131 4167 3393 4237 hominem

2037 4290 2167 4346 Item
2195 4302 2340 4345 anno
2366 4285 2503 4343 “05
2531 4285 2784 4343 Kalendis
2802 4283 2972 4351 Junii,
3003 4282 3284 4339 combusta
3305 4285 3389 4334 cst
3415 4276 3547 4332 civi-

1968 4392 2052 4440 tas
2092 4381 2385 4438 Lemovica
2413 4380 2482 4436 ab
2510 4377 2823 4435 hominibus
2848 4377 2915 4432 de
2946 4382 3127 4432 castro
3157 4372 3216 4428 S.
3247 4366 3540 4429 Martialis;

1964 4474 2020 4529 in
2049 4488 2156 4543 qua
2183 4469 2558 4527 combustione
2601 4474 2950 4525 concremata
2990 4471 3074 4520 est
3112 4469 3289 4518 mater
3316 4456 3542 4516 ecclesia

1965 4560 2026 4618 8.
2056 4560 2319 4632 Stephani
2359 4575 2485 4616 cum
2514 4558 2779 4618 omnibus
2811 4555 3038 4612 otlicinis
3076 4552 3213 4618 suis,
3257 4558 3312 4604 et
3352 4560 3541 4603 mona—

1964 4653 2191 4710 sterium
2218 4651 2431 4707 Sancta:
2458 4649 2640 4705 Mariae
2665 4647 2936 4717 similiter,
2959 4654 3014 4701 et
3041 4641 3269 4700 ecclesia
3302 4639 3359 4695 S.
3383 4636 3545 4692 Joan-

1968 4742 2054 4797 nis
2079 4740 2356 4810 Baptistte,
2405 4748 2461 4796 et
2503 4736 2564 4794 S.
2615 4737 2880 4803 Mauricii,
2930 4743 2986 4791 ct
3030 4729 3545 4823 S._Trinita.tis_,nct

1964 4831 2022 4887 8.
2053 4831 2293 4896 Genesii,
2316 4839 2369 4886 et
2396 4829 2455 4885 S.
2490 4826 2826 4884 Domnoleni.
2860 4823 2864 4827 ⁴
3108 4820 3145 4827 ”
