4088 6396
530 346 599 407 87
1671 354 1978 413 ADEMARI
2017 359 2075 413 S.
2117 359 2388 416 ClBAliDl
2428 352 2757 419 MONAClIl.
3708 358 3775 417 88

1624 646 2630 810 ADEMABI

1821 924 2501 1046 EPIST'OLA

656 1162 853 1286 DE
949 1152 1987 1287 APOSTOLATU
2085 1126 2650 1284 SANCTI
2742 1142 3660 1289 MARTIALIS.

1369 1359 1548 1444 (Apud
1586 1371 1785 1429 Mabill.
1816 1370 2011 1427 Annal.
2054 1379 2186 1427 tom.
2220 1371 2311 1437 tv,
2333 1372 2605 1444 Append.,
2633 1372 2861 1445 p.717.)

1966 1484 2348 1498 ——_

1862 1584 2479 1685 ADMONITIO.

1644 1784 1645 1787 η
1673 1741 1892 1813 (Mabill.
1926 1742 2141 1808 Annal.,
2164 1742 2260 1799 lib.
2288 1759 2398 1811 va,
2425 1759 2482 1801 η.
2508 1744 2604 1813 49)

2146 1883 2360 1899 ———

594 2009 851 2069 Ilabitum
880 2019 963 2065 est
989 2008 1091 2064 hoc
1117 2024 1258 2064 anno
1285 2011 1427 2079 apud
1443 2006 1756 2067 Lemovices
1790 2009 2102 2074 concilium,
2133 1992 2179 2051 Α
2210 2008 2392 2079 ibique
2429 2018 2541 2066 toto
2571 1993 2757 2066 mense
2795 2009 3098 2081 Septembri
3129 2022 3451 2080 remoratus,
3480 2011 3794 2083 frequentes

522 2102 665 2156 tcs'e
696 2100 965 2154 Ademaro
997 2097 1296 2154 Cabanensi
1329 2098 1381 2153 in
1414 2100 1744 2173 apologetiea
1783 2099 2011 2171 epistola
2039 2098 2106 2154 de

525 2189 828 2260 aposmlalu
856 2187 1029 2244 sancti
1056 2185 1339 2249 Martialis,
1363 2202 1522 2258 quem
1544 2198 1731 2244 contra
1759 2189 2104 2244 Benedictmn

525 2278 802 2335 Clnscnsis
834 2280 1145 2335 monasterii
1179 2265 1412 2348 priorem
1440 2282 1714 2349 asperiore
1741 2280 1881 2352 stle
1911 2296 2109 2349 propu-

525 2370 729 2438 gnat-it.
781 2356 1039 2437 Inscripta
1082 2377 1168 2423 est
1214 2368 1330 2423 hare
1377 2368 1600 2437 epistola
1633 2369 1871 2424 Jordano
1914 2369 2106 2425 Lemo-

524 2461 727 2515 \‘ieensi
770 2460 1045 2531 episcopo,
1082 2459 1334 2515 Odolrico
1360 2447 1662 2514 doctissimo
1701 2460 1877 2514 abbati
1920 2476 2107 2513 mana.

526 2553 805 2606 uerierunt
832 2550 1266 2614 bealiMarlialia,
1282 2549 1542 2605 Rainaldo
1564 2550 1737 2605 levitte
1760 2562 1813 2605 et
1833 2551 2104 2613 Alberico,

525 2641 844 2710 ueterisque
884 2641 1105 2712 majoris
1141 2640 1282 2697 beati
1333 2641 1591 2711 Stephani
1645 2642 1889 2697 ecclesia:
1938 2658 2106 2697 cano-

525 2731 695 2797 nicis;
742 2732 1046 2796 Aimcrico,
1098 2730 1262 2786 Petro
1308 2746 1371 2786 ac
1415 2730 1647 2788 Geraldo
1692 2732 1896 2788 decano
1945 2740 2107 2801 atque

521 2823 810 2887 Adclardo,
855 2822 1080 2893 aliisque
1116 2823 1285 2878 sancti
1333 2821 1595 2878 Martialis
1625 2824 1945 2889 monachis;
1996 2824 2103 2877 En-

523 2915 746 2982 gelrico,
789 2916 1056 2986 fratrique
1078 2916 1502 2984 ‘ejus-Tcotardo
1538 2918 1712 2973 beatae
1752 2917 1934 2973 Mariae
1971 2919 2106 2974 Ani-

523 3008 722 3063 cicnsis
749 3008 1064 3074 canonicis;
1100 3007 1361 3071 Wernoni
1406 3009 1757 3080 grammatico
1788 3010 1929 3065 beati
1961 3010 2104 3066 Petri

523 3097 750 3164 i-postoli
797 3097 1184 3153 Belliloacensis
1236 3098 1479 3167 ecclesiae
1524 3100 1825 3173 monacho;
1876 3100 2107 3157 Geraldo

523 3188 692 3241 sancti
742 3187 1025 3259 Augustini
1079 3187 1480 3245 Lemoviceusis
1534 3192 1847 3247 monasterii
1901 3192 2103 3258 abbati,

524 3279 779 3347 ltotgerio
805 3289 1007 3335 sanctre
1035 3278 1264 3338 Valeria:
1281 3281 1669 3339 Cambonensis
1700 3273 1929 3357 emnobii
1965 3302 2103 3355 pne-

521 3370 737 3437 posito;
772 3370 896 3425 item
927 3369 1160 3426 Gcraldo
1189 3371 1505 3427 doctissimo
1533 3372 1978 3437 Sollemniacensi
2009 3376 2105 3430 ah-

520 3461 655 3525 lati,
704 3460 944 3516 Arnaldo
990 3459 1319 3517 Bothenensi
1368 3470 1424 3515 et
1467 3459 1804 3518 Theoderico
1853 3460 2103 3521 Mettensi

522 3553 814 3622 c-piscopis,
856 3567 1063 3608 necnon
1100 3552 1412 3623 Cnnegundi
1453 3563 1715 3625 angustae,
1756 3555 1964 3612 Cononi
2010 3572 2104 3613 seu

525 3643 775 3698 tionrado
819 3642 1018 3698 Ctesari
1070 3643 1340 3713 Augusto,
1398 3643 1668 3701 Willelmo
1710 3644 2103 3717 Aquitanorum

523 3733 666 3797 ιίιοί,
696 3731 931 3802 denique
959 3732 1149 3787 Joanni
1180 3733 1421 3790 Romano
1450 3749 1617 3805 paptc.
1650 3736 1726 3791 Ex
1755 3737 1840 3793 his
1871 3746 1977 3793 tres
2005 3753 2104 3808 po-

520 3816 753 3901 stremos
779 3810 909 3877 aliis
945 3836 1004 3877 se
1044 3823 1415 3881 intermiscere
1455 3826 1552 3890 ait,
1596 3834 1676 3890 ut,
1717 3828 1762 3882 si
1808 3827 1948 3885 forte
1990 3830 2105 3885 haec

518 3912 744 3984 cpistola
783 3912 848 3993 ad
889 3926 984 3991 eos
1021 3915 1288 3989 pervenit,
1335 3931 1448 3972 sua:
1490 3919 1772 3974 sententia:
1802 3921 2099 3975 arrideant.

520 4007 759 4084 ueteres
804 4002 1060 4072 prcedicto
1106 4002 1477 4063 Lemovicensi
1522 4008 1753 4064 concilio
1795 4008 2103 4066 interfuisse

517 4103 673 4163 puto,
697 4094 762 4150 dc
781 4106 889 4163 quo
910 4093 1025 4148 btet:
1050 4092 1231 4149 subdit
1252 4086 1572 4151 Ademarus.
1604 4115 1622 4148 t
1645 4099 1684 4151 A
1712 4097 1864 4153 vobis
1884 4101 2099 4171 quidem

517 4203 626 4240 non
658 4176 775 4241 sine
801 4184 990 4254 grandi
1026 4185 1372 4252 exaltatione,
1406 4187 1556 4243 linito
1590 4190 1817 4246 concilio
1847 4190 2100 4247 Lemovi-

514 4272 687 4338 ccnsi,
718 4283 908 4347 quarto
936 4275 1023 4331 die
1061 4277 1265 4332 mensis
1298 4278 1525 4349 Augusti
1554 4278 1786 4345 abcessi,
1822 4272 2099 4338 revertens

516 4366 584 4419 ad
615 4364 939 4436 Egolismam
967 4366 1270 4434 civitatem,
1298 4370 1387 4424 ubi
1413 4370 1482 4425 ab
1507 4371 1617 4441 ipsa
1650 4373 1938 4428 tenerrima
1969 4389 2098 4444 puc-

514 4445 639 4509 i-itia
672 4456 951 4522 hactenus,
989 4465 1150 4513 (etate
1177 4460 1661 4530 quadragenariae,
1691 4463 1857 4518 vitam
1889 4464 1941 4520 in
1975 4481 2096 4521 mo-

513 4547 755 4628 nasterio
776 4547 918 4603 beati
944 4547 1198 4620 Eparchii
1227 4553 1489 4623 transigo.
1522 4571 1540 4605 ι
1572 4551 1742 4609 Porro
1768 4569 1968 4610 annum
1988 4571 2097 4627 quo

513 4637 632 4693 haec
674 4638 968 4723 scribebat,
1009 4640 1062 4694 in
1100 4634 1557 4723 consequentibus
1599 4643 1798 4699 diserte
1841 4648 2098 4717 exprimit

421 4728 429 4734 ’
511 4727 601 4789 his
627 4733 827 4789 verbis.
857 4718 1042 4790 (Nam
1070 4721 1247 4792 adhuc
1271 4718 1444 4808 usque
1470 4739 1522 4793 in
1545 4730 1865 4808 prmsentcm
1893 4756 2093 4796 annum

512 4841 620 4891 quo
654 4815 955 4896 loquimur,
975 4828 1064 4899 qui
1101 4838 1184 4884 est
1218 4828 1531 4886 millesimus
1560 4846 1728 4886 xxvm
1754 4832 1824 4887 ab
1851 4830 2098 4888 incarna-

513 4919 662 4970 t'onc
691 4917 900 4972 Domini
922 4919 1090 4973 nostri
1117 4917 1239 4974 Je‘su
1268 4919 1488 4986 Christi,
1511 4936 1608 4992 per
1638 4921 1982 4977 indictioncm
2013 4918 2092 4988 xi,

514 5008 583 5060 ab
612 4996 980 5077 assumptione
1021 5017 1199 5063 autem
1230 5008 1374 5064 beati
1402 5010 1628 5080 apostoli
1665 5010 1922 5066 Martialis
1952 5027 2092 5066 nou-

513 5097 845 5162 gentesimus
883 5098 1361 5170 quinquagesimus
1387 5110 1631 5171 quartus,
1663 5118 1767 5157 non
1815 5112 1941 5157 sunt
1986 5103 2089 5158 nisi

511 5203 613 5244 CLX
649 5190 800 5256 anni,
837 5205 906 5245 ex
950 5206 1059 5263 quo
1095 5194 1427 5249 monasticus
1468 5195 1603 5249 ordo
1651 5194 1704 5248 in
1751 5194 1852 5249 hoc
1888 5193 2027 5258 loco,
2065 5213 2084 5246 ι

513 5295 706 5351 nempe
731 5282 904 5337 sancti
937 5282 1220 5349 Martialis,
1254 5302 1274 5334 ι
1304 5294 1693 5340 transmutatus
1723 5293 1807 5339 est
1838 5285 1902 5338 de
1932 5273 2091 5348 cano;

512 5373 655 5426 uico.
708 5392 724 5423 ι
767 5371 928 5428 Forte
964 5386 1063 5444 per
1100 5375 1152 5429 id
1201 5384 1411 5445 tempus
1446 5375 1766 5431 Benedictus
1820 5375 2095 5431 Cluseusis

511 5463 653 5533 apud
682 5462 1001 5521 Taurinates
1039 5467 1350 5521 monasterii
1389 5458 1556 5535 prier,
1589 5464 1901 5519 Lemovices
1936 5465 2095 5519 adve—

511 5562 688 5616 nerat,
717 5555 805 5610 tibi
851 5566 1037 5611 contra
1066 5558 1390 5611 Ademarum
1425 5557 1667 5625 aliosque
1702 5556 1996 5609 monachos
2023 5555 2091 5608 de

513 5646 811 5711 npostolatu
862 5647 1031 5701 sancti
1083 5646 1345 5701 Martialis
1385 5648 1800 5714 disecptavcrat.
1850 5645 1976 5698 Inde
2024 5645 2089 5698 ad

510 5725 837 5790 Buxeriensc
866 5739 981 5807 pagi
1013 5737 1343 5792 [’ictavcnsis
1375 5736 1759 5790 monasterium
1794 5734 2088 5806 profectus,

2208 2100 2276 2153 de
2311 2099 2499 2155 eodem
2531 2109 2853 2171 argumento
2879 2100 3197 2157 collationes
3225 2102 3512 2169 habuerat,
3558 2106 3797 2175 maxime

2207 2190 2263 2244 in
2289 2190 2644 2244 conventiculo
2673 2190 3045 2245 monac/torum
3082 2191 3516 2263 Egolismensium
3540 2204 3589 2249 et
3619 2174 3792 2249 Brane

2206 2283 2566 2343 tosmensium,
2619 2281 2710 2351 qui
2757 2281 2885 2337 illuc
2923 2282 2991 2337 ad
3037 2281 3230 2338 festum
3280 2285 3581 2340 nativitatis
3620 2286 3801 2340 beata:

2210 2371 2392 2426 Maria:
2420 2381 2805 2437 convenerant,
2851 2372 3156 2443 multosque
3185 2374 3236 2429 in
3278 2390 3430 2431 suam
3468 2375 3795 2449 sententiam

2207 2470 2566 2531 pertraxerat,
2596 2461 2877 2530 gloriatus,
2903 2462 3227 2517 Ademarum
3254 2464 3394 2533 apud
3421 2463 3735 2522 Lemovicaz
3759 2479 3794 2518 a

2208 2567 2268 2607 se
2298 2552 2569 2607 devictum
2597 2561 2653 2607 et
2689 2561 3001 2623 superatum
3031 2552 3217 2608 fuisse.
3247 2554 3305 2610 Id
3332 2555 3422 2609 ubi
3450 2555 3669 2611 rescivit
3697 2569 3797 2626 per

2208 2659 2336 2701 suos
2362 2644 2681 2704 Adcmarus.
2715 2659 2894 2699 acrem
2928 2644 3075 2699 illam
3108 2653 3163 2701 et
3199 2646 3497 2701 aculeatam
3534 2646 3796 2718 adversus

2207 2732 2555 2789 Benedictum
2604 2733 2823 2804 scripsit
2864 2734 3168 2804 epistolam,
3211 2736 3264 2790 in
3307 2751 3412 2806 qua
3459 2751 3521 2792 ea
3569 2750 3690 2806 quae
3735 2735 3793 2789 in

2208 2824 2601 2893 disceptatione
2634 2823 3017 2896 'Lemovicensi
3066 2825 3209 2881 dicta
3266 2836 3498 2897 actaque
3543 2826 3793 2890 fuerant,

2208 2922 2619 2987 commemorat,
2658 2914 2933 2984 multaque
2960 2914 3253 2987 gloriautcr
3284 2933 3314 2971 a
3343 2916 3634 2972 Benedicto
3667 2932 3795 2987 pro-

2207 3004 2340 3071 lata,
2369 3020 2561 3076 nempe
2589 3020 2649 3060 se
2677 3017 2928 3075 nepotem
2964 3021 3084 3061 esse
3113 3006 3326 3062 abbatis
3359 3006 3663 3085 Clusensis,
3694 3022 3796 3062 no-

2206 3112 2330 3173 vem
2363 3097 2522 3152 annis
2551 3096 2922 3168 grammaticae
2960 3096 3015 3151 in
3054 3096 3427 3166 Longobardia
3462 3107 3516 3171 et
3558 3096 3792 3152 Francia

2207 3170 2499 3254 studuisse,
2547 3196 2604 3242 et
2645 3188 2751 3243 duo
2801 3187 2966 3242 millia
3019 3188 3314 3243 solidorum
3360 3170 3634 3256 magiStris
3677 3187 3794 3242 suis

2207 3276 2420 3331 dedisse
2444 3293 2458 3340 ;
2491 3291 2550 3331 se
2576 3276 2711 3331 duas
2739 3291 2963 3346 magnas
2990 3274 3181 3331 domos
3206 3276 3406 3331 habere
3432 3264 3586 3331 libris
3614 3276 3795 3331 omnis

2207 3367 2421 3436 generis
2448 3365 2716 3431 refertas;
2756 3376 2811 3421 et
2839 3376 3125 3436 postquam
3154 3382 3184 3422 e
3212 3366 3397 3422 schola
3427 3366 3639 3432 exierit,
3673 3365 3792 3421 fore

2206 3466 2264 3533 ut
2294 3471 2453 3527 nemo
2486 3456 2589 3511 sub
2627 3456 2766 3511 coelo
2814 3456 2931 3527 ipso
2975 3457 3275 3526 sapientior
3314 3456 3527 3512 futurus
3569 3458 3661 3511 sit.
3705 3456 3792 3511 Ad

2205 3547 2322 3601 haec
2351 3561 2410 3601 se
2438 3545 2675 3616 priorem
2701 3560 2821 3601 esse
2846 3547 3158 3602 monasterii
3187 3547 3253 3602 de
3281 3546 3461 3611 Clusa,
3488 3547 3794 3617 ibidemque

2202 3651 2325 3718 post
2382 3650 2610 3697 mortem
2662 3642 2909 3696 avunculi
2959 3642 3041 3696 sui
3102 3640 3338 3695 futurum
3390 3639 3686 3705 abbatem;
3732 3647 3794 3693 et

2205 3733 2372 3805 multa
2412 3733 2463 3787 id
2488 3747 2681 3802 genus,
2708 3747 2828 3801 quae
2857 3731 2923 3786 ab
2946 3732 3215 3799 Ademaro
3247 3731 3437 3800 saltent
3463 3739 3789 3802 exaggerata

2202 3835 2308 3904 non
2333 3810 2536 3876 dubito.
2573 3820 2732 3877 Certe
2752 3822 3055 3877 Ademarus
3086 3822 3199 3892 ipse
3224 3808 3501 3878 modestiae
3529 3822 3661 3877 lines
3687 3822 3790 3876 hac

2204 3911 2255 3965 in
2286 3900 2509 3982 epistola
2540 3913 2793 3973 excessit,
2831 3913 2881 3967 in
2909 3928 3014 3983 qua
3044 3912 3394 3969 Benedictum
3425 3900 3793 3968 omni'convi-

2201 4003 2406 4057 ciorum
2439 3989 2636 4073 genere
2654 4002 2837 4083 allicit,
2871 4003 3210 4059 llebionitam
3233 4012 3290 4058 et
3314 4004 3627 4078 luereticum
3659 4017 3787 4057 eum

2201 4093 2495 4163 appellans,
2525 4094 2593 4149 ob
2618 4095 2754 4151 hanc
2780 4094 2987 4150 scilicet
3019 4110 3238 4150 causam
3267 4095 3410 4165 quod
3440 4093 3613 4150 sancti
3641 4092 3787 4148 Mar-

2202 4184 2342 4240 tialis
2376 4184 2736 4255 apostolalum
2778 4184 3071 4240 refellerct.
3112 4184 3267 4240 Hunc
3311 4194 3491 4240 autem
3527 4185 3599 4239 ita
3642 4200 3789 4238 mor-

2199 4277 2351 4332 dicus
2396 4278 2675 4333 asserebat
2714 4277 3044 4342 Ademarus,
3081 4287 3164 4341 ut,
3207 4276 3417 4356 etiamsi
3466 4276 3621 4330 aliter
3647 4291 3784 4345 papa

2198 4377 2483 4436 statueret,
2529 4384 2589 4424 se
2616 4369 2664 4433 ei
2702 4384 2810 4423 non
2834 4370 3190 4431 ,obcditurum
3223 4370 3385 4429 dicat.
3418 4385 3486 4445 ne
3512 4368 3643 4433 Deo,
3690 4369 3785 4437 qui

2197 4448 2493 4543 Martialem
2527 4463 2825 4532 apostolum
2868 4472 3131 4527 creasset,
3175 4479 3281 4518 non
3321 4463 3542 4519 obedire
3577 4463 3787 4517 videre-

2199 4565 2307 4612 tur.
2337 4556 2510 4621 Porro
2537 4554 2679 4610 hanc
2702 4554 3057 4624 qutestionem
3084 4553 3295 4609 deliniri
3335 4569 3440 4608 non
3483 4567 3640 4622 posse
3677 4551 3782 4605 nisi

2198 4646 2252 4701 in
2281 4646 2517 4719 generali
2546 4644 2778 4701 concilio
2806 4645 3048 4700 omnium
3082 4645 3460 4714 episcoporum
3500 4642 3687 4698 Galliae
3726 4649 3785 4696 ct

2196 4737 2363 4793 Italia:
2386 4753 2490 4793 una
2515 4752 2636 4793 cum
2658 4750 2795 4806 papa
2820 4734 3085 4790 Romano.
3117 4735 3250 4790 Cum
3273 4735 3462 4813 eodem
3488 4724 3783 4787 Benedicto

2196 4830 2513 4886 Lemovicas
2542 4829 2757 4883 venisse
2792 4828 2990 4882 dicitur
3027 4825 3335 4901 Bernardns
3383 4826 3624 4895 quidam,
3673 4823 3783 4877 Ra-

2195 4935 2383 4976 venna:
2414 4918 2730 4982 monachus,
2768 4918 3050 4974 medicinae
3084 4919 3218 4975 artis
3256 4918 3484 4988 peritus,
3513 4916 3603 4986 qui
3635 4915 3780 4970 idem

2195 5022 2316 5064 cum
2338 5009 2633 5065 Benedicto
2663 5009 2950 5063 sentiebat.
2976 5009 3034 5063 In
3056 5009 3243 5063 eadem
3267 5023 3480 5077 quoque
3506 5006 3778 5062 sententia

2192 5110 2311 5155 erat
2341 5096 2665 5169 Salgionius,
2696 5113 2763 5152 ex
2786 5099 3049 5154 canonico
3079 5098 3254 5153 factus
3289 5098 3585 5152 monachus
3602 5096 3784 5165 Ange-

2194 5189 2485 5253 riaccnsis,
2528 5188 2617 5257 qui
2663 5197 2840 5242 tamen
2867 5189 3046 5243 aiebat
3090 5204 3150 5243 se
3193 5204 3314 5243 cum
3348 5187 3778 5258 Hierosolymam

2192 5262 2475 5350 pergeret,
2521 5279 2719 5333 vidisse
2768 5279 3056 5348 quemdam
3093 5277 3357 5334 Joannem
3409 5278 3774 5339 monachum,

2193 5371 2538 5446 fortissimam
2577 5373 2974 5441 grammaticum
3011 5389 3076 5427 ea:
3102 5374 3305 5427 civitate
3336 5371 3543 5435 Remis,
3587 5371 3675 5441 qui
3720 5372 3778 5424 in

2194 5463 2310 5516 navi
2341 5462 2573 5531 quotidie
2609 5459 2910 5514 Martialem
2948 5461 3316 5528 pronuntiabat
3348 5461 3402 5513 in
3436 5461 3620 5515 ordine
3649 5475 3781 5526 apo-

2196 5552 2472 5606 stolatum.
2503 5551 2627 5607 lltec
2656 5550 2789 5605 satis
2811 5565 2877 5606 ex
2902 5551 2989 5628 illa
3024 5551 3272 5620 epistola,
3300 5550 3450 5621 cujus
3497 5551 3688 5620 ipsum,
3717 5557 3783 5603 ut

2197 5644 2410 5713 quidem
2434 5653 2582 5714 puto,
2613 5643 3002 5711 autographum
3031 5643 3362 5697 clarissimus
3387 5642 3633 5697 Baluzius
3663 5653 3781 5704 tne-3

2197 5752 2319 5791 cum
2347 5735 2723 5791 liberalissime
2746 5737 3181 5791 communicat-it.
3280 5725 3284 5728 ⁴
