4088 6374
302 360 375 416 89
1525 353 1740 419 Etusr.
1786 356 1872 415 DE
1911 356 1968 413 s.
2007 351 2357 411 MARTIALI.
2423 423 2437 432 .
3483 339 3552 400 oo

703 512 1147 615 ADEMARI
1202 515 1670 614 EPISTOLA
1727 514 1854 610 DE
1915 503 2544 608 APOSTOLATU
2602 502 3162 605 MARTIALIS.

272 655 278 682 ἶ
364 678 604 735 Dominis
669 676 1070 748 gloriosissimis
1121 685 1284 746 atque
1347 647 1866 746 prmcellentissimis
1895 674 1942 733 Α
1969 670 2210 724 volarent
2225 670 2289 722 ad
2305 683 2400 722 vos
2420 679 2474 721 et
2501 665 3282 736 requiescerem.lmitabamur
3310 675 3547 723 vestrum

290 770 602 841 pastoribus
650 778 852 823 sancta:
897 767 1172 832 Ecclesite,
1213 767 1457 822 Jonoaso
1500 767 1866 822 Lemovicensi

291 864 584 931 episeopo,
627 869 791 930 atque
836 859 1112 916 Ooouuco
1157 861 1513 936 grammatico
1559 860 1870 915 doctissimo

291 952 474 1006 abbati
505 950 954 1004 monasteriorum
988 949 1128 1003 beati
1169 948 1430 1004 Martialis
1459 948 1707 1020 apostoli,
1746 963 1872 1004 nec-

291 1056 400 1093 non
427 1049 480 1094 et
508 1038 962 1094 reverentissimis
983 1039 1225 1109 patribus
1253 1038 1637 1110 phil050phicis
1679 1037 1872 1094 studiis

291 1129 591 1184 liberaliter
630 1128 913 1184 instructis
955 1129 1251 1193 Rarxawo,
1281 1127 1427 1183 sedis
1464 1128 1766 1184 Lemovica:
1796 1127 1871 1182 le-

289 1222 438 1283 vitm,
467 1228 520 1274 et
547 1219 818 1274 ALBEBICO
862 1229 917 1272 et
963 1217 1218 1272 omnibus
1264 1216 1681 1287 protomartyris
1725 1215 1869 1271 beati

291 1310 554 1378 Stephani
603 1307 849 1363 ecclesia:
897 1308 1226 1362 canonicis:
1268 1308 1536 1362 AIMERICO
1582 1315 1637 1360 et
1682 1305 1870 1360 Ρετιιο

287 1402 466 1471 perito
507 1400 823 1463 architecto,
873 1413 936 1452 ac
977 1398 1232 1453 (ictuum
1277 1398 1481 1452 decano
1529 1406 1691 1466 atque
1720 1397 1867 1451 Ana-

287 1505 488 1555 uano,
536 1505 746 1545 necnon
777 1489 991 1545 caneris
1033 1487 1284 1542 omnibus
1321 1487 1614 1556 supradicti
1641 1485 1868 1557 apostoli

289 1580 579 1635 monachis
612 1597 625 1634 :
657 1579 961 1636 Exctztatco
984 1587 1038 1634 et
1065 1577 1218 1632 fratri
1241 1577 1357 1648 ejus
1377 1577 1669 1634 Tsoranoo
1693 1593 1870 1648 gram-

288 1670 532 1735 maticis,
552 1670 696 1725 sedis
719 1668 1027 1723 Anieiensis
1053 1669 1225 1723 beatae
1247 1667 1429 1722 Mariae
1445 1669 1634 1722 matris
1658 1667 1868 1723 Domini

287 1763 538 1819 ecclesiae
585 1762 864 1818 canonicis
909 1779 922 1814 :
967 1759 1232 1816 “’znsoxt
1287 1761 1668 1829 grammatico,
1726 1759 1869 1815 beati

287 1854 435 1909 Petri
487 1853 717 1924 apostoli
777 1851 1184 1908 Belliloacensis
1237 1850 1480 1906 ecclesia:
1537 1851 1806 1905 monacho
1850 1867 1866 1906 :

286 1945 548 2001 δειελιυο
577 1943 752 1999 sancti
783 1942 1068 2012 Augustini
1112 1940 1518 1997 Lemovicensis
1553 1941 1865 1997 monasterii

1974 761 2083 816 into
2129 759 2631 830 antiquissimorum
2681 758 2903 813 Patrum
2951 768 3209 820 veterem,
3243 757 3444 813 bonum
3493 769 3548 814 et

1972 852 2295 907 laudabilem
2329 865 2533 906 morem
2562 851 2614 905 in
2648 850 2850 906 litaniis
2885 859 2940 905 et
2970 851 3022 904 itt
3053 851 3305 905 omnibus
3333 852 3546 906 diurnis

1971 943 2192 1014 agendis
2220 942 2288 998 de
2326 941 2516 997 eodem
2549 950 2738 996 sancto
2763 941 3007 1010 apostolo
3041 957 3054 993 :
3085 950 3140 996 et
3165 955 3295 996 ecce
3321 955 3546 1010 serpens

1969 1042 2290 1088 veternosus
2337 1032 2520 1087 omnia
2579 1031 2716 1096 bree,
2762 1047 2883 1101 qua:
2927 1033 2993 1085 ad
3066 1031 3280 1086 laudem
3333 1032 3428 1086 Dei
3493 1042 3548 1086 et

1969 1123 2268 1192 profectum
2297 1133 2502 1177 sanctae
2533 1121 2788 1177 Ecclesia:
2811 1121 2946 1176 bene
2973 1120 3187 1176 fuerant
3223 1122 3288 1175 ab
3316 1123 3547 1177 authen-

1971 1213 2094 1267 ticis
2109 1212 2500 1267 virisinchoata
2523 1226 2587 1267 ac
2606 1212 2785 1282 potius
2808 1221 3146 1282 recuperata,
3174 1213 3540 1280 perturbavit;

1970 1321 2032 1361 ac
2059 1317 2253 1376 praeter
2276 1321 2362 1361 me
2391 1307 2564 1360 solum
2592 1316 2646 1362 et
2672 1306 3037 1361 Gauzbertum
3067 1317 3330 1374 vestrum,
3358 1304 3547 1362 omnes

1971 1413 2000 1451 a
2029 1399 2259 1452 veritate
2288 1398 2464 1452 aversi
2501 1407 2645 1452 sunt.
2678 1397 2811 1450 Nam
2841 1413 2939 1467 ego
2985 1413 3082 1466 pro
3114 1399 3342 1453 veritate
3377 1415 3548 1468 usque

1970 1490 2037 1544 ad
2068 1499 2294 1544 mortem
2326 1488 2560 1544 libenter
2585 1488 2867 1544 decertare
2907 1489 3129 1553 festino,
3154 1491 3335 1543 sciens
3361 1489 3548 1543 utilius

1969 1596 2093 1636 esse
2143 1579 2455 1635 scandalum
2502 1579 2649 1634 nasci
2698 1594 2857 1648 quam
2910 1581 3188 1634 veritatem
3225 1581 3435 1646 deseri;
3493 1591 3550 1636 et

1971 1688 2147 1744 neque
2202 1686 2367 1737 mors,
2409 1686 2585 1741 neque
2631 1671 2764 1736 vita,
2818 1686 2992 1741 neque
3044 1671 3322 1734 instantia,
3371 1686 3547 1741 neque

1971 1765 2174 1830 futura,
2230 1779 2407 1834 neque
2461 1763 2658 1834 angeli,
2719 1779 2893 1832 neque
2947 1764 3322 1834 principatus,
3371 1780 3549 1832 neque

1971 1857 2216 1920 altitudo,
2243 1871 2419 1926 neque
2462 1855 2811 1927 profundum,
2845 1870 3018 1925 neque
3063 1865 3311 1911 creatura
3366 1857 3546 1926 aliqua

1969 1947 2169 2016 poterit
2196 1961 2280 2000 me
2303 1960 2558 2014 separare
2588 1960 2619 1998 a
2651 1944 2920 1998 charitate
2943 1953 2998 1998 et
3024 1944 3254 1999 veritate
3283 1944 3400 2006 Dei,
3427 1959 3546 2012 quae

287 2035 497 2096 abbati,
529 2033 621 2089 sed
648 2042 704 2087 et
731 2041 942 2088 cunctze
967 2031 1373 2103 congregationi
1401 2031 1554 2099 ejus:
1590 2030 1870 2087 ROTGEBIO
1900 2018 1945 2078 Β
1971 2049 2056 2094 est
2081 2038 2131 2093 in
2155 2037 2372 2093 Christo
2391 2035 2516 2092 Jesu
2541 2035 2768 2091 Domino
2795 2045 2978 2091 nostro
3001 2044 3057 2091 ct
3081 2035 3134 2090 in
3163 2035 3404 2091 Martiale
3430 2034 3548 2104 ejus

286 2132 495 2179 sancta.-
528 2123 757 2178 Valeria:
807 2123 1202 2179 Cambouensis
1249 2122 1480 2179 (ζωιιοῦἰί
1534 2123 1868 2193 praeposito:

287 2215 416 2268 item
499 2213 757 2269 Caeneo
821 2214 941 2268 viro
1012 2213 1328 2269 doctissimo
1391 2212 1870 2282 Sollempniacensi

286 2303 472 2358 abbati
504 2312 559 2357 et
581 2303 834 2358 omnibus
859 2303 1143 2358 monachis
1168 2302 1285 2371 ejus
1316 2321 1328 2357 :
1370 2303 1630 2359 Anuscoo
1668 2302 1872 2358 Bothe-

286 2393 442 2448 ncnsi
490 2393 780 2464 episcopo;
826 2392 1170 2449 TIIEODERICO
1216 2393 1576 2464 grammatico
1642 2391 1871 2448 Metcnsi

285 2488 578 2556 episeopo;
601 2485 908 2541 CONEGUNDI
959 2486 1324 2542 Romanorum
1351 2487 1640 2554 Augustte;
1669 2485 1870 2542 Cosoat

285 2580 494 2635 (ζει-εειτί
521 2583 765 2650 Augusto
799 2580 1113 2650 imperatori
1143 2598 1155 2632 :
1187 2578 1490 2632 \\'tt.t.£t..\to
1518 2579 1872 2648 grammatico

284 2671 592 2725 orthodoxe
613 2679 666 2725 et
689 2669 1462 2739 potentissimoAquitanorum
1495 2669 1647 2730 duci;
1681 2667 1872 2723 Joausr

286 2763 538 2819 [lotaano
581 2778 751 2836 papm,
777 2762 1068 2820 Absumus
1097 2760 1499 2835 Egolismeusis,
1526 2760 1874 2832 presbytero-

288 2872 403 2909 rum
433 2857 681 2920 ultinms,
713 2865 874 2911 recta:
923 2856 1047 2910 fidei
1106 2855 1303 2924 regula?
1331 2871 1429 2924 per
1457 2857 1635 2909 omnia
1685 2851 1874 2908 obser-

285 2948 555 3009 vantiam,
589 2948 640 3001 in
699 2947 822 3011 fide,
865 2962 960 3017 spe
1005 2955 1060 3008 et
1115 2947 1382 3003 charitate
1435 2947 1644 3001 Domini
1701 2947 1868 3002 nostri

285 3036 410 3092 Jesu
460 3037 659 3092 Christi
702 3039 961 3107 unigeniti
1013 3038 1134 3094 Filii
1191 3039 1286 3093 Dei
1331 3040 1628 3096 secundum
1677 3054 1868 3094 sanam

287 3131 656 3199 apostolorum
694 3130 1020 3185 doctrinam.

353 3221 497 3276 Nolo
522 3237 616 3276 vos
643 3221 832 3275 mirari
863 3235 956 3276 eos
982 3235 1104 3276 eum
1130 3221 1329 3292 quibus
1357 3237 1632 3291 nunquam
1660 3222 1870 3278 locutus

287 3328 432 3372 sum.
464 3311 637 3365 adhuc
665 3313 730 3366 de
760 3312 1004 3380 apostolo
1034 3311 1296 3378 Martiale,
1328 3321 1440 3367 tres
1473 3323 1680 3367 tantum
1722 3314 1867 3377 dico,

288 3418 486 3473 papam
540 3402 793 3458 videlicet
857 3418 921 3458 ac
980 3402 1286 3468 Caesarem,
1348 3414 1510 3474 atque
1565 3405 1869 3474 Aquitania:

288 3495 512 3559 ducem,
537 3495 678 3548 inter
705 3496 921 3559 nomina
945 3505 1124 3548 vestra
1159 3510 1244 3549 me
1276 3495 1722 3558 intermiscuisse,
1746 3510 1868 3549 eum

288 3585 330 3637 si
363 3585 509 3638 forte
548 3583 664 3638 hmc
695 3557 772 3638 ad
814 3599 908 3640 eos
962 3585 1327 3654 pervenerint,
1352 3593 1478 3652 opto
1522 3585 1868 3638 serenitatem

287 3690 480 3729 eorum
525 3674 607 3728 his
636 3675 780 3729 veris
801 3676 1190 3731 assertionibus
1219 3677 1478 3731 arridere.
1510 3676 1556 3732 A
1577 3677 1730 3732 vobis
1753 3677 1870 3746 qui-

289 3766 406 3820 dem
469 3780 574 3819 non
619 3765 737 3820 sine
783 3767 975 3835 grandi
1025 3766 1385 3821 exsultatione
1435 3767 1589 3821 ﬁnito
1641 3766 1871 3822 concilio

291 3859 669 3916 Lemovicensi
728 3870 924 3930 quarto
970 3862 1058 3917 die
1102 3861 1306 3916 mensis
1353 3861 1578 3930 Augusti
1610 3862 1870 3926 abscessi,

287 3962 572 4008 revertens
634 3952 698 4006 ad
744 3953 1069 4023 Egolismam
1117 3953 1414 4018 civitatem,
1460 3951 1549 4005 ubi
1616 3951 1685 4006 ab
1752 3951 1869 4022 ipsa

290 4045 586 4100 tenerrima
613 4045 844 4114 pueritia
873 4044 1157 4106 hactenus,
1187 4053 1348 4100 {etate
1387 4043 1868 4114 quadragenarius,

287 4139 460 4190 vitam
490 4138 544 4189 in
573 4134 905 4190 monasterio
931 4127 1363 4205 beati'Eparcbii
1397 4133 1656 4204 transigo.
1682 4131 1872 4187 Exsul-

288 4229 472 4282 tabam
501 4229 644 4282 enim
667 4243 762 4282 vos
787 4229 1136 4298 incongruam
1185 4226 1429 4281 inolitam
1473 4226 1678 4280 erroris
1705 4238 1868 4279 causa

288 4319 354 4371 ab
380 4318 748 4373 auteriorilms
771 4318 984 4374 clericis
1005 4318 1306 4387 Aquitania:
1335 4317 1740 4387 negligentiam,
1763 4330 1868 4385 qua

287 4414 770 4484 parvipcntlebatis
815 4423 1063 4470 sanctum
1093 4413 1395 4482 apostolum
1427 4411 1520 4465 Dei
1546 4409 1866 4476 Martialem,

287 4522 394 4559 non
441 4506 606 4560 aliter
631 4521 791 4575 quant
829 4522 992 4560 unum
1025 4505 1092 4560 de
1122 4503 1397 4560 modernis
1442 4500 1866 4564 confessoribus,

285 4585 377 4650 aut
423 4582 734 4667 junioribus
773 4599 1050 4653 modernis
1084 4597 1372 4667 episcopis,
1421 4596 1582 4651 modo
1628 4609 1726 4664 per
1774 4595 1867 4649 Dei

287 4689 518 4756 gratiam
549 4688 840 4758 reSpuisse,
871 4697 926 4742 et
961 4689 1027 4741 de
1055 4701 1120 4741 eo
1169 4686 1310 4754 quod
1341 4685 1597 4754 antiquus
1624 4694 1681 4738 et
1710 4694 1868 4738 natu-
1897 4722 1945 4780 ο

285 4777 418 4832 ralis
440 4777 715 4846 apostolus
745 4778 856 4846 ipse
887 4779 1078 4832 beatus
1104 4775 1386 4837 Martialis,
1411 4775 1552 4830 sicut
1580 4782 1869 4829 attestatur

285 4869 509 4937 antiqua
547 4869 760 4922 traditio
785 4868 1001 4922 Patrum
1034 4876 1364 4929 nostrorum,
1395 4876 1447 4921 et
1474 4866 1706 4921 assertio
1741 4879 1868 4918 vera

285 4957 628 5021 (Im-corum,
653 4960 936 5013 veritatem
969 4958 1148 5027 potius
1179 4971 1528 5026 recuperasse
1569 4971 1733 5025 quam
1785 4955 1871 5009 in-

287 5052 540 5106 ehoasse.
591 5051 754 5105 Vobis
816 5050 958 5106 enim
1022 5059 1255 5120 quatuor
1314 5048 1656 5102 solummodo
1725 5059 1869 5101 nunc

287 5141 680 5209 specialissime
745 5140 964 5209 loquor.
1014 5139 1256 5209 pontifex
1316 5136 1573 5202 Jordaue,
1620 5135 1868 5191 Odclrice

286 5234 448 5295 abba,
507 5232 771 5287 Raiualdc
823 5242 985 5302 atque
1041 5233 1321 5286 Aitnirice.
1382 5231 1567 5301 Itaque
1609 5245 1694 5285 me
1741 5246 1862 5286 cum

287 5325 484 5377 abbate
519 5322 830 5378 Amalfredo
860 5334 912 5377 et
945 5325 1156 5378 eunetis
1189 5323 1472 5386 fratriluts,
1514 5332 1566 5376 et
1594 5337 1716 5378 cum
1759 5322 1866 5391 cpi-

288 5429 453 5484 scopo
485 5415 708 5470 Rohone
751 5417 803 5470 in
856 5416 1084 5470 Domino
1115 5415 1181 5470 de
1234 5414 1401 5484 gloria
1429 5413 1675 5468 veritatis
1724 5411 1863 5466 beati

287 5503 553 5560 Martialis
586 5507 808 5577 apostoli
836 5507 1162 5576 gratulante,
1187 5505 1368 5560 subito
1399 5504 1574 5560 hostis
1611 5503 1864 5572 antiquus

287 5608 386 5662 per
433 5611 561 5650 snos
605 5597 868 5652 satellites
914 5595 1278 5650 amaritudine
1323 5593 1486 5647 anxia
1533 5591 1864 5646 obnubilavit

288 5685 584 5749 praecordia
621 5701 762 5750 mea,
792 5693 850 5738 ut
899 5683 1113 5738 mallent
1153 5683 1289 5738 mori
1345 5696 1508 5750 quam
1562 5681 1765 5741 vivere,
1815 5688 1869 5732 et

293 5784 535 5840 optarem
568 5753 772 5846 pennas
803 5778 939 5831 sicut
967 5775 1213 5832 columba
1256 5775 1476 5840 habere,
1511 5771 1706 5843 quibus
1747 5785 1869 5826 mox

1973 2125 2237 2200 apostolo.

2044 2219 2161 2272 Duo
2190 2217 2370 2286 itaque
2397 2230 2464 2270 ex
2494 2216 2673 2282 nobis,
2697 2223 2846 2271 veste
2867 2223 3071 2270 tantum
3095 2224 3147 2271 et
3172 2215 3408 2282 nomine,
3442 2229 3549 2271 non

1973 2306 2186 2362 actibus
2231 2321 2409 2376 neque
2453 2307 2718 2369 moribus,
2749 2307 3024 2377 monachi,
3053 2322 3281 2374 quorum
3330 2308 3548 2361 nomina

1972 2397 2111 2451 intra
2169 2403 2346 2466 empta
2408 2395 2652 2450 inserere
2718 2395 3038 2466 sacrilegum
3106 2396 3280 2459 duxi,
3336 2396 3386 2451 in
3446 2398 3550 2451 hoc

1973 2487 2282 2560 Septembri
2330 2502 2517 2542 mense
2564 2487 2682 2542 sine
2727 2486 3108 2541 benedictione
3153 2502 3182 2538 a
3219 2489 3550 2542 monasterio

1971 2597 2071 2636 suo
2085 2581 2152 2634 ad
2175 2579 2560 2634 Lemovicense
2580 2578 2913 2633 territorium
2930 2577 3071 2648 quod
3095 2579 3294 2633 dicitur
3320 2578 3547 2633 Buxeria

1971 2672 2339 2736 devenientes,
2369 2671 2441 2726 ibi
2498 2686 2527 2725 a
2582 2681 2832 2740 serpente
2889 2671 3113 2740 antiquo
3175 2669 3550 2724 infelicissime

1972 2762 2241 2831 corrumpi
2267 2777 2324 2816 se
2346 2760 2706 2832 permiserunt
2728 2760 2979 2815 draconis
3000 2775 3228 2822 veneno,
3257 2776 3285 2813 a
3314 2774 3420 2829 quo
3442 2761 3544 2812 lam

1973 2853 2180 2908 scilicet
2234 2853 2594 2922 Longobardo
2633 2851 2912 2916 hatretieo,
2966 2851 3282 2907 monachico
3333 2851 3422 2920 qui
3445 2852 3547 2905 :rm

1977 2946 2258 3004 scitsmate
2281 2938 2490 3012 induto,
2517 2960 2705 3002 verum
2740 2959 2844 3000 non
2869 2943 3155 3008 monacho,
3189 2946 3284 2999 sed
3315 2943 3548 2998 diabolo.

1972 3041 2081 3096 Nec
2125 3041 2475 3094 attendernnt
2526 3053 2555 3092 a
2612 3037 2748 3092 falso
2794 3037 3100 3107 propheta,
3155 3036 3244 3104 qui
3301 3051 3329 3088 a
3389 3034 3548 3088 Clusa

1971 3131 2409 3204 Longohardensi
2442 3130 2588 3184 venit
2636 3129 2704 3184 ad
2755 3127 3096 3198 Aquitaniam
3124 3125 3177 3180 in
3213 3124 3551 3190 vomimentis

1970 3225 2173 3288 ovium,
2203 3223 2534 3277 intrinsecus
2581 3227 2764 3274 autem
2817 3226 2902 3272 est
2949 3217 3105 3287 luptts
3152 3231 3340 3286 rapax.
3369 3215 3547 3284 Ipsum

1973 3316 2068 3374 Dei
2099 3313 2459 3384 archangelus
2489 3309 2716 3366 Michael
2747 3318 2804 3364 et
2843 3307 3018 3379 angeli
3067 3306 3185 3376 ejus
3213 3324 3242 3360 a
3275 3306 3412 3360 facie
3456 3303 3549 3358 Dei

1897 3377 1940 3438 Ο
1973 3406 2282 3477 projiciant,
2313 3415 2372 3460 ut
2415 3420 2520 3459 non
2553 3401 2729 3457 valeat
2757 3416 2882 3457 cum
2913 3415 3011 3455 suo
3056 3415 3182 3469 rege
3211 3397 3450 3452 dracone
3496 3394 3548 3447 in

1972 3497 2210 3552 Ecclesia
2262 3494 2549 3558 catholica,
2577 3507 2752 3562 neque
2799 3490 2950 3544 locus
2977 3487 3094 3556 ejus
3121 3487 3352 3556 amplius
3399 3483 3551 3538 inve-

1971 3585 2153 3640 niatur
2184 3584 2236 3638 in
2262 3582 2431 3646 coelo;
2459 3589 2519 3634 ttt
2565 3595 2760 3648 magna
2800 3593 2906 3632 vox
2946 3587 3258 3630 sanctorum
3297 3573 3551 3628 audiatur

1970 3677 2023 3730 in
2069 3675 2229 3736 caelo,
2258 3674 2400 3742 quod
2454 3680 2542 3728 est
2589 3670 2832 3726 Ecclesia
2885 3683 3144 3740 praesens,
3204 3665 3545 3719 dicentium:

1969 3767 2124 3822 Nunc
2178 3765 2315 3820 facta
2351 3773 2432 3818 est
2459 3762 2628 3825 salus,
2675 3771 2731 3816 et
2756 3760 2952 3824 virtus,
2987 3767 3042 3812 et
3073 3770 3299 3827 regnum
3335 3752 3546 3808 Domini

1968 3856 2138 3912 nostri
2181 3864 2238 3911 et
2262 3863 2504 3926 potestas
2527 3852 2729 3908 Christi
2780 3851 2916 3921 ejus,
2947 3858 3006 3904 et
3057 3847 3226 3917 gloria
3257 3861 3321 3900 ac
3346 3844 3549 3900 veritas

1968 3946 2338 4018 apostolorum
2368 3947 2505 4016 ejus.
2541 3944 2666 3998 Ideo
2700 3943 2953 3996 laetentur
2986 3939 3112 3995 caeli
3139 3946 3196 3992 et
3236 3937 3327 4007 qui
3380 3935 3434 3990 in
3467 3934 3550 3990 eis

1969 4037 2236 4092 habitant.
2289 4035 2345 4090 Itt
2385 4035 2618 4090 concilio
2649 4049 2780 4087 sane
2831 4029 3204 4084 Lemovicensi
3253 4027 3433 4097 lingua
3459 4041 3546 4078 sa-

1966 4131 2252 4200 ptentium,
2299 4128 2390 4198 qui
2445 4143 2540 4182 vos
2591 4127 2761 4189 estis,
2827 4125 3042 4178 ornavit
3097 4121 3416 4185 scientiam;
3481 4118 3574 4172 ad'

1968 4221 2258 4276 Duxeriam
2287 4234 2416 4275 vero
2446 4234 2507 4273 es
2553 4219 2683 4272 fatui
2714 4218 2858 4275 vino.
2891 4215 2999 4269 imo
3028 4227 3234 4267 veneno
3261 4208 3546 4264 madefacti

1967 4314 2282 4383 serpentino
2301 4309 2543 4366 cbullivit
2569 4308 2876 4364 stultitiam.
2908 4303 3014 4358 Vos
3040 4302 3184 4357 enim
3213 4301 3266 4354 in
3286 4299 3550 4354 charitate

1967 4405 2196 4460 radicati
2219 4413 2274 4459 et
2293 4401 2637 4470 fundati.'per
2653 4398 2975 4454 charitatcm
3002 4393 3288 4464 patientes,
3305 4387 3546 4452 benigni,

1967 4514 2074 4553 non
2116 4495 2454 4555 mmulantes,
2490 4507 2596 4547 non
2632 4499 2854 4560 agentes
2885 4499 3192 4556 perperam,
3222 4496 3327 4534 non
3357 4476 3549 4539 inflati,

1967 4605 2073 4645 non
2097 4586 2391 4652 ambitiosi,
2434 4599 2541 4639 non
2570 4590 2876 4652 qumrentes
2904 4593 3025 4646 quze
3056 4585 3234 4631 vestra
3261 4579 3409 4632 sunt,
3441 4585 3547 4623 non

1968 4680 2191 4742 irritati,
2216 4693 2322 4732 non
2349 4676 2650 4746 cogitantes
2673 4671 2892 4732 malutn,
2928 4683 3032 4722 non
3065 4665 3363 4735 gaudentes
3389 4672 3552 4726 super

1971 4769 2333 4837 iniquitatem,
2379 4763 2779 4834 congaudentes
2829 4766 3010 4811 autem
3054 4753 3291 4814 veritati,
3324 4747 3552 4803 manife-

1967 4868 2114 4914 stare
2135 4855 2367 4911 curastis
2395 4852 2590 4923 populo
2618 4851 2926 4911 veritatem,
2955 4845 3082 4916 qttia
3126 4839 3393 4896 Martialis
3439 4838 3552 4908 ipse

1968 4959 2052 5006 est
2079 4945 2341 5001 naturalis
2367 4941 2660 5014 apostolus,
2692 4955 2819 5002 non,
2854 4938 2995 4992 sicut
3031 4949 3194 4990 canes
3217 4931 3552 4986 oblatrantes

1968 5041 2176 5104 dicunt,
2205 5051 2401 5099 novus,
2433 5035 2526 5089 sed
2555 5030 2970 5102 antiquissimus
3001 5036 3160 5094 atque
3187 5037 3284 5093 per
3315 5020 3494 5078 omnia
3521 5032 3550 5070 a

1966 5132 2187 5187 Christo
2218 5138 2338 5199 post
2387 5143 2466 5181 xu
2514 5125 2790 5196 apostolos
2816 5122 3022 5192 priores
3067 5117 3302 5180 electus;
3332 5120 3386 5167 ct
3443 5126 3551 5165 non

1969 5222 2142 5279 solum
2169 5219 2464 5290 apostolus,
2488 5218 2580 5273 sed
2606 5217 2770 5270 etiam
2793 5211 2994 5270 Christi
3025 5211 3075 5264 itt
3105 5221 3270 5264 carne
3312 5201 3550 5271 discipu-

1969 5314 2074 5378 lus,
2109 5323 2167 5369 et
2201 5312 2345 5368 beati
2380 5311 2524 5366 Petri
2571 5307 2834 5380 principis
2873 5302 3238 5375 apostolorum
3286 5294 3556 5352 condisci-

1967 5405 2142 5475 pulus.
2202 5402 2373 5472 Majus
2419 5411 2502 5456 est
2543 5400 2687 5455 enim
2718 5411 2840 5455 esse
2892 5398 2946 5451 in
3001 5409 3166 5449 carne
3230 5386 3552 5458 discipulum

1969 5495 2192 5558 Christi,
2223 5509 2384 5564 quam
2411 5491 2713 5563 apostolum
2749 5497 2870 5561 post
2925 5485 3299 5542 ascensionem
3327 5475 3550 5536 Christi.

1967 5584 2162 5639 Multos
2191 5584 2333 5637 enim
2394 5597 2556 5637 nemo
2594 5581 2801 5650 peritus
2860 5579 3070 5648 ignorat
3120 5573 3284 5628 fuisse
3318 5565 3555 5639 pseudo-

1969 5677 2241 5746 apostolos
2299 5685 2354 5730 et
2387 5675 2636 5730 veritatis
2687 5670 2958 5744 apostolos
3013 5675 3133 5740 post
3180 5662 3554 5720 ascensionem

1969 5770 2330 5839 (thristi,qui
2388 5783 2730 5839 nequaquam
2787 5766 2997 5820 fucrttnt
3051 5773 3228 5815 tamen
3281 5757 3332 5812 in
3391 5765 3554 5807 carne
