4088 6366
451 369 511 424 9⁸
1597 360 1904 418 ADEMARI
1934 359 1992 413 S.
2031 356 2300 413 CIBARDI
2342 353 2643 411 MONACHI
3636 349 3704 407 9!

453 481 700 552 discipuli
723 481 924 537 Christi
967 499 979 534 :
1009 491 1064 537 et
1093 480 1221 536 licet
1244 489 1475 550 quatuor
1503 477 1849 548 evangelista:
1872 476 1939 530 de
1965 489 2034 530 eo
2065 479 2110 536 Α
2142 487 2244 540 ego
2268 470 2474 525 alIirmo
2519 478 2766 525 sanctum
2791 468 3088 524 Martialem
3122 484 3227 524 non
3255 483 3376 524 esse
3405 469 3709 538 apostolum

458 582 695 636 taceant,
721 572 918 642 quippe
966 571 1056 640 qui
1097 572 1408 626 summatim
1454 569 1594 624 facta
1639 566 1850 621 Domini
1906 579 2030 634 per-
2133 561 2240 616 ullo
2273 562 2448 615 modo.
2480 561 2592 631 Ego
2621 561 2740 615 dico
2761 561 2926 614 vitam
2953 560 3067 628 ejus
3091 571 3255 614 totam
3281 559 3490 623 falsam,
3530 562 3704 630 ipsum

457 663 819 728 strinxerunt,
849 670 1028 716 tamen
1059 661 1196 716 liber
1223 670 1500 733 gestorum
1543 659 1662 728 ejus
1689 655 2032 723 conscriptus
2134 653 2340 710 allirmo
2372 669 2645 722 nunquam
2669 651 2836 708 fuisse
2862 653 2914 706 in
2941 668 3106 708 carne
3127 652 3448 722 discipulum
3482 651 3708 716 Christi,

459 772 492 810 a
551 755 815 825 discipulo
873 755 990 824 ejus
1043 755 1370 819 Aureliano,
1420 768 1450 808 a
1499 752 1768 809 catholica
1822 760 2034 818 semper
2135 744 2281 800 nullo
2335 743 2493 799 modo
2545 743 2710 798 fuisse
2757 743 2827 796 ad
2877 758 3107 804 orenam,
3144 743 3345 796 nullum
3393 742 3711 811 obsequium

460 848 699 904 Ecclesia
727 857 1030 918 susceptus,
1057 846 1386 904 sullicienter
1420 863 1448 901 a
1479 847 1744 918 principio
1769 848 2040 900 memorat
2140 839 2365 895 Domino
2409 837 2702 909 praebuisse
2749 837 2816 891 ad
2867 836 3162 892 abluendos
3195 837 3384 905 pedes;
3425 835 3711 889 Durnium:

398 941 412 955 ’·
462 939 691 1008 gratiam
719 939 1050 1009 apostolatus
1069 937 1204 1008 ejus.
1231 939 1614 1010 Langobardus
1637 953 1766 993 vero
1793 936 2036 1008 quidam,
2141 930 2312 986 solum
2363 943 2486 984 cum
2521 928 2654 982 solis
2700 927 2986 983 duodecim
3035 928 3180 982 illam
3240 941 3454 981 caenam
3495 925 3712 984 fecisse;

463 1031 749 1086 Hebionita
782 1032 962 1101 potius
1003 1048 1164 1102 quam
1193 1033 1484 1099 etenobita,
1516 1032 1630 1102 ipso
1673 1045 1772 1086 suo
1822 1030 2041 1085 nomine
2143 1022 2305 1078 verba
2335 1037 2453 1092 quae
2481 1023 2534 1076 in
2563 1035 2718 1076 coena
2743 1021 2953 1076 locutus
2973 1029 3077 1084 est,
3099 1021 3228 1075 solis
3247 1020 3496 1074 undecim
3517 1018 3719 1072 dixisse

466 1122 717 1192 indignus
746 1161 761 1187 ,
838 1122 929 1191 qui
1001 1123 1386 1193 congruentius
1475 1121 1685 1177 censeri
1770 1120 2044 1177 debuisset
2145 1113 2256 1168 ﬁlio
2271 1111 2587 1183 perditionis
2604 1123 2864 1176 exeunte;
2889 1125 2987 1166 nec
3009 1110 3230 1164 Mariam
3247 1120 3472 1166 matrem
3488 1109 3718 1172 Domini,

465 1211 785 1267 maledictus
814 1228 909 1282 per
932 1213 1214 1268 veritatem
1247 1228 1408 1282 quam
1440 1212 1757 1267 benedictus
1781 1226 1878 1281 per
1899 1209 2046 1265 falsi-
2146 1217 2324 1273 neque
2354 1201 2518 1256 alium
2551 1202 2784 1271 aliquem
2839 1202 2913 1257 ibi
2972 1202 3306 1256 interfuisse.
3358 1201 3496 1269 Ipse,
3529 1199 3720 1267 inquit,

471 1311 658 1368 tatem,
690 1303 744 1358 in
781 1304 1009 1358 Buxeria
1043 1303 1270 1360 ecclesia
1303 1304 1627 1372 hospitatus,
1682 1302 2046 1372 blasphemias

2190 1307 2302 1348 esus
2326 1292 2504 1362 posuit
2530 1293 2847 1346 vestimenta
2872 1307 2992 1355 sua,
3017 1293 3128 1361 ipse
3155 1290 3434 1360 praecinxit
3456 1303 3513 1344 se
3538 1289 3726 1351 linteo,

470 1409 577 1454 non
593 1396 764 1452 solum
797 1397 847 1451 in
872 1397 1170 1466 apostolum
1202 1397 1294 1452 Dei
1318 1395 1640 1463 Martialem,
1673 1411 1860 1450 verum
1885 1395 2048 1450 etiam

471 1489 526 1544 in
575 1489 750 1559 ipsum
785 1488 976 1543 Filimn
1020 1489 1115 1544 Dei
1146 1489 1405 1546 nefandas
1443 1490 1496 1544 in
1528 1488 1907 1545 conventiculo
1936 1503 2052 1542 mo-

472 1579 772 1634 nachorum
827 1579 1295 1650 Egolismensntm,
1339 1588 1394 1636 et
1434 1579 1954 1644 Brantosmensium,
1999 1587 2054 1633 et

472 1671 915 1742 presbyterorum
959 1670 1451 1737 Lemovicensium,
1475 1671 1568 1741 qui
1613 1679 1834 1742 propter
1863 1669 2058 1723 nativi-

475 1769 644 1816 tatem
697 1761 789 1817 Dei
840 1763 1118 1832 genitricis
1174 1779 1238 1818 ac
1289 1773 1560 1834 perpetua:
1602 1762 1830 1832 virginis
1880 1759 2058 1814 Mariae

2151 1385 2267 1455 ipse
2297 1385 2445 1439 misit
2489 1398 2686 1454 aquam
2716 1385 2768 1438 in
2809 1383 3028 1453 pelvim,
3060 1383 3373 1452 nullumque
3417 1382 3727 1435 ministrum

2153 1476 2363 1532 habuit.
2407 1477 2536 1548 Ego,
2588 1477 2783 1546 inquit,
2824 1476 3066 1546 praelium
3113 1475 3303 1530 faciam
3331 1475 3473 1545 quod
3505 1482 3732 1528 sanctus

2157 1567 2418 1623 Martialis
2447 1583 2555 1622 non
2594 1575 2677 1622 est
2705 1567 2998 1638 apostolus,
3029 1567 3072 1622 si
3112 1566 3307 1636 aliquis
3341 1567 3471 1620 mihi
3519 1573 3736 1619 contra-

2159 1657 2373 1712 dixerit.
2394 1658 2504 1728 Ego
2516 1661 2676 1726 paulo
2695 1666 2818 1711 ante
2839 1655 2914 1710 fui
2939 1655 3275 1720 Lemovicas,
3291 1655 3740 1726 quandOproptcr

2163 1751 2409 1806 timorem
2425 1750 2682 1820 episcopi,
2701 1763 2768 1803 ne
2793 1763 2886 1804 eos
2908 1764 3007 1819 pro
3029 1749 3131 1803 hac
3162 1763 3222 1802 re
3249 1745 3741 1803 excommunicaret

479 1851 656 1908 festivi
701 1855 1051 1919 advenerant,
1099 1833 1350 1910 evomere
1395 1869 1502 1909 non
1543 1854 1737 1908 timuit,
1784 1852 1851 1906 Ει
1894 1852 2057 1907 veluti
2092 1853 2135 1912 Β
2162 1849 2300 1897 etut
2333 1839 2534 1895 furtivo
2564 1855 2752 1895 eormn
2775 1838 3019 1909 apostolo
3047 1839 3361 1903 assentiret,
3387 1836 3464 1890 illi
3491 1833 3742 1890 monachi

479 1945 860 2001 Arriomanitis
891 1954 945 2001 et
972 1947 1271 2003 Fotinianis
1300 1963 1364 2003 ac
1409 1947 1692 2003 Manichiis
1743 1955 1797 2002 et
1847 1945 2060 2001 creteris

479 2039 660 2096 aDeo
702 2040 893 2096 alienis
943 2041 1214 2103 haereticis
1256 2056 1374 2097 mos
1408 2050 1513 2107 est,
1555 2050 1616 2096 ut
1654 2041 1762 2096 sint
1808 2041 2062 2109 loquaces

481 2132 708 2186 multum
745 2141 799 2186 et
825 2132 1043 2188 volubili
1089 2133 1390 2204 linguarum
1426 2141 1601 2187 rotatu
1627 2131 1909 2201 perfaciles
1939 2130 2062 2201 (hoc

482 2222 628 2277 enim
676 2222 848 2277 solum
897 2222 1170 2294 proprium
1219 2231 1300 2278 est
1345 2223 1770 2290 haeretieornm),
1796 2229 2064 2291 quatenus

483 2313 673 2368 brutos
692 2313 967 2368 auditores
990 2313 1279 2383 suos,quia
1301 2312 1531 2383 simplici
1548 2311 1774 2366 veritate
1799 2317 2068 2380 nequeunt

486 2405 678 2460 saltem
721 2406 952 2461 mirabili
989 2415 1044 2461 et
1082 2406 1307 2476 figurata
1351 2404 1684 2476 garrulitate,
1717 2405 1842 2460 dum
1891 2404 1942 2457 in
1990 2402 2070 2457 eis

487 2495 792 2565 eloquentia
820 2511 925 2550 non
959 2496 1220 2567 sapientia
1272 2495 1519 2560 miratur,
1551 2495 1752 2551 elidant
1782 2495 1832 2549 in
1863 2494 2069 2549 foveam

491 2585 695 2640 erroris
725 2627 740 2652 ,
792 2586 1052 2642 dicaciter
1099 2586 1349 2642 omnibus
1404 2596 1639 2641 vestram
1693 2586 2070 2640 auctoritatem

492 2675 634 2730 male
683 2676 951 2746 imputare
1005 2677 1192 2747 coepit,
1242 2677 1558 2747 vituperans
1610 2692 1727 2743 eos,
1769 2677 2075 2746 quicunque

494 2766 852 2836 vestrojussu
883 2770 934 2825 in
971 2771 1132 2826 beato
1166 2769 1410 2824 Martiale
1439 2769 1762 2839 apostolicas
1805 2769 2078 2824 orationes

495 2872 836 2932 receperant,
851 2863 1154 2934 quicunque
1166 2862 1282 2933 ejus
1296 2877 1493 2917 nomen
1522 2861 1575 2916 in
1599 2860 1802 2915 litaniis
1821 2860 1871 2914 in
1889 2860 2080 2915 ordine

497 2952 866 3022 apostolorum
913 2958 1039 3007 ante
1091 2959 1359 3023 martyres
1417 2948 1722 3005 recitabant
1771 2967 1785 3002 :
1833 2963 2082 3003 asserens

496 3059 687 3100 omnes
713 3044 766 3099 in
789 3060 986 3099 vanum
1017 3057 1174 3100 orare
1195 3043 1285 3114 qui
1309 3057 1431 3098 eum
1461 3040 1827 3111 prtedicabant
1869 3047 2058 3109 aposto

501 3136 652 3202 lum,
702 3135 944 3206 taﬂsque
996 3135 1267 3191 orationes
1320 3143 1376 3190 et
1425 3133 1643 3188 litanias
1695 3131 1827 3187 nihil
1879 3131 1981 3186 nisi
2027 3131 2080 3184 in

2162 1931 2584 2001 deportaverunt
2625 1929 2797 1999 ipsum
2848 1926 3243 1983 contrafactum
3305 1923 3607 1995 apostolum
3675 1921 3744 1976 ad

2163 2023 2365 2080 sedem.
2391 2021 2467 2076 lbi
2503 2019 2750 2075 canonici
2801 2016 3302 2086 sanetiStephani,
3330 2015 3457 2085 quia
3502 2012 3748 2067 sciebant

2165 2129 2251 2169 me
2271 2112 2424 2167 valde
2451 2112 2774 2182 Sapientem,
2799 2117 3008 2165 secreto
3028 2109 3294 2178 rogabant
3313 2121 3400 2160 me
3421 2114 3480 2159 ut
3501 2102 3748 2158 destrue-

2165 2220 2280 2262 rem
2303 2205 2447 2259 hunc
2469 2201 2852 2273 apostolatum,
2875 2208 2931 2255 et
2953 2200 3006 2253 in
3032 2197 3266 2268 capitulo
3287 2195 3460 2252 sancti
3489 2192 3749 2263 Stephani

2169 2300 2514 2350 tentaverunt
2560 2305 2771 2346 mecum
2806 2287 3133 2345 contendere
3163 2287 3237 2340 illi
3265 2286 3412 2340 stulti
3435 2292 3491 2339 et
3513 2283 3751 2338 illiterati

2168 2383 2428 2440 monachi
2475 2381 2564 2452 qui
2613 2381 2716 2438 hoc
2763 2378 2950 2434 furtim
3001 2378 3356 2442 invenerunt;
3421 2375 3519 2430 sed
3569 2373 3752 2429 statim

2169 2477 2558 2530 obmutuerunt
2602 2472 2951 2548 verequndati
2998 2481 3053 2527 et
3103 2471 3295 2525 timore
3334 2467 3651 2539 perterriti,
3700 2475 3757 2520 et

2173 2565 2371 2621 nullam
2402 2564 2782 2619 auctoritatem
2806 2571 3096 2634 potuerunt
3123 2563 3254 2617 mihi
3288 2562 3546 2632 pandere,
3575 2573 3674 2614 nec
3700 2558 3754 2610 in

2174 2658 2447 2712 veteribus
2474 2655 2626 2710 libris
2651 2654 2871 2718 alicubi,
2895 2653 2978 2708 vel
3005 2654 3055 2706 in
3084 2651 3316 2707 laetaniis
3339 2649 3609 2706 veteribus
3633 2663 3756 2702 eum

2178 2749 2478 2820 apostolum
2504 2747 2810 2819 praedicari.
2833 2746 2902 2802 Et
2930 2746 3055 2802 dum
3082 2744 3298 2815 quidam
3322 2742 3642 2805 Ademarus,
3668 2739 3758 2808 qui

2179 2842 2380 2913 aliquid
2422 2837 2788 2912 grammaticae
2833 2838 2968 2892 artis
3014 2837 3301 2891 videbatur
3347 2833 3519 2897 scire,
3562 2831 3763 2900 quique

2183 2937 2325 2990 hanc
2350 2932 2599 2987 haeresim
2630 2931 2859 2999 primus,
2887 2938 2942 2984 et
2965 2929 3086 2998 plus
3121 2943 3283 2982 causa
3313 2923 3656 2987 adulationis,
3704 2929 3763 2975 ut

2184 3027 2419 3098 placeret
2447 3023 2628 3078 abbati
2653 3031 2709 3076 et
2731 3020 3052 3084 monachis;
3096 3025 3384 3087 corruptus
3413 3028 3629 3084 quoque
3672 3027 3764 3082 pe-

2184 3115 2340 3170 cunia
2368 3114 2436 3168 ab
2462 3113 2589 3178 illis,
2623 3111 2742 3167 sine
2769 3109 2874 3164 ulla
2897 3118 3140 3164 veterum
3158 3106 3482 3162 auctoritate
3508 3102 3766 3159 condide-

501 3237 782 3298 peccatum
807 3227 988 3284 valere
1014 3226 1406 3284 detestabiliter
1427 3222 1760 3287 oblatrabat;
1783 3231 1836 3278 et
1857 3221 1982 3276 huic
2005 3221 2081 3276 rei

2190 3215 2290 3273 rat,
2323 3205 2576 3269 suadens,
2607 3199 2782 3258 brutis
2812 3207 2865 3254 et
2909 3197 3088 3254 stultis
3135 3203 3282 3251 recte
3321 3209 3442 3250 eum
3487 3190 3765 3264 praedicari

502 3320 906 3405 consentientes
934 3318 1111 3374 anima
1151 3328 1208 3374 et
1249 3332 1476 3387 corpore
1517 3314 1630 3385 jam
1657 3314 1937 3369 danmatos
1965 3325 2084 3366 esse

506 3403 658 3466 more
669 3410 832 3466 astuti
849 3409 1118 3482 serpentis
1132 3409 1459 3464 insibilabat.
1473 3407 1663 3461 Missas
1677 3403 2083 3474 beati‘apostoli,

504 3513 644 3571 quas
666 3509 850 3571 pastor
880 3509 1065 3589 noster
1084 3498 1409 3556 venerabilis
1450 3487 1736 3554 Oilolricus
1760 3493 2089 3566 presbyteris

509 3595 693 3666 largiri
716 3587 972 3664 iusserat,
1005 3609 1103 3666 pro
1131 3594 1243 3649 luto
1282 3607 1401 3649 esse
1442 3601 1498 3648 et
1527 3605 1714 3646 omnes
1745 3589 1866 3660 igne
1893 3587 2092 3642 debere

508 3685 779 3742 comburi.
845 3705 863 3738 ‹
915 3684 1088 3750 Beati,
1117 3684 1310 3755 inquit,
1364 3681 1590 3752 apostoli
1629 3681 1704 3736 tui
1760 3678 1880 3734 talis
1929 3677 2090 3732 missa

513 3777 682 3831 lutum
708 3785 811 3842 est,
842 3775 896 3831 in
923 3789 1120 3830 vanum
1149 3781 1251 3839 est,
1281 3781 1333 3828 et
1357 3771 1607 3827 similiter
1625 3777 1710 3824 est
1751 3768 1902 3838 quasi
1934 3779 2096 3835 super

513 3867 686 3922 altare
715 3866 837 3936 quis
861 3863 1030 3918 lutum
1065 3871 1224 3917 terra:
1255 3867 1615 3930 superponat;
1643 3857 1926 3912 luereticos
1976 3868 2098 3908 esse

515 3957 605 4027 qui
631 3971 724 4012 eas
749 3955 998 4011 recitant.
1040 3952 1390 4024 Aquitaniam
1435 3949 1692 4004 fmdatam
1730 3946 1820 4002 tali
1858 3955 1911 4001 et
1949 3955 2098 4000 tanta

518 4045 709 4102 haeresi
741 4062 756 4099 :
788 4044 1069 4115 episcopos
1093 4041 1396 4112 Aquitaniae
1422 4039 1672 4103 rusticos,
1697 4035 1786 4107 qui
1808 4035 1919 4106 jam
1943 4043 2099 4089 antea

517 4139 736 4212 quando
759 4138 900 4194 hanc
925 4135 1171 4192 haeresim
1194 4133 1446 4212 primitus
1469 4130 1756 4186 audierunt
1778 4125 2100 4192 surrexisse,

521 4211 627 4287 non
658 4229 944 4286 concilium
974 4243 1097 4284 mox
1118 4211 1598 4298 congregaverant,
1621 4231 1898 4291 totumque
1926 4219 2102 4274 locum

522 4323 696 4378 sancti
720 4320 980 4376 Martialis
995 4335 1100 4374 non
1115 4317 1720 4375 excommunicaverant
1733 4320 1787 4366 et
1809 4309 2104 4366 abominati

525 4429 630 4470 non
657 4413 871 4469 fuerant
895 4413 1243 4484 prohibentes
1265 4409 1317 4464 in
1342 4422 1471 4463 eo...
1504 4421 1719 4463 sacrum
1747 4400 2106 4459 ministerium

523 4513 578 4560 et
633 4505 873 4562 divinum
922 4485 1155 4559 ofﬁcium
1203 4516 1217 4556 :
1263 4498 1572 4556 Odolrieum
1621 4495 1870 4551 abbatem
1921 4509 2105 4564 parum

528 4594 828 4666 intelligere
856 4594 1063 4649 litteras
1087 4601 1142 4648 et
1167 4605 1356 4662 parum
1387 4588 1604 4644 doctum
1634 4600 1774 4648 esse,
1808 4584 1900 4638 sed
1924 4597 2106 4638 coram

533 4685 753 4741 rusticis
800 4683 1092 4755 fingentem
1141 4694 1200 4736 se
1240 4677 1538 4748 sapientem
1569 4693 1582 4727 :
1612 4673 1908 4729 monachos
1937 4670 2108 4726 sancti

531 4777 761 4849 apostoli
810 4776 1028 4840 idiotas,
1053 4781 1109 4827 et
1136 4770 1337 4827 nullam
1365 4767 1688 4838 sapientiam
1717 4764 2020 4819 litterarum
2060 4762 2112 4816 in

532 4872 721 4929 eodem
742 4869 1094 4934 monasterio;
1119 4867 1294 4937 ipsum
1317 4864 1566 4918 abbatem
1590 4867 1645 4914 et
1673 4857 1793 4928 ejus
1825 4857 2117 4912 monachos

536 4963 727 5018 falsum
790 4959 1148 5031 apostolatum
1202 4954 1439 5010 erexisse
1488 4965 1649 5007 causa
1713 4948 1955 5018 pecuniae
2011 4961 2114 5015 qua

469 5037 507 5110 ἲ
537 5054 837 5118 abundant,
867 5059 921 5108 et
945 5065 1107 5105 causa
1129 5045 1380 5102 elationis
1405 5058 1472 5099 ac
1497 5040 1794 5112 superbia;
1824 5038 1969 5109 ipsos
1998 5050 2118 5092 esse

537 5147 781 5208 vitiosos,
805 5141 1084 5214 superbos,
1115 5138 1446 5196 aestimantes
1487 5149 1546 5189 se
1592 5132 1734 5189 solos
1770 5128 2118 5185 admirabiles

537 5248 594 5294 et
613 5236 864 5292 omnibus
883 5227 1388 5302 congregationibus
1410 5224 1794 5280 monachorum
1818 5219 2121 5288 superiores

475 5342 489 5401 μ
540 5331 692 5401 quasi
721 5344 892 5400 reges;
910 5340 1032 5383 cum
1053 5325 1173 5380 aliis
1196 5321 1340 5392 loqui
1359 5311 2119 5389 dedignantes,inhospitales,

469 5401 506 5491 ξε
542 5437 731 5478 omnes
755 5427 1092 5491 spernentes;
1107 5431 1210 5471 non
1224 5427 1343 5469 esse
1358 5408 1628 5479 ausos'pro
1642 5407 1743 5461 hac
1763 5419 1818 5459 re
1833 5401 2118 5457 concilium

485 5564 494 5588 η
543 5513 772 5583 erigere,
806 5509 1006 5565 nullam
1035 5506 1414 5563 auctoritatem
1446 5513 1603 5572 posse
1618 5492 2120 5558 moustrare,-sedin

547 5581 862 5657 abscondito
883 5614 947 5653 ac
970 5597 1012 5652 si
1047 5595 1234 5650 falsam
1259 5598 1527 5648 monetam
1559 5587 1861 5648 falsum,et,
1880 5591 1938 5636 ut
1961 5581 2126 5636 verbo

546 5692 660 5762 ejus
676 5701 816 5758 utar,
833 5687 1223 5746 contrafactum
1243 5683 1540 5754 apostolum
1560 5679 1738 5734 facere
1775 5675 1908 5747 Ego,
1930 5673 2124 5743 inquit,

547 5796 666 5840 sum
716 5781 864 5836 valde
922 5777 1143 5849 peritus
1201 5773 1422 5837 litteris,
1469 5784 1566 5840 ego
1627 5765 1940 5823 contradico
2002 5764 2080 5818 eis
2117 5803 2129 5827 ,

2187 3297 2518 3371 apostolum;
2557 3294 2860 3362 disceptare
2892 3288 3053 3343 vellet
3078 3301 3314 3350 mecum,
3367 3298 3493 3338 mox
3541 3283 3610 3337 ad
3655 3280 3770 3350 prio

2188 3367 2335 3444 mum
2385 3383 2660 3453 eloquium
2722 3393 2901 3434 meum
2943 3374 3190 3431 nesciens
3235 3371 3363 3442 quid
3401 3367 3769 3439 responderet,

2188 3477 2446 3535 confusus
2472 3471 2702 3543 turpiter
2729 3467 3016 3523 abscondit
3059 3478 3147 3529 se,
3196 3460 3407 3543 fugiens
3453 3457 3769 3528 sapientiam

2192 3583 2391 3633 meam,
2418 3579 2520 3622 nec
2549 3530 2781 3632 amplius
2803 3571 2927 3614 eum
2959 3554 3145 3610 videre
3179 3530 3512 3621 potuifquia
3563 3548 3776 3617 sapien-

2193 3671 2301 3716 tem
2331 3674 2418 3714 me
2448 3654 2750 3725 intelligens
2780 3649 3044 3707 reveritus
3089 3653 3173 3700 est
3220 3659 3248 3698 a
3297 3643 3434 3696 facie
3481 3655 3621 3694 mea.
3656 3657 3674 3690 ›
3714 3637 3779 3690 Et

2195 3768 2317 3809 cum
2352 3749 2524 3805 nostri
2561 3747 2810 3802 dicerent
2849 3742 2940 3797 ei:
2975 3759 2994 3792 r
3035 3737 3143 3794 Nos
3185 3735 3504 3807 putabamus
3547 3731 3781 3785 Adema-

2193 3857 2318 3900 rum
2361 3838 2592 3911 sapienti
2641 3848 2800 3890 nosse
2828 3829 3175 3901 respondere,
3202 3835 3257 3880 et
3303 3825 3416 3896 ipse
3459 3819 3656 3876 multas
3684 3832 3782 3871 au-

2199 3909 2483 3991 ctoritates
2525 3927 2716 3984 solitus
2751 3933 2837 3980 est
2879 3921 3036 3978 nobis
3066 3916 3288 3982 referre,
3314 3912 3546 3985 qualiter
3590 3909 3783 3964 beatus

2200 4022 2463 4082 Martialis
2496 4029 2581 4076 est
2609 4016 2930 4074 naturaliter
2967 4008 3261 4082 apostolus,
3300 4015 3355 4060 et
3381 4005 3508 4075 quia
3553 4001 3597 4056 si
3647 4013 3786 4069 pra:-

2203 4119 2446 4175 dicamus
2465 4127 2587 4170 eum
2604 4108 2903 4182 apostolum
2927 4120 3032 4160 non
3053 4102 3208 4158 obest
3231 4097 3404 4162 nobis,
3430 4093 3522 4150 sed
3543 4090 3780 4162 prodest.

2207 4210 2360 4267 Unde
2403 4215 2460 4263 et
2510 4207 2560 4261 ei
2609 4205 3048 4272 obtemperantes
3095 4199 3316 4264 propter
3367 4185 3691 4272 exemplum
3731 4190 3790 4236 et

2207 4299 2410 4355 amoris
2439 4295 2752 4352 societatem
2779 4270 3214 4358 congregationis
3247 4278 3412 4350 ipsius
3436 4272 3612 4330 sancti
3648 4270 3790 4324 Mar-

2210 4393 2394 4458 tialis,
2443 4389 2555 4460 jam
2601 4394 2729 4441 ante
2769 4368 2950 4436 'unum
3003 4388 3240 4432 mensem
3290 4371 3343 4425 in
3399 4363 3795 4424 consuetudine

2211 4451 2518 4553 accepim'us
2561 4491 2685 4532 eum
2754 4479 3182 4528 commemorare
3234 4457 3558 4531 apostolum.
3626 4473 3644 4505 ι
3697 4451 3792 4506 Ille

2134 4549 2188 4609 D
2214 4547 2394 4632 intulit
2419 4587 2434 4626 :
2473 4589 2490 4622 ‹
2526 4568 2813 4634 Nunquam
2841 4561 2929 4617 ille
2951 4557 3146 4614 stultus
3173 4554 3474 4609 Ademarus
3503 4547 3603 4603 erit
3627 4557 3792 4598 ausus

2210 4668 2276 4724 de
2330 4666 2430 4720 hac
2483 4674 2544 4715 re
2593 4663 2785 4712 contra
2833 4665 2921 4707 me
2951 4647 3170 4714 mutire,
3215 4639 3451 4710 alioquin
3484 4635 3655 4695 factis,
3685 4647 3792 4684 non

2212 4758 2393 4814 verbis
2417 4753 2660 4809 luctabor
2684 4762 2808 4804 cum
2829 4758 2914 4810 eo,
2945 4749 3040 4796 aut
3065 4739 3204 4793 sicut
3230 4736 3281 4790 in
3324 4734 3416 4788 lite
3441 4736 3792 4802 pugnatorem

2215 4863 2393 4904 meum
2421 4844 2617 4900 faciam
2655 4841 2937 4896 decertare
2967 4848 3088 4889 cum
3118 4835 3416 4903 pugnatore
3444 4821 3581 4890 ejus,
3613 4829 3667 4872 et
3716 4816 3795 4868 fa-

2217 4941 2319 4996 ctis
2347 4951 2509 5007 super
2535 4934 2705 4989 altare
2729 4925 3086 4986 sacramentis
3110 4929 3376 4993 pugnator
3406 4927 3555 4970 meus
3581 4906 3801 4965 habebit

2219 5028 2522 5085 victoriam.
2564 5043 2583 5078 ι

2291 5116 2527 5174 Piissimi
2584 5120 2856 5184 pastores,
2913 5104 3140 5162 audistis
3208 5113 3370 5156 voces
3420 5092 3799 5152 lueresiarchae

2225 5210 2487 5268 nefandas
2516 5215 2573 5262 et
2588 5183 3004 5264 fallacissimas,
3041 5193 3413 5249 inutilissimas
3441 5197 3495 5243 et
3524 5183 3801 5253 iniquissi-

2226 5315 2342 5356 mas
2359 5313 2422 5353 ac
2439 5295 2670 5351 refertas
2693 5287 3076 5359 blasphemiis;
3102 5283 3283 5339 audite
3297 5278 3578 5334 veritatem
3603 5286 3801 5328 meam.

2230 5389 2527 5461 Vigilanter
2573 5398 2661 5439 me
2710 5378 3066 5450 aspicientem
3115 5386 3313 5443 corpus
3343 5367 3545 5440 egregii
3577 5363 3804 5434 apostoli

2230 5452 2325 5537 Dei
2356 5475 2650 5539 Martialis,
2678 5481 2734 5527 et
2769 5477 3002 5525 stantem
3042 5466 3198 5534 juxta
3245 5459 3558 5517 cathedram
3590 5452 3807 5523 pontifi—

2233 5573 2440 5637 calem,
2489 5567 2806 5624 imminente
2845 5563 2954 5632 jam
3007 5560 3139 5614 hora
3186 5569 3293 5625 qua
3342 5552 3641 5605 intraturus
3693 5553 3810 5599 erat

2235 5665 2522 5736 cpiscopus
2552 5660 2618 5713 ad
2660 5655 2866 5727 agenda
2895 5651 3109 5715 divina,
3137 5659 3308 5716 eoque
3335 5637 3674 5696 vestimentis
3695 5633 3808 5701 jam

2238 5727 2644 5827 pontificalibus
2673 5754 2896 5810 ornato,
2927 5759 3054 5800 ecce
3083 5738 3260 5796 subito
3307 5748 3412 5790 non
3453 5731 3568 5786 sine
3601 5727 3811 5781 feritate
