4088 6380
297 374 372 429 93
1507 370 1724 429 EPIST.
1751 372 1836 427 DE
1873 369 1936 428 8.
1977 370 2328 426 MABTIALI.
3473 373 3542 431 {is

297 485 567 550 tristitiae,
600 499 704 554 qua
738 485 949 541 molesti
980 495 1135 542 erant
1165 504 1264 560 pro
1295 489 1386 546 illo
1422 490 1578 545 hoste
1611 491 1881 553 veritatis,
1910 489 1962 549 Α
1989 490 2244 543 confusus
2300 487 2468 542 siluit.
2527 485 2592 542 Et
2650 501 2771 543 mox
2825 502 3058 559 surgens
3097 489 3282 561 fugere
3317 492 3479 562 capit
3509 494 3561 548 iu

296 578 607 648 Stephanus
655 587 708 632 et
760 578 945 634 Daniel
994 582 1241 636 monachi
1295 597 1381 638 me
1409 583 1678 648 clamant,
1726 591 1782 637 et
1817 584 1884 636 ad

297 669 451 722 illum
497 683 668 737 usque
738 669 1135 725 Antichristttm
1190 673 1337 741 (nam
1385 674 1476 742 qui
1524 672 1784 727 voluntati
1832 680 1888 727 ct

294 763 450 816 facto
497 760 700 816 Christi
735 763 1046 818 contrarius
1084 772 1195 830 est,
1226 764 1596 820 Antichristus
1626 765 1730 836 est)
1765 779 1885 835 per-

292 855 520 906 ducunt.
552 851 648 905 Cui
681 867 782 920 ego
812 855 1002 922 prior:
1037 873 1054 905 ι
1094 854 1287 923 Negas,
1323 855 1532 925 inquio,
1578 855 1880 910 Martialem

292 957 419 995 esse
467 941 790 1010 apostolum.
826 961 845 994 ι
895 943 960 997 Et
993 943 1082 998 ille
1110 945 1201 1013 qui
1242 961 1366 1000 cum
1412 945 1676 1000 fratribus
1703 946 1880 1000 adhuc

293 1033 496 1086 ibidem
545 1031 790 1102 litigabat
835 1048 965 1088 voce
995 1034 1235 1089 clamosa
1262 1076 1278 1102 ,
1323 1035 1495 1090 oculis
1537 1037 1879 1106 sanguineis,

290 1123 448 1191 vultu
482 1121 695 1187 inflato,
727 1125 1006 1194 respondit
1040 1143 1054 1179 :
1091 1144 1109 1176 ι
1143 1123 1252 1180 Nos
1296 1126 1362 1180 de
1407 1136 1596 1181 saneto
1637 1126 1882 1181 Martiale

292 1213 427 1266 nihil
464 1212 839 1281 loquebamur,
893 1216 986 1270 sed
1033 1217 1102 1271 de
1135 1217 1460 1286 quibusdam
1490 1218 1881 1286 quaestionibus

290 1301 736 1371 Evangeliorum.
774 1323 793 1355 ι
830 1303 898 1358 Et
943 1304 1251 1374 Stephanus
1282 1310 1356 1360 ait
1399 1307 1472 1361 illi
1508 1326 1520 1361 ε
1559 1325 1578 1359 ι
1612 1309 1689 1362 Tu
1721 1309 1877 1363 modo

290 1392 531 1462 negabas
555 1401 800 1447 sanetum
830 1393 1137 1450 Martialem
1163 1396 1476 1453 interfuisse
1499 1414 1620 1452 cum
1651 1399 1879 1454 Domino

289 1482 435 1536 inter
465 1483 715 1537 undecim
744 1485 1036 1553 apostolos.
1089 1505 1108 1538 ι
1159 1487 1270 1558 Ego
1295 1487 1532 1558 graviter
1561 1489 1625 1542 ad
1654 1491 1876 1544 verbum

287 1583 626 1639 commotus,
659 1575 748 1630 aio
781 1591 795 1630 :
832 1596 850 1629 ι
883 1578 1043 1634 Audi.
1074 1580 1214 1634 Vere
1253 1590 1340 1635 est
1385 1581 1660 1650 apostolus
1687 1582 1876 1638 beatus

288 1664 577 1722 Martialis.
619 1686 636 1718 ι
673 1669 741 1722 Ει
772 1669 861 1724 ille
892 1671 1142 1740 spiritum
1179 1687 1338 1727 suum
1373 1681 1542 1727 totum
1591 1674 1875 1744 proferens

285 1757 361 1810 ait
393 1758 526 1812 mihi
560 1777 572 1812 :
613 1779 632 1811 ι
667 1761 763 1815 Dic
785 1764 1076 1831 quomodo.
1113 1784 1132 1817 ι
1168 1764 1234 1819 Ει
1257 1780 1357 1836 ego
1391 1783 1404 1819 :
1441 1767 1537 1820 (Si
1573 1782 1760 1822 verum
1791 1777 1874 1822 est

1991 581 2177 646 turba,
2226 580 2370 635 velut
2415 580 2565 634 canis
2615 596 2774 645 reus;
2830 597 3016 635 verum
3072 599 3232 636 mantt
3292 600 3407 638 mea
3466 601 3565 654 per

1989 671 2306 726 vestimenta
2340 671 2688 726 brachiorum
2720 675 3172 742 comprehensus,
3204 672 3381 742 legere
3413 690 3564 729 com-

1987 763 2174 830 pulsus
2213 769 2295 816 est
2341 762 2578 816 Marcum
2627 762 2948 817 referentem
2999 781 3012 816 :
3065 760 3372 818 Convocatis
3405 764 3560 818 Iesus

1985 853 2258 906 duodecim
2302 854 2450 921 erepit
2501 852 2620 908 illos
2667 853 2867 907 mittere
2899 853 3064 906 binos.
3114 854 3178 906 Et
3217 855 3558 909 occasionem

1987 951 2176 996 nactus
2212 952 2430 1012 propter
2459 943 2760 1007 duodecim,
2794 943 2908 996 ait:
2945 960 2963 992 ι
2998 941 3142 996 Nihil
3172 943 3314 996 aliud
3343 959 3558 1014 qurere,

1984 1031 2099 1085 haec
2119 1041 2201 1086 est
2229 1032 2525 1086 auctoritas
2551 1046 2664 1086 mea
2690 1072 2704 1096 ,
2736 1052 2754 1084 ι
2781 1041 2836 1087 et
2861 1033 3108 1086 recessit.
3139 1034 3309 1099 Quem
3343 1043 3562 1088 secutus

1981 1122 2119 1190 cmpi
2141 1122 2188 1174 ei
2212 1120 2404 1176 leviter
2422 1123 2666 1191 quaedam
2694 1120 3002 1192 Hieronymi
3029 1122 3168 1176 dicta
3193 1138 3354 1192 super
3377 1133 3563 1177 at:th-

1982 1211 2208 1266 rabilem
2251 1213 2604 1267 assertionem
2639 1220 2878 1266 nostram
2914 1212 3118 1268 referre
3155 1214 3297 1268 inter
3325 1216 3559 1268 turbam.

1979 1303 2072 1357 llle
2099 1305 2373 1372 respondit
2408 1323 2420 1358 :
2465 1323 2483 1356 ι
2521 1304 2600 1358 Tu
2628 1305 2764 1359 bene
2792 1304 3030 1375 loqueris
3057 1315 3112 1359 et
3142 1304 3556 1371 rationabiliter,

1979 1405 2034 1450 et
2063 1405 2238 1450 tecum
2267 1397 2380 1450 scio
2411 1396 2586 1465 loqui,
2633 1397 2727 1451 sed
2761 1412 2883 1450 cum
2934 1396 3214 1450 monachis
3247 1395 3351 1450 illis
3380 1395 3563 1451 nescio

1979 1487 2326 1550 ratiocinari,
2355 1487 2961 1556 quia-irrationabiliter
2997 1487 3324 1556 loquuntur;
3357 1497 3411 1542 et
3441 1487 3563 1541 dico

1979 1580 2074 1634 tibi
2106 1596 2202 1650 per
2233 1581 2398 1636 Deum
2419 1619 2433 1645 ,
2466 1590 2758 1649 antequam
2793 1591 2847 1634 tu
2879 1579 3193 1644 advenires,
3229 1579 3360 1634 nihil
3396 1580 3561 1633 locuti

1975 1687 2193 1729 eramus
2235 1673 2301 1727 de
2332 1682 2522 1727 sancto
2551 1671 2832 1736 Martiale;
2871 1671 2962 1724 sed
2997 1671 3072 1724 ιιιί
3119 1670 3366 1724 monachi
3415 1670 3563 1723 dice-

1978 1763 2113 1818 bant
2133 1762 2357 1816 Paulum
2385 1777 2488 1816 non
2511 1775 2635 1815 esse
2661 1760 2988 1829 apostolum,
3011 1769 3060 1814 et
3091 1760 3209 1814 ideo
3230 1759 3563 1813 scandaliza-

285 1861 344 1904 ut
373 1852 445 1906 ab
478 1852 648 1921 ipsius
691 1853 894 1909 Christi
924 1871 1019 1910 ore
1049 1857 1102 1912 itt
1133 1873 1298 1913 carne
1328 1868 1646 1928 potestatem
1677 1860 1877 1932 ligandi
1909 1855 1954 1915 Β
1982 1853 2079 1907 bar
2107 1868 2228 1908 cum
2258 1853 2356 1907 eis.
2394 1871 2412 1903 ι
2449 1851 2585 1906 Tum
2615 1865 2714 1921 ego
2745 1869 2758 1904 :
2796 1869 2814 1902 ι
2849 1849 3102 1917 Quamvis
3130 1849 3326 1903 Paulus
3357 1864 3463 1902 non
3491 1849 3562 1902 sit

285 1953 339 1997 et
364 1945 610 2000 solvendi
639 1949 929 2017 acceperit,
956 1964 1060 2003 non
1089 1950 1158 2004 ab
1190 1951 1406 2007 homine
1429 1953 1536 2006 alio
1554 1994 1569 2020 ,
1595 1969 1726 2024 ergo
1746 1970 1875 2011 vere

285 2041 338 2085 et
372 2044 522 2090 totus
569 2047 623 2090 et
668 2038 881 2108 integer
911 2048 966 2093 et
1001 2040 1192 2108 plenus
1229 2050 1284 2096 et
1313 2042 1587 2110 perfectus
1633 2053 1688 2100 et
1721 2054 1875 2100 natu-

287 2122 416 2176 ralis
449 2133 532 2178 est
566 2127 753 2192 procul
803 2128 1000 2192 dubio,
1049 2137 1102 2183 et
1153 2147 1381 2201 magnus
1430 2139 1484 2186 et
1530 2135 1779 2204 egregius
1819 2143 1876 2189 et

280 2213 555 2280 gloriosus
579 2217 877 2284 apostolus.
909 2238 927 2270 ι
961 2219 1028 2272 At
1062 2220 1147 2272 ille
1175 2236 1372 2290 negare
1401 2223 1502 2276 hoc
1531 2239 1870 2292 nequaquam

283 2302 480 2355 valens
509 2303 588 2357 ait
621 2321 633 2356 :
672 2323 690 2354 ι
720 2304 883 2359 Certe
931 2307 1033 2361 hoc
1073 2323 1259 2361 verum
1289 2317 1391 2364 est.
1429 2309 1534 2365 Sed
1580 2312 1701 2366 dico
1745 2313 1872 2380 quia

287 2392 429 2445 illam
506 2403 830 2462 potestatem
886 2397 1048 2463 nulli,
1124 2400 1226 2454 uisi
1297 2401 1548 2455 undecim
1615 2405 1873 2473 apostolis

283 2483 541 2536 Christus
571 2486 859 2540 concessit.
887 2485 1152 2543 Martialis
1179 2504 1305 2543 vero
1333 2507 1605 2560 nunquam
1643 2494 1872 2562 amplius

285 2575 615 2642 pta-dicatus
643 2583 727 2630 est
760 2577 1068 2646 apostolus,
1099 2595 1382 2649 quousque
1415 2583 1665 2636 hesterna
1697 2585 1783 2639 die
1814 2594 1868 2638 ιιι

277 2665 533 2718 inventor
584 2665 743 2734 hujus
803 2669 881 2722 rei
933 2670 1107 2725 fuisti.
1159 2691 1177 2723 ι
1238 2671 1338 2728 Cui
1396 2688 1540 2742 ego:
1601 2693 1620 2725 ι
1668 2675 1872 2729 Praeter

277 2755 601 2825 scriptorem
655 2757 776 2811 vita:
817 2757 932 2826 ejus
975 2762 1067 2829 qui
1116 2761 1169 2815 in
1213 2770 1455 2830 tempore
1502 2765 1868 2832 apostolorum

278 2843 374 2896 fuit
394 2885 411 2909 ,
465 2847 556 2913 qui
606 2845 1031 2904 luculentissime
1055 2851 1256 2921 ctvluce
1285 2853 1484 2908 clarius
1509 2855 1870 2924 apostolatum

277 2935 392 3004 ejus
424 2937 728 3004 patefacit,
759 2949 882 3009 post
911 2957 1034 2996 eum
1065 2943 1191 3009 alii,
1224 2954 1386 2999 etiam
1418 2947 1628 3015 priores
1659 2948 1867 3014 nostri,

278 3040 397 3078 eum
429 3036 617 3095 aperte.
643 3030 1077 3098 praedicaverunt
1101 3035 1402 3104 apostolum
1429 3038 1652 3106 ubique,
1681 3046 1788 3091 tam
1815 3038 1866 3092 iu

278 3118 643 3184 rcspousoriis
686 3134 848 3188 quam
877 3121 929 3174 in
961 3123 1176 3193 hymnis
1201 3134 1256 3179 et
1280 3125 1330 3178 in
1358 3127 1663 3198 quibusque
1691 3129 1866 3184 dicta-

1977 1958 2115 1998 unus
2141 1943 2206 1997 de
2234 1943 2514 1997 duodecim
2535 1983 2549 2006 ,
2579 1949 2948 1995 verumtamen
2978 1941 3069 2009 qui
3100 1955 3222 1994 eum
3252 1947 3407 2010 negat
3438 1953 3557 1991 esse

1975 2034 2276 2105 apostolum
2304 2033 2590 2089 haereticus
2631 2041 2734 2088 est.
2771 2053 2790 2087 ι
2825 2031 2893 2086 Ει
2921 2031 3009 2086 ille
3040 2049 3054 2086 :
3088 2051 3105 2078 σ
3142 2031 3217 2086 lta
3247 2040 3349 2085 est.
3383 2049 3400 2081 ι
3445 2028 3562 2082 Tali

1977 2125 2136 2180 modo
2167 2135 2396 2194 uterque
2424 2125 2774 2179 discessimus
2794 2164 2809 2190 ,
2837 2139 2940 2179 nec
2973 2123 3204 2193 amplius
3251 2121 3390 2176 valui
3437 2135 3559 2174 cum

1975 2217 2189 2277 videre,
2240 2216 2367 2270 licet
2399 2217 2612 2270 curiose
2661 2215 3075 2284 investigarem,
3107 2228 3385 2284 quousque
3437 2228 3558 2268 sero

1973 2304 2116 2361 facto
2143 2305 2355 2360 obviavi
2381 2321 2503 2358 eum
2531 2305 2672 2359 dicta
2695 2305 2810 2374 jam
2842 2319 3085 2374 vespera.
3111 2303 3258 2357 Talis
3292 2303 3390 2356 fuit
3419 2318 3552 2356 con-

1971 2397 2112 2453 fusio
2139 2412 2280 2452 mea.
2308 2396 2410 2462 Qui
2439 2412 2537 2466 per
2567 2395 2808 2449 divinum
2839 2395 3178 2464 splendorem
3208 2393 3402 2462 gaudio
3430 2408 3556 2459 per-

1973 2491 2124 2544 fusus
2145 2491 2229 2544 die
2247 2489 2458 2550 eodem,
2486 2495 2672 2556 utpote
2697 2493 3096 2555 contcmpiatus
3120 2501 3148 2536 ει
3174 2483 3392 2538 basilica
3415 2483 3559 2536 sedis

1969 2597 2166 2649 corpus
2224 2579 2451 2651 apostoli
2505 2581 2570 2632 ad
2633 2578 2932 2633 Salvatoris
2988 2577 3265 2632 basilicam
3325 2575 3554 2630 relatunt

1970 2671 2236 2742 gloriose,
2263 2681 2318 2726 et
2347 2671 2526 2724 omnia
2557 2683 2812 2739 prospere
2835 2679 2987 2739 gesta
3007 2709 3021 2732 ,
3047 2666 3186 2720 forte
3216 2667 3284 2720 ad
3318 2665 3552 2719 olliciuut

1971 2762 2338 2830 vespertinum
2371 2759 2424 2814 in
2498 2759 2746 2828 sepulcro
2778 2758 2946 2827 ipsius
2981 2756 3209 2826 apostoli
3243 2771 3365 2810 eum
3391 2755 3558 2823 pluri-

1971 2853 2069 2908 bus
2091 2851 2304 2908 clericis
2325 2865 2583 2922 pr'eseus,
2604 2858 2725 2919 post
2742 2847 2978 2919 psahuos
2997 2846 3321 2916 apostolicos
3342 2845 3553 2900 excelsa

1969 2960 2102 3000 voce
2136 2945 2345 3016 primus
2376 2943 2570 3013 protuli
2604 2943 2718 2997 haec
2756 2941 2918 2996 verba
2950 2939 3334 2994 tnodulaminis
3369 2956 3381 2990 :
3411 2937 3556 2992 Cives

1967 3037 2323 3108 apostolorum
2373 3045 2419 3090 et
2465 3035 2734 3088 domestici
2770 3032 2865 3086 Dei
2895 3033 3214 3086 advenerunt
3248 3030 3404 3083 hodie
3433 3045 3558 3098 por-

1968 3139 2136 3182 tantes
2162 3143 2339 3198 pacem
2363 3137 2410 3179 et
2439 3124 2797 3178 illuminantes
2828 3123 3048 3193 patrias,
3073 3122 3201 3174 dare
3225 3137 3401 3199 pacem
3427 3135 3550 3189 gen-

279 3207 422 3262 tihus
448 3216 502 3260 et
532 3207 587 3261 in
621 3209 805 3265 multis
832 3212 1142 3282 scripturis.
1177 3234 1195 3267 ι
1230 3215 1300 3270 At
1324 3216 1413 3272 ille
1442 3219 1521 3272 ait
1553 3236 1564 3270 :
1597 3238 1614 3269 ι
1644 3217 1752 3276 Nec
1782 3227 1858 3284 ιιι,
1889 3201 1934 3263 C
1965 3219 2102 3273 tibus
2147 3228 2194 3272 et
2239 3217 2463 3270 Lberare
2499 3213 2746 3285 populum
2784 3213 3028 3277 Domini;
3059 3228 3122 3267 ac
3151 3211 3403 3281 subjunxi
3444 3211 3556 3264 lure

278 3311 372 3351 nec
397 3298 526 3359 iste,
555 3315 654 3354 nec
683 3314 783 3371 ego
805 3303 1116 3368 credantur,
1141 3305 1258 3359 libri
1285 3307 1597 3363 credantur.
1631 3309 1861 3367 Veniant

278 3385 418 3440 libri.
463 3406 482 3438 ι
519 3387 584 3442 Et
620 3403 721 3460 ego
760 3409 773 3444 :
810 3409 827 3442 ι
867 3392 1197 3464 Episcopus,
1251 3397 1458 3466 inquit,
1498 3398 1610 3452 vult
1658 3400 1866 3456 intrare

277 3477 338 3528 ad
366 3477 630 3544 missam,
685 3495 847 3557 quam
891 3481 1013 3535 volo
1063 3485 1278 3549 audire;
1333 3487 1555 3557 insuper
1599 3499 1654 3542 et
1698 3491 1864 3545 nimia

276 3565 520 3622 densitas
547 3555 739 3624 multa?
759 3571 930 3626 turbae
958 3573 1008 3626 in
1042 3574 1143 3628 hoc
1175 3574 1293 3628 loco
1321 3555 1566 3632 imminet
1593 3579 1746 3633 nobis
1765 3620 1780 3643 ,
1810 3589 1867 3634 et

279 3672 507 3727 magnus
555 3662 814 3716 tutnultus
842 3663 1019 3732 populi
1068 3664 1296 3720 infestus
1344 3676 1429 3722 est
1467 3669 1866 3739 disputantibus

280 3751 458 3804 nobis.
484 3752 718 3808 Attende
748 3769 847 3810 nos
876 3772 1045 3826 usque
1069 3757 1122 3811 in
1147 3759 1486 3828 crastinum,
1517 3772 1572 3816 et
1600 3762 1862 3818 librorum

279 3840 371 3894 libi
414 3841 723 3898 testimonia
755 3860 940 3900 coram
969 3848 1271 3913 exhibebo,
1305 3851 1358 3904 in
1393 3852 1594 3921 quibus
1625 3855 1865 3924 reperies

275 3943 397 3984 eum
431 3932 731 4002 antiquitus
762 3934 1029 4006 scriptum
1053 3940 1385 4008 apostolum,
1422 3952 1529 3995 tam
1563 3943 1615 3997 in
1647 3928 1862 4001 vlitaniis

276 4039 441 4092 quam
468 4025 520 4079 in
543 4027 687 4083 aliis.
714 4027 848 4083 Nam
881 4031 1003 4085 libri
1031 4047 1138 4087 non
1168 4044 1394 4103 possunt
1420 4037 1524 4091 huc
1550 4038 1733 4093 venire
1761 4040 1862 4095 nisi

276 4115 483 4171 fuerint
524 4115 718 4183 delati,
769 4122 912 4190 quod
957 4125 1300 4195 participium
1353 4127 1546 4183 fateor.
1582 4149 1602 4182 ι
1654 4130 1744 4187 Ille
1773 4143 1868 4187 aut

281 4223 385 4262 non
418 4209 758 4279 intelligens,
787 4223 881 4267 aut
911 4216 1217 4272 voluntarie
1261 4221 1562 4287 mentiens,
1587 4224 1770 4278 retulit
1798 4226 1866 4280 ad

276 4298 569 4356 Buxeriam
606 4305 807 4360 dixisse
838 4324 923 4362 me
955 4308 1028 4363 illi
1065 4324 1255 4366 omnes
1284 4312 1449 4370 libros
1476 4315 1706 4382 deletos,
1741 4333 1862 4375 cum

274 4389 421 4446 aliud
450 4394 517 4447 sit
551 4393 785 4460 delatus,
807 4396 952 4451 aliud
982 4398 1222 4466 deletus;
1259 4403 1394 4458 adeo
1423 4405 1637 4474 quidem
1667 4417 1750 4462 est
1775 4408 1865 4464 ille

275 4483 652 4540 contentiosus
677 4487 972 4544 malevolus
991 4530 1005 4555 ,
1049 4493 1260 4548 tametsi
1292 4494 1342 4547 in
1365 4492 1722 4566 grammatica
1745 4511 1860 4557 arte

275 4583 423 4628 esset
442 4577 810 4642 acutissimus,
830 4597 933 4634 non
959 4579 1189 4636 Latiuita
1201 4592 1305 4637 tem
1326 4601 1535 4642 mecum
1554 4589 1858 4661 disceptans
1886 4566 1939 4626 D

276 4661 329 4716 in
371 4663 566 4718 eodem
613 4665 732 4720 loco
785 4669 1023 4724 ridiculis
1065 4669 1422 4729 barbarismis
1463 4691 1852 4749 corrumperet.

274 4759 412 4816 Nam
448 4777 549 4833 ego
574 4762 860 4821 Latialiter
888 4766 1146 4836 loquens,
1185 4767 1468 4828 Latialiter
1497 4773 1670 4844 ipsum
1701 4793 1856 4833 eom-

275 4855 538 4924 pellebam
568 4856 750 4928 loqui,
781 4868 836 4915 et
859 4862 1089 4919 barbare
1119 4862 1380 4931 quasdam
1429 4865 1697 4924 dictiones
1727 4886 1855 4940 pro-

274 4946 542 5002 ferentem
589 4949 964 5018 dissimulans,
1015 4958 1282 5025 patienter
1326 4959 1568 5016 eelabam
1617 4964 1856 5019 circuat-

276 5040 565 5095 stantibus.
597 5041 662 5095 Et
691 5044 904 5101 dicente
937 5048 1030 5102 illo
1071 5069 1082 5104 :
1125 5070 1143 5103 ι
1183 5053 1442 5113 Martialis
1486 5065 1570 5112 est
1599 5058 1857 5127 apostoli-

277 5144 372 5186 cus
425 5134 530 5196 vir,
585 5151 690 5189 non
742 5139 1045 5208 apostolus;
1085 5165 1104 5197 ι
1163 5161 1226 5202 ac
1259 5164 1346 5205 me
1399 5150 1448 5205 ei
1504 5153 1855 5208 obsistente:

283 5242 301 5275 ι
339 5224 602 5280 Martialis
641 5244 748 5283 non
789 5241 872 5285 est
917 5235 1241 5301 apostolicus
1272 5241 1375 5306 vir,
1408 5243 1500 5295 sed
1548 5243 1856 5311 apostolus,

219 5380 221 5382 η
280 5331 400 5372 nam
427 5335 568 5374 unus
592 5331 676 5374 est
697 5322 812 5391 ipse
835 5324 901 5378 de
925 5328 1260 5398 septuaginta
1292 5331 1499 5388 duobus
1523 5335 1798 5402 apostolis;
1831 5353 1849 5386 ι

281 5409 476 5480 illoque
504 5412 810 5468 inferente:
839 5433 858 5467 ι
900 5416 1000 5473 Ubi
1029 5428 1112 5474 est
1141 5423 1436 5479 auctoritas
1465 5425 1531 5478 de
1563 5426 1701 5482 illis?
1731 5443 1853 5482 nam

280 5503 459 5556 nescio
488 5511 684 5571 praster
715 5505 995 5562 duodecim
1026 5511 1315 5580 apostolos.
1367 5533 1385 5566 ι
1432 5513 1623 5571 Petrus
1671 5534 1856 5573 mona-

279 5591 415 5648 chus
461 5595 607 5650 illico
655 5608 899 5666 apertum
949 5601 1106 5657 nobis
1153 5604 1374 5672 protulit
1421 5605 1768 5677 Evangelium
1802 5612 1854 5664 in

282 5683 457 5739 medio
479 5728 494 5750 ,
537 5687 625 5741 ubi
677 5689 953 5760 legebatur
985 5707 998 5747 :
1036 5693 1332 5764 Designavit
1367 5695 1618 5752 Dominus
1647 5708 1692 5751 rt
1725 5699 1856 5753 alios

286 5780 610 5849 septuaginta
640 5783 803 5850 duos,
840 5785 1158 5841 subauditur
1188 5789 1480 5857 apo'tolos,
1521 5802 1568 5845 et
1603 5792 1690 5846 ille
1735 5811 1854 5848 mox

1966 3311 2161 3366 verba:
2187 3309 2422 3363 Exsuttet
2445 3306 2629 3361 caelum
2650 3304 3142 3370 lnudibus,resultet
3158 3314 3299 3358 terra
3321 3304 3554 3373 gaudiis,

1967 3403 2323 3476 apostolorum
2352 3402 2575 3472 gloriam
2619 3417 2773 3454 sacra
2819 3410 3012 3454 canant
3055 3397 3348 3463 solemnia,
3395 3413 3554 3467 usque

1966 3498 2034 3552 ad
2060 3498 2237 3566 ﬁnem.
2265 3494 2410 3562 Quas
2436 3493 2621 3547 laudes
2645 3506 2835 3547 omnes
2863 3491 2953 3559 qui
2981 3490 3211 3544 aderant
3235 3489 3415 3544 clerici
3447 3505 3551 3542 una

1967 3604 2180 3644 mecum
2223 3585 2475 3656 jocundis
2527 3584 2750 3636 vocibus
2797 3590 2851 3635 et
2897 3580 3142 3634 altisonis
3169 3579 3550 3650 personabant.

1967 3678 2175 3746 Quibus
2189 3675 2416 3746 expletis
2433 3681 2653 3744 repente
2669 3671 2823 3726 video
2845 3679 3198 3725 memoratum
3224 3667 3550 3723 cucullatutn

1965 3769 2360 3825 Antichristum
2409 3766 2476 3821 de
2525 3765 2678 3819 turba
2728 3763 2893 3818 densa
2942 3763 3115 3816 exire.
3167 3760 3276 3830 Ego
3304 3760 3550 3831 gavisus,

1969 3870 2154 3932 utpote
2204 3875 2310 3916 non
2363 3859 2592 3914 credens
2667 3857 2883 3926 lupum,
2939 3855 3032 3908 sed
3087 3867 3284 3922 agnum
3337 3851 3550 3914 videre,

1967 3956 2306 4027 apprehensa
2352 3951 2471 4023 ejus
2497 3951 2721 4006 dextera
2753 3949 2913 4015 eduxi
2960 3963 3081 4001 eum
3135 3947 3202 4000 ad
3247 3946 3549 4012 cancellos,

1968 4050 2056 4103 ubi
2084 4056 2270 4118 sprcto
2297 4045 2566 4116 colloquio
2595 4043 2855 4098 nobilium
2879 4042 3324 4097 charissimorum
3358 4057 3549 4114 paren-

1968 4151 2081 4195 tum
2136 4154 2416 4202 meorum,
2465 4137 2556 4207 qui
2618 4135 2685 4190 ad
2735 4133 3088 4190 festivitatem
3142 4134 3208 4189 dc
3261 4133 3552 4204 longinquo

1969 4241 2259 4296 venerant,
2291 4248 2352 4288 ac
2388 4247 2484 4302 pro
2512 4247 2630 4288 mea
2662 4230 2895 4288 d'tilitate
2923 4234 2992 4288 ihi
3025 4247 3110 4288 me
3137 4232 3552 4300 exspectabant,

1969 4322 2150 4377 resedi
2182 4338 2305 4378 cum
2340 4324 2474 4386 viro,
2510 4331 2568 4377 ut
2597 4323 2874 4394 putabam,
2898 4323 3160 4394 angelico.
3192 4322 3274 4376 Me
3303 4321 3549 4377 delusum

1965 4415 2172 4481 clamo,
2205 4429 2291 4470 me
2317 4416 2708 4487 imprudentem
2753 4416 2938 4494 doleo,
2988 4415 3132 4486 quod
3172 4429 3278 4470 non
3327 4415 3549 4485 praevidi

1968 4508 2020 4563 in
2071 4523 2208 4578 agno
2259 4507 2468 4578 lupum,
2527 4508 2580 4562 in
2638 4508 2784 4577 pisce
2834 4508 3152 4572 draconem,
3207 4507 3259 4562 in
3311 4506 3548 4577 anguilla

1965 4614 2194 4670 anguem
2213 4637 2228 4662 ,
2263 4598 2316 4652 in
2345 4613 2446 4654 ove
2475 4598 2728 4664 leaenam,
2765 4599 2818 4653 in
2846 4599 3016 4654 ariete
3045 4599 3284 4664 leonem,
3313 4599 3365 4652 in
3403 4597 3549 4652 Lan-

1964 4693 2203 4762 gobardo
2239 4687 2656 4761 TrOglodylatn,
2698 4691 2750 4744 in
2786 4692 3052 4745 monacho
3084 4691 3467 4754 Manichmum,
3495 4689 3549 4745 in

1964 4785 2274 4838 Christiano
2294 4782 2714 4846 Antichristum,
2739 4782 2790 4836 in
2821 4783 3040 4838 homine
3066 4781 3369 4847 diabolum;
3402 4791 3552 4836 certe

1965 4877 2009 4930 si
2039 4875 2390 4944 praeviderem
2411 4915 2426 4938 ,
2460 4888 2558 4929 nec
2585 4888 2684 4928 ave
2713 4875 2762 4929 ei
2795 4875 3054 4931 dicerem.
3084 4875 3185 4942 Qui
3233 4875 3378 4929 enim
3420 4874 3550 4928 dicit

1965 4970 2048 5031 ei,
2095 4983 2225 5032 ave,
2269 4967 2409 5022 sicut
2455 4966 2564 5022 duo
2609 4969 2893 5022 memorati
2941 4969 3114 5022 nostri
3162 4966 3360 5022 fratres
3389 4968 3456 5022 ab
3484 4983 3550 5023 co

1965 5059 2244 5124 subversi,
2274 5059 2637 5114 communicat
2669 5058 2923 5128 operibus
2951 5059 3069 5128 ejus
3097 5059 3365 5129 malignis.

2035 5151 2218 5220 Itaque
2229 5150 2380 5205 nobis
2394 5149 2730 5218 loquentibus
2746 5150 3032 5205 Aimiricus
3049 5149 3338 5220 monachus
3353 5149 3549 5205 obtulit

1962 5243 2011 5298 ei
2042 5243 2388 5297 veterrimum
2411 5241 2660 5296 volumen
2690 5243 2756 5297 de
2785 5240 2902 5296 Vita
2929 5240 3382 5297 sancti'Martialis
3410 5257 3538 5310 apo-

1964 5334 2109 5398 Stoli,
2139 5333 2228 5387 ubi
2265 5333 2429 5386 refert
2443 5331 2740 5386 Martialem
2767 5332 3136 5400 nongentilem
3152 5333 3242 5386 sed
3266 5331 3546 5385 llelirteum

1963 5423 2209 5490 fuissc,ct
2222 5439 2288 5478 ex
2303 5423 2446 5478 clara
2459 5423 2598 5477 tribu
2612 5423 2931 5492 patriarcha:
2941 5424 3324 5495 Benjamin;Ma
3336 5425 3544 5478 rtialem

1967 5532 2070 5572 non
2095 5518 2160 5571 ad
2176 5517 2606 5586 praedicationem
2621 5515 3008 5586 apostolorum,
3027 5516 3303 5586 sedipsius
3334 5516 3542 5571 Domini

1966 5623 2319 5672 conversum;
2351 5606 2673 5672 Martialem,
2709 5607 2908 5662 relictis
2923 5615 3076 5678 patre
3093 5615 3349 5671 etmalrc,
3381 5607 3545 5661 disci-

1966 5699 2168 5765 pulatui
2200 5696 2631 5767 Dominijttgiter
2657 5699 2980 5763 adltmsissc;
3016 5698 3312 5757 Martialem
3345 5698 3543 5752 Chriin

1968 5807 2072 5845 non
2100 5789 2242 5844 Petri
2272 5789 2593 5861 discipulum
2621 5790 2783 5845 fuisse.
2809 5791 2954 5860 (nam
2980 5791 3205 5861 apostoli
3234 5807 3401 5860 ttsquc
3427 5798 3547 5858 post
