4088 6400
478 344 549 411 9'3
1614 359 1921 417 ADEMAR!
1956 359 2014 415 s.
2037 357 2307 416 emanet
2346 358 2651 419 MONACIII
3677 336 3754 418 ’θα

488 476 841 531 Ρειιιεεο-ειειι
870 475 1073 530 multum
1101 474 1409 530 habuerunt
1437 472 1806 545 discipulum).
1839 474 2062 529 Martia-
2095 481 2139 537 Α
2167 474 2489 532 millesimus
2545 476 2842 534 vicesimus
2867 456 3093 534 octavus
3135 476 3202 533 ab
3241 476 3610 536 incarnatione
3650 478 3751 536 Deo

488 570 592 623 lem
618 583 683 623 eo
709 569 849 637 quod
872 567 1192 623 contribulis
1216 567 1263 621 ei
1286 575 1544 630 crat,non
1568 566 1657 621 alii
1680 566 2068 634 apostolorum,

488 659 581 711 sed
604 658 764 712 Petro
786 657 1107 711 familiarius
1124 671 1182 711 se
1205 656 1472 720 sociasse;
1498 654 1796 709 Martialem
1815 655 2070 710 instinctu

489 748 632 803 Petri
656 746 1115 802 obsecundantem
1141 748 1367 801 Domino
1393 748 1447 802 in
1469 746 1745 813 omnibus;
1772 746 2069 804 Martialem

488 843 750 898 miraculo
773 843 960 896 Lazari
987 843 1325 904 interfuisse;
1351 842 1649 897 Martialem
1673 843 2071 899 adolescentem

489 922 553 987 in
591 945 744 986 emna
796 940 980 986 sancta
1040 931 1271 987 Domino
1340 932 2071 997 ministrasse;-Martialcm

482 1022 668 1090 januis
694 1022 894 1077 clausis
926 1023 1152 1076 Domino
1185 1023 1453 1088 intrante,
1487 1023 1705 1092 quando
1735 1023 1804 1076 ibi
1834 1022 2072 1077 Thomas

488 1132 596 1169 non
625 1124 743 1169 erat
761 1155 774 1179 ,
800 1131 920 1168 eum
947 1115 1067 1169 aliis
1096 1116 1354 1186 apostolis
1377 1115 1637 1180 adfuisse,
1661 1116 1844 1186 ibique
1869 1116 2070 1187 ligandi

489 1222 554 1261 ac
583 1206 825 1260 solventi
860 1216 1182 1276 potestatem
1233 1222 1337 1261 non
1391 1222 1420 1261 a
1468 1206 1665 1273 Petro,
1696 1209 1791 1262 sed
1838 1209 1906 1263 ab
1958 1209 2074 1278 ipso

491 1296 720 1349 Domino
749 1313 870 1350 cum
899 1297 1110 1350 ctcteris
1132 1295 1393 1366 apostolis
1412 1336 1427 1361 ,
1453 1305 1509 1350 ct
1531 1311 1651 1350 cum
1674 1298 1865 1350 eodem
1891 1297 2070 1361 Petro,

489 1400 555 1439 ac
607 1384 867 1454 Spiritum
924 1393 1172 1439 sanctum
1243 1384 1549 1454 accepisse;
1603 1384 1904 1439 Martialem
1950 1401 2074 1440 cum

491 1476 741 1530 undecim
779 1477 829 1529 in
859 1475 1133 1532 Galiltcam
1158 1478 1412 1531 hortante
1446 1475 1608 1530 Petro
1636 1477 1867 1541 abiisse,
1897 1478 2076 1546 ibique

490 1578 812 1639 potestatem
842 1570 1167 1639 praedicandi
1200 1569 1548 1641 Evangelinm
1589 1570 1640 1623 in
1673 1584 1863 1624 omnes
1889 1580 2076 1639 gentes

490 1678 598 1716 non
648 1677 678 1715 a
731 1661 921 1725 Petro,
974 1662 1065 1716 sed
1121 1663 1189 1716 ab
1239 1661 1356 1731 ipso
1408 1660 1636 1715 Domino
1676 1675 1799 1714 cum
1850 1661 2076 1729 reliquis

491 1754 751 1824 apostolis
772 1763 825 1810 et
855 1770 977 1810 cum
1007 1754 1196 1809 eodem
1226 1752 1388 1808 Petro
1409 1753 1742 1821 suscepisse;
1778 1751 2075 1805 Martialem

490 1845 795 1899 ascensioni
850 1844 1049 1900 Christi
1104 1859 1228 1898 cum
1281 1844 1495 1898 caneris
1549 1842 1771 1913 reliquis
1817 1841 2076 1912 apostolis

491 1928 762 1999 adfuisse,
798 1934 980 2004 ibique
1012 1933 1445 1989 benedictionem
1477 1933 1840 2004 episcopalem
1860 1973 1873 1995 ,
1908 1948 2012 1988 non
2042 1947 2075 1987 a

491 2025 655 2080 Petro
706 2025 799 2080 sed
849 2026 915 2080 ab
959 2025 1076 2096 ipso
1112 2025 1340 2079 Domino
1370 2040 1493 2079 cum
1542 2024 1664 2079 aliis
1701 2023 1978 2095 discipulis
2022 2031 2077 2077 et

491 2131 614 2169 eum
666 2114 824 2171 f‘ctro
858 2116 1193 2188 suscepisse;
1224 2117 1528 2171 Martialem
1561 2131 1682 2170 eum
1713 2116 1924 2172 caeteris
1953 2129 2077 2187 apo-

493 2207 652 2263 stolis
678 2208 910 2263 intrasse
939 2218 994 2264 ct
1026 2210 1203 2264 exisse
1232 2224 1403 2279 usque
1429 2210 1480 2262 in
1510 2207 1862 2263 Pentecosten
1881 2248 1897 2274 ,
1933 2216 2077 2262 tum-

498 2317 606 2372 que
635 2317 757 2357 cum
806 2301 928 2356 aliis
957 2301 1214 2373 apostolis
1243 2303 1505 2374 Spiritum
1554 2311 1799 2358 sanetum
1830 2304 1894 2358 de
1936 2301 2077 2359 caelo

491 2392 798 2461 suscepisse
818 2432 833 2457 ,
869 2402 925 2448 et
969 2393 1210 2447 omnium
1240 2393 1545 2465 linguarum
1573 2393 1856 2448 scientiam
1886 2407 2074 2464 perce-

492 2482 667 2552 pisse,
701 2492 756 2537 et
790 2498 913 2537 cum
948 2483 1067 2538 aliis
1111 2484 1372 2554 apostolis
1406 2484 1772 2538 invineihilem
1830 2499 2078 2540 resurre-

488 2572 898 2629 ctionisChristi
930 2582 1121 2629 testem
1146 2574 1447 2640 exstitisse;
1482 2574 1780 2630 Martialem
1809 2583 1929 2645 post
1955 2589 2077 2644 per—

489 2664 795 2733 ceptionem
827 2662 1062 2733 Spiritus
1090 2665 1264 2719 sancti
1298 2679 1326 2717 a
1367 2664 1529 2721 Petro
1572 2679 1677 2719 non
1723 2665 2074 2721 disseciatum

492 2753 661 2810 fuisse
680 2796 694 2819 ,
725 2756 818 2810 sed
847 2771 951 2810 una
976 2770 1185 2825 eum_eo
1213 2755 1553 2809 Antiochiam
1578 2755 1828 2821 venisse;
1858 2754 2076 2808 Martia-

489 2844 595 2899 lem
625 2855 850 2915 rogante
877 2845 1041 2900 Petro
1065 2855 1123 2898 nt
1150 2845 1403 2910 fratrem,
1434 2861 1540 2899 non
1579 2845 1801 2914 jubente
1828 2854 1887 2898 ut
1916 2845 2078 2901 disci-

489 2933 674 3003 pulum
697 2936 1031 2990 incessanter
1049 2945 1157 2991 tam
1180 2937 1404 2991 absente
1425 2951 1586 3006 quam
1606 2946 1873 3006 prtesente
1887 2938 2075 2992 eodem

489 3025 655 3082 Petro
683 3028 909 3083 verbum
941 3027 1035 3083 Dei
1068 3029 1394 3097 praedicasse
1426 3029 1479 3083 in
1505 3029 1713 3085 Graecia
1749 3048 1762 3083 :
1796 3031 1993 3100 quippe
2021 3040 2080 3084 ut

488 3116 789 3187 perfectum
821 3117 1022 3173 Christi
1069 3118 1386 3189 discipulum
1419 3128 1474 3173 et
1513 3121 1580 3173 ab
1607 3134 1674 3173 eo
1715 3121 1956 3189 perfecte
1984 3135 2079 3190 per

490 3179 552 3262 se
581 3207 844 3278 primum,
879 3207 1073 3263 deinde
1119 3179 1220 3278 per
1261 3208 1587 3265 infusionern
1634 3179 1868 3279 Spiritus
1905 3179 2074 3266 sancti
2106 3179 2148 3239 (ἶ

490 3299 763 3355 eruditum
788 3307 843 3355 ct
870 3300 923 3354 in
955 3301 1260 3373 linguarum
1307 3303 1761 3358 sermocinatione
1790 3304 1856 3357 ad
1889 3319 2077 3372 quam-

495 3405 708 3461 cunque
733 3400 945 3462 gentem
977 3394 1290 3464 pervenisse
1323 3395 1563 3463 perfecte
1600 3395 1827 3458 scitum;
1854 3396 2077 3450 Martia-

491 3480 598 3535 l>m
643 3493 866 3554 rogante
914 3483 1074 3539 Petro
1121 3495 1181 3540 ut
1229 3485 1476 3549 fratrem,
1533 3502 1637 3542 non
1690 3488 1991 3559 imperante
2020 3499 2081 3544 ut

493 3573 842 3643 discipulum,
866 3576 1080 3633 venisse
1106 3593 1227 3633 cum
1253 3594 1319 3633 eo
1345 3578 1607 3645 Romam;
1639 3580 1937 3637 Martialem
1969 3598 2075 3636 non

493 3663 639 3720 l'etri
673 3666 934 3733 arbitrio,
968 3668 1062 3723 sed
1100 3668 1313 3724 Domini
1347 3682 1618 3741 praecepto
1660 3673 1886 3727 missum
1913 3672 2078 3728 fuisse

492 3757 547 3811 in
575 3757 828 3826 Galliam,
855 3775 955 3830 per
984 3759 1204 3814 effatum
1253 3762 1494 3832 ejusdem
1520 3762 1663 3817 beati
1712 3763 2075 3832 apostolorum

491 3850 772 3923 piucipis.
825 3852 950 3906 Ητεε
994 3853 1120 3906 dum
1162 3852 1507 3923 perlegisset;
1555 3869 1656 3908 nec
1701 3855 1905 3910 valeret
1952 3870 2074 3910 eum

494 3953 695 4002 negare
739 3955 869 3995 vere
911 3942 1217 4010 apostolum
1260 3942 1386 4003 Dei,
1438 3943 1635 4013 quippe
1679 3945 1770 4014 qui
1806 3953 2074 4000 tantorum

494 4029 670 4094 gratia
721 4029 988 4084 donorum
1041 4045 1167 4086 cum
1226 4033 1475 4087 undecim
1533 4035 1792 4103 apostolis
1842 4036 1911 4089 ab
1964 4036 2078 4105 ipso

492 4119 709 4175 Christo
754 4121 986 4175 donatus
1014 4122 1134 4189 "sit,
1169 4124 1385 4179 tandem
1434 4126 1612 4196 erupit
1642 4126 1692 4180 in
1721 4120 1861 4180 hanc
1889 4126 2075 4182 falsam

493 4227 678 4266 vocem
704 4213 878 4268 fronte
898 4226 1086 4285 rugata
1116 4234 1129 4270 :
1159 4235 1178 4269 ‹
1213 4206 1399 4273 Solent
1425 4218 1606 4274 dicere
1629 4219 1873 4274 nonnulli
1896 4219 2073 4274 Vitam

493 4301 610 4369 ejus
654 4312 1007 4373 veteranam,
1054 4307 1271 4375 quando
1320 4308 1410 4362 hic
1458 4307 1609 4365 locus
1651 4310 1816 4375 arsit,
1870 4311 2076 4380 perisse

495 4395 511 4449 l
539 4396 685 4449 :ccud
711 4412 764 4463 ο,
781 4397 834 4451 in
857 4413 964 4468 qua
987 4399 1121 4453 nihil
1145 4400 1334 4472 horum
1360 4399 1659 4470 legebatur,
1683 4401 1784 4457 nisi
1809 4403 2073 4456 duntaxat

492 4490 634 4556 quod
668 4498 789 4559 post
816 4493 1193 4548 ascensionem
1223 4492 1431 4547 Domini
1461 4493 1528 4546 ad
1562 4492 1704 4547 Petri
1731 4495 2070 4562 praedicatio»

2173 567 2304 621 mini
2331 568 2500 622 nostri
2522 567 2651 623 Jesu
2684 568 2922 637 Christi,
2952 586 3047 640 per
3071 570 3420 625 indictionem
3450 587 3537 635 ιι,
3566 574 3635 628 ab
3667 589 3756 629 as-

2172 660 2482 728 sumptione
2530 670 2710 716 autem
2743 662 2886 717 beati
2915 662 3141 731 apostoli
3169 662 3432 719 Martialis
3460 674 3755 734 nongcutc-

2173 750 2345 803 simus
2393 751 2875 821 quinquagesimus
2907 762 3164 822 quartus,
3199 769 3304 807 non
3337 763 3462 809 sunt
3490 755 3593 811 nisi
3627 771 3758 811 cen-

2174 849 2286 895 tnm
2321 843 2606 913 sexaginta
2638 845 2788 909 anni,
2819 858 2883 899 cx
2912 860 3020 914 quo
3046 845 3382 901 monasticns
3411 847 3545 902 ordo
3572 848 3622 901 in
3654 849 3758 904 hoc

2171 929 2291 986 loco
2321 940 2718 986 transmutatas
2752 942 2837 990 est
2886 935 2952 990 de
2997 936 3290 1001 canonico;
3339 944 3395 991 et
3441 937 3555 991 lucc
3603 935 3756 1002 Vita,

2171 1023 2362 1078 eodem
2410 1023 2571 1078 modo
2618 1039 2726 1094 quo
2754 1025 2843 1080 h’c
2869 1025 3090 1096 legitur,
3117 1041 3213 1095 per
3239 1041 3430 1082 omnes
3458 1026 3754 1083 Galliarum

2172 1123 2229 1170 et
2277 1114 2663 1185 Hispaniarum
2697 1124 2860 1185 atque
2904 1116 3225 1182 Britanniae,
3262 1133 3468 1173 necnon
3499 1127 3553 1172 et
3596 1117 3758 1173 ltalize

2172 1215 2256 1260 est
2283 1206 2596 1275 provincias
2630 1224 2644 1260 :
2675 1222 2796 1276 qua:
2824 1208 2943 1263 sine
2971 1207 3137 1263 dubio
3175 1223 3270 1277 per
3301 1208 3480 1277 plures
3502 1208 3757 1266 ecclesias

2172 1294 2476 1349 habebatur
2520 1304 2649 1350 ante
2699 1296 3007 1352 incendium
3042 1298 3202 1366 hujus
3241 1297 3378 1365 loci,
3410 1298 3552 1369 quod
3602 1298 3760 1370 longe

2171 1392 2293 1453 post
2321 1383 2548 1438 multum
2582 1393 2792 1456 tempus
2817 1387 3016 1441 accidit
3046 1396 3334 1456 postquam
3381 1387 3631 1443 monachi
3668 1387 3760 1443 hic

2174 1476 2532 1530 intraverunt.
2564 1475 2697 1530 Nam
2721 1477 2864 1531 inter
2889 1485 2969 1531 tot
2989 1492 3053 1532 ac
3077 1486 3256 1532 lautos
3276 1478 3572 1534 catholicos
3591 1479 3760 1543 viros,

2175 1568 2371 1637 quibus
2422 1583 2639 1638 semper
2685 1567 2860 1624 Gallia
2907 1585 3039 1624 sana
3092 1571 3362 1642 perstitit,
3415 1581 3471 1633 et
3521 1572 3757 1627 maxime

2175 1656 2414 1712 Ecclesia
2462 1657 2899 1724 Lcmovicensis,
2950 1675 3168 1730 semper
3212 1663 3415 1718 intacta
3481 1662 3550 1717 ab
3611 1659 3762 1717 omni

2177 1746 2370 1801 hmrcsi
2419 1748 2767 1817 perduravit,
2820 1750 2947 1820 quis
2997 1751 3241 1807 diabolus
3290 1760 3438 1808 esset
3493 1766 3661 1808 ausus
3707 1760 3766 1807 et

2108 1827 2151 1884 Β
2180 1837 2437 1893 valuisset
2464 1838 2646 1908 aliquo
2676 1839 3074 1907 modotantum
3107 1843 3446 1901 mendacium
3476 1841 3764 1899 scribere?

2183 1927 2238 1981 Si
2272 1928 2615 1984 mendacium
2640 1969 2656 1996 ,
2702 1931 2845 2001 quod
2892 1932 3069 1999 absit,
3100 1933 3362 2002 scriptum
3395 1942 3571 1999 esset,
3600 1948 3632 1989 a
3663 1946 3764 1989 ne-

2181 2020 2324 2076 mine
2349 2021 2737 2077 catholicorum
2784 2033 3060 2093 receptum
3105 2033 3287 2091 esset,
3331 2034 3388 2079 et
3415 2024 3576 2080 hodie
3601 2040 3766 2095 super

2183 2121 2385 2166 terram
2432 2112 2745 2168 nullatenus
2771 2114 3076 2169 audiretur.
3107 2113 3233 2170 Haac
3261 2130 3395 2186 ergo
3440 2116 3561 2170 Vita
3608 2131 3766 2171 vera-

2179 2202 2396 2258 cissima
2426 2212 2531 2259 est.
2563 2203 2697 2258 Nam
2726 2204 2868 2260 hanc
2901 2205 3077 2261 Vitam
3128 2214 3184 2259 et
3227 2205 3417 2262 Patres
3449 2207 3623 2263 nostri
3671 2222 3767 2263 ca-

2182 2293 2368 2350 tholici
2410 2294 2463 2350 in
2493 2295 2727 2351 veritate
2759 2304 3119 2365 receperunt,
3164 2304 3220 2351 et
3264 2310 3366 2367 ego
3405 2298 3549 2358 sicut
3575 2307 3765 2354 sancta

2179 2394 2413 2455 quatuor
2441 2384 2732 2464 Evangelia
2778 2387 2852 2441 ita
2895 2400 3016 2442 eam
3044 2387 3210 2442 credo
3242 2385 3492 2453 firmiter,
3534 2398 3589 2443 et
3617 2390 3764 2445 ωηιιί

2179 2478 2471 2534 dilectione
2511 2478 2811 2549 amplector
2834 2487 2889 2535 et
2912 2479 3175 2549 approbo.
3209 2478 3278 2533 Et
3300 2479 3393 2548 qui
3422 2494 3542 2536 eam
3571 2488 3765 2551 negat,

2179 2568 2460 2625 inimicum
2494 2571 2743 2625 veritatis
2774 2570 3100 2640 pronuntio,
3131 2578 3269 2625 etut
3296 2570 3569 2641 publicum
3595 2571 3771 2626 lucre-

2182 2661 2348 2715 ticum
2373 2660 2613 2732 ‘respuo.
2648 2660 2802 2729 Quod
2833 2676 2965 2717 vero
2995 2662 3344 2733 prosequeris
3363 2700 3380 2728 ,
3411 2661 3769 2718 auctoritates

2178 2762 2393 2809 veteres
2441 2754 2729 2810 mendaces
2760 2755 2942 2825 potius
2988 2753 3359 2824 recipiendum
3403 2769 3566 2824 quam
3598 2768 3769 2811 novas

2180 2861 2439 2911 veraces,
2491 2849 2692 2919 grande
2758 2847 3130 2918 pra'judicium
3191 2858 3304 2916 est,
3368 2863 3490 2903 cum
3565 2849 3766 2903 veritas

2181 2952 2394 3007 semper
2440 2938 2645 2992 veritas
2694 2948 2813 3004 est,
2862 2948 2919 2993 et
2966 2953 3242 3008 nunquam
3292 2940 3496 2994 veritas
3547 2937 3765 3008 respui,

2181 3044 2282 3085 nec
2345 3029 2555 3085 falsitas
2612 3031 2772 3085 debet
2829 3032 3021 3100 recipi.
3084 3030 3195 3086 Nec
3263 3030 3473 3085 adverti
3550 3038 3767 3100 oportet

2180 3121 2302 3190 quis
2349 3121 2520 3187 dicat,
2574 3121 2668 3176 sed
2707 3121 2836 3189 quid
2888 3122 3053 3176 dicat.
3102 3121 3238 3176 Nam
3287 3137 3423 3191 puer
3458 3137 3596 3176 unus
3628 3120 3769 3176 disit

2179 3211 2498 3275 veritatem,
2552 3218 2609 3263 et
2651 3210 2795 3264 eruit
2848 3211 2914 3266 de
2973 3221 3151 3267 morte
3219 3211 3538 3277 mulierem,
3600 3225 3765 3280 quam

2178 3303 2424 3359 seniores
2496 3300 2604 3355 duo
2657 3300 2941 3371 loquentes
3011 3301 3308 3361 falsitatem
3365 3303 3637 3358 ducebant
3694 3302 3765 3357 ad

2181 3408 2390 3447 necem.
2443 3390 2577 3446 Tres
2621 3391 2772 3461 pueri
2830 3390 3061 3446 flammis
3123 3391 3233 3446 dati
3283 3390 3446 3447 locuti
3496 3399 3620 3446 sunt
3670 3404 3766 3445 τε·

2179 3483 2394 3536 ritatem
2424 3496 2638 3545 novam,
2674 3481 2766 3536 sed
2799 3496 2890 3535 rex
2935 3482 3252 3552 grandmvus
3292 3480 3584 3536 afﬁrmavit
3615 3480 3765 3536 falsi-

2180 3581 2343 3627 tatem
2376 3571 2675 3640 antiquatn.
2706 3571 2761 3626 Si
2804 3572 3087 3627 veritatem
3117 3558 3370 3634 dicimus,
3409 3586 3578 3643 quare
3604 3571 3764 3627 nobis

2180 3682 2284 3721 non
2335 3666 2615 3721 creditur?
2662 3680 2789 3720 vere
2835 3666 2905 3721 ab
2943 3668 3277 3724 amatoribus
3316 3669 3562 3724 veritatis
3604 3667 3765 3724 nobis

2179 3759 2437 3814 creditur.
2502 3758 2568 3812 Et
2616 3759 2744 3827 quid
2802 3759 2998 3813 mirum
3052 3759 3096 3814 si
3154 3768 3429 3815 amatores
3481 3760 3758 3821 veritatis,

2179 3851 2394 3905 tametsi
2448 3850 2687 3904 nonnulli
2745 3867 2849 3919 non
2910 3850 3243 3917 intelligant,
3301 3860 3481 3905 tamen
3535 3850 3765 3905 credunt

2177 3940 2474 3995 Martialem
2502 3955 2623 3995 esse
2653 3939 2948 4009 apostolum
2976 3941 3257 3997 veritatis?
3283 3956 3407 3996 nam
3435 3942 3479 3997 si
3513 3956 3617 3996 non
3641 3955 3763 3995 cre-

2177 4033 2445 4097 dideritis,
2483 4048 2590 4087 non
2619 4033 2968 4103 intelligetis;
3008 4042 3064 4088 ct
3092 4034 3269 4088 omnis
3292 4033 3382 4103 qui
3413 4042 3498 4087 est
3521 4048 3586 4087 ex
3613 4033 3761 4087 veri-

2178 4132 2309 4191 tate,
2356 4125 2506 4180 audit
2538 4124 2785 4179 veritatis
2824 4139 3031 4179 vocem.
3069 4124 3137 4178 Et
3176 4123 3304 4179 licet
3340 4122 3534 4179 fortior
3563 4123 3635 4178 sit
3666 4138 3767 4178 rex

2176 4230 2232 4274 et
2261 4217 2451 4272 fortius
2478 4216 2683 4283 vinum,
2718 4224 2895 4270 tamen
2932 4214 3183 4271 fortiores
3207 4225 3334 4271 sunt
3361 4215 3615 4271 mulieres
3640 4230 3763 4284 qua:

2178 4312 2432 4367 dicuntur
2459 4310 2743 4374 falsitates,
2771 4321 2825 4364 et
2852 4310 3072 4378 insuper
3095 4310 3209 4364 ham
3229 4310 3408 4363 omnia
3434 4310 3601 4364 vincit
3620 4310 3762 4363 veri-

2179 4412 2280 4458 tas.
2314 4402 2524 4457 Veritas
2568 4402 2799 4471 gloriosa
2839 4409 2923 4456 est
2969 4411 3025 4456 et
3078 4401 3318 4465 humilis,
3360 4416 3467 4456 non
3503 4401 3757 4470 superba.

2178 4491 2285 4547 Nos
2316 4492 2367 4545 in
2415 4493 2518 4546 hoc
2546 4490 2777 4560 superbe
2808 4505 2914 4545 non
2962 4490 3222 4559 sapimus,
3273 4491 3369 4545 sed
3415 4489 3527 4545 Deo
3561 4489 3758 4560 placita

493 4596 614 4634 nem
661 4582 733 4635 sit
778 4597 1105 4648 conversus,
1136 4585 1278 4638 sicut
1308 4583 1399 4636 alii
1435 4584 1589 4637 multi
1622 4598 1700 4637 ex
1731 4547 1989 4655 paganis,
2019 4592 2075 4638 et
2102 4547 2498 4659 D’humilitate,
2549 4580 2810 4649 proficere
2860 4579 3140 4651 gliscimus
3186 4588 3242 4634 et
3287 4588 3536 4649 proterva
3580 4580 3731 4649 despi

492 4672 560 4725 ab
605 4686 670 4725 eo
712 4673 985 4738 eruditus,
1018 4681 1073 4728 ει
1109 4682 1230 4744 post
1267 4674 1485 4746 longum
1537 4683 1750 4744 tempus
1792 4675 2075 4730 ordinatus

490 4765 803 4835 episc0pus,
834 4775 888 4821 et
919 4768 985 4820 ad
1015 4765 1182 4821 solam
1216 4767 1403 4822 urbem
1450 4767 1799 4823 Lemovicum
1842 4769 2071 4835 missus,

490 4856 629 4908 sicut
661 4856 988 4927 Apollinaris
1013 4858 1080 4911 ad
1110 4857 1420 4911 Ravennam
1448 4869 1499 4914 et
1524 4859 1738 4914 Marcus
1761 4860 1812 4913 in
1840 4859 2074 4915 Alexan-

490 4945 691 5013 driam;
722 4951 1007 5016 quemdam
1054 4965 1185 5005 vero
1216 4953 1537 5007 monachum
1571 4951 1730 5021 hujus
1778 4954 1881 5009 loci
1927 4954 2068 5008 hanc

493 5038 669 5090 Vitam
716 5041 994 5095 mendacio
1035 5056 1133 5096 suo
1173 5041 1393 5097 finxisse
1439 5043 1769 5108 adulatorie,
1805 5045 1922 5098 ideo
1948 5058 2066 5097 eam

490 5143 596 5183 non
640 5130 821 5184 credo.
873 5128 1077 5202 numen
1134 5132 1223 5186 hic
1269 5131 1425 5196 liber,
1479 5133 1603 5202 quia
1660 5141 1906 5187 vetustus
1954 5141 2067 5199 est,

491 5219 715 5289 majoris
757 5230 861 5275 est'
887 5219 1229 5291 diueloritatis
1251 5238 1412 5293 quam
1444 5224 1487 5279 si
1524 5233 1667 5279 esset
1697 5239 1868 5279 novus
1899 5243 1911 5279 :
1944 5241 2068 5279 nam

492 5319 702 5377 veteres
745 5314 1125 5381 auctoritates,
1163 5315 1377 5370 etiamsi
1430 5316 1577 5370 falsa:
1619 5316 1759 5380 sint,
1793 5316 1910 5386 plus
1946 5332 2069 5372 cre-

492 5402 693 5455 duntur
736 5417 766 5457 λ
808 5403 966 5459 nobis
1005 5419 1167 5475 quam
1214 5420 1399 5470 novm,
1449 5404 1577 5459 licet
1606 5419 1845 5459 veraces.
1879 5425 1898 5457 ι
1934 5406 2098 5460 Tum'

492 5508 592 5568 ego
624 5512 636 5547 :
674 5515 691 5547 ι
727 5495 877 5562 Quod
903 5496 1040 5552 dicis
1068 5497 1207 5551 hanc
1232 5496 1409 5552 Vitam
1440 5497 1725 5552 mendacio
1749 5513 1777 5551 a
1803 5498 2071 5553 monacho

487 5590 674 5647 nescio
703 5606 811 5661 quo
838 5606 962 5648 esse
988 5591 1274 5648 conﬁctam
1294 5632 1309 5656 ,
1345 5598 1400 5645 et
1425 5589 1740 5645 incredibile
1771 5598 1828 5644 et
1861 5587 2065 5660 impos-

491 5686 534 5738 si
578 5683 646 5738 ile
674 5692 757 5739 est
791 5690 847 5736 et
875 5681 1098 5736 omnino
1128 5696 1350 5735 vanum.
1381 5680 1517 5735 Nam
1560 5681 1775 5743 adhuc,
1806 5681 2069 5737 videlicet

489 5774 660 5846 tuque
706 5773 760 5830 in
789 5782 1107 5847 przcscntem
1140 5788 1338 5827 annum
1375 5787 1483 5843 quo
1518 5772 1805 5843 loquimur,
1849 5774 1936 5865 qqi
1984 5769 2063 5829 cst

2177 4672 2405 4737 cientes,
2461 4671 2658 4741 quibus
2714 4671 2878 4725 cruda
2920 4671 3215 4725 ostentatio
3260 4686 3406 4724 eum.
3436 4709 3449 4724 .
3481 4708 3496 4725 .
3523 4671 3759 4741 primmn

2175 4763 2355 4832 potius
2404 4776 2565 4830 quam
2615 4762 2971 4831 posteriorem
3019 4761 3318 4831 apostolum
3377 4763 3431 4816 in
3488 4762 3758 4817 nonnullis

2176 4855 2311 4910 locis
2341 4855 2543 4909 habere
2570 4854 2853 4909 voluerunt
2885 4871 2898 4907 :
2929 4868 3028 4909 nos
3048 4854 3226 4909 omnia
3256 4868 3320 4907 ex
3354 4869 3419 4909 eo
3440 4853 3757 4923 probantes,

2175 4946 2317 5017 quod
2361 4945 2559 5001 bonum
2617 4953 2701 5000 est
2746 4953 3020 5009 tenentes,
3074 4953 3129 5000 et
3182 4947 3419 5000 scientes
3478 4962 3584 5000 non
3637 4960 3756 5001 esse

2176 5051 2362 5088 verum
2391 5035 2534 5105 quod
2566 5035 2806 5100 varium;
2831 5032 2985 5103 jussu
3017 5033 3344 5089 venerabilis
3373 5033 3552 5089 Patris
3582 5035 3756 5089 nosui

2177 5125 2413 5181 O.lolriei
2442 5125 2608 5180 totius
2633 5124 2875 5179 scientiae
2902 5123 3170 5191 totiusque
3197 5122 3414 5177 virtutis
3443 5122 3566 5186 viri,
3589 5122 3732 5190 quod

2177 5231 2390 5285 cunque
2441 5216 2496 5270 in
2543 5216 2645 5271 hac
2690 5214 2986 5283 quaestione
3026 5221 3112 5267 est
3155 5221 3458 5276 maturum,
3507 5211 3755 5275 salubre,

2178 5325 2368 5365 sanum
2397 5317 2451 5363 ct
2479 5307 2860 5373 ratum,libera
2890 5305 3134 5374 cupimus
3159 5303 3749 5360 exercerecbaritatca

2254 5403 2377 5456 llaec
2420 5409 2477 5455 et
2516 5397 2882 5469 hujuscemodi
2939 5396 3094 5452 nobis
3148 5395 3489 5465 loquentibus
3536 5400 3591 5450 et
3640 5394 3755 5464 ipso

2178 5494 2501 5557 afﬁrmante,
2534 5510 2554 5542 ί
2589 5491 2633 5545 si
2665 5490 2779 5545 lucc
2808 5487 2925 5542 Vita
2956 5503 3081 5542 vera
3110 5494 3222 5553 est,
3255 5485 3512 5540 Martialis
3554 5484 3752 5552 absque

2177 5587 2321 5639 omni
2365 5584 2640 5639 dubietate
2685 5592 2812 5637 vere
2837 5578 3115 5652 apostolus
3142 5586 3257 5643 est;
3300 5575 3590 5633 Aimirieus
3628 5575 3753 5627 item

2180 5680 2244 5734 ad
2275 5694 2375 5735 nos
2400 5678 2596 5732 iterum
2620 5675 2789 5729 intrat
2812 5690 2932 5728 cum
2969 5670 3245 5727 Breviario
3267 5677 3475 5724 vetusto
3499 5664 3731 5736 sepulcri

2177 5784 2227 5831 ct
2260 5772 2491 5831 ostendit
2522 5770 2569 5825 ei
2604 5768 2890 5827 veterrima
2919 5765 3186 5837 scriptura
3228 5760 3491 5833 quoddam
3533 5772 3746 5829 i‘CSp0ll_-
