4088 6368
318 370 410 430 εντ’
1565 385 1780 448 EPIST.
1823 390 1910 448 DE
1951 390 2008 448 S.
2052 392 2406 451 MARTIALI.
3497 407 3567 462 98

313 487 520 539 sor-ium
564 482 618 540 in
661 483 849 545 eodem
894 487 1130 557 pusnum
1163 510 1176 545 :
1213 491 1480 552 Gloriosus
1519 511 1594 554 est
1627 501 1892 558 Martialis
1924 512 1966 565 Α
1996 509 2052 556 et
2083 503 2321 560 solvendi
2355 507 2672 577 accepisset,
2701 493 2772 564 ἰιι
2816 508 2930 578 ipse
2961 493 3345 583 Longobardus
3375 517 3570 572 menti-

311 574 582 642 apostolus
605 576 817 646 Galliw,
839 582 930 651 qui
965 589 1044 637 ita
1064 579 1319 650 plantavit
1343 585 1653 655 Ecclesium,
1689 603 1744 645 ut
1773 610 1890 646 cum

312 663 428 716 ima
467 665 632 718 multa
657 670 952 736 pertulerit,
979 675 1035 728 in
1061 688 1191 744 pace
1209 684 1382 731 tamen
1402 681 1645 748 deﬁciens
1677 683 1813 737 hunc
1837 687 1890 739 in

307 769 439 822 pure
474 757 754 811 dimiserit.
787 761 863 813 Ad
911 762 1024 816 haec
1052 762 1141 818 ille
1171 778 1187 819 :
1227 781 1247 815 ι
1275 763 1343 818 Ει
1371 767 1473 822 hoc
1497 772 1777 840 antiquum
1807 785 1888 829 est

308 858 417 896 non
441 860 671 911 novum,
705 849 872 917 ευιυί
903 850 1044 904 hunc
1061 852 1321 909 dictatum
1350 862 1653 928 composuit
1676 864 1890 932 sapiens

304 930 427 987 fuit.
457 954 475 986 ι
519 935 649 989 Item
680 939 1015 994 ostendimus
1049 941 1097 994 ei
1147 957 1408 998 annosum
1475 930 1756 1017 hytbmum
1806 969 1891 1009 se-

303 1025 636 1093 quentialem
699 1027 752 1081 in
810 1029 998 1083 eodem
1047 1030 1316 1086 volumine
1370 1035 1644 1095 veteribus
1693 1040 1890 1096 litteris

303 1117 507 1169 factum
545 1134 557 1169 :
589 1114 737 1172 Cives
761 1117 1006 1172 coelicolre
1037 1131 1090 1173 ut
1128 1121 1403 1191 collegam,
1434 1127 1602 1180 omnis
1629 1144 1784 1183 suum
1815 1132 1890 1185 uti

299 1204 597 1274 apostolum
648 1207 954 1277 Aquitania.
994 1208 1060 1262 Et
1103 1210 1191 1264 ille
1234 1212 1352 1265 ait:
1398 1231 1415 1262 ι
1456 1212 1566 1268 [loc
1615 1224 1743 1284 puto
1782 1232 1890 1274 non

297 1307 385 1350 est
414 1299 534 1353 sine
577 1300 759 1355 divina
805 1300 1103 1367 voluntate,
1148 1304 1292 1374 quod
1339 1321 1370 1357 a
1414 1304 1566 1360 vobis
1612 1305 1890 1374 apostolus

295 1390 648 1457 prtedicatur,
682 1393 810 1460 quia
859 1407 997 1464 pene
1046 1396 1223 1452 onmis
1267 1397 1419 1452 orbis
1471 1407 1738 1452 terrarum
1773 1398 1886 1466 jam

293 1478 404 1534 hoc
457 1481 647 1534 auditu
699 1481 859 1538 fatuae
913 1486 1198 1554 comperit.
1237 1505 1254 1536 δ
1288 1485 1482 1542 Nescio
1529 1487 1695 1540 aliud.
1749 1487 1888 1554 Quid

292 1571 416 1640 plus
437 1576 786 1632 auctoritatis
815 1577 862 1631 ei
895 1578 1186 1647 panderem
1219 1587 1340 1649 post
1367 1579 1497 1634 istas
1529 1590 1657 1646 tres,
1683 1595 1804 1634 cum
1830 1580 1884 1633 in

291 1678 390 1720 ore
416 1665 649 1720 duorum
691 1677 784 1721 aut
826 1671 990 1722 trium
1041 1670 1255 1724 testium
1287 1679 1395 1727 stet
1423 1687 1584 1726 omne
1629 1670 1886 1726 verbum?

290 1751 410 1808 Nox
451 1765 590 1820 erat,
619 1766 673 1810 et
701 1757 1070 1814 discessimus.
1099 1759 1321 1815 Ctenavi
1359 1771 1558 1828 tecum,
1583 1777 1616 1816 ο
1645 1763 1884 1818 dilectis-

1994 601 2112 658 tur,
2164 594 2242 649 sic
2297 611 2513 666 quoque
2557 613 2663 652 non
2713 600 3006 671 incongrue
3053 614 3237 673 posset
3285 608 3568 675 przedieari

1989 685 2281 752 apostolus.
2320 687 2452 743 Nam
2484 698 2539 744 et
2592 691 2968 761 llierouymus,
3021 698 3254 751 maxima
3315 701 3565 756 columna

1988 771 2264 838 Ecclesiae,
2296 786 2351 830 et
2377 777 2515 832 Beda
2549 779 2884 836 Venerabilis
2914 785 3194 856 presbyter
3222 787 3565 846 Timotheum

1988 861 2305 932 discipulum
2337 868 2488 924 Pauli
2517 871 2811 941 prmdicant
2837 875 3134 944 apostolum
3169 879 3219 932 in
3250 880 3361 934 suis
3389 880 3564 936 Chro-

1988 952 2145 1017 nicis,
2187 971 2345 1024 quem
2388 958 2586 1015 Paulus
2627 962 2694 1015 ad
2743 965 2904 1019 tidem
2957 966 3121 1019 traxit
3168 979 3221 1022 et
3257 970 3566 1038 episcopum

1986 1043 2276 1108 ordinavit.
2309 1050 2394 1102 cui
2433 1051 2595 1104 etiam
2643 1053 2781 1108 duas
2819 1055 3075 1126 epistolas
3105 1060 3336 1128 scripsit.
3369 1060 3564 1116 Onesi-

1989 1149 2112 1189 mus
2139 1153 2352 1210 quoque
2397 1143 2690 1213 discipulus
2741 1147 2889 1202 Pauli
2941 1165 2970 1202 a
3025 1150 3269 1219 pluribus
3312 1153 3567 1209 Ecclesiis

1988 1229 2265 1296 apostolus
2289 1234 2631 1300 prterlicatur,
2664 1247 2718 1292 et
2754 1239 2866 1309 ipse
2895 1239 3092 1295 Paulus
3116 1241 3564 1312 Epaphroditum,

1989 1330 2178 1402 quem.
2208 1323 2636 1394 Philippensibus
2689 1327 2888 1394 misit,
2923 1335 3179 1394 prmiicat
3241 1336 3542 1402 apos‘nlum

1991 1401 2205 1456 Marcus
2232 1405 2396 1459 etiam
2421 1415 2475 1460 et
2505 1407 2679 1464 Lucas
2713 1410 3053 1481 evangelista:
3079 1401 3322 1484 discipuli
3352 1427 3560 1484 προδιο-

1989 1489 2164 1548 lorum
2219 1510 2250 1548 a
2294 1495 2541 1564 pluribus
2585 1498 2847 1556 Ecclesiis
2899 1503 3125 1571 apostoli
3181 1507 3562 1574 prmdicantur.

1989 1579 2122 1635 Nam
2151 1582 2386 1639 Marcum
2418 1585 2612 1641 Petrus
2637 1589 2975 1646 Alexandriae
3013 1593 3160 1647 misit
3203 1594 3320 1649 sine
3344 1595 3566 1648 ordina-

1992 1671 2138 1726 tione
2164 1674 2472 1742 episcopali.
2504 1675 2606 1742 Qui
2637 1693 2760 1732 eum
2802 1680 3134 1748 provinciam
3180 1680 3400 1754 Egypti
3450 1685 3561 1752 pri-

1989 1776 2108 1815 tuus
2133 1765 2518 1831 convertisset,
2551 1783 2582 1819 a
2612 1767 2802 1822 vicinis
2835 1770 3122 1840 episcopis,
3152 1772 3275 1826 licet
3317 1772 3420 1827 sibi
3450 1774 3566 1844 pol-

288 1842 428 1898 sime
451 1843 608 1909 abba,
641 1855 694 1900 et
719 1847 846 1915 quia
887 1849 1125 1903 crastino
1169 1850 1407 1906 diluculo
1449 1853 1516 1908 ad
1553 1853 1878 1923 Egolismam
1913 1844 1960 1904 Β
1987 1849 2142 1906 licem
2189 1871 2382 1910 manus
2428 1860 2790 1926 amputaverit
2835 1871 2890 1914 ut
2948 1863 3250 1918 sacerdotio
3305 1867 3564 1934 reprobus

289 1935 484 1989 urbem
516 1936 763 1991 volebam
796 1938 992 2004 redire,
1027 1939 1252 1997 licenter
1281 1958 1310 1995 a
1351 1951 1403 1998 te
1449 1943 1703 2000 dimissus
1735 1962 1876 2001 sum.

286 2025 458 2082 Facto
492 2043 652 2084 mane
681 2030 932 2084 caninum
958 2030 1370 2102 Langobardum
1403 2036 1579 2105 ipsum
1619 2038 1748 2102 vidi,
1781 2054 1881 2094 nec

285 2128 514 2189 pmpter
549 2120 653 2175 iter
681 2137 861 2176 meum
897 2137 1018 2176 cum
1057 2138 1123 2179 eo
1149 2127 1658 2182 sermocinationem
1691 2129 1874 2183 habui.

283 2208 352 2262 Et
378 2210 426 2264 si
461 2211 688 2266 scissem
716 2212 840 2281 quis
875 2211 966 2268 ille
1001 2223 1104 2280 est,
1129 2227 1501 2286 exspectarem
1535 2233 1658 2274 eum
1692 2218 1878 2276 Lemo-

282 2301 433 2357 vicas
480 2319 588 2359 uno
635 2320 797 2372 anno,
841 2322 1125 2378 quousque
1180 2311 1474 2364 contritum
1531 2321 1676 2367 esset
1717 2324 1878 2384 caput

281 2392 398 2463 ejus
420 2397 801 2464 serpentiuum
834 2396 982 2466 virga
1032 2400 1259 2456 rationis
1300 2415 1453 2456 meas.
1505 2401 1640 2458 Nam
1683 2419 1743 2460 se
1790 2406 1877 2461 ille

280 2499 548 2554 squamea
571 2487 868 2542 dracouino
893 2488 1034 2543 collo
1061 2491 1348 2560 resupinus
1369 2501 1554 2562 postea
1579 2492 1872 2562 jaetitavit,

280 2589 340 2632 se
385 2577 676 2632 connisqu
728 2578 962 2649 praeliari
1007 2596 1219 2636 meeum
1271 2597 1370 2653 pro
1417 2584 1577 2639 beato
1630 2587 1874 2655 apostolo

281 2665 533 2724 Martiale
561 2679 615 2725 et
661 2687 748 2726 me
785 2672 908 2728 ideo
951 2675 1274 2743 quantocius
1303 2675 1534 2747 fugisse;
1561 2680 1872 2749 episcopum

235 2787 238 2790 ~
277 2757 578 2813 Jordanum
624 2769 678 2816 et
715 2760 834 2830 ejus
871 2765 1166 2820 canonicos
1209 2781 1371 2822 omne
1409 2771 1553 2838 quod
1584 2770 1874 2825 inchoave-

279 2855 402 2901 rant
427 2849 721 2918 respuisse,
748 2867 847 2906 nec
872 2869 1109 2923 unquam
1135 2855 1367 2927 amplius
1398 2857 1522 2912 huic
1547 2860 1868 2929 apostolatui

279 2953 642 3020 consensuros
668 2955 787 3020 esse
817 2943 943 3012 quia
968 2944 1260 3002 audierant
1298 2947 1479 3019 ipsum
1501 2963 1620 3005 esse
1651 2961 1870 3007 contra-

277 3017 704 3086 dictorcmfm;
732 3022 807 3033 Μ’
831 3024 833 3027 ’
976 3027 997 3034 ’
1017 3029 1020 3032 ’

345 3121 497 3182 Cum
521 3123 636 3192 ipso
668 3123 953 3181 llebionita
981 3129 1129 3183 venit
1155 3130 1377 3201 quidam
1418 3133 1698 3191 medicinae
1734 3137 1870 3191 artis

1980 1953 2143 2008 esset,
2179 1953 2357 1999 tamen
2403 1947 2603 2002 invitus
2641 1960 2992 2006 consecratus
3027 1962 3112 2006 est
3138 1955 3436 2024 episcopus,
3469 1954 3565 2026 qui

1980 2031 2217 2085 secundo
2265 2049 2409 2088 anno
2459 2047 2580 2104 post
2622 2039 2832 2093 Domini
2881 2041 3250 2096 ascensionem
3303 2059 3368 2098 ex
3420 2044 3564 2098 tribu

1978 2119 2106 2176 Levi
2148 2126 2564 2193 praedicantibus
2597 2130 2853 2197 apostolis
2898 2146 3190 2188 conversus
3235 2134 3427 2189 fuerat.
3472 2133 3565 2190 Sic

1978 2222 2034 2267 et
2065 2213 2326 2270 Martialis
2350 2217 2396 2270 si
2427 2217 2721 2287 discipulus
2747 2219 2946 2274 Christi
2978 2222 3031 2275 in
3069 2237 3230 2277 carne
3258 2239 3362 2277 non
3393 2233 3560 2288 esset,

1975 2304 2120 2372 quod
2166 2304 2347 2359 dicere
2399 2306 2620 2375 impium
2673 2317 2777 2372 est,
2823 2324 2887 2363 eo
2932 2311 3074 2380 quod
3128 2322 3304 2366 tamen
3355 2314 3564 2382 primus

1974 2394 2318 2464 Aquitaniam
2347 2399 2635 2464 convertit,
2663 2408 2810 2455 recte
2837 2413 3011 2470 potest
3037 2404 3316 2471 prtedicari
3346 2415 3564 2474 aposto-

1975 2483 2080 2539 lus.
2119 2484 2253 2538 Nam
2284 2488 2352 2542 ab
2383 2487 2515 2541 urbe
2541 2487 2713 2543 Roma
2745 2505 2913 2560 usque
2941 2493 3008 2546 ad
3035 2505 3246 2550 montes
3273 2495 3561 2567 Pyrenaeos

1974 2575 2152 2631 nullus
2190 2577 2332 2631 alter
2383 2589 2697 2634 sanctorum
2746 2593 2827 2636 εει
2877 2585 2969 2652 qui
3015 2596 3180 2638 totam
3233 2603 3394 2641 unam
3435 2604 3562 2658 proq

1973 2665 2206 2720 vinciam
2238 2670 2582 2745 converterit,
2619 2671 2700 2725 vel
2747 2671 2838 2740 qui
2881 2673 2948 2726 ab
2994 2676 3232 2744 antiquis
3269 2679 3319 2730 in
3355 2679 3559 2734 litaniis

1972 2756 2028 2811 in
2071 2757 2263 2812 ordine
2303 2759 2667 2828 apostolorum
2715 2763 2952 2833 scriptus
2985 2765 3147 2821 fuerit.
3181 2781 3348 2836 usque
3378 2768 3559 2834 hodie,

1971 2851 2073 2906 nisi
2105 2843 2438 2910 solummodo
2467 2854 2748 2912 Martialis.
2786 2856 3085 2928 Episcopus
3113 2861 3279 2916 etiam
3298 2860 3557 2928 Lemovi—

1969 2945 2148 3000 censis
2173 2946 2438 3002 Geraldus
2475 2957 2600 3003 ante
2627 2949 2727 3005 bos
2767 2951 3078 3019 quindecim
3115 2968 3289 3008 annos
3325 2969 3356 3008 a
3387 2953 3558 3009 Roma

1970 3049 2268 3108 regressus,
2303 3047 2592 3094 attestatus
2617 3050 2698 3096 est
2730 3043 2886 3096 nobis
2917 3043 3138 3097 fortuitu
3179 3044 3372 3116 legisse
3397 3060 3457 3101 se
3484 3045 3556 3100 ibi

1971 3129 2244 3197 volumen,
2278 3131 2364 3186 ubi
2398 3133 2658 3202 scriptum
2687 3145 2805 3189 erat
2830 3136 3332 3206 qualitchartialis
3355 3139 3559 3210 primus

277 3213 554 3282 egregius,
601 3215 819 3270 nomine
869 3197 1198 3285 Bernartius,
1245 3222 1313 3276 ad
1353 3221 1645 3279 Buxeriam
1674 3241 1866 3282 ηιοιιιι-
1895 3197 1938 3258 C
1971 3218 2239 3277 Raveunm
2262 3225 3557 3294 prtedicaveritCbristumduminGalliamvcui-

279 3305 410 3359 chus
441 3304 738 3368 Ravennae.
778 3308 870 3378 qui
904 3308 1034 3364 dum
1085 3327 1297 3368 mecum
1345 3315 1485 3384 apud
1537 3314 1866 3387 Egolismam

277 3397 743 3451 sermocinaretur
783 3407 839 3453 et
888 3401 1144 3457 similiter
1190 3405 1526 3460 contrariosa
1577 3409 1646 3462 de
1675 3417 1866 3463 sancto

276 3486 525 3554 apostolo
553 3486 794 3543 Martiale
833 3492 1004 3546 multa
1029 3493 1316 3562 proferret,
1361 3496 1505 3552 sicut
1546 3498 1797 3554 audierat
1828 3515 1859 3554 a

273 3573 634 3650 Longobardo
655 3583 983 3652 supradicto,
1000 3595 1054 3639 et
1076 3585 1438 3658 interrogaret
1462 3589 1649 3645 dicens
1675 3590 1864 3647 abbati

275 3683 397 3724 meo
425 3669 751 3737 Ravennati,
784 3689 802 3723 ί
835 3675 981 3744 quod
1023 3685 1188 3746 capttt
1221 3676 1399 3734 dicam
1435 3679 1563 3748 quia
1602 3679 1866 3738 Martialis

275 3768 360 3815 est
385 3761 705 3829 apostolus?
739 3781 758 3814 ι
794 3779 824 3818 a
853 3779 938 3819 me
967 3767 1217 3836 protinus
1244 3769 1393 3824 audit
1425 3810 1439 3824 .
1471 3788 1491 3822 ε
1531 3770 1667 3839 Quia
1698 3773 1865 3828 disci-

273 3850 432 3919 pulus
461 3849 673 3907 Domini
704 3851 828 3919 fuit,
857 3856 996 3911 sicut
1031 3856 1224 3914 Petrus
1263 3869 1318 3915 et
1362 3860 1432 3916 ab
1472 3863 1591 3934 ipso
1635 3863 1864 3920 Domino

272 3939 326 3993 in
359 3959 530 3995 carne
553 3951 877 4011 potestatem
903 3946 1104 4017 ligandi
1126 3959 1180 4005 et
1208 3950 1452 4007 solvendi
1485 3955 1712 4025 accepit.
1739 3955 1862 4014 llaec

271 4039 352 4084 est
380 4047 596 4086 summa
627 4035 964 4103 apostolatus
985 4038 1122 4108 ejus.
1159 4060 1178 4094 ι
1209 4041 1301 4098 llle
1325 4053 1505 4100 autem
1539 4049 1814 4118 respondit
1841 4066 1858 4105 :

275 4140 297 4174 ς
332 4123 661 4180 Benedictus
699 4127 849 4196 prior
892 4129 958 4185 de
1013 4132 1198 4200 Clusa,
1239 4138 1627 4206 grammaticus
1679 4142 1858 4210 perie-

269 4223 411 4278 ctus,
448 4210 680 4286 abnegat
718 4233 842 4274 eum
889 4221 1211 4294 discipulum
1263 4226 1432 4284 fuisse
1477 4231 1710 4299 Domini,
1763 4235 1859 4291 sed

270 4303 500 4359 Petrum
533 4305 666 4362 dicit
691 4312 1028 4368 convertisse
1053 4330 1198 4381 eum,
1228 4326 1284 4372 et
1307 4318 1522 4376 dedisse
1546 4322 1594 4376 ei
1619 4331 1860 4392 potesta-

269 4403 376 4448 tem
425 4394 626 4466 ligandi
673 4407 729 4453 et
771 4401 1036 4471 solvendi,
1092 4406 1235 4463 sicut
1282 4410 1518 4480 episcopi
1564 4412 1696 4468 dant
1738 4415 1860 4474 aliis

266 4500 406 4554 quos
466 4488 720 4543 ordinant
783 4493 1085 4566 episcopos.
1141 4497 1356 4555 Astruit
1409 4518 1626 4573 quoque
1679 4503 1854 4562 Vitam

265 4574 433 4631 istam
459 4577 598 4647 ejus,
622 4596 745 4650 qum
775 4585 828 4638 in
869 4587 954 4641 his
989 4590 1236 4658 partibus
1281 4593 1532 4661 habetur,
1578 4613 1684 4652 non
1734 4615 1854 4656 esse

263 4681 510 4726 veterem
539 4675 796 4742 priorem,
844 4681 938 4734 sed
975 4697 1166 4737 novam
1211 4697 1627 4743 commentatum
1656 4708 1685 4745 a
1716 4707 1854 4761 quo-

265 4761 390 4817 dam
418 4767 686 4821 monacho
713 4777 838 4824 ante
869 4772 967 4828 bos
1006 4783 1220 4830 centmn
1244 4793 1451 4843 annos;
1483 4790 1537 4836 et
1560 4781 1666 4836 alio
1693 4785 1854 4840 modo

263 4869 386 4910 eam
426 4855 615 4912 haberi
660 4860 713 4912 in
764 4860 1158 4934 Longobardia,
1211 4869 1298 4923 ubi
1337 4871 1466 4926 dicit
1511 4888 1634 4928 eum
1666 4890 1852 4946 parem

263 4959 384 5002 esst:
409 4961 605 5004 sancto
630 4950 926 5021 Apollinari
962 4966 1016 5010 et
1043 4960 1245 5016 sanctis
1273 4961 1492 5027 Fronto,
1530 4964 1848 5038 Saturnino,

264 5035 548 5109 Dionysio,
578 5039 983 5110 Austremonio,
1022 5048 1224 5105 llilario
1263 5052 1591 5123 Pictaveusi,
1619 5057 1848 5116 Mat-tino

265 5127 591 5186 Turonensi.
625 5153 642 5184 ι
673 5134 807 5190 Tum
833 5155 932 5208 ego
953 5143 1288 5199 occasionem
1318 5147 1594 5205 deridendi
1619 5153 1844 5210 stultum

263 5229 478 5281 nactus,
541 5223 706 5278 risum
763 5228 1044 5296 proferens
1091 5233 1178 5286 aio
1229 5253 1242 5288 :
1295 5257 1313 5288 ι
1352 5237 1408 5292 Si
1459 5245 1847 5310 grammaticus

261 5319 402 5362 esset
435 5312 729 5383 perfectus,
762 5335 857 5372 nor
906 5320 1005 5376 ista
1045 5325 1312 5393 proferret
1341 5327 1748 5402 Longoltardus.
1787 5336 1842 5391 Si

259 5395 432 5454 altera
463 5401 580 5456 Vita
621 5416 702 5460 est
745 5423 865 5476 qua:
905 5410 1063 5467 istam
1119 5431 1300 5471 veram
1341 5395 1614 5488 obse‘uret,
1657 5426 1844 5493 procul

261 5486 424 5544 dubio
455 5495 685 5563 reproba
724 5508 777 5551 et
809 5499 943 5557 falsa
971 5515 1073 5570 est,
1115 5516 1168 5562 et
1190 5509 1495 5568 nullatenus
1517 5530 1547 5568 a
1575 5486 1841 5574 catholica

261 5579 497 5640 Ecclesia
542 5590 876 5674 recipienda,
915 5606 969 5650 et
1004 5614 1034 5652 a
1083 5600 1238 5656 nobis
1273 5613 1331 5658 ut
1371 5621 1636 5663 venenum
1680 5628 1840 5668 exse-

258 5674 456 5727 Cranda
489 5685 591 5730 est.
627 5678 1009 5741 Verumtamen
1041 5689 1083 5743 si
1121 5688 1380 5750 Martialis
1409 5697 1703 5769 discipulus
1741 5703 1836 5757 Pro

262 5765 328 5817 tri
374 5773 744 5829 tantummodo
783 5787 943 5843 esset,
981 5789 1032 5836 et
1080 5784 1145 5835 ab
1183 5801 1245 5840 co
1286 5765 1605 5859 potestatein
1640 5793 1834 5867 ligauii

1971 3323 2074 3380 ret,
2104 3324 2160 3369 et
2181 3325 2300 3384 post
2324 3329 2446 3370 eum
2476 3318 2842 3387 Apollinarem
2882 3320 3231 3393 postlongum
3261 3323 3556 3394 tempusibi

1968 3407 2178 3461 venisse
2199 3409 2554 3477 apostolicum
2598 3410 2792 3465 virum.
2823 3411 2974 3466 Unde
3005 3415 3136 3467 etin
3179 3413 3300 3469 Vita
3326 3415 3445 3486 ejus
3471 3416 3555 3472 sic

1967 3497 2226 3566 scriptum
2253 3507 2336 3553 est
2368 3517 2382 3552 :
2416 3519 2433 3551 ι
2471 3499 2637 3568 Igitur
2664 3501 2926 3558 Martialis
2953 3519 3078 3558 cum
3126 3504 3404 3576 discipulis
3443 3507 3558 3563 suis

1965 3601 2249 3656 permenso
2275 3599 2381 3643 tam
2403 3606 2595 3662 magno
2618 3600 2884 3647 terrarum
2901 3594 3092 3663 spatio,
3119 3598 3419 3664 praedicans
3436 3599 3556 3653 ubi-

1966 3693 2071 3749 que
2111 3680 2462 3735 seminarium
2499 3681 2648 3736 verbi
2681 3683 2806 3749 Dei,
2832 3687 3106 3754 ingressus
3143 3686 3549 3743 Lemovicinum

1965 3771 2111 3825 venit
2138 3771 2205 3826 ad
2229 3771 2441 3826 'l'ullum
2476 3772 2777 3830 castellum.
2813 3795 2832 3828 ι
2864 3775 3008 3830 Inter
3044 3778 3315 3846 apostolos
3340 3797 3465 3835 vero
3497 3790 3554 3836 et

1961 3861 2284 3931 apostolicos
2299 3863 2823 3936 virosllieronymus
2858 3869 2997 3924 banc
3024 3869 3382 3926 dill‘erentiam
3417 3873 3552 3928 dicit

1963 3949 2106 4020 quod
2165 3951 2396 4021 apostoli
2443 3963 2570 4008 sunt
2615 3955 2706 4025 qui
2747 3957 2907 4032 primi
2953 3952 3387 4032 nnamquamque
3426 3980 3551 4033 pro-

1963 4041 2197 4098 vinciam
2247 4044 2546 4116 pra:dicare
2604 4059 2906 4117 eruperunt,
2976 4053 3117 4106 unde
3159 4063 3213 4107 et
3283 4041 3552 4126 hodieque

1960 4134 2159 4188 astruit
2203 4136 2474 4206 apostolos
2525 4153 2681 4208 posse
2731 4141 2846 4194 tieri
2897 4143 2951 4197 in
2999 4141 3271 4208 Ecclesia,
3318 4161 3549 4216 quorum

1961 4223 2114 4294 signa
2158 4233 2214 4279 et
2248 4225 2445 4280 indicia
2493 4228 2828 4298 apostolatus
2872 4231 3239 4302 complentur;
3287 4237 3340 4290 id
3381 4247 3463 4290 est
3503 4237 3548 4293 si

1964 4315 2229 4388 hodieque
2256 4315 2337 4374 vel
2364 4334 2533 4388 usque
2557 4320 2610 4374 in
2635 4321 2802 4392 linem
2841 4322 3024 4378 mundi
3053 4323 3231 4394 aliqua
3267 4327 3547 4396 provincia

1961 4405 2127 4464 fuerit
2156 4411 2210 4464 in
2256 4428 2361 4482 qua
2395 4412 2574 4469 nullus
2603 4425 2729 4470 ante
2760 4418 3081 4486 praedicator
3111 4424 3424 4489 accesserit,
3452 4424 3546 4494 qui

1960 4503 2169 4574 primus
2209 4505 2277 4560 ad
2305 4520 2425 4559 eam
2477 4505 2658 4577 aliquo
2702 4509 2862 4563 modo
2901 4506 3164 4566 accedens
3189 4528 3308 4568 eam
3348 4517 3545 4584 prmiti-

1960 4610 2086 4651 care
2113 4598 2359 4668 coeperit,
2390 4605 2447 4654 ct
2483 4615 2643 4654 unam
2688 4601 3026 4658 solummodo
3063 4603 3359 4660 Ecclesium
3402 4607 3455 4662 in
3478 4624 3542 4662 ea

1956 4685 2282 4752 futtdaverit,
2318 4697 2460 4742 recte
2489 4691 2766 4760 apostolus
2814 4702 2926 4758 est;
2968 4694 3059 4764 qui
3106 4710 3233 4750 vero
3269 4706 3392 4768 post
3417 4713 3540 4752 eum

1955 4778 2206 4832 venerint
2246 4779 2631 4847 praedicatores
2665 4789 2720 4836 et
2762 4783 3020 4854 episc0pi,
3056 4785 3130 4840 illi
3177 4798 3302 4841 sunt
3332 4796 3542 4858 apesto-

1955 4867 2044 4924 lici
2078 4871 2199 4924 viri.
2227 4869 2566 4940 Apostolicos
2596 4875 2741 4930 viros
2782 4876 2927 4929 enim
2971 4877 3104 4932 dicit
3135 4894 3256 4934 esse
3299 4882 3388 4949 qui
3419 4888 3542 4952 post

1957 4961 2230 5032 apostolos
2259 4963 2326 5017 ad
2351 4964 2683 5021 dilatandam
2711 4966 3176 5026 Christianitatem
3208 4972 3261 5027 in
3293 4974 3540 5042 regiones

1949 5068 2006 5114 et
2055 5061 2362 5131 provincias
2401 5062 2469 5116 ab
2515 5064 2595 5118 eis
2629 5061 2741 5132 jam
2784 5064 3137 5133 illuminatas,
3161 5077 3214 5124 et
3259 5069 3313 5125 iu
3345 5071 3454 5126 vita
3485 5088 3536 5126 οι

1949 5160 2073 5222 post
2098 5151 2304 5206 obitum
2340 5169 2528 5208 eorum
2559 5155 2822 5219 venerint,
2860 5158 2940 5211 vel
2968 5174 3102 5227 quos
3121 5161 3352 5230 apostoli
3386 5163 3535 5218 ordi-

1950 5245 2173 5314 nabant,
2199 5256 2256 5300 ut
2282 5263 2629 5305 successores
2673 5250 2726 5304 in
2767 5249 2887 5304 loco
2923 5266 3110 5307 eorum
3151 5269 3246 5324 per
3286 5255 3536 5311 civitates

1947 5339 2241 5410 provincia:
2291 5340 2435 5395 illius
2487 5359 2650 5413 quam
2704 5346 3160 5414 prtedieaveraut,
3214 5351 3528 5406 existercu'.

1953 5428 2091 5484 llinc
2122 5428 2302 5484 Titum
2341 5429 2475 5485 dicit
2520 5434 2876 5500 apostolicum
2918 5438 3118 5504 virum,
3162 5440 3288 5508 quia
3335 5440 3534 5496 Paulus

1948 5534 2071 5574 eum
2105 5519 2156 5572 in
2188 5521 2465 5588 provincia
2511 5520 2706 5590 Cretae,
2747 5540 2910 5595 quam
2951 5529 3156 5599 priu.us
3208 5533 3533 5601 praedicave-

1950 5621 2051 5676 rat,
2079 5611 2299 5682 reliquit
2329 5613 2589 5670 vicarium
2620 5617 2746 5683 sibi;
2787 5634 2844 5674 ut
2881 5623 3232 5679 constitueret
3275 5641 3369 5695 per
3400 5623 3532 5682 «ivi-

1950 5713 2085 5758 tates
2124 5704 2470 5774 presbyteros
2508 5707 2623 5764 sive
2658 5712 2956 5782 episcopos.
3001 5713 3135 5770 Hinc
3167 5716 3306 5772 idem
3336 5716 3527 5774 Hiero.

1948 5812 2142 5869 Izyznus
2171 5796 2222 5851 in
2256 5803 2480 5874 epistola
2507 5807 2570 5862 ad
2599 5807 2880 5864 Paulinum
2908 5807 3278 5877 presbyterum
3304 5827 3318 5865 :
3353 5830 3372 5866 ι
3405 5813 3527 5884 Epi-
