4032 5416
1387 193 1504 211 ..τσο
1516 198 1562 210 ν..
1575 199 1632 212 ’.ον

521 345 589 400 99
1652 343 1960 400 ADEMARI
1993 345 2051 402 S.
2086 340 2368 406 CIBABDI
2429 340 2729 400 MONACHI

3661 341 3768 398 100

518 457 688 526 scopi,
728 456 920 526 inquit,
966 465 1021 512 et
1075 443 1375 528 presbyteri
1415 455 1646 510 habeam
1709 457 1759 510 in
1795 457 2096 525 exetuplum
2129 461 2234 519 Am
2271 443 2568 528 'Aigyptum
2618 460 2684 511 ad
2729 455 3009 511 eretnitam
3060 453 3402 525 Apollonium
3455 453 3762 524 profectum

463 595 467 608 .
516 548 792 618 apostolos
841 558 896 604 et
942 549 1270 620 apostolicos
1311 549 1474 611 viros,
1545 562 1775 617 quorum
1840 549 2098 602 honorem

514 644 874 712 possidentes,
939 643 1142 698 habere
1187 643 1428 696 nitantur
1482 649 1536 695 et
1576 641 1862 694 meritum.
1891 661 1908 692 ι
1969 640 2101 694 ltcm

513 734 568 787 in
598 733 824 804 epistola
849 735 915 788 ad
943 733 1351 790 Pammachium
1381 733 1446 788 de
1475 734 1682 804 optimo
1711 747 1907 804 genere
1935 733 2103 787 inter-

513 825 756 894 prctandi
782 825 859 878 ait
891 841 904 878 :
944 844 961 876 ι
994 825 1168 878 Lucas
1200 824 1283 876 vir
1323 823 1654 893 apostolicus
1688 831 1742 875 et
1772 822 2100 892 evangelista

519 917 711 970 scribit
755 917 1088 987 Stephanum
1158 916 1390 986 primum
1439 915 1641 970 Christi
1691 925 1984 986 martyrem
2044 915 2097 970 in

513 1004 740 1061 Judaica
800 1009 1062 1063 concione
1115 1016 1456 1073 narrantem,
1525 1015 1581 1061 et
1634 1018 1850 1062 ctetera.
1892 1027 1910 1060 ι
1966 1007 2097 1062 Item

509 1097 566 1152 in
608 1098 796 1152 eadem
831 1117 844 1154 :
894 1116 912 1149 ι
953 1097 1187 1164 Marcus,
1233 1097 1428 1168 inquit,
1490 1097 1786 1168 discipulus
1839 1097 1984 1153 Petri
2025 1100 2097 1152 ita

479 1197 673 1241 ‘suum
713 1188 925 1243 orditur
966 1188 1314 1258 Evangelium
1373 1205 1386 1240 :
1443 1187 1772 1256 Principium
1825 1187 2098 1258 Evangelii

509 1277 641 1333 Jesu
681 1278 908 1347 Christi,
943 1299 963 1332 ι
1007 1291 1062 1335 et
1101 1291 1318 1335 canora.
1372 1278 1517 1346 Quos
1563 1280 1818 1335 Ecclesia:
1869 1295 2096 1336 consue-

508 1371 637 1426 tudo
661 1371 713 1426 in
754 1373 943 1427 ordine
983 1370 1346 1442 apostolorum
1390 1371 1444 1424 in
1487 1370 1692 1426 litaniis
1733 1371 1914 1435 refert,
1945 1382 1998 1426 et
2026 1371 2093 1424 de

505 1463 586 1517 eis
623 1463 860 1532 psalmos
901 1472 955 1518 et
1005 1462 1332 1517 cantilenam
1381 1463 1730 1532 apostolicam
1773 1463 1991 1532 promit,
2037 1473 2096 1518 ut

497 1551 612 1619 jam
645 1555 846 1608 dictum
875 1563 978 1618 est,
1020 1553 1144 1609 licet
1178 1555 1448 1622 hodieque
1485 1569 1514 1606 a
1560 1555 1806 1623 pluribus
1836 1555 2093 1610 Ecclesiis

503 1659 599 1712 per
631 1645 895 1698 incuriam
937 1646 1040 1700 hoc
1070 1659 1177 1698 non
1211 1645 1554 1699 observetur.
1595 1644 1694 1712 Qui
1723 1660 1878 1699 error
1902 1646 2090 1699 huma-

501 1749 605 1788 nus
630 1743 735 1798 est,
767 1734 1074 1788 intellectus
1103 1749 1230 1788 vero
1265 1743 1321 1790 et
1354 1735 1658 1789 emendatio
1699 1733 1856 1803 hujus
1884 1737 2090 1792 erroris

2181 549 2377 602 fuisse?
2417 548 2523 602 Nec.
2559 548 2879 617 derogamns
2919 547 3019 610 eis,
3059 547 3151 601 sed
3184 547 3273 614 qni
3316 547 3588 602 subtiliter
3619 549 3766 601 veri-

2179 650 2340 695 tatem
2373 649 2756 711 perscrutatur,
2788 641 3030 694 invenire
3056 648 3234 708 potest
3264 638 3561 692 Martialem
3593 649 3763 694 totam

2177 732 2520 800 Aquitaniam
2551 732 2766 785 Christo
2797 731 3097 784 subdidisse
3123 730 3265 784 sicut
3295 729 3620 798 apostolum,
3653 747 3764 784 non

2177 823 2350 878 solum
2390 823 2788 878 Lemovicinum
2825 824 2966 876 sicut
3006 822 3164 876 unius
3204 823 3505 884 thin-escas
3543 823 3764 891 episco-

2179 933 2322 988 pum.
2367 917 2490 973 ldeo
2529 918 2670 973 sicut
2704 932 2770 971 ex
2811 917 2920 970 Deo
2959 931 3142 970 coram
3183 916 3294 969 Deo
3335 917 3386 970 in
3425 917 3646 970 Christo
3685 916 3764 970 lo-

2177 1021 2402 1078 quentes
2438 1011 2492 1064 in
2519 1012 2748 1065 veritate
2776 1012 2818 1064 si
2851 1009 3097 1064 dicamus
3127 1023 3249 1063 cum
3289 1009 3636 1076 Apostolum;
3669 1009 3764 1079 qui

2179 1116 2306 1154 vero
2333 1112 2450 1170 post
2481 1117 2601 1154 eum
2629 1113 2850 1155 ειριετοε
2881 1100 3115 1169 episcopi
3159 1114 3256 1170 per
3283 1100 3512 1154 Galliam
3547 1099 3768 1153 fuerunt

2175 1202 2229 1247 et
2265 1208 2433 1263 usque
2477 1194 2528 1247 in
2581 1197 2739 1248 linem
2783 1195 2964 1248 mundi
3015 1194 3178 1248 futuri
3229 1202 3389 1257 sunt,
3437 1193 3766 1262 apostolitos

2178 1287 2355 1346 viros.
2385 1289 2508 1342 licet
2544 1297 2599 1342 et
2627 1303 2813 1342 omnes
2849 1288 3082 1358 episcopi
3119 1288 3292 1342 sancti
3334 1297 3383 1340 et
3429 1304 3532 1341 non
3566 1288 3763 1350 sancti,

2177 1387 2440 1432 Vcccntur
2471 1387 2524 1431 et
2564 1378 2669 1431 sint
2698 1379 2956 1446 apostoli,
2989 1378 3127 1432 sicut
3154 1378 3510 1448 probabiliter
3539 1393 3764 1447 possum

2175 1469 2484 1524 ostendere.
2542 1469 2672 1524 Nam
2723 1481 2920 1540 praeter
2964 1472 3106 1525 hunc
3157 1471 3372 1524 modum
3421 1485 3529 1539 quo
3571 1485 3766 1523 onnzes

2175 1563 2412 1631 episcopi
2457 1573 2584 1616 sunt
2628 1572 2682 1617 et
2722 1563 2900 1617 vocari
2947 1572 3172 1632 possunt
3217 1561 3477 1630 apostoli,
3526 1576 3632 1630 qua
3686 1577 3771 1613 ra-

2178 1652 2324 1708 tione
2367 1653 2690 1723 Apollinaris
2726 1663 2809 1707 est
2869 1653 3138 1721 apostolus
3161 1675 3179 1713 ,ο
3235 1667 3357 1705 cum
3399 1650 3513 1719 jatn
3569 1651 3768 1704 Petrus

2176 1744 2342 1799 ltalize
2371 1745 2608 1816 regioni,
2637 1743 2790 1813 cujus
2818 1745 3008 1799 civitas
3035 1753 3119 1798 est
3155 1742 3440 1807 Ravenna,
3466 1741 3580 1810 jam
3612 1742 3769 1810 prior

500 1823 855 1893 prudentium
904 1835 1020 1886 est;
1068 1839 1193 1878 nam
1239 1840 1426 1878 eorum
1473 1835 1526 1880 et
1561 1825 1815 1880 similium
1849 1841 2080 1882 comme-

2182 1813 2458 1906 przndicari
2488 1837 2774 1907 cmpisset?
2806 1855 2823 1888 ι

499 1915 834 1980 moratione,
867 1930 1098 1984 quorum
1142 1915 1358 1970 nomina
1399 1931 1496 1986 per
1539 1915 1756 1970 litanias
1800 1917 1850 1970 in
1897 1917 2086 1971 ordine

499 2005 868 2073 tpostolurum
914 2006 1354 2074 pronuntiantur,
1385 2004 1604 2074 psalmi,
1633 2020 1841 2070 versus,
1877 2005 2082 2077 hymni,

497 2097 845 2166 responsoria
877 2107 930 2150 et
965 2097 1274 2167 antiphonte
1301 2097 1686 2167 congruentius
1716 2097 2082 2167 apostolorum

497 2205 663 2260 quam
711 2189 1083 2245 confessorum
1139 2189 1222 2244 vel
1279 2198 1582 2260 martyrum
1641 2188 1998 2260 proferuntur
2053 2205 2084 2243 a

495 2273 940 2350 prudentioribus
972 2281 1356 2338 ecclesiasticis
1385 2283 1535 2336 viris.
1569 2281 1674 2336 Sed
1715 2290 1771 2336 ct
1802 2282 1914 2351 ipse
1948 2297 2083 2352 papa

495 2371 812 2442 Gregorius,
845 2373 936 2441 qui
965 2373 1124 2442 longe
1149 2384 1270 2443 post
1295 2381 1534 2444 tempora
1567 2373 1933 2444 apostolorum
1961 2374 2081 2439 fuit,

497 2468 709 2519 tametsi
740 2466 962 2520 minime
1005 2465 1120 2535 ipse
1157 2466 1225 2521 ad
1269 2466 1567 2536 Anglorum
1605 2467 1960 2537 provinciam,
1993 2467 2083 2523 ubi

494 2555 756 2609 hactenus
811 2556 990 2612 nullus
1042 2565 1352 2612 accesserat
1405 2558 1756 2627 praedicator,
1808 2559 2084 2629 profectus

497 2647 592 2711 sit,
623 2647 714 2700 sed
759 2645 1144 2717 praedicatores
1187 2647 1415 2712 miserit,
1459 2657 1636 2703 tamen
1680 2649 1808 2719 quia
1849 2645 1965 2716 ejus
2007 2648 2085 2702 la-

494 2740 627 2796 bore
667 2749 720 2795 et
745 2740 1024 2810 juvamine
1066 2743 1303 2797 maximo
1339 2740 1498 2796 [idem
1539 2750 1912 2812 susceperunt,
1943 2742 2084 2812 apud

493 2834 712 2888 eosdem
761 2833 964 2905 Anglos
1007 2834 1200 2890 merito
1252 2834 1526 2904 apostolus
1566 2833 1899 2904 appellatur,
1957 2834 2083 2902 quia

491 2923 752 2993 quidquid
786 2934 906 2994 post
941 2939 1066 2980 eum
1109 2923 1199 2978 alii
1248 2924 1630 2994 praedicatores
1673 2922 2080 2988 laboraverunt,

493 3025 666 3085 totum
693 3017 740 3070 ei
770 3018 1078 3087 deputatur.
1104 3014 1160 3069 Si
1191 3030 1320 3086 ergo
1349 3013 1644 3086 Gregorius
1667 3021 1790 3083 post
1818 3014 2084 3084 quingen-

493 3117 578 3162 tos
601 3123 776 3163 annos
803 3123 832 3161 a
863 3117 1103 3178 tempore
1133 3107 1430 3176 primorum
1469 3104 1837 3176 apostolorum
1868 3111 2082 3179 aposta-

489 3198 575 3257 lus
604 3199 802 3258 meruit
838 3213 956 3258 esse
995 3210 1045 3258 et
1075 3197 1380 3274 ptmdicari,
1409 3203 1536 3274 quia
1568 3202 1719 3273 signa
1747 3199 2082 3271 apostolatus

491 3296 675 3361 habet,
711 3312 808 3349 cur
834 3295 1095 3349 Martialis
1123 3311 1228 3351 non
1260 3295 1430 3350 multo
1462 3293 1634 3364 magis
1662 3301 1746 3347 est
1784 3290 2080 3361 apostolus,

487 3386 581 3454 qui
612 3400 713 3438 una
751 3400 872 3440 cum
907 3385 1067 3440 Petro
1105 3387 1172 3440 ab
1218 3383 1559 3440 Hierusalem
1612 3383 1878 3452 incipiens
1928 3381 2085 3437 testis

489 3477 709 3530 Christo
746 3476 845 3531 fuit
875 3477 927 3531 in
961 3475 1298 3531 Hierusalem
1326 3485 1380 3531 et
1412 3477 1462 3530 iu
1498 3475 1644 3530 omni
1675 3473 1859 3528 Judrca
1890 3483 1943 3529 ct
1975 3473 2082 3530 Sa-

489 3567 682 3630 maria,
717 3575 771 3620 et
818 3582 988 3638 usque
1024 3568 1090 3622 ad
1129 3568 1377 3623 ultimum
1420 3575 1600 3633 terrae,
1638 3574 1691 3621 et
1717 3563 1944 3620 Galliam
1972 3565 2086 3635 pri-

489 3674 610 3712 ntus
678 3658 988 3714 illuminans
1037 3653 1264 3714 omnem
1328 3660 1680 3728 Aquitaniam
1745 3659 2082 3728 provinciam

489 3752 780 3821 acquisivit
808 3751 1065 3806 Christo?
1095 3749 1247 3818 cujus
1278 3750 1614 3819 signaculum
1657 3749 1989 3818 apostolatus
2029 3750 2080 3800 in

488 3842 718 3896 Domino
741 3843 932 3896 eadem
957 3841 1248 3910 Aquitania
1273 3850 1357 3895 est
1385 3855 1554 3909 usque
1586 3841 1638 3892 in
1668 3839 1826 3894 linem
1860 3840 2078 3904 mundi;

484 3933 691 4003 absque
727 3933 890 3987 dubio
937 3932 1082 3986 enim
1134 3932 1246 4000 ipse
1293 3931 1345 3984 in
1397 3944 1459 3984 ea
1494 3929 1738 3982 fundavit
1787 3928 2077 3994 Ecclesias,

483 4039 538 4081 et
566 4029 774 4099 primus
815 4026 867 4079 in
899 4026 980 4079 eis
1030 4040 1126 4095 per
1173 4024 1420 4078 civitates
1449 4023 1730 4077 constituit
1775 4022 2076 4092 episcopos.

484 4122 603 4178 Non
641 4121 785 4174 enim
821 4119 1028 4188 primus
1078 4117 1337 4172 Arvernis
1385 4116 1600 4186 praefuit
1647 4116 1932 4185 episc0pns
1972 4116 2082 4169 Au-

483 4211 836 4273 stremonins,
868 4224 968 4263 nec
997 4207 1283 4262 Turonicis
1310 4206 1603 4271 Martinus,
1636 4221 1808 4276 nequc
1843 4207 2080 4262 Pictavis

489 4309 746 4363 Hilarius.
780 4307 923 4361 ldem
969 4315 1022 4360 et
1066 4305 1130 4358 de
1174 4303 1293 4358 aliis
1325 4303 1655 4358 civitatibus.
1700 4303 1833 4356 Nam
1883 4301 2079 4374 Diony-

485 4402 600 4456 sius
627 4399 857 4469 primum
895 4394 1071 4458 Pauli,
1110 4394 1304 4449 deinde
1343 4395 1638 4449 Clementis
1681 4391 1976 4463 discipulus
2009 4394 2077 4446 ab

483 4507 554 4546 eo
583 4488 814 4544 Galliam
847 4487 1078 4549 missus,
1109 4485 1316 4554 primus
1346 4483 1588 4538 Parisius
1622 4482 1837 4554 prtcfuit
1865 4483 2074 4552 episco-

407 4614 412 4618 -
485 4600 608 4656 pus,
635 4582 724 4636 ubi
756 4580 994 4656 nondum.
1022 4587 1141 4633 erat
1170 4577 1429 4632 Ecclesia.
1459 4575 1594 4630 Nam
1623 4577 1874 4645 antiquas
1897 4577 2073 4640 sedes,

423 4667 429 4671 ’
485 4675 815 4732 'l‘uronicam
861 4673 914 4726 in
964 4673 1171 4726 honore
1217 4671 1389 4724 sancti
1437 4669 1604 4734 Petri,
1637 4669 1978 4724 Aurelianatn
2021 4669 2074 4723 in

427 4775 429 4778 ‘
488 4769 696 4822 honore
724 4761 1196 4832 sanetiStcphani,
1231 4761 1486 4816 Martialis
1515 4761 1790 4830 apostolus
1819 4761 2076 4816 fundave-

487 4870 598 4922 rat;
628 4873 747 4927 quze
789 4863 968 4924 postea
1005 4864 1224 4907 tnutattc
1245 4864 1402 4920 sunt,
1433 4871 1538 4908 una
1573 4855 1624 4908 in
1657 4855 1863 4909 honore
1901 4857 2072 4909 sancti

485 4951 756 5015 Mauricii,
788 4949 954 5002 altera
1002 4947 1055 5001 in
1088 4947 1294 5002 honore
1324 4959 1524 5004 saneta:
1556 4949 1909 5016 Crucis.Qui,
1943 4964 2074 5018 quo-

486 5047 630 5100 niam
667 5049 790 5110 post
819 5056 942 5094 eum
975 5039 1140 5102 venit,
1173 5053 1276 5093 non
1303 5040 1627 5109 praedicatur
1653 5040 1944 5110 apostolus,
1979 5038 2073 5093 sed

485 5138 570 5174 vir-
621 5131 967 5174 nnnclnlimm-
1024 5130 1174 5174 Lippi.
1235 5139 1412 5174 autem
1463 5131 1786 5174 Saturninum
1831 5146 2075 5174 cnmmnc

2246 1929 2326 1983 Ad
2356 1931 2471 1984 htec
2507 1931 2748 1984 medicus
2789 1928 3064 1998 respondit
3095 1946 3107 1982 :
3146 1945 3164 1979 ι
3204 1927 3346 1982 Ecce
3382 1925 3645 1981 Martialis
3683 1934 3770 1980 est

2179 2018 2468 2076 aoostolus.
2497 2017 2588 2072 sed
2617 2019 2738 2074 auis
2761 2027 2842 2072 est
2869 2018 3198 2073 apostolatus
3226 2015 3379 2071 eius?
3410 2037 3427 2068 ι
3456 2016 3593 2070 Tum
3618 2031 3722 2074 ego
3751 2031 3764 2067 :

2191 2117 2207 2148 ι
2229 2098 2399 2154 Gallia
2417 2098 2651 2168 proprie,
2668 2099 2794 2168 quia
2812 2099 2923 2168 ipse
2938 2099 3146 2168 primus
3169 2113 3291 2152 eam
3321 2099 3598 2169 ingressus
3623 2107 3728 2154 est.
3756 2118 3774 2149 ι

2184 2190 2252 2245 Ει
2276 2191 2361 2245 ille
2393 2208 2406 2244 :
2445 2210 2462 2241 ι
2491 2190 2752 2254 Mentiris,
2784 2191 2979 2260 inquit,
3010 2207 3132 2244 nam
3157 2190 3332 2246 Gallia
3376 2191 3444 2246 de
3470 2191 3777 2260 apostolatu

2185 2281 2326 2336 Petri
2355 2295 2456 2336 est.
2483 2301 2502 2333 ›
2533 2282 2599 2336 Et
2626 2296 2752 2351 ego:
2783 2300 2800 2333 t
2829 2280 2997 2336 Totus
3019 2283 3283 2347 mundus,
3311 2298 3414 2337 non
3443 2283 3554 2337 sola
3571 2282 3775 2346 Gallia,

2183 2371 2250 2426 de
2279 2371 2576 2440 apostolatu
2605 2371 2750 2426 Petri
2765 2380 2884 2437 est;
2917 2387 3039 2425 nam
3062 2373 3278 2442 proprie
3296 2373 3394 2443 ipsi
3419 2373 3599 2428 claves
3622 2374 3776 2443 regni

2183 2466 2446 2521 caelorum
2467 2466 2676 2520 tradita:
2693 2475 2819 2521 sunt
2841 2475 2898 2520 et
2919 2481 3116 2536 pascua
3134 2469 3314 2522 ovium
3328 2467 3553 2522 Christi.
3570 2465 3776 2523 Verum

2182 2559 2397 2628 proprie
2413 2559 2743 2628 apostolatus
2762 2558 2878 2627 ejus
2903 2568 2986 2614 est
3009 2559 3185 2623 Italia,
3204 2561 3330 2629 quia
3358 2575 3479 2615 eam
3505 2561 3766 2631 praedica-

2183 2649 2278 2717 vit,
2295 2651 2418 2705 etin
2444 2650 2781 2720 eapccubuit
2809 2659 2864 2705 et
2893 2650 2946 2704 in
2973 2649 3385 2719 ea-jacet.ltaet
3411 2651 3633 2721 proprie
3647 2649 3761 2705 Gal-

2182 2743 2254 2798 lia
2271 2742 2604 2814 apostolatus
2630 2753 2714 2799 est
2736 2744 3018 2809 Martialis,
3051 2745 3177 2814 quia
3201 2759 3320 2799 eam
3341 2745 3552 2813 primus
3575 2743 3778 2798 illumi-

2184 2835 2332 2888 navit
2359 2836 2688 2890 annuntians
2703 2836 2988 2891 Dominum
3011 2833 3194 2890 Jesum
3212 2836 3516 2901 Christum,
3543 2844 3597 2891 et
3623 2836 3678 2889 in
3709 2852 3774 2891 ea

2181 2927 2434 2982 occubuit
2475 2935 2530 2985 et
2573 2928 2628 2986 in
2671 2943 2735 2987 ea
2767 2926 2937 3000 ‘jacet.
2994 2927 3070 2986 lta
3115 2927 3339 3002 proprie
3388 2927 3647 3002 Hispania
3691 2937 3776 2986 est

2183 3015 2516 3086 apostolatus
2540 3020 2756 3087 Jacobi,
2795 3023 2920 3077 licet
2947 3038 3052 3076 non
3078 3038 3198 3078 eam
3230 3024 3343 3091 ipse
3366 3022 3773 3092 prtedicaverit,

2183 3108 2278 3166 Sed
2305 3115 2428 3182 quia
2462 3128 2657 3183 corpus
2684 3112 2800 3182 ejus
2825 3127 2922 3182 per
2949 3127 3098 3166 mare
3133 3124 3340 3182 septem
3374 3113 3626 3182 discipuli
3654 3113 3776 3182 ejus

2186 3201 2493 3259 Gallteciam
2545 3203 2889 3268 advehentes,
2943 3204 3105 3273 primi
3162 3205 3216 3258 in
3251 3204 3511 3273 Hispania
3566 3204 3774 3259 Christi

2185 3311 2380 3352 nomen
2440 3296 2929 3360 annuniaverunt,
2981 3305 3037 3350 et
3082 3297 3152 3351 ibi
3211 3295 3541 3367 sepelierunt
3594 3296 3775 3366 magi-

2185 3389 2283 3444 stri
2337 3403 2550 3457 corpus.
2611 3385 2745 3440 Nam
2813 3387 2914 3441 etsi
2981 3385 3240 3442 Martialis
3301 3387 3579 3456 proprium
3642 3401 3760 3456 apo

2184 3478 2439 3536 stolatum
2493 3493 2598 3532 non
2657 3478 2882 3542 haheat,
2936 3477 3074 3532 sicut
3120 3477 3308 3546 procul
3361 3477 3524 3531 dubio
3572 3476 3771 3540 habet,

2183 3587 2248 3627 eo
2295 3571 2437 3641 quod
2501 3581 2678 3625 tamen
2733 3571 2800 3624 ab
2859 3569 3028 3639 ipsius
3081 3585 3177 3624 ore
3226 3571 3427 3625 Christi
3493 3571 3544 3624 in
3602 3585 3777 3624 carne

2183 3672 2502 3733 potestatem
2575 3661 2775 3731 ligandi
2843 3669 2898 3715 et
2965 3660 3203 3714 solvendi
3270 3661 3481 3730 accepit
3557 3676 3775 3730 nequa-

2184 3769 2344 3824 quam
2400 3751 2644 3822 profecto
2702 3752 3006 3822 privaretur
3059 3752 3276 3806 nomine
3353 3753 3608 3821 apostoli.
3660 3753 3772 3806 Re-

2184 3846 2387 3916 Spondc
2435 3845 2634 3898 etenim
2679 3845 2855 3909 mihi,
2916 3843 3037 3914 quis
3067 3853 3150 3897 est
3195 3844 3530 3913 apostolatus
3579 3843 3776 3898 Pauli?

2181 3935 2550 4006 Apostolatum
2599 3932 2859 3988 Barnahae
2896 3943 2950 3987 et
2995 3933 3154 3987 Lucae
3199 3943 3254 3987 ct
3283 3932 3524 3988 Oncsimi
3557 3943 3612 3987 et
3643 3935 3773 3987 Silm

2183 4037 2236 4081 et
2269 4026 2536 4080 Timothei
2587 4025 2813 4079 ostende
2859 4025 3028 4088 mihi,
3065 4025 3189 4094 quia
3236 4034 3286 4079 et
3335 4026 3470 4080 istos
3521 4025 3768 4080 Ecclesia

2183 4117 2443 4188 prmdicat
2473 4115 2798 4185 apostolos.»
2851 4116 2951 4181 Qui
3003 4131 3124 4170 cum
3171 4125 3398 4182 taceret,
3431 4118 3557 4172 aio:
3599 4134 3618 4168 α
3652 4117 3770 4172 Etsi

2183 4209 2257 4264 illi
2291 4208 2650 4278 apostolatnm
2681 4208 2958 4278 proprium
2993 4223 3097 4261 non
3131 4207 3353 4274 habent,
3405 4217 3587 4263 tamen
3635 4223 3768 4278 apo-

2181 4301 2302 4358 stoli
2333 4309 2479 4356 recte
2509 4300 2894 4370 prartlicamur,
2932 4301 3058 4370 quia
3111 4298 3343 4354 cilicium
3394 4301 3765 4371 apostolorum

2181 4392 2648 4463 adimpleverunt,
2701 4391 2752 4444 id
2799 4400 2882 4445 est
2928 4391 3179 4461 gentibus
3227 4393 3764 4462 evangelizaverunt.

2183 4483 2289 4538 Nec
2315 4485 2458 4538 enim
2488 4498 2678 4537 omnes
2699 4483 2938 4552 episcopi
2969 4483 3214 4552 proprias
3241 4485 3400 4537 sedes
3431 4484 3765 4550 habuerunt,

2182 4591 2281 4631 nec
2315 4590 2504 4630 omnes
2528 4575 2831 4644 presbyteri
2859 4574 3105 4643 preprias
3136 4574 3415 4639 ecclesias,
3449 4592 3549 4630 nec
3572 4591 3766 4632 omnes

2179 4670 2405 4724 abbatcs
2459 4667 2674 4737 propria
2729 4667 3082 4720 monasteria.
3136 4665 3388 4735 Plerique
3433 4667 3600 4720 etiam
3644 4669 3764 4738 epi-

2178 4760 2324 4830 scopi
2357 4758 2765 4826 dcreliqueruut
2795 4756 3138 4826 episcopatus
3173 4772 3300 4810 suos
3329 4757 3581 4826 proprios
3605 4798 3620 4821 ,
3664 4772 3766 4810 nec

2181 4863 2359 4908 tamen
2405 4852 2474 4906 ob
2529 4851 2630 4904 hoc
2681 4849 2917 4918 episcopi
2969 4864 3162 4904 nomen
3218 4851 3542 4904 amiserunt.
3587 4849 3681 4904 Sic
3711 4862 3766 4904 et

2180 4942 2426 4999 nonnulli
2456 4959 2522 4997 ex
2551 4941 2811 5012 apostolis
2861 4941 2978 4994 sine
3023 4942 3327 5010 apostolatu
3378 4943 3598 5011 proprio
3648 4942 3760 4995 fue—

2179 5043 2324 5098 runt,
2352 5043 2406 5087 et
2439 5041 2616 5085 tamen
2643 5029 2869 5100 apostoli
2916 5040 3060 5084 sunt.
3107 5031 3242 5096 Quia
3287 5047 3418 5085 vero
3451 5033 3569 5086 sine
3597 5032 3762 5086 dubio

2176 5125 2347 5172 Gallia
2404 5122 2622 5172 nronrie
2673 5120 3010 5170 anostolatns
3058 5131 3141 5168 est
3188 5121 3450 5168 Martialis
3499 5131 3609 5166 lmn
3665 5123 3755 5166 np:
