4032 5416
260 325 356 382 43!
1520 310 1738 376 EPIST.
1779 316 1867 374 DE
1897 317 1954 374 s.
1985 317 2334 376 MARTIALI.
3396 300 3502 373 ιοεὶ

267 436 407 492 ιιιὶηο
432 441 488 487 ει
516 435 745 501 cogente
779 424 941 490 Petro
971 426 1252 501 ingressus
1291 437 1375 484 est
1420 430 1829 501 evangelizare;
1863 436 1906 493 Α
1940 428 2087 486 Unde
2114 444 2233 486 sunt
2258 433 2373 486 ista:
2393 431 2658 501 pictum?
2686 431 2776 486 tlle
2820 432 3005 487 videns
3029 430 3323 487 Martialem
3352 433 3509 487 mini:-

267 527 479 594 insupcr
500 521 646 591 quod
702 520 843 574 bene
891 520 1076 590 coepit,
1127 519 1320 576 melius
1360 522 1752 588 perseveravit,
1783 530 1839 575 et
1938 532 2200 577 strantem
2228 523 2453 578 Domino
2479 524 2550 577 ad
2574 525 2906 586 inaudatum,
2930 532 2985 578 et
3015 532 3240 578 racteras
3270 522 3510 594 picturas

264 616 614 689 apostolatum
642 610 945 683 proprium,
976 612 1028 667 id
1077 620 1163 665 est
1207 612 1435 681 gratiam
1467 621 1523 667 et
1552 612 1840 666 annnntia-
1938 614 2076 668 sicut
2104 614 2301 683 legitur
2325 614 2378 669 in
2405 612 2524 682 ejus
2550 611 2693 679 Vita,
2738 613 2935 668 rubore
2982 613 3239 670 confusus
3261 629 3366 669 non
3394 614 3511 669 sine

267 712 458 765 tionem
511 704 633 759 tldel
699 703 752 757 in
804 702 1058 773 gentibus
1110 700 1409 756 Galliarum
1469 715 1569 770 pro
1618 701 1840 757 nomine
1937 705 2176 759 omnium
2203 705 2292 774 qui
2316 705 2750 760 aderantderisu
2775 704 3048 775 professus
3067 714 3148 759 est
3172 704 3513 759 mendacium

263 796 455 853 Christi
495 795 676 849 habet.
729 789 885 847 Unde
934 792 1025 861 qui
1073 807 1197 846 eum
1242 792 1522 846 contendit
1572 805 1679 845 non
1722 804 1842 845 esse
1939 810 2149 850 suum.»
2191 796 2429 851 Medicus
2452 811 2586 852 vero
2622 796 2689 850 ad
2739 797 2852 852 haec
2882 817 2894 852 :
2927 817 2945 851 ς
2971 796 3028 852 In
3057 813 3164 852 uno
3187 796 3302 851 solo
3331 804 3515 851 vetere

263 886 584 959 apostolum,
635 898 853 939 necesse
883 892 969 938 est
996 883 1292 938 contendat
1338 882 1544 936 nullum
1571 896 1692 938 esse
1712 896 1842 952 apo-
1942 884 2082 940 libro
2106 885 2191 940 vel
2227 887 2280 939 in
2309 885 2512 943 litaniis
2552 887 2599 943 si
2643 887 2880 956 potueris
2907 903 3029 943 eum
3074 887 3203 942 mihi
3230 884 3516 942 ostendere

262 980 449 1036 stolum
479 978 583 1032 nisi
618 975 996 1031 tantummodo
1039 975 1322 1029 duodecim
1348 1013 1364 1038 ,
1394 983 1450 1028 et
1475 982 1534 1026 ut
1563 974 1720 1027 radat
1749 989 1842 1029 no-
1938 979 2202 1047 scriptum
2247 978 2569 1048 apostolum.
2623 980 2897 1036 credam.»
2930 978 3084 1047 Quod
3115 994 3240 1033 cum
3276 978 3330 1033 in
3351 976 3517 1048 pluri-

262 1088 376 1128 men
423 1071 581 1125 Pauli
625 1072 691 1126 de
735 1069 939 1125 litaniis
978 1070 1045 1125 de
1068 1069 1261 1124 ordine
1300 1065 1693 1139 apostolorum,
1741 1082 1841 1122 πιο-
1944 1069 2045 1123 bus
2096 1069 2382 1123 ostendere
2432 1084 2644 1140 possem
2673 1112 2689 1135 ,
2743 1071 2959 1142 gavisus
3021 1070 3172 1125 dixi:
3217 1087 3236 1122 ι
3268 1069 3402 1125 Veni
3449 1069 3518 1124 ad

262 1166 396 1218 mina
422 1162 710 1225 Barnabze,
740 1160 1012 1231 Cleophse,
1062 1159 1226 1213 Marci
1280 1168 1334 1214 et
1385 1158 1545 1213 Luca:
1572 1167 1627 1212 et
1657 1156 1842 1212 Timo-
1944 1159 2359 1224 monasterium,
2385 1168 2439 1213 et
2465 1160 2605 1215 vide.
2633 1181 2652 1212 ι
2678 1161 2772 1216 llle
2797 1162 2985 1227 noluit,
3016 1162 3141 1233 quia
3163 1162 3320 1233 longe
3338 1162 3520 1232 hospi-

262 1257 363 1312 tbei
390 1296 405 1321 ,
458 1254 704 1311 Onesimi
760 1263 815 1308 et
872 1252 998 1308 Silze
1050 1262 1104 1307 et
1134 1251 1324 1317 ludat,
1379 1259 1435 1305 et
1479 1248 1845 1315 universalem
1949 1250 2084 1304 tium
2117 1249 2372 1315 habebat,
2401 1260 2455 1304 et
2493 1250 2731 1306 crastino
2772 1252 2896 1307 inde
2940 1252 3007 1308 ad
3054 1253 3157 1308 alia
3201 1252 3316 1309 loca
3365 1253 3517 1308 abiit.

263 1346 658 1400 invocationem
685 1359 790 1414 qua
823 1341 1063 1397 dicitur:
1096 1340 1288 1396 Omnes
1325 1340 1493 1394 sancti
1532 1337 1753 1409 apostoli
1796 1347 1846 1393 et
1949 1341 2098 1398 Dixit
2132 1344 2296 1397 etiam
2345 1343 2517 1398 mlhi:
2556 1362 2574 1395 ι
2608 1344 2719 1415 Ego
2763 1345 2885 1415 plus
2933 1360 3097 1416 quam
3146 1346 3233 1400 alii
3274 1346 3523 1400 homines

260 1436 589 1513 erangelis‘tw
640 1445 687 1489 et
751 1432 994 1504 discipuli
1034 1433 1283 1499 Domini,
1335 1426 1509 1488 et'sit
1555 1430 1846 1485 licerelicus
1940 1450 2109 1490 causa
2141 1434 2422 1489 medicina;
2451 1435 2725 1491 circumeo
2749 1436 2913 1490 multa
2958 1436 3097 1501 loca,
3138 1445 3193 1491 et
3226 1424 3383 1491 audio
3420 1437 3523 1491 hoc

263 1531 568 1587 llebionita.
601 1528 699 1584 Cui
752 1544 852 1584 nos
894 1526 1147 1582 catholici
1196 1539 1539 1597 nequaquam
1576 1524 1849 1595 patiemur
1946 1524 2226 1594 reprobari
2251 1525 2319 1579 ab
2343 1524 2614 1588 omnibus,
2641 1534 2747 1578 eta
2776 1525 2923 1579 nullo
2945 1525 3176 1590 laudari,
3210 1534 3265 1579 et
3290 1524 3524 1580 maxime

263 1623 636 1694 acquiescere,
672 1622 765 1676 sed
797 1620 1026 1691 vestigia
1078 1619 1319 1688 priorum
1362 1616 1588 1671 Patrum
1616 1628 1846 1684 sequen—
1947 1622 2171 1684 propter
2197 1614 2546 1669 Benedictum
2595 1613 2832 1683 priorem
2877 1614 2967 1684 qui
3016 1614 3381 1670 contradictor
3416 1623 3523 1680 est,

262 1722 358 1778 tes,
382 1728 584 1768 nomen
606 1710 873 1766 Martialis
910 1710 961 1765 in
1009 1709 1201 1764 ordine
1235 1706 1599 1778 apostolorum
1626 1705 1842 1760 invoca-
1950 1704 2044 1775 qui
2086 1702 2319 1759 afﬁrmat
2359 1706 2611 1761 omnibus
2657 1715 2877 1776 propter
2906 1706 3008 1760 hoc
3032 1706 3362 1761 nasciturum
3402 1708 3527 1761 esse

259 1803 483 1860 bimus.»
518 1805 607 1859 Ad
655 1805 771 1861 hcce
817 1803 1057 1858 medicus
1107 1803 1184 1856 ait
1209 1816 1224 1855 :
1298 1819 1316 1852 ι
1345 1799 1670 1855 Benedictus
1715 1799 1848 1856 dicit
1876 1788 1923 1851 Β
1951 1798 2020 1853 ab
2048 1798 2150 1856 hoc
2178 1814 2348 1870 usque
2377 1802 2443 1856 ad
2471 1802 2709 1871 quinque
2734 1816 2905 1856 annos
2933 1815 3186 1871 magnum
3212 1800 3526 1855 scandalum

265 1913 362 1952 non
390 1912 515 1954 esse
566 1897 712 1952 hanc
755 1896 1148 1951 invocationem
1182 1893 1416 1948 aliorum
1465 1891 1557 1961 qui
1588 1906 1696 1947 non
1724 1902 1850 1947 sunt
1887 1888 2005 1978 ‘in
2037 1890 2155 1945 loco
2180 1889 2350 1945 sancti
2390 1888 2673 1955 Martialis,
2721 1898 2777 1944 et
2825 1898 3108 1943 venturam
3157 1890 3230 1944 ibi
3275 1904 3529 1960 magnam

268 1991 553 2055 nominati,
580 1989 677 2045 sed
700 1988 1077 2047 collectionem
1128 1987 1221 2057 qui
1255 1984 1369 2056 jam
1421 1992 1546 2041 sunt
1587 1984 1853 2039 nominati
1951 1982 2410 2052 persecutionem,
2437 1982 2562 2051 quia
2595 1981 2869 2036 orationes
2899 1980 2966 2035 de
3000 1980 3116 2050 ipso
3142 1979 3283 2035 sicut
3312 1978 3383 2033 illi
3412 1994 3531 2048 pro-

264 2083 654 2153 apostolorum.
679 2102 697 2135 ι
751 2083 820 2138 Ει
862 2097 963 2153 ego
1007 2064 1298 2152 respondi:
1361 2098 1381 2131 ι
1413 2078 1668 2135 Diabolus
1713 2078 1852 2137 male
1952 2074 2155 2140 ferunt,
2197 2090 2304 2130 non
2338 2084 2465 2130 sunt
2494 2073 2603 2129 Deo
2630 2073 3048 2143 acceptabiles.)
3094 2070 3200 2132 Εεεξ
3245 2084 3381 2148 ego:
3438 2095 3455 2125 ι
3485 2076 3530 2131 Ο

265 2171 655 2241 interpretatur
705 2171 1057 2241 Scripturas,
1108 2179 1164 2224 et
1216 2170 1322 2224 iste
1369 2170 1659 2224 haereticus
1710 2167 1852 2225 male
1951 2165 2185 2236 linguam
2226 2166 2618 2235 praecidendum
2649 2175 2703 2220 et
2754 2181 2785 2219 a
2814 2168 3039 2221 canibus
3077 2168 3474 2223 devorandam!
3506 2185 3524 2217 ι

263 2267 477 2335 exponit
536 2265 786 2320 litanias.
850 2263 1163 2333 Sapientior
1224 2269 1309 2315 est
1376 2261 1553 2315 omnis
1610 2259 1851 2315 Ecclesia
1951 2256 2156 2313 Jannes
2183 2256 2535 2312 etMambres
2582 2258 2899 2312 restiterunt
2933 2257 3135 2329 Moysi,
3179 2259 3358 2313 etiste
3385 2258 3529 2312 Lon-

266 2358 528 2414 eatbolica
582 2359 688 2412 isto
733 2372 840 2412 uno
887 2357 1165 2412 haeretico.
1214 2353 1352 2408 Nam
1403 2353 1451 2409 si
1496 2351 1743 2407 collectio
1771 2359 1857 2406 est
1952 2350 2223 2421 gobardus
2248 2349 2455 2404 resistit
2482 2349 2736 2416 veritati;
2777 2366 2881 2403 non
2909 2349 3049 2405 valet
3078 2348 3535 2420 comprehendere

263 2454 780 2521 prsenmninatorum
806 2489 821 2512 ,
879 2447 1151 2519 superﬂua
1198 2455 1302 2503 est.
1338 2446 1398 2502 Si
1448 2445 1724 2502 invocatio
1771 2452 1855 2499 est
1954 2445 2272 2507 veritatem,
2302 2457 2410 2497 non
2442 2442 2670 2513 suscipit
2718 2442 2834 2512 ipse
2862 2443 3170 2509 veritatem,
3200 2450 3255 2497 et
3300 2456 3393 2496 eos
3438 2438 3534 2510 qui

265 2550 363 2595 tam
416 2542 941 2610 prmnominatorum
995 2554 1158 2609 quam
1223 2552 1414 2593 eorum
1469 2536 1710 2591 omnium
1760 2534 1851 2605 qui
1955 2533 2553 2605 suseipiuntprobibct,
2585 2541 2639 2588 et
2685 2533 2903 2588 adducit
2945 2533 3048 2588 sibi
3093 2533 3320 2588 celerem
3349 2530 3533 2602 perdi-

267 2633 522 2686 nominati
579 2648 687 2687 non
748 2641 892 2697 sunt,
930 2633 1071 2703 quod
1117 2630 1251 2687 sine
1288 2630 1454 2687 dubio
1514 2644 1698 2684 verum
1747 2638 1853 2693 est,
1955 2626 2177 2680 tionem.
2207 2623 2301 2679 Sui
2333 2623 2610 2679 auditores
2655 2639 2682 2678 a
2714 2624 2946 2680 veritate
2979 2625 3219 2680 auditum
3260 2632 3537 2688 avertunt,

266 2727 570 2781 necessaria
607 2737 712 2790 est,
740 2726 883 2781 sicut
923 2736 980 2780 et
1025 2726 1298 2782 invocatio
1341 2722 1664 2780 universalis
1689 2738 1854 2793 ange-
1956 2718 2021 2773 nd
2062 2716 2274 2772 fabulas
2322 2727 2503 2772 autem
2549 2727 2959 2774 convertuntur.
3009 2717 3196 2773 Simon
3239 2717 3424 2793 Maus
3469 2717 3539 2773 de

266 2816 455 2881 lorum,
482 2816 926 2887 patriarcharum
948 2824 1002 2870 et
1031 2817 1452 2887 prophetarum,
1484 2814 1853 2871 innocentium
1956 2809 2118 2865 Petro
2144 2818 2201 2865 ct
2235 2809 2402 2867 Paulo
2430 2810 2796 2883 apostolorum
2839 2810 3170 2881 principibus
3222 2810 3420 2865 Neroni
3451 2810 3537 2865 di-

271 2918 322 2962 et
346 2918 679 2979 martyrum,
711 2906 1087 2962 confessorum
1119 2917 1175 2963 et
1203 2907 1499 2977 virginum,
1531 2915 1585 2961 et
1609 2904 1852 2960 omnium
1957 2903 2157 2958 cebat:
2196 2902 2296 2958 Isti
2342 2904 2579 2958 homines
2632 2911 2813 2956 contra
2871 2918 3087 2973 regnum
3143 2911 3291 2955 tuum
3352 2911 3537 2972 agunt.

267 3009 608 3063 sanctorum,
641 2997 731 3068 qui
781 2998 883 3051 nisi
921 2999 994 3051 ita
1039 2998 1380 3062 invocentur,
1414 2996 1735 3051 nominatim
1762 3008 1857 3065 per
1959 2991 2160 3050 Zarocs
2193 3004 2247 3050 et
2291 2994 2516 3049 Arl'axat
2557 2994 2622 3049 de
2661 2993 2881 3049 Simone
2925 3002 2981 3047 et
3024 2991 3238 3047 Taddeo
3284 2992 3543 3063 apostolis

268 3088 497 3158 sEngulas
541 3086 792 3141 invocari
821 3101 924 3141 non
948 3096 1195 3157 possunt.
1227 3085 1363 3141 Nam
1394 3095 1591 3156 pra-ter
1625 3093 1857 3152 quatuor
1960 3085 2246 3140 dicebant:
2298 3083 2513 3139 Veniant
2562 3084 2632 3137 ad
2674 3100 2761 3138 vos
2807 3084 3009 3137 inimici
3035 3084 3251 3136 deorum
3301 3092 3349 3135 et
3404 3081 3542 3151 leges

267 3178 655 3250 cvangelistas,
692 3184 822 3231 sunt
846 3176 939 3231 alii
967 3176 1335 3249 evangelista,
1366 3187 1425 3231 ut
1453 3176 1628 3231 Lucas
1660 3175 1856 3244 ipsein
1889 3169 1932 3224 3
1962 3182 2157 3227 vestras
2204 3172 2513 3227 subvertant.
2583 3172 2757 3226 Aman
2816 3172 3072 3241 Agapitcs
3130 3171 3241 3240 regi
3304 3169 3543 3224 Assucro

269 3269 486 3323 Actibus
509 3267 894 3339 apostolorum
923 3278 1317 3324 commemorat
1358 3266 1667 3337 Philippum
1695 3281 1860 3322 evan-
1960 3264 2213 3319 dicebat:
2255 3262 2348 3316 Eu
2374 3278 2500 3333 gens
2532 3261 2843 3317 Judcorum
2874 3263 2929 3316 in
2969 3276 3126 3331 regno
3155 3269 3244 3315 tuo
3265 3276 3383 3331 qua:
3420 3275 3545 3331 pro-

270 3360 530 3433 gelistam,
589 3361 686 3431 qui
741 3376 883 3415 unus
936 3360 1038 3415 fuit
1085 3375 1151 3416 ex
1199 3369 1404 3430 septem
1459 3358 1724 3424 diaeonis,
1768 3357 1860 3428 qui
1960 3356 2105 3424 prius
2130 3353 2264 3422 leges
2286 3362 2441 3417 tenet,
2485 3362 2534 3407 et
2578 3353 2792 3407 inimica
2816 3361 2888 3406 est
2917 3353 3043 3404 tuis.
3089 3349 3548 3405 Atheniensesde

270 3451 576 3506 eunuchum
635 3449 907 3506 Candacis
966 3451 1165 3519 regina:
1209 3449 1535 3518 baptizavit,
1584 3458 1641 3502 et
1689 3448 1779 3517 qui
1827 3462 1857 3501 a
1962 3444 2129 3499 Paulo
2158 3444 2456 3499 dicebant:
2492 3441 3166 3497 Nororumdwmoniorum
3195 3442 3548 3494 aununciator

269 3542 453 3610 spiritu
485 3551 685 3612 raptus
717 3541 975 3596 inventus
1000 3548 1086 3595 est
1113 3541 1165 3594 in
1190 3542 1463 3605 Aznto,ct
1490 3539 1861 3608 pertransiens
1964 3548 2039 3591 est
2073 3538 2186 3591 iste.
2226 3534 2517 3589 Pontiﬁces
2546 3542 2602 3588 et
2628 3533 2884 3586 Pharisaei
2906 3533 3193 3587 concilium
3218 3541 3406 3586 contra
3436 3530 3543 3584 Do-

271 3632 685 3703 erangelizabat
737 3631 1008 3686 civitates.
1051 3630 1166 3685 Non
1203 3631 1347 3686 enim
1378 3639 1463 3685 est
1514 3630 1630 3700 ipso
1657 3629 1862 3699 Pbilip-
1965 3629 2169 3683 minum
2213 3635 2543 3691 tenuerunt,
2587 3626 2869 3680 dicentes:
2924 3624 3067 3690 Quid
3111 3624 3375 3693 facimus,
3421 3626 3550 3695 quia

270 3739 364 3792 pus
390 3723 704 3794 apostolus,
736 3731 796 3776 ut
822 3722 1038 3793 quidam
1068 3720 1349 3777 falluntur.
1393 3720 1512 3791 Ipse
1536 3729 1622 3775 cst
1650 3735 1865 3790 quoque
1965 3722 2049 3779 hic
2073 3723 2226 3775 homo
2251 3720 2416 3773 multa
2440 3721 2588 3790 signa
2616 3718 2741 3789 facit
2764 3718 2790 3772 2'
2829 3718 2887 3773 Si
2917 3717 3237 3772 dimittimus
3279 3729 3402 3770 cum
3448 3716 3549 3781 sir,

269 3813 574 3887 Philippus,
593 3831 704 3870 non
733 3814 1011 3885 apostolus
1037 3815 1131 3869 sed
1154 3811 1618 3883 evangelista,qui
1644 3812 1867 3868 descen-
1966 3830 2143 3869 omnes
2173 3813 2382 3866 credent
2426 3813 2480 3865 in
2508 3827 2644 3865 eum.
2697 3809 2866 3865 Judmi
2906 3808 3081 3863 Pilato
3107 3806 3359 3862 dicebant
3386 3823 3399 3859 :
3449 3803 3549 3860 Se-

269 3910 397 3963 dens
442 3910 498 3963 in
551 3908 836 3964 civitatem
893 3905 1155 3962 Samaria:
1212 3906 1540 3976 pncdicabat
1571 3906 1680 3960 illis
1707 3898 1877 3961 Cbri-l
1967 3909 2157 3963 ductor
2186 3904 2277 3960 ille
2325 3904 2455 3959 dixit
2491 3902 2665 3957 adhuc
2709 3898 3078 3957 rirens:Post
3110 3908 3214 3953 tres
3235 3898 3345 3950 dies
3377 3911 3553 3950 rasura

270 4008 438 4066 stum,
470 4015 576 4070 per
606 4013 773 4068 quem
828 3997 1015 4052 Simon
1068 3997 1254 4069 Magos
1298 3997 1553 4061 credidit,
1582 3997 1667 4052 cui
1700 3998 1866 4052 etiam
1967 4017 2107 4072 gam.
2146 3998 2376 4070 Impedit
2423 4012 2522 4051 nos
2570 3994 2825 4059 Satanas,
2881 3993 2975 4050 sed
3023 4007 3129 4048 non
3179 3990 3556 4046 erubescimus

270 4090 441 4158 primo
467 4088 817 4145 adhaerebat.
848 4088 914 4141 Et
939 4086 1140 4142 Paulus
1184 4086 1459 4157 apostolus
1487 4087 1553 4142 de
1582 4087 1706 4145 aliis
1734 4103 1867 4158 apo-
1969 4093 2293 4155 veritatem;
2358 4087 2550 4144 reddat
2609 4086 2658 4140 ci
2717 4084 2976 4139 Dominus
3037 4085 3332 4139 secundum
3385 4096 3550 4153 opera

270 4180 418 4236 stolis
447 4189 507 4234 et
533 4177 895 4249 evangelistis
943 4192 1079 4247 quos
1132 4186 1255 4247 post
1295 4178 1666 4233 ascensionem
1713 4194 1866 4233 suam
1968 4183 2110 4254 ejus,
2144 4182 2271 4253 quia
2296 4180 2450 4235 valde
2476 4178 2681 4234 resistit
2728 4176 2908 4231 verbis
2953 4176 3193 4239 nostris;
3242 4175 3400 4229 habet
3430 4188 3557 4243 spe-

271 4270 538 4325 Dominus
566 4270 737 4339 elegit
766 4268 987 4334 multos,
1017 4269 1134 4323 ait:
1182 4269 1249 4323 Et
1284 4271 1392 4341 ipse
1432 4271 1574 4326 dedit
1612 4270 1869 4341 quosdam
1971 4278 2109 4331 ciem
2155 4274 2409 4345 pietatis,
2456 4272 2551 4327 scd
2598 4272 2855 4325 virtutem
2906 4267 3022 4336 ejus
3068 4269 3337 4337 abnegat;
3390 4267 3555 4321 habet

270 4360 476 4428 quidem
532 4358 829 4429 apostolos,
889 4357 1024 4413 alios
1076 4370 1253 4414 autem
1318 4360 1681 4431 erangelistas,
1736 4361 1871 4416 alios
1975 4366 2171 4428 zelum,
2202 4365 2297 4420 sed
2342 4378 2446 4419 non
2493 4361 2790 4417 secundum
2836 4358 3142 4413 scientiam.
3176 4356 3287 4427 Ego
3315 4371 3465 4419 vero,
3505 4354 3557 4408 si

271 4468 382 4506 vero
411 4454 706 4523 ρτο;.Ἰιειαδ
732 4462 777 4505 et
802 4451 1062 4506 doctores.
1086 4452 1221 4507 Nam
1263 4452 1405 4508 Silas
1452 4462 1505 4509 et
1539 4452 1707 4509 ludas
1736 4470 1869 4525 apo-
1900 4518 1940 4526 -
1977 4456 2295 4513 fulminibus
2334 4455 2509 4526 igneis
2534 4466 2888 4508 consumerer
2924 4449 2977 4503 in
3014 4450 3116 4504 hac
3142 4448 3296 4512 hora,
3346 4460 3555 4514 nequa-—

271 4541 392 4595 smli
411 4518 665 4597 rab'aliis
693 4541 957 4611 apostolis
981 4542 1238 4607 ordinati,
1272 4545 1547 4613 prophetae
1594 4518 1863 4609 dicuntur,

1974 4566 2137 4622 quam
2203 4546 2510 4603 testimonia
2576 4552 2889 4598 sanctorum
2953 4540 3173 4595 Patrum
3243 4548 3558 4593 nostrorum

270 4643 324 4689 et
371 4650 400 4687 a
450 4634 751 4705 prophetis
783 4634 1177 4690 etdoetoribus
1231 4634 1442 4691 Paulus
1479 4636 1762 4692 ordinatus
1788 4646 1873 4693 est
1977 4642 2403 4711 transgredcrt‘r,
2455 4636 2548 4690 sed
2602 4633 3001 4688 exclamarcm:
3053 4631 3307 4700 Apostole
3355 4628 3559 4683 Christi

272 4724 576 4797 apostolus.
606 4723 788 4783 Porro
814 4726 880 4779 de
914 4724 1031 4780 Vita
1076 4725 1342 4781 Martialis
1388 4726 1659 4798 apostoli,
1707 4743 1868 4797 quam
1976 4730 2262 4795 Martialis,
2312 4724 2518 4782 salvum
2567 4740 2653 4777 me
2700 4720 2805 4775 fac.
2859 4721 2915 4775 Si
2962 4730 3130 4774 totum
3164 4717 3559 4772 monasterium

274 4818 542 4871 metuitur
575 4815 871 4871 haereticus
900 4832 1007 4872 non
1037 4833 1159 4873 esse
1202 4818 1500 4887 antiquam,
1535 4819 1658 4873 audi
1701 4820 1875 4889 quali-
1976 4824 2147 4895 ipsius
2188 4817 2414 4893 apostoli
2471 4825 2528 4871 et
2575 4824 2682 4870 tota
2735 4813 2928 4868 civitas
2974 4809 3376 4866 Lemoviceusis
3410 4807 3564 4864 onmi

277 4917 357 4961 ttr
405 4907 711 4963 Donadeus
767 4910 1063 4966 monachus
1117 4909 1360 4979 ejusdem
1422 4912 1687 4980 apostoli,
1750 4912 1879 4967 licet.
1980 4917 2138 4971 modo
2162 4915 2322 4969 hodie
2351 4910 2472 4979 igne
2502 4917 2865 4969 cremaretur,
2909 4921 3008 4960 nec
3039 4904 3117 4957 sic
3143 4902 3235 4970 qui
3277 4916 3402 4957 eum
3441 4899 3565 4953 dili-

278 5002 631 5067 illitteratus,
663 5004 903 5071 arguerit.
949 5006 1222 5062 mendacii
1267 5006 1555 5075 quemdam
1605 5016 1734 5062 ante
1782 5010 1885 5063 hos
1980 5015 2112 5078 gunt
2138 5008 2476 5062 dimitterent
2525 5015 2714 5072 puram
2754 5000 3037 5053 veritatem
3085 4994 3276 5065 ipsius,
3307 4992 3403 5048 sed
3440 5001 3565 5047 tunc

279 5098 463 5149 decem
516 5108 702 5149 annos
747 5099 1161 5164 grammaticum
1209 5098 1443 5151 alienum
1484 5098 1740 5152 simiiiter
1778 5098 1889 5152 [ιιι-ι
1982 5103 2261 5157 ardentius
2328 5104 2381 5151 et
2431 5094 2736 5152 ﬁducialius
2788 5092 3145 5149 clamarent:
3199 5086 3443 5160 Apostoli
3493 5083 3573 5136 tui

283 5185 513 5243 lentem.
586 5186 876 5257 Ingeniosa
932 5191 1081 5248 duxit
1147 5190 1420 5246 hominem
1478 5190 1532 5244 in
1599 5191 1878 5246 basilicam
1983 5191 2267 5257 Martialis,
2311 5186 2567 5252 Domine,
2590 5184 2837 5256 precibus
2870 5184 3206 5254 adjuvemur,
3237 5188 3296 5234 ut
3329 5186 3439 5233 eta
3471 5187 3573 5227 no-

281 5290 555 5349 vetustam
627 5278 969 5350 Salvatoris,
1021 5302 1143 5357 qua:
1197 5283 1365 5338 nimia
1424 5290 1695 5338 vetustate
1752 5291 1880 5338 tunc
1984 5285 2112 5340 stris
2150 5282 2399 5341 rentibus
2443 5277 2729 5339 absoluti,
2766 5274 2841 5328 ab
2882 5271 3285 5331 itmninentibus
3324 5266 3582 5340 periculis

347 5374 492 5400 =.‘----
518 5372 812 5400 n.:-|:.A'.AI
885 5385 931 5400 Α.
972 5389 1090 5400 --για
1126 5378 1157 5400 Ι-

1178 5390 1223 5400 ισ-
1252 5384 1454 5400 ΑΑσιΙιιοιιι
1493 5387 1663 5400 ηησιΛΑ
1692 5381 1769 5400 ΑΛ.
1803 5372 1850 5400 ,Η
1985 5375 2287 5400 121.------.-..
2342 5378 2437 5400 τιον
2466 5367 2744 5400 ριιοιῖριιιιιὶ
2790 5365 3078 5400 ῃΛσνιῖηηιιὶ
3108 5371 3365 5400 nnclrnnl
3406 5358 3584 5400 plll'l‘ﬂ

1889 3160 1929 3186 Α

1893 3200 1932 3224 .4

284 5374 492 5400 ...ξ-ιο.--
518 5373 812 5400 ...ἒιιῖιηῑυιι
