4088 6380
476 375 578 431 103

1590 364 1899 423 ADEMAlll
1941 366 2000 423 S.
2043 366 2313 427 CIBARDI
2355 371 2663 431 MONACHI

3643 381 3745 444 108

478 496 559 544 tot
609 469 869 569 cpisEOpi,
927 492 1006 540 tot
1054 483 1303 549 abbates,
1360 490 1439 538 tot
1476 476 1756 554 sapientes
1810 481 2068 535 transacti

2175 485 2263 553 qui
2287 487 2644 554 apostolorum
2679 486 2900 558 junctus
2939 484 3187 560 collegio,
3239 492 3492 561 potestate
3546 495 3747 568 ligandi

480 586 610 633 ante
631 566 890 631 ducentos
922 573 1136 628 annos?
1188 572 1475 644 Nunquam
1506 566 1741 642 amplius
1766 568 2071 622 audivimus

481 665 785 723 Martialem
820 679 954 729 esse
1024 663 1347 734 apostolum.
1397 662 1508 718 Cur
1556 665 1660 719 hoc
1714 667 1932 718 mutant
1984 659 2071 713 isti

480 755 795 826 sapientes?
840 754 974 809 satis
1006 754 1169 809 habet
1200 753 1482 807 honorem.
1533 751 1602 806 Et
1644 752 1725 807 sie
1768 747 1952 821 lingua
1982 761 2073 800 ve-

483 856 682 901 nenata
716 844 1018 898 invidorum
1076 842 1273 897 decidit
1307 843 1358 896 in
1392 842 1781 914 blaSphemiam
1827 852 2073 913 pungens

484 938 632 991 talia.
667 936 742 990 Dc
769 934 861 989 illo
881 933 1091 1005 gradu,
1137 934 1225 989 ubi
1272 933 1413 989 Deus
1458 948 1581 987 eum
1626 935 1829 1002 posuit,
1878 933 2072 988 tollunt

482 1046 630 1093 eum,
677 1038 732 1082 et
766 1027 969 1082 faciunt
998 1042 1119 1082 eum
1147 1026 1443 1081 ascendere
1473 1025 1563 1081 ubi
1594 1040 1871 1097 nunquam
1920 1024 2063 1090 fuit;

482 1129 545 1189 et
575 1117 673 1189 ipsi
708 1116 935 1170 Martiali
969 1116 1071 1170 hoc
1095 1115 1377 1170 molestum
1409 1125 1511 1170 est.

534 1188 603 1266 Ὀ
623 1210 794 1264 aculei
848 1207 1149 1278 serpentis,
1195 1220 1228 1261 o
1277 1206 1492 1278 aspides
1554 1207 1753 1272 surdae,
1804 1222 1838 1261 o
1883 1205 2066 1277 lingua

486 1302 719 1356 toxicala
753 1298 975 1363 diaboli,
1003 1315 1121 1368 qua:
1149 1298 1303 1353 solita
1343 1313 1404 1353 es
1445 1308 1666 1354 sanctos
1691 1299 1784 1354 Dei
1806 1308 1863 1354 et
1892 1299 2067 1369 ipsum

486 1393 653 1447 Demn
680 1392 1010 1454 dilacerare;
1044 1405 1163 1459 qua:
1203 1404 1309 1444 non
1346 1390 1548 1446 desinis
1590 1401 1903 1462 pervertere
1952 1390 2068 1445 vias

486 1483 697 1538 Domini
732 1492 948 1548 rectas;
1000 1496 1123 1551 qua:
1168 1481 1219 1535 in
1269 1483 1523 1552 paradiso
1574 1482 1798 1537 dixisti:
1847 1480 2067 1553 Nequa-

482 1594 636 1646 quam
665 1585 828 1629 morte
859 1574 1176 1638 moriemini,
1213 1582 1268 1628 et
1312 1573 1672 1645 protoplastos
1702 1574 2064 1643 intercmisti;

485 1688 605 1743 qua:
649 1671 831 1725 dixisti
859 1669 925 1724 de
953 1668 1092 1723 Filio
1143 1670 1277 1723 Dei:
1330 1668 1433 1723 llic
1481 1679 1556 1723 est
1607 1669 1762 1723 homo
1799 1650 1966 1723 torua:
2006 1685 2069 1724 ac

482 1774 691 1834 potator
717 1762 842 1829 vini,
884 1769 939 1815 ct
965 1759 1069 1814 llic
1109 1770 1182 1815 est
1209 1758 1405 1829 Josrph
1450 1759 1588 1829 fabri
1613 1759 1794 1829 ﬁlius;
1843 1776 1963 1830 quae
1988 1760 2070 1816 di-

2177 585 2332 647 atque
2359 576 2592 633 solvendi
2623 591 2837 651 accepta
2881 599 2912 635 a
2946 580 3193 644 Domino,
3227 599 3329 638 non
3367 585 3611 641 dissimili
3630 607 3748 646 cum

2177 669 2425 737 apostolis
2447 680 2522 724 est
2555 672 2771 726 honoris
2810 689 2937 728 usus
2974 674 3284 744 privilegio;
3328 687 3382 732 et
3424 680 3589 735 multa
3621 682 3761 749 alia,

2180 759 2232 813 in
2284 762 2480 831 quibus
2538 764 2814 833 apostolus
2860 766 3225 836 pratdicatur;
3284 785 3427 826 nunc
3478 786 3605 827 vero
3657 791 3751 845 per

2178 867 2344 906 unum
2394 851 2808 923 Langobardmn
2862 857 3142 921 rusticum,
3192 868 3472 929 putantem
3525 877 3585 919 se
3632 880 3750 920 esse

2176 945 2630 1013 grammaticum,
2694 946 3032 1018 derelinqnet
3067 960 3377 1007 conventus
3418 955 3750 1011 eruditorum

2172 1035 2566 1094 ce'Jrolicorum
2621 1038 2906 1093 veritatem
2954 1039 3228 1111 antiquam
3269 1041 3491 1099 Patrum
3542 1058 3752 1103 nostro-

2171 1125 2334 1186 rum?
2379 1127 2617 1188 Facilius
2669 1140 2898 1199 possunt
2949 1133 3094 1187 cervi
3141 1150 3451 1204 camporum
3499 1140 3649 1209 pasci
3698 1141 3750 1196 iu

2172 1226 2376 1282 aethere
2428 1237 2594 1296 quam
2651 1232 2838 1278 sancta
2887 1235 3060 1280 mater
3118 1226 3354 1284 Ecclesia
3403 1232 3544 1287 hanc
3598 1248 3797 1293 suam.

2174 1322 2521 1392 purissimam
2575 1321 2864 1381 veritatem
2917 1321 3313 1393 derelinquere.
3359 1323 3510 1380 [lane
3567 1340 3753 1380 sanam

2174 1416 2643 1483 consuetudinem,
2697 1412 2803 1473 etsi
2856 1412 3042 1469 insulsi
3084 1414 3212 1469 olim
3264 1427 3608 1486 respuerunt,
3647 1432 3753 1471 non

2173 1513 2355 1562 tamen
2381 1507 2702 1575 amiserunt,
2729 1509 2822 1563 sed
2855 1504 3014 1563 inviti
3060 1513 3117 1559 et
3171 1505 3483 1571 ignorantes
3509 1521 3574 1561 ex
3604 1519 3755 1576 parte

2174 1597 2517 1654 retinuerunt
2556 1599 2870 1663 scintillam,
2904 1611 2960 1656 et
2992 1596 3197 1656 eruditi
3244 1598 3297 1651 in
3342 1596 3545 1653 litaniis
3585 1613 3755 1653 reser-

2174 1697 2442 1744 vaverant
2472 1706 2487 1743 :
2516 1703 2581 1745 ex
2612 1705 2718 1760 qua
2750 1690 2981 1746 scintilla
3010 1684 3211 1746 reluxit
3241 1687 3400 1742 modo
3422 1697 3481 1741 ut
3522 1687 3601 1742 sol
3640 1688 3756 1756 pul-

2175 1781 2307 1837 chra
2340 1782 2583 1837 veritatis
2609 1783 2965 1848 consuetudo,
3004 1782 3347 1852 gloriﬁcante
3373 1779 3483 1834 Deo
3513 1791 3755 1850 tempora

486 1855 609 1910 λίδίί
640 1869 735 1923 Pe"
762 1852 1101 1944 Pl‘i""j‘_°“el"
1130 1870 1147 1944 ξ
1185 1851 1315 1944 θυῖε*
1337 1861 1410 1905 ⁸⁸(
1445 1850 1703 1944 θοἾτίηυξ
1723 1892 1737 1917 ν
1773 1861 1827 1905 ³⁸(
1855 1853 2070 1944 αιξξίίφη
2099 1851 2148 1912 Β
2174 1871 2401 1943 piissimi
2434 1874 2670 1942 pastoris
2696 1874 2866 1928 nostri
2892 1850 3127 1928 Odolrici
3155 1883 3208 1929 et
3237 1870 3476 1944 episcopi
3504 1867 3753 1924 Jordani.

483 1962 653 2001 vocem
699 1943 860 2013 ejus?
900 1941 1091 1996 Nescio
1124 1940 1425 2005 Dominum,
1457 1949 1506 1994 et
1533 1938 1704 1995 Israel
1745 1958 1850 1995 non
1888 1940 2067 1995 dimit-

484 2044 593 2088 tam
619 2051 635 2098 ;
666 2048 785 2101 qua:
812 2031 996 2085 dixisti
1026 2030 1162 2085 Filio
1205 2030 1341 2087 Dei:
1388 2029 1519 2085 Haec
1567 2030 1743 2085 omnia
1779 2031 1872 2085 tibi
1906 2032 2065 2097 dabo,

482 2126 530 2179 si
569 2120 760 2179 cadens
807 2123 1108 2177 adcrareris
1158 2138 1239 2176 me
1254 2142 1273 2188 ,-
1325 2138 1445 2192 qua:
1494 2122 1574 2178 vis
1623 2137 1814 2177 omnes
1847 2122 2064 2188 cadere,

486 2217 692 2272 nulhun
722 2217 966 2287 erigere;
991 2230 1111 2286 qum
1135 2213 1327 2270 Judam
1359 2221 1425 2270 de
1455 2214 1759 2284 apostolatu
1789 2215 2065 2283 deiecisti;

484 2324 606 2378 qua:
662 2309 840 2378 aperis
890 2323 952 2363 os
1006 2316 1157 2361 tuum
1209 2307 1264 2361 in
1315 2306 1682 2378 blasphemias
1731 2306 1799 2361 ad
1856 2306 2065 2371 Deum,

485 2397 862 2466 blasphemarc
892 2412 1087 2451 nomen
1135 2393 1253 2464 eius
1299 2405 1355 2451 et
1404 2395 1816 2451 tabernaculum
1847 2396 1982 2467 ejus,
2016 2404 2072 2449 et

485 2504 582 2545 eos
615 2489 707 2559 qui
736 2489 787 2543 in
816 2487 956 2543 cado
1005 2489 1290 2553 habitant;
1336 2502 1458 2557 quae
1497 2502 1724 2556 corpora
1772 2495 2069 2558 martyrum

487 2580 838 2651 submergere
865 2578 1062 2643 fecisti,
1095 2579 1281 2633 dicens
1312 2593 1327 2631 :
1363 2572 1446 2631 Ne
1471 2575 1759 2631 Christiani
1785 2577 1886 2631 sibi
1926 2593 2069 2629 utar-

486 2681 625 2743 tyres
655 2671 885 2740 facerent
912 2687 932 2734 ;
971 2685 1091 2740 qum
1119 2684 1216 2739 per
1256 2667 1533 2723 Simonem
1566 2666 1777 2738 Magum
1819 2666 1884 2720 de
1912 2664 2072 2719 Petro

490 2764 854 2835 apostplorum
880 2764 1147 2834 principe,
1172 2763 1390 2817 dicebas
1412 2758 1610 2815 Neroni
1641 2777 1653 2813 :
1683 2758 1786 2813 llic
1814 2769 1887 2813 est
1916 2759 2071 2811 homo

490 2783 645 2835 apoSt
683 2783 854 2818 torum
880 2783 1147 2834 principe,
1172 2783 1390 2817 utceoas
1413 2783 1610 2815 uerum
1641 2783 1653 2813 :
1683 2783 1786 2813 mc
1814 2783 1886 2813 est
1916 2783 2069 2811 uumu

490 2783 1044 2929 impeétusmiscator
1072 2854 1528 2919 mendacissimus,
1577 2870 1669 2907 nec
1712 2853 1769 2907 in
1816 2850 2069 2916 moribus,

492 2964 585 3003 nec
615 2948 666 3003 in
691 2965 894 3020 genere,
928 2965 1018 3003 nec
1050 2950 1104 3002 in
1140 2947 1315 3017 aliqua
1345 2946 1600 3015 pra-ditus
1628 2954 1911 3015 potestate;
1952 2958 2072 3013 qua:

494 3039 754 3111 Spiritum
803 3049 1051 3095 sanctum
1098 3040 1363 3093 minorem
1411 3035 1588 3103 Filio,
1632 3045 1688 3091 et
1735 3035 1932 3090 Filiqu
1973 3032 2073 3087 nti-

492 3147 679 3187 tzorem
732 3131 895 3187 Patre
946 3131 1147 3187 dudum
1197 3129 1567 3200 praedicabas,
1618 3143 1761 3182 nunc
1812 3124 2073 3197 praedicas

2170 1962 2305 2028 Quia
2335 1976 2465 2031 ergo
2500 1960 2801 2017 Martialem
2837 1962 3197 2032 praedicamus
3244 1962 3299 2017 in
3347 1960 3577 2017 veﬁtate
3627 1974 3756 2028 apo-

2169 2052 2406 2118 stolum,
2481 2054 2671 2124 gaudet
2739 2053 2900 2125 ipse,
2971 2053 3174 2124 gaudet
3253 2054 3438 2121 Dens,
3520 2050 3759 2124 gaudent

2170 2143 2343 2215 angeli
2398 2153 2454 2198 et
2511 2158 2699 2199 omnes
2745 2143 2917 2198 sancti
2965 2143 3101 2211 ejus.
3161 2142 3435 2198 Tristatur
3482 2138 3751 2202 diabolus,

2173 2236 2456 2290 tristantur
2515 2235 2753 2291 hreretici
2824 2245 2880 2291 et
2943 2235 3151 2302 invidi,
3218 2246 3274 2292 et
3357 2251 3479 2291 cum
3553 2234 3752 2290 invidia

2172 2341 2266 2381 sua
2298 2327 2622 2391 moriuntur,
2655 2326 2758 2381 nisi
2806 2341 2838 2380 a
2892 2325 3104 2382 diabolo
3152 2325 3544 2396 disiungantur.
3578 2324 3754 2380 Testi-

2172 2416 2308 2471 ticor
2334 2432 2516 2472 coram
2562 2416 2670 2472 Deo
2707 2425 2763 2472 et
2814 2416 3031 2473 Christo
3076 2406 3224 2483 Jésu,
3269 2417 3360 2487 qui
3390 2426 3647 2471 venturus
3673 2424 3756 2471 est

2165 2504 2414 2575 judicare
2440 2508 2592 2563 vivos
2615 2521 2681 2562 ac
2716 2518 2980 2572 mortuos,
3024 2500 3121 2578 per
3147 2508 3434 2563 adventum
3468 2507 3657 2578 ipsius,
3699 2515 3754 2559 et

2173 2610 2398 2666 regnum
2446 2596 2597 2665 eius;
2655 2598 2915 2653 testilicor
2943 2606 2997 2653 et
3042 2613 3227 2653 coram
3285 2596 3487 2667 Spiritu
3540 2605 3749 2661 sancto,

2172 2688 2264 2756 qui
2295 2688 2656 2766 apostolorum
2690 2699 2912 2760 pectora
2959 2689 3303 2745 invisibiliter
3350 2688 3675 2759 penetravit,
3707 2687 3751 2740 si

2176 2778 2306 2832 mihi
2338 2778 2568 2833 visibilis
2595 2779 2757 2842 modo
2788 2778 3073 2849 appareret
3102 2771 3163 2834 it?
3187 2779 3324 2833 facie
3353 2794 3468 2832 utea
3494 2776 3754 2832 Martialis

2175 2868 2307 2935 ipse,
2356 2879 2411 2923 et
2444 2884 2530 2923 me
2574 2870 2933 2942 interrogaret
2980 2871 3205 2926 dicens:
3253 2869 3416 2936 Quem
3455 2886 3535 2923 me
3571 2869 3751 2923 dicunt

2172 2959 2406 3013 homines
2434 2961 2592 3014 esse?
2645 2977 2744 3032 ego
2794 2963 2910 3016 sine
2941 2961 3122 3032 aliqua
3173 2961 3508 3016 haesitatione
3532 3001 3546 3026 ,
3588 2961 3752 3015 conli-

2176 3050 2497 3104 dentissime
2522 3065 2585 3105 ac
2610 3052 3012 3121 promptissime
3060 3052 3308 3123 pl'OlltlUS
3353 3051 3403 3105 ei
3458 3050 3751 3120 responde-

2176 3154 2291 3193 rem
2318 3138 2506 3194 dicens
2533 3157 2547 3193 :
2575 3139 2682 3194 Alii
2710 3141 3065 3209 apostolicum
3104 3141 3304 3207 virum,
3355 3140 3444 3195 alii
3490 3155 3656 3194 unum
3687 3139 3755 3194 de

494 3222 799 3278 Martialem
859 3236 979 3279 esse
1030 3222 1297 3277 minorem
1342 3218 1639 3291 apostolis;
1701 3218 1830 3287 quin
1892 3217 2071 3287 potius

2175 3227 2461 3297 episcopis,
2496 3227 2586 3281 alii
2614 3244 2777 3282 unum
2830 3230 2896 3284 de
2943 3229 3138 3300 ignotis
3174 3229 3409 3295 sanctis,
3444 3237 3537 3283 aut
3588 3244 3751 3282 unum

492 3317 732 3387 abnegas
755 3331 874 3369 cum
902 3330 1022 3371 esse
1052 3313 1252 3370 Christi
1280 3311 1603 3385 apostolmn.
1628 3309 1758 3375 Sed,
1800 3308 2072 3371 literctiee,

493 3412 649 3469 canis
695 3412 874 3466 invide
905 3453 921 3477 ,
970 3411 1278 3482 quicunque
1331 3411 1433 3465 hoc
1476 3409 1631 3473 dicis,
1664 3418 1810 3462 recte
1837 3408 1889 3462 in
1918 3414 2075 3474 caput

498 3513 649 3558 tuum
699 3503 989 3558 mentiris:
1040 3502 1165 3571 quia
1211 3499 1461 3556 Christus
1509 3498 1772 3554 Martialis
1821 3496 2078 3565 magister

498 3594 618 3660 fuit,
651 3595 899 3650 Christus
927 3593 1229 3649 Martialem
1258 3608 1357 3663 per
1400 3605 1458 3648 se
1497 3589 1704 3655 docuit,
1734 3605 1832 3661 pro
1863 3588 2078 3643 Christo

499 3684 761 3742 Martialis
821 3685 1045 3740 multum
1109 3683 1399 3748 laboravit,
1447 3691 1506 3738 ut
1569 3696 1731 3737 verus
1778 3679 2074 3750 apostolus.

500 3777 781 3834 Multitudo
832 3776 1155 3848 sapientium
1209 3775 1415 3829 sanitas
1462 3780 1549 3828 est
1589 3770 1739 3826 orbis
1787 3780 2075 3823 terrarum.

496 3869 651 3938 Quod
701 3862 1058 3940 praalicamus
1092 3865 1391 3921 Martialem
1424 3878 1546 3919 esse
1578 3860 1905 3931 apostolum.
1948 3874 2078 3914 con-

499 3963 728 4017 trarimu
775 3968 860 4015 est
901 3957 1156 4024 diabolo,
1206 3953 1525 4011 delectabile
1566 3952 1804 4008 Christo.
1863 3949 2075 4004 Astutia

496 4052 695 4111 diaboli
735 4051 911 4106 adhuc
950 4048 1136 4104 dicunt
1179 4046 1420 4103 nonnulli
1467 4046 1688 4111 rustici:
1734 4042 1899 4125 Magis
1923 4041 2075 4095 volu-

499 4162 619 4200 tuus
670 4142 968 4197 Martialem
1028 4156 1149 4196 esse
1209 4140 1575 4195 confessorem
1623 4137 1857 4208 primum
1906 4149 2074 4203 quam

496 4235 798 4304 apostolum
850 4232 1119 4286 ultimum.
1158 4230 1226 4285 Et
1275 4214 1379 4285 hac
1424 4230 1491 4285 de
1536 4244 1701 4285 causa
1740 4227 1809 4282 ab
1856 4225 2078 4281 insulsis

498 4328 614 4381 laazc
655 4341 817 4396 prava
865 4323 1199 4378 consuetudo
1250 4322 1450 4378 dudum
1505 4321 1747 4375 itmnissa
1798 4328 1899 4382 est,
1956 4334 2076 4387 qua:

499 4420 661 4475 modo
697 4418 765 4472 ab
800 4416 1028 4471 eruditis
1057 4416 1272 4484 penitus
1315 4414 1554 4489 abscissa
1602 4408 1723 4469 est.
1746 4413 1897 4468 Docti
1928 4412 2075 4467 enim

497 4508 754 4566 credendi
788 4518 911 4562 sunt
947 4507 1125 4577 potius
1151 4521 1313 4576 quam
1344 4504 1554 4577 vulgus,
1603 4520 1702 4559 nee
1745 4503 1934 4558 doctus
1983 4518 2073 4558 as-

2177 3332 2243 3370 ex
2290 3315 2710 3371 confessoribus.
2768 3317 2832 3372 Et
2878 3318 2923 3373 si
2972 3319 3288 3388 dignaretur
3314 3335 3399 3374 me
3423 3319 3755 3388 interrogare

2183 3400 2412 3460 dicens:
2450 3424 2468 3455 ι
2499 3405 2780 3461 Odolricus
2810 3422 2948 3486 vero
2978 3408 3147 3464 abbas
3190 3423 3364 3472 meus,
3407 3418 3462 3462 et
3507 3407 3753 3463 monachi

2178 3496 2306 3561 mei,
2358 3505 2414 3550 et
2445 3496 2728 3568 episc0pus
2776 3513 2928 3553 meus
2977 3496 3264 3565 Jordanus,
3315 3497 3481 3565 Quem
3523 3515 3603 3552 me
3645 3516 3756 3552 esse

2176 3590 2394 3644 dicunt?
2421 3609 2441 3643 ο
2490 3606 2591 3671 ego
2631 3591 2876 3660 protinus
2928 3595 3327 3663 responderem,
3393 3610 3412 3643 ι
3441 3591 3751 3661 Apostoluut

2163 3680 2294 3759 Dei.
2317 3700 2335 3733 ι
2368 3681 2478 3750 Ego
2499 3689 2677 3735 autem
2702 3682 3004 3739 Ademarus
3032 3683 3280 3755 indignus
3303 3698 3490 3738 servus
3517 3694 3637 3738 tuus
3665 3698 3756 3741 νυ-

2179 3771 2379 3839 raciter
2406 3772 2590 3837 credo,
2624 3772 2890 3826 conﬁteor
2912 3781 2968 3827 et
3015 3773 3136 3828 dico
3161 3775 3287 3843 quia
3321 3783 3376 3828 tu
3407 3788 3467 3829 es
3492 3790 3618 3829 vere
3641 3790 3752 3827 nta-

2177 3878 2313 3932 guus
2341 3872 2396 3916 et
2425 3863 2698 3934 egregius,
2724 3871 2779 3919 ct
2810 3863 3175 3921 nobilissimus
3225 3866 3500 3935 aposmlus
3535 3865 3656 3934 Dei;
3700 3877 3754 3921 et

2177 3953 2271 4023 qui
2292 3963 2341 4007 te
2362 3954 2686 4029 contradicit
2707 3969 2827 4010 esse
2848 3955 3169 4026 apostolum,
3198 3957 3275 4012 ira
3302 3956 3394 4013 Dei
3416 3960 3573 4013 cadat
3592 3974 3756 4028 super

2180 4044 2354 4108 illum,
2384 4055 2439 4098 et
2465 4045 2788 4115 sitperditio
2810 4046 2865 4102 in
2907 4046 3139 4102 adventu
3180 4048 3392 4102 Domini
3433 4049 3601 4103 nostri
3629 4047 3753 4103 .lcsu

2177 4136 2376 4190 Christi
2391 4134 2510 4191 Filii
2528 4138 2641 4204 Dei,
2657 4140 2750 4209 qui
2775 4148 2942 4211 teper
2960 4155 3019 4196 se
3044 4145 3217 4211 ipsum
3231 4141 3430 4196 docuit.
3450 4141 3556 4197 Sed
3582 4142 3752 4209 dubii,

2177 4227 2302 4296 quia
2335 4244 2439 4284 non
2468 4230 2693 4285 audiunt
2723 4247 2917 4287 nomen
2957 4242 3106 4288 tuum
3135 4233 3391 4305 scriptum
3424 4235 3477 4289 iu
3507 4234 3751 4304 Evange-

2177 4316 2285 4381 liis,
2346 4326 2398 4374 te
2431 4319 2681 4376 haesitant
2731 4324 3067 4393 apostolum;
3122 4341 3310 4382 verum
3358 4343 3460 4399 ego
3502 4330 3754 4385 credulus

2179 4412 2439 4481 proﬁteor
2465 4414 2630 4469 tacite
2658 4417 3082 4484 prietermissum
3107 4434 3272 4475 causa
3295 4418 3527 4488 iunioris
3575 4423 3751 4477 relatis

2180 4509 2314 4569 ture;
2345 4518 2467 4558 cum
2490 4514 2543 4558 et
2571 4504 2625 4557 in
2662 4503 2839 4561 Veteri
2871 4507 3233 4564 lnstrutnento
3266 4525 3370 4564 non
3395 4525 3749 4567 numerarent.

498 4602 688 4657 sentiri
720 4601 876 4656 debet
904 4599 1255 4670 opinionibus
1283 4593 1449 4668 vulgi,
1478 4599 1573 4653 sed
1602 4597 1794 4668 volgus
1822 4595 2071 4651 assentiri
2098 4584 2151 4644 D
2180 4601 2266 4646 tur
2290 4592 2535 4661 lltcbnei,
2554 4594 2656 4651 nisi
2683 4611 2715 4650 a
2738 4596 2926 4670 viginti
2952 4599 3110 4655 annis
3135 4609 3189 4654 et
3214 4616 3399 4671 supra.
3427 4600 3605 4669 Fides,
3631 4618 3754 4673 spes

499 4693 687 4748 oribus
709 4690 871 4745 docti.
907 4689 1058 4744 Docti
1094 4689 1239 4744 enim
1289 4687 1567 4758 fulgebunt
1597 4699 1654 4742 ut
1682 4688 1937 4758 Splendor
1984 4688 2073 4742 tir-

501 4783 781 4846 tnamenti,
809 4791 862 4836 ct
885 4782 977 4851 qui
1008 4780 1073 4835 ad
1096 4779 1363 4849 justitiam
1401 4779 1657 4833 erudiunt
1697 4778 1892 4833 nmltos
1920 4778 2072 4848 quasi

500 4873 669 4930 Stella:
707 4873 761 4927 in
802 4880 1091 4943 perpetuas
1137 4869 1490 4924 arternitates.
1546 4868 1885 4939 Quapropter
1937 4869 2073 4924 hanc

492 4960 758 5031 justitiam
789 4976 894 5017 non
927 4961 979 5014 itt
1006 4975 1201 5013 vanum
1251 4957 1496 5013 ducimus
1542 4958 1859 5028 praedicare.
1904 4956 2080 5012 Vesti-

500 5053 587 5123 gia
620 5051 764 5106 enim
794 5049 997 5104 Christi
1029 5049 1198 5104 secuti
1242 5056 1368 5103 sunt
1414 5034 1620 5118 priores
1661 5046 1923 5118 apostoli;
1954 5058 2076 5118 post

498 5142 794 5219 apostolos,
840 5150 1145 5213 martyres;
1192 5149 1312 5211 post
1359 5150 1645 5213 martyres,
1696 5138 2074 5204 conlessores;

498 5242 621 5305 post
648 5232 1006 5297 confessor-es,
1056 5231 1332 5301 virgines;
1371 5238 1490 5301 post
1536 5230 1810 5301 virgines,
1861 5230 2070 5297 viduae;

502 5333 623 5397 post
646 5325 858 5386 viduas,
887 5314 1247 5377 continentes.
1280 5320 1422 5388 Quot
1455 5337 1584 5386 vero
1615 5319 1851 5392 episcopi
1886 5321 2073 5375 ortho-

502 5414 648 5478 doxi,
678 5422 808 5483 quot
836 5412 1027 5467 Patres
1069 5411 1359 5478 catholici,
1410 5420 1545 5483 quot
1594 5410 1819 5467 litterati
1873 5411 2074 5467 lumina

499 5504 754 5561 Ecclesia:
789 5516 914 5558 ante
941 5518 1037 5558 nos
1065 5503 1242 5559 Vitam
1288 5503 1552 5559 Martialis
1601 5502 1925 5572 legebantet
1951 5518 2072 5558 cre-

502 5597 741 5661 debant,
795 5595 919 5649 licet
989 5595 1037 5650 si
1096 5594 1494 5667 intelligerent,
1542 5595 1745 5652 desidia
1804 5597 2075 5651 Iacerent?

499 5689 641 5757 Quot
666 5689 865 5744 eruditi
896 5697 1021 5743 ante
1049 5703 1147 5743 nos
1190 5689 1242 5742 in
1276 5698 1564 5758 conspectu
1594 5687 1687 5743 Dei
1717 5689 2025 5744 cecinerunt
2057 5704 2070 5743 :

500 5778 546 5834 0
592 5797 746 5848 quam
792 5779 1050 5851 gloriosus
1100 5789 1174 5833 cst
1224 5778 1372 5834 miles
1416 5779 1735 5849 fortissimus
1790 5781 2071 5848 .ilartialis,

2175 4692 2229 4737 et
2253 4684 2493 4740 charitas
2544 4700 2723 4741 meum
2773 4688 3102 4744 comitantur
3146 4689 3199 4746 in
3244 4692 3414 4747 ardua
3465 4707 3754 4762 gressum,

2177 4773 2304 4830 dum
2335 4775 2496 4830 credo
2522 4792 2855 4848 qumcunqne
2880 4778 3071 4835 Petrus
3109 4796 3140 4834 a
3186 4780 3400 4836 Christo
3424 4786 3650 4837 ‘sccrete
3697 4793 3755 4837 et

2178 4878 2299 4917 cum
2329 4863 2613 4919 duodecim
2659 4867 2950 4933 audiebat,
3006 4876 3058 4924 te
3099 4884 3313 4939 quoque
3360 4886 3458 4941 per
3504 4873 3751 4926 eumdem

2178 4952 2398 5009 Petrum
2440 4964 2567 5011 tunc
2596 4955 2757 5011 simili
2785 4959 2944 5014 modo
2967 4960 3215 5026 audisse,
3255 4969 3309 5014 et
3357 4959 3477 5015 ideo
3505 4961 3755 5032 gentibus

2181 5051 2233 5098 te
2262 5043 2568 5102 tiducialius
2592 5045 2868 5103 Christum
2897 5050 3240 5120 prazdicasse,
3267 5060 3318 5105 et
3348 5067 3447 5122 per
3474 5063 3524 5106 te
3549 5052 3758 5123 gaudeo

2181 5132 2234 5186 in
2263 5134 2432 5191 Deum
2464 5135 2712 5192 similiter
2737 5140 2982 5205 credere,
3039 5154 3336 5211 onmesque
3379 5142 3613 5196 haereses
3660 5156 3752 5196 re-

2178 5241 2396 5298 spuere,
2432 5228 2559 5283 dum
2594 5243 2753 5299 Spero
2777 5244 2873 5299 per
2899 5238 2949 5283 te
2977 5229 3043 5283 ad
3081 5230 3340 5286 visionem
3370 5247 3596 5287 somnne
3626 5230 3751 5287 Tri-

2180 5317 2367 5371 nitatis
2396 5332 2483 5372 me
2507 5329 2923 5388 perventurum,
2962 5330 3018 5375 ct
3049 5322 3163 5393 ipsa
3205 5324 3516 5392 perenniter
3557 5323 3753 5381 fl‘llil'J.‘

2181 5423 2321 5475 rum,
2349 5406 2475 5463 dum
2504 5424 2603 5477 per
2627 5418 2678 5464 te
2702 5410 2921 5466 charius
2947 5421 3003 5466 et
3045 5413 3325 5469 ardentius
3370 5414 3535 5488 diligo
3568 5416 3752 5472 Dom?-

2180 5522 2309 5560 nutn
2340 5504 2519 5560 Jesum
2542 5506 2848 5576 Christum.
2880 5508 3199 5580 Quicunque
3228 5525 3260 5565 a
3292 5526 3375 5565 me
3402 5512 3515 5567 vult
3540 5513 3754 5569 auferre

2179 5606 2241 5651 ut
2269 5606 2318 5651 te
2340 5599 2502 5652 corde
2556 5615 2662 5652 non
2711 5600 2964 5667 credam,
3001 5610 3056 5656 et
3101 5616 3197 5657 ore
3244 5602 3506 5658 conﬁtear
3552 5603 3750 5660 Christi

2180 5689 2505 5758 apostolum,
2542 5690 2754 5744 auferre
2790 5692 2901 5746 vult
2930 5708 2960 5747 a
2990 5708 3075 5749 me
3099 5693 3256 5747 (idem
3276 5676 3466 5765 ,Qpem
3495 5704 3550 5750 et
3576 5697 3753 5751 chari-

2182 5794 2367 5852 tatcm,
2398 5784 2512 5838 sine
2540 5785 2734 5856 quibus
2764 5801 2920 5842 nemo
2944 5786 3126 5844 salvus
3155 5802 3273 5842 esse
3297 5787 3492 5859 poterit
3523 5785 3575 5841 in
3603 5800 3755 5844 teter-
