4088 6366
204 366 310 425 ιῦὅ

1346 353 1565 418 EPIST.
1608 360 1696 417 DE
1733 359 1794 415 S.
1836 351 2195 413 LIARTIALI.

3369 353 3470 412 1'06

200 498 360 539 num.
389 476 504 536 Non
529 476 816 549 acquiesco
839 473 1217 546 Longobardo,
1246 474 1338 545 qui
1368 481 1420 530 te
1447 473 1678 544 abnegat
1707 473 1786 527 in-
1811 475 1862 535 Α
1889 471 2169 533 Dominus,
2200 480 2251 524 et
2287 486 2393 524 non
2428 468 2718 539 pmvaleat
2741 464 3150 541 Longobardus.
3191 469 3474 542 Tripudiet

201 575 456 632 terfuisse
481 572 536 626 in
566 584 721 626 coena
759 567 984 630 Christi,
1015 567 1106 638 qui
1136 566 1398 623 mentitur
1424 580 1520 622 ore
1552 579 1650 621 suo
1689 579 1784 621 ve-

200 672 401 722 nenato
428 661 712 716 Dominum
741 673 862 714 eum
903 656 1034 712 solis
1078 656 1364 712 duodecim
1418 656 1572 726 quasi
1623 654 1789 710 latro-

204 771 329 812 nem
362 795 377 820 ,
421 768 528 808 non
573 750 727 822 quasi
779 765 962 820 regem
1021 747 1461 804 liberalissimum
1516 761 1784 803 coenasse.

202 845 308 901 Sed
340 842 583 899 assentio
614 841 815 896 sanctis
854 839 1110 894 Patribus
1161 839 1364 895 nostris
1391 878 1406 904 ,
1435 848 1492 893 et
1537 837 1788 906 scriptori

205 935 343 991 Vita:
375 945 501 998 ture,
535 941 590 987 et
621 931 832 986 aflirmo
863 929 1150 986 Dominum
1178 946 1302 984 cum
1342 930 1628 985 duodecim
1663 944 1792 999 apo-

201 1025 357 1080 stolis
406 1021 774 1086 discubuisse,
813 1021 1200 1088 ministrosque
1241 1017 1535 1085 habuisse,
1585 1020 1680 1088 qui
1739 1016 1789 1073 ei

201 1127 255 1173 et
284 1115 570 1171 duodecim
597 1113 855 1184 apostolis
883 1112 1294 1177 ministrarent,
1324 1121 1380 1166 et
1428 1115 1621 1180 pocula
1668 1127 1794 1181 pro-

201 1210 476 1279 pinarent,
507 1217 565 1262 et
603 1221 724 1275 quae
763 1203 1073 1260 necessaria
1117 1212 1275 1260 erant
1321 1202 1613 1260 deferrent.
1674 1202 1791 1258 Non

203 1301 441 1356 assentio
467 1298 767 1369 vaniglorio
793 1295 1187 1368 Longobardo,
1220 1297 1311 1366 qui
1358 1304 1409 1352 te
1453 1296 1686 1366 abnegat
1724 1295 1794 1350 ab

204 1393 316 1464 ipso
345 1391 569 1448 Christo
624 1397 947 1460 potestatem
993 1387 1194 1458 ligandi
1246 1396 1302 1441 et
1350 1388 1592 1443 solvendi
1642 1402 1798 1443 acce-

205 1486 380 1554 pisse;
417 1485 513 1540 sed
547 1482 718 1538 solide
743 1481 1005 1552 proﬁteor
1052 1489 1105 1536 te
1144 1489 1292 1536 tanto
1322 1496 1544 1536 munere
1583 1490 1798 1551 aposto-

204 1574 308 1629 lico
332 1590 460 1631 cum
485 1572 610 1628 aliis
658 1571 915 1642 apostolis
941 1587 969 1624 a
1000 1569 1220 1626 Christo
1247 1571 1626 1634 sublimatum;
1676 1569 1796 1625 ideo

201 1677 342 1733 peto,
375 1663 620 1734 apostole
645 1671 852 1726 sancte,
897 1660 1045 1716 solve
1083 1661 1295 1717 vincula
1335 1649 1581 1717 Omnium
1605 1675 1798 1732 pecca-

205 1770 376 1815 torum
403 1773 675 1824 meorum,
697 1767 752 1813 et
781 1772 1062 1828 nunquam
1086 1755 1796 1828 disrumpendisduleissimi

1887 567 1943 623 in
1975 576 2026 623 te
2055 566 2268 633 Petrus,
2299 567 2423 638 quia
2465 577 2522 620 tu
2568 581 2628 621 es
2664 565 2891 621 dilectus
2937 565 3041 621 sibi
3091 569 3468 638 coapostolus;

1887 672 2023 728 papa
2055 659 2332 713 Romanus
2363 657 2664 728 Aquitanire
2692 665 2797 713 tua:
2825 657 3208 724 communicet,
3251 675 3358 715 non
3380 677 3474 717 ex-

1889 750 2272 806 eommuuicet.
2335 749 2412 804 Te
2469 749 2665 804 Petrus
2733 759 3028 805 veneratur
3076 765 3206 808 vere
3270 767 3475 825 coapo-

1890 839 2118 907 stolum;
2168 850 2218 896 te
2264 856 2400 912 papa
2445 841 2724 897 Rullianus
2774 857 2882 896 non
2925 844 3154 914 abneget
3183 860 3312 901 vere
3349 861 3479 916 apo-

1889 931 2110 986 stolum.
2163 931 2239 986 Te
2281 931 2475 988 Petrus
2510 933 2706 988 clamat
2736 934 3112 990 charissimum
3142 935 3396 1004 fratrem;
3428 951 3480 994 te

1892 1037 2028 1091 papa
2047 1038 2150 1076 non
2165 1021 2393 1093 deneget
2419 1023 2826 1080 dilectissimum
2854 1024 2999 1080 Petri
3031 1031 3479 1084 consortetn.Pm

1895 1122 1949 1167 te
1993 1112 2188 1167 Petrus
2237 1114 2414 1168 oravit
2462 1113 2584 1170 fixis
2616 1117 2880 1186 genibus;
2923 1128 3143 1188 propter
3184 1128 3237 1174 te
3277 1123 3494 1190 gratias

1893 1219 2032 1275 papa
2065 1203 2262 1258 referat
2285 1207 2538 1272 expansis
2559 1207 2826 1262 manibus.
2852 1209 3166 1266 Gratuletnr
3193 1212 3247 1267 in
3281 1223 3331 1268 te
3360 1229 3480 1267 om-

1896 1295 1982 1350 nis
2031 1295 2227 1360 Roma,
2262 1297 2516 1366 quoniam
2573 1298 2735 1354 Petro
2787 1300 2948 1356 solvit
2996 1305 3253 1360 tributum
3304 1307 3482 1360 omnis

1896 1387 2191 1459 Aquitania
2246 1399 2354 1443 tua.
2410 1390 2608 1445 Verum
2651 1392 2695 1447 si
2752 1392 2890 1449 forte
2930 1394 3164 1450 humana
3209 1412 3240 1453 a
3285 1397 3484 1453 divinis

1898 1481 2326 1537 discordaverint
2347 1481 2569 1550 judicia,
2603 1485 2647 1539 si
2685 1486 2824 1540 forte
2853 1487 3119 1542 creditum
3145 1488 3307 1544 fuerit
3336 1491 3484 1546 veri-

1902 1575 2029 1630 tatis
2051 1575 2282 1630 inimicis
2308 1577 2484 1646 potius
2511 1592 2668 1646 quam
2699 1578 2911 1644 amicis,
2945 1579 3148 1649 tumqui
3174 1581 3185 1633 l
3217 1583 3488 1652 corrupti-

1899 1667 2024 1723 bilis
2055 1683 2190 1738 papa
2239 1667 2434 1738 poterit
2487 1669 2868 1724 transcendere
2916 1669 3155 1734 Petrum,
3202 1671 3355 1742 cujus
3401 1673 3487 1727 in-

1902 1758 2101 1814 stinctu
2125 1758 2328 1814 Christi
2363 1760 2644 1830 praeceptis
2673 1760 2903 1815 ohetlisti
2927 1761 2950 1816 τ
2977 1760 3226 1831 Nunquid
3261 1763 3485 1818 moritu-

202 1853 404 1908 amoris
430 1851 505 1906 tui
531 1850 766 1906 vinculis
798 1857 1032 1904 mentem
1061 1863 1239 1904 meam
1266 1848 1334 1902 ad
1371 1857 1422 1903 te
1453 1847 1796 1902 tenacissime
1826 1833 1870 1894 Β
1901 1864 1994 1903 rus
2023 1863 2159 1920 papa
2191 1850 2388 1919 poterit
2432 1858 2484 1904 te
2520 1853 3014 1917 excommunicare,
3047 1868 3208 1923 quem
3237 1853 3488 1910 Christus

202 1943 528 2013 constringe.
552 1941 836 2011 Nunquam
859 1941 1271 1996 communicabo
1302 1941 1560 1995 lueretico
1597 1938 1796 1994 Hehioe-

205 2034 326 2089 niue
350 2032 852 2104 pseudomonacho,
876 2033 969 2102 qui
999 2041 1049 2086 te
1073 2031 1308 2101 abnegat
1331 2032 1382 2085 in
1412 2031 1529 2086 loco
1551 2031 1641 2085 ubi
1674 2030 1797 2100 Spi-

205 2124 336 2181 ritus
366 2133 597 2180 sanctus
647 2123 701 2178 in
737 2122 907 2194 igneis
954 2122 1153 2194 linguis
1181 2137 1343 2190 super
1379 2121 1672 2192 discipulos
1699 2122 1794 2176 de-

204 2216 432 2281 scendit,
465 2213 778 2270 interfuisse
805 2229 822 2268 :
851 2213 979 2284 quin
1019 2213 1130 2269 imo
1171 2212 1340 2268 libera
1367 2228 1503 2269 voce
1537 2213 1788 2268 omnibus

205 2307 412 2379 populis
441 2305 705 2360 testificor
731 2321 838 2360 non
877 2304 950 2360 ibi
999 2303 1142 2360 solos
1173 2304 1480 2370 duodecim,
1513 2305 1605 2358 sed
1632 2304 1796 2359 etiam

204 2398 395 2452 multos
412 2396 555 2451 alios
575 2395 866 2466 discipulos
885 2394 956 2449 ibi
989 2395 1042 2449 in
1070 2393 1202 2449 Sion
1226 2403 1584 2466 congregatos
1608 2393 1794 2459 fuisse,

204 2497 257 2542 et
283 2496 332 2542 te
353 2487 503 2543 inter
526 2500 620 2541 eos
649 2485 911 2555 repletum
938 2483 1153 2557 Spiritu
1176 2493 1368 2540 sancto
1393 2485 1565 2539 variis
1598 2483 1798 2554 linguis

207 2579 476 2649 magnalia
504 2575 598 2632 Dei
641 2589 763 2632 esse
804 2575 1067 2640 locutum,
1101 2583 1156 2630 et
1201 2589 1324 2629 eum
1375 2572 1498 2630 aliis
1540 2574 1798 2644 apostolis

207 2677 450 2733 edoctum
479 2674 732 2729 omnibus
757 2673 955 2744 linguis
983 2669 1350 2728 invincibilem
1378 2670 1799 2726 resurrectionis

209 2765 401 2821 Christi
436 2773 630 2819 testem
661 2763 958 2819 exstitisse.
992 2761 1147 2819 Unde
1175 2760 1405 2830 imploro
1441 2769 1607 2832 perte
1631 2761 1798 2831 ipsius

210 2855 458 2912 Paracliti
486 2855 798 2910 visitatione
825 2869 921 2910 cor
950 2867 1129 2908 meum
1158 2852 1410 2907 mundari
1435 2853 1503 2907 ab
1529 2853 1675 2906 omni
1708 2867 1796 2906 era

211 2965 345 3014 rore,
374 2959 433 3005 et
469 2947 757 3018 sapientia,
787 2963 908 3018 qua:
951 2961 980 3001 a
1023 2945 1187 3000 Patre
1227 2943 1490 2998 luminum
1541 2955 1647 3006 est.
1681 2945 1800 2999 sine

210 3039 308 3095 line
330 3055 643 3096 coruscare.
672 3038 953 3108 Dispereat
997 3037 1281 3094 htereticus
1315 3035 1579 3092 velociter
1605 3051 1634 3090 a
1658 3034 1800 3091 faeie

213 3140 381 3198 terrae,
427 3131 522 3201 qui
573 3129 826 3185 omnibus
874 3128 1176 3200 praedicare
1217 3144 1324 3184 non
1375 3138 1558 3184 cessat
1595 3126 1798 3184 Christi

1898 1941 2197 2009 ascendens
2225 1940 2290 1993 ad
2315 1939 2530 1994 Patrem
2560 1942 2779 2009 propria
2812 1956 2971 1996 manu
3002 1942 3253 2012 dignatus
3281 1954 3363 1997 est
3391 1944 3487 1998 be—

1896 2033 2196 2090 nedicere?
2227 2031 2478 2102 Nunquid
2505 2033 2708 2087 vermis
2755 2031 3070 2088 eﬂicicndus
3107 2049 3241 2104 papa
3285 2035 3488 2103 poterit

1895 2125 2372 2181 excommunicare
2425 2124 2518 2178 Dei
2565 2123 2794 2192 Filium,
2823 2126 2913 2196 qui
2959 2126 3050 2180 tibi
3091 2142 3214 2180 eum
3265 2126 3487 2195 reliquis

1900 2216 2162 2286 apostolis
2254 2215 2482 2270 contulit
2554 2215 2751 2285 ligandi
2846 2216 3199 2286 solvendique
3275 2219 3493 2288 pontifi-

1895 2307 2086 2364 cium?
2118 2306 2368 2378 Nunquid
2419 2308 2688 2362 humanus
2715 2322 2848 2378 papa
2881 2308 3077 2378 poterit
3113 2310 3489 2364 excommuni-

1893 2414 2024 2455 care
2055 2398 2316 2468 Spiritum
2351 2408 2622 2462 sanctum,
2662 2399 2751 2469 qui
2783 2399 2876 2453 tibi
2908 2414 3030 2454 cum
3083 2399 3303 2469 reliquis
3325 2399 3492 2454 disci-

1893 2489 2040 2562 pulis
2089 2490 2317 2545 contulit
2361 2489 2646 2544 scientiam
2689 2491 2931 2545 omnium
2965 2490 3306 2560 linguarum?
3335 2489 3488 2544 Nun-

1898 2581 2026 2653 quid
2075 2579 2282 2650 fragilis
2320 2595 2456 2650 papa
2499 2580 2695 2650 poterit
2741 2581 3212 2636 excommunieare
3260 2581 3492 2652 Aquita-

1898 2670 2044 2725 niam
2070 2680 2233 2731 tuam,
2261 2685 2422 2739 quam
2453 2668 2624 2724 fecisti
2652 2671 2990 2725 eohmretlem
3015 2671 3230 2725 Christo
3253 2671 3490 2727 invitam

1897 2760 2198 2816 teternam?
2227 2759 2475 2830 Nunquid
2523 2760 2697 2830 pulvis
2721 2769 2774 2815 et
2818 2761 2954 2816 cinis
2985 2776 3122 2830 papa
3165 2763 3362 2832 poterit
3397 2777 3495 2844 δι-

1899 2853 2304 2908 comtnunicarc
2357 2853 2660 2907 Ecclesium
2711 2852 2832 2916 Dei,
2890 2866 3051 2921 quam
3113 2862 3166 2906 tu
3219 2854 3288 2908 ab
3337 2851 3494 2908 idolis

1899 2945 2228 3003 emundasti,
2255 2954 2309 2996 et
2338 2945 2406 2998 ab
2457 2945 2605 2998 omni
2645 2945 2840 3000 haeresi
2872 2959 3091 3015 semper
3126 2944 3346 3000 illaesum
3377 2961 3494 3000 scr-

1901 3035 2035 3088 vasti
2061 3036 2082 3088 ?
2109 3033 2362 3105 Nunquid
2414 3038 2654 3092 futurum
2685 3037 2921 3092 cadaver
2949 3052 3088 3107 papa
3118 3039 3315 3107 poterit
3343 3053 3409 3092 ne
3439 3046 3491 3091 te

1899 3128 2195 3197 praedicent
2223 3129 2524 3198 apostolqu
2553 3129 2843 3198 prohibere
2864 3145 3146 3200 eptscopos
3179 3138 3319 3197 tuos,
3354 3145 3491 3200 quos

214 3221 580 3278 ascensionem
636 3218 841 3275 nullum
900 3219 1064 3274 alium
1105 3225 1304 3288 praeter
1355 3217 1500 3274 solos
1542 3217 1794 3271 undecim
1825 3190 1870 3253 C
1904 3231 1958 3276 tu
1999 3237 2103 3275 una
2139 3237 2260 3276 cum
2293 3222 2440 3277 ornni
2484 3221 2656 3278 Gallia
2700 3223 3051 3293 praesentabis
3072 3222 3292 3278 Christo
3324 3223 3376 3277 in
3407 3224 3495 3278 die

214 3311 479 3383 apostolos
505 3311 732 3376 ‘vidisse,
766 3318 820 3366 et
871 3309 945 3366 ibi
991 3324 1332 3380 nequaquam
1366 3318 1418 3363 te
1449 3307 1789 3364 interfuisse.

215 3403 317 3475 Ego
352 3404 504 3460 enim
535 3402 726 3459 vivens
770 3418 893 3459 cum
944 3401 1192 3468 Christo,
1225 3415 1346 3472 ego,
1384 3401 1476 3472 qui
1519 3417 1794 3472 nunquam

215 3499 426 3563 moriar,
462 3510 583 3568 ego,
621 3495 714 3567 qui
753 3503 981 3551 mortem
1018 3509 1124 3549 non
1155 3495 1383 3565 gustabo
1419 3492 1472 3547 in
1509 3502 1794 3558 aeternum,

213 3596 387 3660 utpote
414 3590 647 3644 credens
671 3589 722 3643 in
744 3586 1039 3648 Christum,
1068 3601 1236 3657 super
1263 3595 1500 3640 montem
1524 3584 1798 3640 excelsum

216 3681 536 3746 ascendens,
557 3689 613 3734 et
644 3679 698 3733 in
731 3677 1048 3734 fortitudine
1095 3693 1284 3734 vocem
1314 3691 1492 3732 meam
1530 3675 1796 3741 exaltans,

217 3773 351 3826 omni
375 3781 646 3828 ereaturte
687 3787 816 3826 cum
845 3772 991 3827 omni
1021 3770 1217 3827 fiducia
1235 3769 1518 3836 adnuntio,
1541 3767 1681 3824 sicut
1707 3781 1802 3823 ve-

218 3861 342 3917 ritas
371 3872 463 3919 est
512 3862 567 3916 in
603 3861 766 3929 Jesu;
802 3863 928 3932 quia
959 3862 1104 3918 sicut
1151 3862 1306 3917 testis
1350 3869 1436 3916 est
1476 3860 1801 3916 Aurelianus

218 3953 518 4023 episeOpus,
545 3968 706 4022 quem
740 3953 1074 4010 resuscitasti
1116 3967 1149 4008 a
1189 3952 1404 4022 gemina
1439 3959 1636 4016 morte,
1665 3950 1801 4006 scri-

217 4050 330 4112 ptor
351 4042 495 4099 Viue
520 4053 624 4098 tute
661 4059 783 4098 eum
814 4044 1068 4099 undecim
1099 4043 1379 4112 discipulis
1408 4043 1461 4097 in
1496 4043 1797 4110 Galilaeam,

219 4132 267 4188 in
295 4147 538 4191 montem
567 4136 656 4191 ubi
685 4137 1046 4192 constituerat
1094 4137 1176 4190 eis
1203 4133 1364 4190 Iesus
1393 4136 1648 4190 hortante
1695 4134 1798 4190 Pe-

218 4233 298 4279 tro
320 4227 525 4294 abiisti,
558 4227 738 4293 ibique
763 4228 831 4282 ab
857 4227 976 4298 ipso
1004 4226 1224 4282 Christo
1253 4235 1574 4296 potestatem
1605 4227 1802 4297 prtedi-

218 4317 387 4382 candi,
416 4317 674 4382 docendi,
715 4317 1042 4386 baptizandi,
1075 4332 1182 4372 una
1216 4332 1336 4372 cum
1375 4317 1540 4373 Petro
1569 4325 1625 4372 et
1671 4317 1799 4374 reli-

219 4409 344 4476 quis-
366 4407 633 4480 apostolis
675 4410 952 4478 accepisti,
991 4417 1048 4464 et
1083 4418 1271 4481 postea
1316 4410 1368 4464 in
1401 4418 1583 4464 monte
1606 4408 1800 4465 Oliveti

219 4501 542 4556 ascendente
579 4502 646 4555 ad
685 4501 900 4556 Patrem
931 4502 1157 4557 Domino
1209 4517 1448 4572 prmsens
1483 4501 1653 4566 fuisti,
1710 4502 1798 4557 ubi

1893 3311 2106 3384 judicii,
2139 3313 2443 3385 manipulos
2490 3314 2734 3370 laborum
2771 3325 3011 3381 tuorum,
3063 3315 3114 3370 in
3146 3315 3344 3370 horreo
3375 3329 3490 3370 etn-

1899 3405 2021 3462 leSIi
2049 3405 2374 3461 salvantlos?
2394 3425 2412 3459 ι
2435 3405 2528 3461 llis
2547 3416 2602 3461 et
2626 3407 2845 3472 talibus,
2873 3422 3028 3461 amen
3051 3406 3174 3462 dico
3201 3408 3379 3476 vobis,
3407 3407 3491 3462 in-

1900 3497 2223 3552 satiabiliter
2265 3497 2562 3552 Martialem
2613 3497 2914 3567 apostolum
2959 3497 3050 3553 Dei
3083 3498 3409 3568 alloquerer,
3442 3499 3488 3554 si

1899 3604 2024 3644 eum
2051 3589 2467 3658 eontemplarer.
2495 3589 2648 3656 Quod
2677 3605 2806 3644 vero
2835 3589 3079 3644 nonnulli
3122 3589 3266 3644 bruti
3307 3600 3362 3644 et
3395 3605 3492 3659 pu-

1901 3679 2198 3736 sillanimes
2238 3680 2410 3745 aittnt,
2464 3689 2743 3750 peccatum
2801 3689 2905 3745 est,
2957 3680 3080 3749 quia
3131 3680 3495 3749 praedicamus

1900 3787 2024 3830 eum
2055 3773 2378 3843 apostolum,
2411 3786 2464 3826 et
2494 3774 2600 3828 Deo
2628 3781 2682 3826 et
2710 3771 2782 3826 illi
2802 3779 2888 3828 est
2920 3772 3238 3838 molestum;
3271 3785 3371 3843 ego
3401 3786 3492 3825 ve-

1901 3881 1996 3921 rus
2022 3864 2349 3922 Christicola
2392 3865 2690 3921 Ademarus
2718 3873 2844 3920 ante
2869 3866 3214 3935 prtesentiam
3245 3865 3404 3918 Salva
3417 3872 3496 3919 to-

1902 3959 2002 4026 ris,
2024 3959 2117 4029 qui
2149 3967 2412 4014 venturus
2438 3966 2524 4012 est
2563 3955 2812 4025 judicare
2848 3958 2998 4013 vivos
3045 3965 3099 4012 et
3147 3965 3412 4025 mortuos,
3439 3970 3500 4012 et

1903 4051 2158 4107 saxulum
2205 4065 2303 4120 per
2331 4051 2530 4122 ignem,
2572 4057 2627 4103 et
2657 4049 2896 4118 ejusdem
2939 4049 3233 4106 Ccnitricis
3262 4050 3494 4104 interne-

1905 4155 2038 4200 ratm
2062 4153 2118 4199 et
2143 4153 2415 4215 perpetuae
2461 4144 2683 4214 virginis
2714 4145 2914 4210 Mariae,
2944 4159 3010 4199 ac
3051 4143 3192 4202 beati
3217 4144 3493 4214 apostolo-

1903 4255 2024 4295 rum
2051 4239 2311 4310 principis
2339 4238 2500 4304 Petri,
2530 4247 2698 4294 testor
2725 4249 2779 4294 et
2803 4247 2932 4308 Opto
2973 4254 3136 4310 super
3169 4253 3255 4294 me
3282 4240 3354 4294 sit
3385 4239 3490 4294 hoc

1902 4343 2185 4403 peccatum
2221 4332 2309 4386 hic
2329 4339 2384 4386 et
2416 4333 2467 4384 in
2498 4329 2680 4385 futuro
2727 4331 2780 4384 in
2824 4342 3110 4386 aeternum.
3141 4328 3281 4386 Vere
3315 4330 3360 4383 si
3391 4329 3494 4383 hoc

1903 4434 2184 4496 peccatum
2208 4438 2370 4492 super
2399 4437 2485 4478 me
2506 4422 2783 4486 haberem,
2809 4423 3001 4478 beatus
3023 4423 3242 4477 omnino
3267 4421 3488 4487 fierem;

1906 4533 2013 4572 non
2041 4517 2186 4572 enim
2207 4525 2291 4572 est
2313 4516 2414 4570 hoc
2435 4523 2736 4584 peceatum,
2764 4518 2856 4572 sed
2887 4516 3060 4586 pietas
3093 4517 3354 4572 maxima.
3382 4516 3486 4570 lte-

219 4587 644 4644 benedictionem
703 4591 1064 4660 pontificalem
1125 4591 1194 4644 ab
1245 4590 1361 4660 ipso
1408 4591 1637 4646 Domino
1679 4606 1801 4645 cum
1830 4562 1882 4621 Β
1909 4625 2026 4664 mm
2060 4609 2237 4664 adhuc
2268 4562 2560 4678 momina"
2588 4562 3100 4676 αιτιο’ροηεξιρριυπη
3144 4607 3260 4672 οδε,
3295 4616 3351 4660 ει
3371 4621 3491 4660 om.

221 4679 434 4750 reliquis
447 4681 731 4751 discipulis
755 4682 1016 4738 meruisti.
1043 4680 1198 4738 Unde
1226 4691 1297 4748 te,
1324 4693 1509 4736 sancte
1539 4681 1800 4751 apostole,

220 4784 318 4825 non
366 4772 493 4827 sine
543 4787 744 4840 magno
801 4772 1002 4841 gemitu
1046 4772 1300 4841 deposco,
1358 4771 1442 4827 fac
1485 4785 1571 4826 mc
1610 4770 1805 4824 oblivi-

221 4860 292 4916 sci
321 4869 690 4923 terrenorum.
716 4871 772 4916 et
791 4877 899 4931 quo
924 4862 1172 4916 Christus
1195 4861 1500 4931 praecessit,
1533 4862 1804 4916 incessan-

226 4957 297 5006 ter
323 4953 609 5024 suspirare
635 4954 702 5008 ad
737 4953 904 5008 ctelos
935 4951 1222 5008 caelorum.
1257 4951 1410 5019 Quod
1434 4953 1478 5006 si
1519 4951 1804 5008 llebinnita

225 5039 614 5115 Longobardus
647 5046 714 5100 ab
744 5043 1058 5100 infidelitate
1089 5059 1194 5100 non
1219 5043 1469 5108 discedit,
1493 5045 1738 5098 discedat
1769 5062 1799 5100 a

225 5134 477 5189 societate
497 5134 948 5199 orthodoxorum,
985 5135 1349 5203 rumpaturab
1381 5135 1588 5188 unitate
1615 5135 1803 5190 catho-

228 5223 471 5292 licorum,
501 5225 853 5281 abscindatur
876 5241 909 5279 -a
934 5225 1291 5280 contubernio
1313 5225 1556 5280 omnium
1581 5233 1804 5279 saneto-

229 5334 357 5382 rum,
396 5329 713 5392 segregetur
751 5337 780 5374 a
813 5323 1090 5375 consortio
1130 5319 1446 5392 angelorum
1498 5321 1800 5387 beatorum,

231 5413 476 5477 quoniam
508 5411 816 5468 nullatenus
843 5420 929 5468 est
951 5412 1020 5468 de
1047 5412 1274 5483 collegio
1323 5421 1637 5468 sanctorum
1673 5429 1804 5481 apo-

231 5501 500 5556 stolorum.
525 5501 897 5558 Comminatus
921 5511 1006 5558 est
1035 5518 1133 5559 nos
1155 5513 1375 5574 propter
1402 5511 1546 5558 tuam
1573 5504 1798 5573 gloriam

232 5598 280 5643 et
300 5594 584 5648 veritatem
609 5593 946 5651 accusandus
965 5611 993 5649 a
1019 5611 1078 5651 se
1103 5604 1229 5652 ante
1251 5611 1445 5666 papam
1473 5595 1798 5659 Romanum,

232 5694 436 5740 omnem
471 5687 816 5757 Aquitaniam
850 5697 1072 5760 propter
1107 5698 1158 5746 te
1185 5687 1796 5752 excommunicandam;

235 5767 484 5845 inlaqueo
513 5793 612 5834 suo
635 5777 950 5834 lmmilietur
975 5779 1188 5838 invidus
1217 5781 1521 5846 haereticus,
1548 5788 1804 5849 exsurgat

626 5874 898 5934 ΡΑτιιοι..
942 5871 1048 5934 CX
1062 5872 1160 5934 LI.

1906 4701 2058 4757 nium
2099 4701 2151 4755 in
2185 4700 2325 4756 caelo
2369 4699 2750 4763 habitantium,
2796 4699 2840 4753 si
2892 4698 3076 4768 gloria:
3114 4698 3207 4752 Dei
3255 4697 3339 4753 vel
3387 4696 3492 4765 ipsi

1907 4793 2165 4859 Martiali,
2194 4793 2277 4848 vel
2321 4792 2479 4846 alieni
2513 4801 2842 4853 sanctorum,
2885 4792 2975 4862 qui
3011 4791 3125 4861 jam
3155 4806 3221 4846 ex
3251 4791 3352 4845 hac
3379 4789 3490 4846 vita

1908 4883 2262 4948 transierunt,
2297 4881 2581 4938 molestum
2613 4881 2795 4952 aliquo
2839 4881 2998 4934 modo
3027 4889 3108 4934 est
3133 4895 3256 4935 eum
3296 4879 3489 4951 przedi-

1907 4977 2020 5032 cari
2050 4975 2373 5047 apostolum,
2416 4975 2520 5029 hac
2547 4974 2661 5045 ipsa
2693 4973 2846 5039 hora,
2882 4988 3002 5042 qua:
3029 4980 3116 5027 est
3152 4971 3304 5040 quasi
3333 4978 3490 5026 sexta

1904 5080 2033 5148 diei,
2057 5082 2162 5137 hoc
2192 5080 2307 5150 ipso
2332 5080 2561 5134 articulo
2585 5079 2864 5149 temporis.
2893 5093 3000 5147 quo
3032 5079 3133 5132 hoc
3161 5076 3360 5140 scribo,
3389 5075 3494 5130 hoc

1905 5192 2200 5247 momento,
2230 5184 2334 5238 hoc
2385 5192 2566 5237 atomo
2595 5183 2798 5238 moriar
2846 5195 3089 5251 corpore,
3125 5186 3178 5234 et
3210 5177 3350 5233 ultra
3385 5193 3495 5234 non

1903 5286 2105 5342 vivam.
2140 5286 2268 5341 Duze
2295 5287 2490 5348 missm,
2517 5301 2651 5354 quas
2681 5284 2842 5339 hodie
2881 5299 3041 5339 mane
3079 5290 3232 5345 sexta
3265 5279 3492 5337 Sabbati

1903 5380 2190 5434 continuas
2220 5380 2272 5434 in
2314 5379 2518 5433 honore
2545 5377 2770 5432 vivifiete
2817 5376 3018 5443 erucis,
3059 5390 3220 5430 unam
3268 5381 3491 5444 sponte,

1907 5475 2137 5530 alteram
2164 5472 2423 5527 obediens
2445 5470 2974 5540 necessariojubenti
2999 5481 3056 5525 et
3079 5468 3291 5539 roganti
3307 5465 3493 5521 abbati

1908 5574 2252 5640 Amalt‘redo,
2297 5587 2460 5641 super
2491 5587 2690 5641 corpus
2724 5570 2866 5624 beati
2904 5569 3156 5641 Eparehii
3183 5566 3491 5628 celebravi;

1909 5677 1979 5744 si,
2009 5676 2250 5745 inquam,
2280 5674 2382 5729 hoc
2413 5673 2521 5729 Deo
2569 5671 2838 5742 displicet,
2872 5686 2980 5726 non
3011 5669 3120 5724 sint
3147 5666 3274 5722 mihi
3310 5665 3363 5719 in
3397 5663 3491 5716 ad-

1905 5777 2190 5851 iutorium,
2228 5776 2322 5833 sed
2378 5776 2598 5845 statim,
2632 5774 2774 5829 sicut
2816 5771 2960 5827 solus
3013 5768 3154 5824 intra
3203 5765 3488 5822 ecclesiam

2845 5904 2849 5910 ι
2935 5861 2972 5920 [ι
