4088 6370
593 347 690 403 107

1684 346 1988 405 ADEMARI
2023 349 2080 405 S.
2119 346 2390 405 CIBARDI
2432 347 2740 441 MONACHl

3768 358 3875 419 108

592 459 805 527 scribo,
859 458 960 520 hac
982 452 1126 535 "ipsa
1152 441 1303 520 'itor'a
1334 445 1594 520 "animum
1642 464 1887 521 reddam.
1938 464 2188 520 Christus
2214 470 2262 529 Α
2295 464 2392 530 tia,
2419 466 2511 520 sed
2554 480 2774 536 parum;
2809 479 2932 522 nam
2979 467 3034 522 in
3067 467 3467 541 Longobardia,
3498 470 3587 528 ubi
3622 482 3722 545 ego
3750 474 3876 547 plus

591 556 791 613 ubique
813 563 917 612 est.

659 573 680 611 ιι
723 572 791 611 ue
813 572 917 612 est.

659 572 912 703 thristus
938 662 1024 703 me
1049 646 1233 704 vivere
1259 646 1397 714 vult,
1432 640 1652 703 Christo
1682 654 1894 719 gratum
1921 656 2006 702 est
2036 645 2178 701 Mar-

590 740 771 795 tialem
804 739 1090 810 praedicari
1125 756 1154 794 a
1196 739 1354 797 nobis
1394 744 1720 811 apostolum.
1756 740 1852 795 Est
1877 741 2020 796 enim
2051 755 2176 796 vere

586 832 882 904 apostolus.
917 830 961 888 0
996 832 1240 888 seniores
1266 831 1515 899 Patrum,
1557 834 1754 902 quibus
1782 834 1923 888 hanc
1968 836 2173 904 episto-

583 925 692 981 lam
722 927 925 991 scribo,
953 926 1130 981 adhuc
1157 925 1379 983 auribus
1406 926 1636 996 accipite
1660 926 2010 995 blasphemos
2034 926 2176 981 Lan-

585 1016 811 1086 gobardi
871 1018 1013 1071 inter
1063 1018 1257 1088 pocula
1327 1032 1627 1074 sermones.
1688 1016 1824 1072 Nam
1866 1019 2173 1076 contrarius

583 1109 1053 1180 apostolojubenti
1077 1128 1199 1166 cum
1240 1112 1458 1168 silentio
1484 1126 1683 1183 partem
1705 1112 2167 1179 manducandum,

583 1217 690 1257 non
726 1204 779 1257 in
811 1205 1047 1275 capitulo
1081 1205 1372 1269 matutino,
1416 1219 1520 1259 non
1564 1204 1617 1258 in
1669 1203 1788 1259 loco
1831 1203 2165 1272 sobrietatis,

582 1295 803 1364 scdjam
834 1296 975 1351 escis
1000 1297 1284 1360 distentus,
1316 1295 1556 1366 piscibus
1594 1295 1850 1356 refectus,
1895 1297 2004 1351 vini
2033 1297 2168 1352 meri

580 1387 791 1454 poculis
817 1388 1086 1453 madidus,
1114 1388 1164 1440 in
1196 1386 1485 1442 refectorio
1506 1386 1977 1456 lratrumjubebat
2003 1387 2169 1443 lecto-

579 1491 694 1531 rem
729 1477 888 1533 silere
914 1477 1209 1541 multoties,
1244 1486 1426 1533 etnon
1455 1480 1521 1534 de
1549 1479 1664 1549 ipsa
1695 1478 1950 1543 lectione,
1976 1480 2069 1534 sed
2100 1479 2168 1533 de

577 1569 822 1638 apostolo
860 1569 1127 1633 Martiale,
1176 1568 1439 1625 fratribus
1465 1570 1898 1633 convivantibus,
1931 1568 2165 1638 saepissi-

576 1673 696 1714 mos
725 1675 1007 1717 sermones
1037 1660 1267 1716 faciebat
1296 1661 1371 1715 ita
1400 1661 1717 1726 derisorios,
1740 1662 1885 1731 quod
1920 1676 2024 1715 non
2045 1660 2164 1715 sine

575 1752 837 1808 immensa
886 1754 1065 1809 cordis
1110 1755 1214 1809 mei
1258 1753 1624 1808 amaritudine
1646 1755 1784 1817 dico,
1828 1762 1889 1807 ut
1919 1754 2160 1809 omnium

2282 554 2469 623 didici,
2507 566 2591 613 est
2638 558 2760 614 fons
2811 558 3113 628 sapientiae.
3147 561 3258 632 Ego
3291 572 3512 633 propter
3557 564 3701 622 hanc
3738 575 3875 624 cau-

2283 664 2427 715 sam,
2451 651 2752 706 conducam
2802 656 3017 707 omnem
3064 652 3411 723 Aquitaniam
3456 656 3524 712 ad
3570 658 3674 713 tale
3699 658 3868 730 placi-

2281 747 2415 807 tum,
2449 741 2502 795 in
2551 757 2658 810 quo
2707 742 2884 798 nullus
2929 742 3248 799 clericorum
3296 747 3431 802 sciet
3469 763 3528 803 se
3578 749 3864 819 adjuvare.

2276 828 2410 882 Nam
2435 844 2533 901 ego
2568 840 2661 885 aut
2689 832 2775 887 ibo
2806 833 2873 888 ad
2916 850 3107 903 papam
3138 835 3441 891 Romanum
3472 848 3696 910 propter
3723 842 3873 898 hanc

2272 923 2770 991 prmsumptionem,
2814 933 2908 978 aut
2948 925 3158 979 mittam
3198 927 3247 981 ei
3282 927 3489 983 litteras
3532 946 3681 987 meas
3722 934 3869 988 sicut

2274 1013 2389 1067 scio
2416 1028 2757 1085 componere.
2789 1015 2853 1069 Et
2887 1017 2988 1071 iste
3016 1032 3153 1086 papa
3196 1024 3284 1075 est
3327 1020 3481 1075 valde
3508 1037 3667 1092 asper
3698 1024 3865 1079 homo

2271 1114 2326 1160 et
2347 1104 2512 1170 ferus,
2535 1114 2589 1160 et
2614 1106 2755 1162 male
2782 1108 3072 1162 iracundus
3096 1119 3148 1163 et
3169 1111 3326 1166 suavis
3352 1114 3625 1177 moribus;
3657 1124 3710 1168 et
3737 1129 3865 1171 mox

2272 1210 2338 1249 ex
2373 1211 2480 1265 quo
2518 1198 2700 1252 audiet
2747 1214 2943 1253 novum
2997 1201 3297 1269 apostolum
3345 1218 3467 1258 esse
3516 1215 3756 1263 erectum
3802 1208 3863 1263 in

2270 1286 2468 1353 Gallia,
2500 1291 2996 1347 cxcommunieabit
3018 1308 3210 1347 omnes
3242 1296 3525 1366 episcopos
3576 1309 3631 1351 et
3669 1313 3863 1355 omnes

2270 1380 2529 1436 ecclesias
2558 1393 2614 1437 et
2649 1385 2979 1439 monasteria
3012 1386 3176 1440 totius
3205 1387 3536 1457 Aquitania}.
3565 1398 3623 1443 ιιι
3652 1391 3860 1446 nullum

2268 1486 2480 1526 sacrum
2519 1473 2875 1528 ministerium
2926 1475 2996 1529 ibi
3022 1477 3252 1546 amplius
3298 1479 3622 1543 celebrczur,
3654 1496 3862 1550 quous-

2267 1579 2373 1634 qne
2417 1565 2519 1621 hoc
2546 1566 2617 1620 sit
2653 1567 2875 1622 omnino
2923 1568 3281 1634 destructum,
3322 1580 3378 1626 et
3404 1573 3723 1642 paenitentia
3757 1590 3858 1645 pu-

2264 1652 2402 1707 blica
2438 1671 2536 1725 pro
2589 1655 2693 1710 hoc
2724 1658 2796 1710 sit
2834 1660 2903 1712 ab
2940 1658 3193 1714 omnibus
3228 1658 3393 1717 facta.
3434 1662 3501 1716 Et
3544 1672 3729 1733 postea
3758 1678 3861 1734 per

2266 1744 2574 1799 testamenti
2606 1759 2935 1817 praeceptum
2958 1751 3472 1815 excommunicabit,
3497 1752 3682 1821 utjam
3711 1759 3857 1809 ultra

572 1850 791 1897 aetatum
820 1842 1018 1899 fratres
1045 1845 1112 1899 ad
1139 1844 1398 1900 lascivum
1427 1844 1595 1899 risum
1618 1855 1674 1899 ci
1697 1844 2025 1900 cachinnum
2049 1845 2156 1899 dis.
2185 1825 2230 1885 Β
2261 1835 2312 1891 in
2343 1836 2582 1892 futurum
2618 1839 2720 1893 hoc
2747 1840 2974 1910 amplius
3002 1841 3317 1897 nullatenus
3339 1855 3722 1914 przrsumatur.
3753 1863 3776 1898 ι

572 1933 824 1989 solveret.
858 1935 933 1989 lta
968 1944 1074 1990 tota
1107 1937 1332 2006 prandia
1363 1945 1419 1991 et
1459 1950 1645 1993 cmuas
1693 1952 1792 2007 per
1838 1937 1954 1993 dies
1982 1936 2155 1993 ferme

572 2024 932 2091 quadraginta
975 2025 1206 2093 Augusti
1248 2035 1303 2081 et
1335 2025 1670 2096 Septembris
1701 2026 1967 2081 mensium
1996 2025 2161 2081 alter-

571 2114 743 2168 natim
789 2116 1149 2171 manducabat
1179 2126 1234 2171 ct
1282 2118 1519 2182 bibebat,
1569 2117 1671 2172 sibi
1701 2126 1754 2171 et
1781 2116 2001 2172 Christo
2027 2132 2157 2186 apo-

569 2207 766 2262 stolum
807 2207 1105 2263 Martialem
1136 2209 1545 2279 blasphemabat
1591 2210 1768 2265 nobis.
1802 2209 1983 2280 Epulae
2016 2224 2153 2274 sure,

568 2297 917 2369 blaSphcmiaz
960 2308 1179 2354 nostrm.
1223 2299 1348 2354 Haec
1371 2308 1491 2355 erat
1534 2315 1630 2355 sua
1679 2300 1870 2356 crebra
1904 2301 2156 2369 repetitio

567 2392 881 2460 quotidiana
923 2408 936 2444 :
988 2409 1007 2443 ‹
1058 2392 1190 2461 Ego,
1224 2392 1420 2461 inquit,
1475 2406 1594 2445 sum
1634 2406 1804 2460 nepos
1842 2390 2055 2445 abbatis
2089 2391 2155 2445 de

567 2484 759 2550 Clusa;
792 2472 906 2552 ipse
934 2483 1086 2537 duxit
1117 2498 1203 2537 mc
1230 2498 1327 2553 per
1348 2482 1515 2536 multa
1542 2480 1659 2537 loca
1689 2482 1742 2534 in
1774 2480 2154 2551 Longobardia

566 2585 620 2628 et
648 2574 875 2630 Francia
906 2582 1128 2644 propter
1170 2574 1614 2644 grammaticam;
1651 2573 1748 2642 ipsi
1781 2572 1895 2639 jam
1938 2580 2156 2628 constat

564 2665 829 2735 sapientia
855 2681 972 2720 mea
1003 2665 1107 2719 duo
1132 2665 1296 2718 millia
1321 2664 1529 2729 solidis,
1554 2680 1689 2733 quos
1710 2664 1858 2718 dedit
1880 2663 2153 2734 magistris

562 2759 722 2814 meis.
758 2757 963 2814 Novem
1012 2758 1170 2811 annis
1203 2756 1319 2826 jam
1351 2756 1478 2811 steti
1526 2756 1593 2811 ad
1634 2756 2066 2826 granmtaticam,
2097 2771 2154 2811 et

565 2851 741 2907 adhuc
789 2867 907 2906 sum
952 2849 1288 2906 scolasticus.
1338 2848 1539 2905 Sumus
1578 2864 1772 2903 novem
1813 2847 2149 2913 scholastici,

562 2945 656 3014 qui
684 2942 844 2999 simul
872 2942 1135 2998 discimus
1163 2942 1603 3013 grammaticam,
1637 2949 1691 2994 et
1720 2956 1838 2996 sum
1872 2954 1975 3010 ego
1997 2938 2153 2995 valde

560 3034 839 3104 perfectus
868 3033 1103 3104 sapiens.
1134 3032 1317 3089 llabeo
1342 3032 1476 3088 duas
1499 3046 1723 3102 magnas
1746 3031 1936 3085 domos
1967 3030 2153 3097 plenas

561 3124 742 3190 libris,
773 3135 828 3178 et
880 3123 1056 3179 adhuc
1089 3137 1195 3177 non
1229 3137 1417 3178 omnes
1457 3136 1552 3177 eos
1599 3122 1721 3191 legi,
1772 3120 1866 3176 sed
1904 3120 2148 3191 quotidie

558 3215 795 3271 meditor
823 3214 876 3269 in
907 3214 1033 3269 illis.
1068 3212 1258 3267 Nullus
1285 3212 1419 3266 liber
1444 3222 1529 3266 est
1554 3211 1605 3265 in
1644 3219 1754 3265 tota
1791 3220 1936 3265 terra
1984 3225 2145 3280 quem

556 3319 657 3375 ego
700 3320 809 3361 non
840 3304 1091 3360 habeam.
1136 3302 1427 3373 Postquam
1460 3303 1647 3357 exiero
1692 3301 1758 3355 de
1786 3299 1995 3365 schola,
2038 3315 2146 3355 non

556 3397 664 3452 erit
708 3398 905 3453 subtus
948 3397 1150 3452 ccelum
1203 3405 1312 3451 tam
1360 3394 1577 3465 sapiens
1624 3402 1681 3448 ut
1726 3408 1846 3464 ego.
1898 3392 2013 3462 Ego
2050 3390 2148 3447 ero

558 3490 729 3546 abbas
781 3490 848 3546 de
882 3488 1042 3545 Clusa
1085 3497 1207 3559 post
1258 3496 1486 3543 mortem
1534 3484 1781 3541 avunculi
1823 3483 1962 3551 mei,
2009 3481 2150 3553 jam-

554 3596 662 3651 que
706 3597 825 3638 sum
865 3580 1069 3638 electus
1126 3580 1195 3636 ab
1246 3580 1539 3645 omnibus;
1582 3588 1637 3635 et
1685 3577 1787 3632 nisi
1839 3576 1970 3631 tales
2012 3591 2147 3632 con-

556 3675 700 3752 versi
728 3672 858 3730 mali
890 3674 1141 3729 monachi
1172 3672 1418 3737 fuissent,
1449 3673 1541 3743 qui
1577 3687 1683 3728 non
1716 3680 1911 3725 curant
1939 3671 2043 3725 nisi
2078 3670 2147 3726 de

552 3764 825 3836 hypocrisi
853 3772 908 3819 et
938 3764 1004 3820 de
1024 3764 1350 3829 rusticitate,
1376 3764 1468 3834 qui
1491 3763 1621 3817 mihi
1648 3763 1751 3816 hoc
1781 3761 2144 3827 abstulerunt,

544 3854 661 3924 jam
706 3872 776 3912 ex
832 3857 1003 3912 multo
1050 3866 1291 3926 tempore
1333 3870 1510 3911 essem
1561 3864 1913 3909 consecratus
1954 3854 2143 3909 abbas.

551 3948 663 4019 Ego
694 3963 813 4002 sum
841 3947 991 4019 prior
1012 3948 1078 4003 de
1105 3947 1290 4012 Clusa,
1323 3955 1378 4000 et
1400 3946 1515 4000 scio
1544 3946 1682 4000 bene
1711 3943 1892 3998 facere
1928 3958 2143 3999 sermo-

550 4054 674 4094 nem
704 4039 771 4095 de
804 4039 1004 4094 littera.
1048 4039 1243 4094 Dicunt
1282 4037 1372 4092 isti
1414 4035 1758 4092 Lomovicani
1801 4035 1971 4102 stulti,
2015 4035 2142 4105 quia

550 4134 605 4186 in
638 4132 868 4188 Francia
899 4133 1201 4202 praedicant
1242 4129 1544 4202 apostolum
1576 4144 1697 4183 esse.
1724 4136 1971 4182 sanctum
2003 4125 2143 4181 Mar-

551 4225 755 4291 tialem,
799 4234 855 4278 et
880 4224 1004 4294 quia
1044 4223 1265 4278 mittunt
1293 4238 1414 4277 eum
1456 4222 1507 4277 in
1545 4221 1749 4275 litaniis
1782 4228 1907 4274 ante
1938 4229 2141 4289 marty-

549 4330 663 4380 res,
694 4317 797 4370 hoc
828 4312 1019 4369 falsum
1048 4326 1164 4380 est;
1199 4328 1299 4384 ego
1337 4312 1484 4368 enim
1514 4312 1698 4367 multis
1733 4312 1891 4365 annis
1929 4311 2054 4365 steti
2087 4310 2141 4364 in

547 4405 804 4473 Francia,
833 4415 888 4462 et.
917 4420 1191 4475 nunquam
1220 4405 1293 4459 ibi
1320 4404 1501 4459 audivi
1525 4404 1690 4458 etiam
1725 4416 1921 4457 nomen
1946 4402 2064 4471 ejus
2085 4401 2138 4455 in

547 4496 818 4567 aliquibus
842 4497 1064 4567 agendis
1093 4511 1194 4551 nec
1238 4495 1293 4551 in
1324 4497 1449 4551 totis
1480 4494 1705 4551 litaniis.
1738 4493 1968 4549 Francia
2000 4491 2135 4547 nihil

545 4588 651 4642 scit
683 4588 750 4643 de
778 4588 895 4657 ipso
939 4605 954 4641 :
992 4588 1168 4643 nescit
1214 4588 1259 4642 si
1306 4596 1388 4642 est
1436 4578 1734 4658 apostolus,
1777 4594 1870 4639 aut
1901 4593 2128 4655 martyr,

546 4669 982 4734 aut’confessor.
1033 4677 1189 4732 Nulla
1237 4678 1310 4732 ibi
1358 4677 1425 4733 de
1468 4693 1534 4734 eo
1578 4677 1641 4732 fit
1684 4675 2133 4733 commemoratio

545 4772 710 4826 etiam
748 4774 802 4827 in
842 4787 943 4828 suo
981 4772 1252 4827 natalitio.
1289 4771 1577 4842 Nunquam
1627 4773 1849 4827 deberet
1882 4772 2134 4827 essehoc

546 4865 862 4933 cogitatum.
894 4864 1028 4933 Quis
1057 4865 1161 4919 fuit
1187 4880 1425 4934 unquam
1456 4874 1565 4919 tam
1596 4880 1760 4920 ausus
1790 4866 1880 4934 qui
1914 4866 2016 4919 hoc
2047 4864 2132 4919 di-

546 4958 738 5012 ceret?
768 4957 901 5024 Quis
924 4972 1088 5013 ausus
1115 4957 1218 5013 fuit
1252 4957 1552 5011 Martialem
1576 4957 1901 5027 prtedicasse
1922 4966 2135 5026 aposte-

547 5053 679 5114 lttm,
708 5050 811 5104 nisi
857 5052 1011 5121 prius
1038 5051 1241 5119 grande
1271 5049 1523 5121 generale
1566 5050 1856 5105 concilium
1890 5050 2129 5103 omnium

546 5139 921 5208 episcoporum
944 5140 1130 5196 Gallia:
1153 5149 1207 5195 et
1228 5139 1417 5206 italiae,
1441 5156 1545 5195 una
1568 5155 1691 5194 cum
1720 5155 1858 5210 papa
1889 5138 2131 5193 Romano

546 5239 990 5301 eongrcgaretnr,
1023 5238 1080 5286 et
1105 5230 1177 5285 ibi
1213 5238 1360 5286 esset
1400 5230 1682 5299 probatum
1712 5229 1755 5283 si
1786 5236 1871 5282 est
1900 5236 1993 5281 aut
2025 5243 2130 5282 non

544 5330 631 5374 est
650 5322 945 5391 apostolus.
975 5322 1088 5394 Ego
1122 5331 1291 5377 totum
1319 5337 1483 5376 unum
1513 5320 1802 5375 concilium
1842 5320 1980 5374 bene
2018 5319 2131 5373 scio

544 5415 854 5485 disponere,
885 5425 993 5470 tum
1024 5416 1243 5486 sapiens
1270 5430 1413 5470 sum.
1446 5414 1511 5468 Et
1549 5413 1596 5468 si
1625 5428 1724 5483 ego
1753 5413 1959 5481 primus
1985 5410 2130 5465 allir-

547 5522 775 5573 marem,
808 5517 917 5562 tum
952 5516 1138 5577 posset
1167 5506 1269 5561 hac
1303 5520 1467 5561 causa
1506 5504 1778 5567 existere;
1813 5503 1865 5556 in
1900 5500 2128 5571 Aquita-

544 5599 632 5652 nia
662 5599 806 5653 nulla
842 5597 1106 5669 sapientia
1150 5605 1254 5662 cst,
1303 5610 1493 5650 omnes
1540 5602 1665 5648 sunt
1715 5593 1925 5647 rustici.
1972 5591 2037 5645 Et
2084 5590 2129 5646 si

544 5690 741 5758 aliquis
772 5689 839 5745 de
870 5688 1157 5759 Aquitanis
1188 5703 1377 5757 parum
1409 5686 1664 5742 didicerit
1690 5685 2125 5757 grammaticam,

545 5795 666 5834 mox
696 5788 851 5851 putat
872 5794 929 5836 se
958 5794 1078 5837 esse
1103 5778 1405 5849 Virgilium.
1438 5777 1493 5833 in
1526 5776 1753 5835 Francia
1787 5785 1869 5835 est
1904 5775 2123 5865 sapicn:

2331 1929 2517 2001 itaque
2566 1931 2671 1986 duo
2701 1933 3158 2001 pseudomonacbi
3202 1936 3375 1989 nostri
3419 1951 3450 1989 a
3499 1934 3721 1991 anetia
3767 1953 3855 1994 re-

2258 2025 2424 2091 versi,
2450 2042 2571 2080 mox
2601 2036 2880 2097 gementes
2903 2038 3186 2098 cmperuut
3218 2030 3375 2084 nobis
3394 2030 3573 2085 dicere
3601 2046 3617 2084 :
3646 2049 3663 2081 ι
3696 2028 3849 2084 lleul

2258 2119 2401 2175 male
2438 2118 2639 2174 fuimus
2679 2122 2821 2187 nati;
2856 2136 3046 2177 omnes
3090 2123 3287 2177 mortui
3326 2139 3538 2191 sumus,
3562 2123 3662 2178 nisi
3707 2122 3857 2179 Deus

2258 2210 2691 2266 miscricordiam
2726 2212 2883 2267 nobis
2919 2211 3128 2267 fecerit.
3168 2232 3188 2265 ι
3230 2213 3364 2268 Τιιιιι
3396 2214 3497 2268 ista
3528 2230 3649 2283 quae
3679 2229 3848 2283 supra

2257 2298 2441 2363 retuli,
2472 2309 2526 2354 ct
2557 2301 2727 2356 multo
2757 2302 2863 2356 alia
2913 2304 3116 2374 majora
3156 2318 3276 2373 qua:
3321 2304 3607 2358 audierunt
3646 2304 3717 2356 ab
3752 2303 3847 2358 illo

2256 2392 2559 2460 nmscipula
2583 2392 2779 2447 diaboli
2808 2393 3183 2466 Longobardo,
3208 2404 3492 2465 cmperunt
3508 2393 3664 2448 nobis
3688 2408 3850 2449 enar-

2257 2497 2402 2537 rare.
2435 2485 2546 2554 tigo
2570 2499 2720 2549 vero,
2755 2486 2991 2540 conlisus
3038 2485 3178 2541 hanc
3206 2486 3655 2541 contrarietatem
3696 2485 3846 2541 acci—

2255 2571 2386 2629 dere
2417 2584 2636 2644 propter
2675 2574 2934 2643 majorem
2974 2576 3218 2632 futuram
3246 2578 3582 2641 ﬁrmitatem,
3624 2585 3682 2633 et
3715 2579 3845 2649 quia

2258 2682 2367 2736 quo
2410 2666 2530 2737 plus
2568 2669 2979 2734 contradicitur,
3018 2684 3083 2724 eo
3120 2669 3239 2739 plus
3281 2670 3484 2725 Veritas
3522 2668 3844 2736 afﬁrmatur,

2254 2758 2526 2828 simulque
2550 2774 2650 2829 pro
2693 2759 2865 2815 nihilo
2901 2761 3103 2816 ducens
3132 2770 3495 2816 ostentantem
3529 2761 3846 2832 Longoliar-

2254 2850 2379 2907 dum
2412 2850 2710 2921 (audieram
2741 2852 2884 2905 enim
2906 2868 3028 2907 eum
3053 2851 3391 2917 Lemovicas,
3424 2863 3484 2908 ut
3507 2869 3669 2924 supra
3700 2836 3837 2919 dixi,

2252 2936 2611 2996 barbarismis
2633 2940 2775 2995 male
2804 2956 3155 3012 corrumpere
3180 2942 3550 3009 Latinitatem,
3572 2954 3627 2998 et
3647 2944 3848 2999 Stultos

2253 3042 2437 3083 mores
2457 3030 2508 3085 ei
2540 3030 2755 3097 inesse;
2793 3046 2917 3085 nam
2944 3032 3079 3086 iram
3106 3048 3259 3087 suam
3293 3048 3632 3103 nequaquam
3658 3033 3847 3089 celare

2251 3128 2487 3189 poterat,
2515 3128 2570 3175 et
2592 3123 2993 3177 contentionem
3018 3122 3071 3176 in
3099 3137 3198 3177 nos
3227 3138 3323 3177 sua
3350 3122 3665 3178 defensione
3692 3136 3844 3177 ama-

2248 3212 2363 3280 bat,
2409 3211 2825 3284 intellexeram),
2863 3213 2946 3269 vel
2984 3215 3111 3284 quia
3148 3223 3227 3271 tot
3256 3215 3551 3286 prudentes
3587 3214 3845 3271 Ecclesia:

2246 3303 2654 3362 Lemovicensis
2681 3306 2833 3362 viros
2870 3307 3151 3377 judicabat
3180 3323 3456 3373 erroneus,
3485 3308 3564 3362 vel
3588 3308 3714 3378 quia
3744 3322 3841 3365 tto-

2247 3395 2335 3451 lus
2361 3397 2609 3453 exoticus
2655 3413 2831 3469 neque
2863 3398 3146 3466 invitatus,
3175 3400 3346 3455 videri
3393 3400 3654 3469 magister
3683 3399 3838 3456 vole-

2245 3486 2339 3543 bat
2395 3487 2642 3559 pluribus
2686 3489 2865 3560 (enlpa
2925 3499 3011 3547 est
3054 3493 3199 3547 enim
3240 3492 3512 3562 superbia:
3554 3493 3838 3549 meliorem

2245 3580 2384 3636 velle
2413 3582 2662 3652 docere);
2698 3582 2968 3653 simulque
3001 3584 3127 3653 quia
3159 3583 3445 3639 confestim
3478 3586 3686 3655 appulit
3720 3583 3841 3639 ani-

2245 3685 2369 3726 mus
2411 3671 2554 3726 banc
2595 3673 2752 3728 vobis
2800 3675 3043 3729 scribere
3078 3673 3368 3744 epistolam
3414 3676 3481 3729 ad
3514 3673 3839 3749 refelle-udos

2244 3762 2495 3815 vecordis
2536 3775 2770 3827 errores,
2805 3764 3022 3819 curiose
3069 3764 3329 3820 minutius
3372 3765 3681 3821 sciscitatus
3712 3779 3840 3820 sum

2246 3854 2315 3908 ab
2346 3854 2426 3909 eis
2471 3855 2587 3909 haec
2631 3856 2813 3911 omnia
2856 3857 3095 3913 dicens:
3144 3875 3163 3909 ι
3209 3857 3361 3914 Unde
3412 3859 3584 3914 nostis
3622 3857 3667 3914 si
3716 3858 3843 3928 ipse

2244 3953 2329 3999 est
2376 3946 2675 4016 sapientior
2744 3948 2938 4004 nobis?
2985 3975 3060 3990 --
3091 3948 3240 4005 Ultra
3268 3988 3285 4016 ,
3349 3950 3565 4021 inquit,
3643 3962 3843 4003 omnes

2243 4035 2495 4093 homines
2538 4046 2622 4093 est
2664 4039 2883 4110 sapiens
2926 4054 3063 4110 quos
3106 4055 3343 4110 unquam
3384 4042 3640 4095 vidimus.
3702 4038 3837 4093 Nul-

2242 4128 2352 4186 lum
2393 4130 2467 4185 ita
2502 4138 2611 4186 tota
2639 4132 2728 4187 die
2766 4130 3075 4204 loquentem
3111 4133 3434 4187 audivimus.
3476 4131 3523 4188 0
3550 4146 3715 4202 quam
3754 4131 3838 4186 lo-

2242 4240 2384 4295 quax
2416 4225 2531 4280 est!
2568 4224 2714 4279 nulla
2755 4225 2889 4281 hora
2935 4225 3171 4280 lassatur
3199 4242 3227 4279 a
3262 4226 3559 4281 locutione.
3595 4225 3651 4280 In
3696 4240 3838 4295 quo-

2242 4330 2455 4386 cunque
2490 4314 2609 4370 loco
2658 4314 2823 4370 fuerit
2870 4324 3053 4379 stans,
3113 4317 3341 4381 sedens,
3397 4315 3710 4382 ambulans,
3750 4314 3839 4385 ja-

2240 4422 2403 4472 cens,
2454 4406 2527 4461 ita
2561 4404 2801 4460 deﬂuunt
2843 4404 3006 4460 verba
3046 4404 3115 4459 ab
3148 4420 3244 4460 ore
3277 4405 3394 4476 ejus
3419 4405 3582 4460 veluti
3622 4419 3761 4474 aqua
3799 4420 3836 4461 a

2238 4494 2401 4551 tluvio
2455 4494 2694 4565 Tigride.
2762 4495 2882 4565 Ipse
2944 4494 3166 4549 mandat
3220 4507 3433 4548 onmem
3487 4493 3667 4549 locum
3718 4493 3832 4549 Bu-

2240 4586 2411 4639 xeria:
2437 4584 2594 4640 sicuti
2624 4580 2813 4645 abbas,
2844 4599 3033 4639 onmes
3077 4585 3354 4651 monachi,
3384 4593 3439 4639 ct
3462 4583 3610 4648 laici,
3633 4593 3689 4638 et
3712 4586 3828 4638 cle-

2241 4675 2339 4731 rici
2376 4674 2507 4730 nihil
2531 4684 2698 4745 agunt
2719 4675 2837 4730 sine
2868 4683 3001 4729 nutu
3028 4672 3175 4743 ejus;
3215 4674 3328 4744 ipse
3374 4684 3457 4729 est
3498 4676 3642 4729 enim
3678 4676 3837 4745 prior

2238 4767 2516 4836 praelatus.
2556 4766 2847 4822 Multitudo
2876 4767 3057 4837 populi
3108 4772 3163 4821 et
3206 4767 3469 4833 militum,
3501 4769 3659 4822 nobis
3692 4783 3835 4838 pra-

2239 4858 2505 4922 sentibus,
2551 4858 2620 4913 ad
2644 4873 2767 4913 eum
2796 4860 2954 4928 quasi
2976 4859 3042 4912 ad
3069 4859 3369 4930 principem
3397 4860 3831 4915 desiderantium

2238 4964 2360 5003 eum
2401 4948 2591 5004 audire
2647 4948 2792 5019 loqui
2843 4950 3211 5016 festinabant;
3266 4966 3405 5021 quos
3436 4952 3551 5021 ipse
3600 4961 3710 5005 tota
3737 4952 3833 5007 die

2234 5039 2417 5096 ferens
2448 5040 2638 5106 verba,
2665 5056 2857 5096 omnes
2905 5052 3168 5111 pertaesos
3199 5042 3482 5107 reddebat,
3529 5043 3643 5111 ipse
3690 5058 3828 5099 vero

2235 5148 2342 5189 non
2381 5132 2709 5188 lassabatur.
2759 5132 2864 5200 Qui
2925 5149 3057 5189 vero
3101 5136 3472 5202 recedebant,
3520 5136 3825 5192 dicebant:

2234 5223 2520 5294 Nunquam
2549 5224 2629 5280 sic
2676 5225 3019 5294 eloquentem
3058 5228 3471 5296 grammaticum
3506 5214 3762 5283 vidimus.
3798 5247 3825 5281 ι

2235 5317 2450 5384 Quibus
2478 5333 2579 5388 ego
2605 5335 2619 5371 :
2650 5335 2668 5369 ι
2699 5315 2814 5372 Non
2839 5319 3155 5381 multitudo,
3190 5320 3395 5388 inquit,
3422 5320 3826 5390 eloquentium,

2238 5409 2333 5465 sed
2360 5408 2996 5478 multitudo'sapientium
3025 5411 3233 5465 sanitas
3253 5420 3336 5465 est
3357 5411 3505 5466 orbis
3528 5421 3821 5465 terrarum.

2240 5497 2469 5571 Sapiens
2492 5500 2672 5555 verbis
2695 5501 2984 5557 innotescit
3008 5503 3215 5571 paucis.
3240 5502 3309 5556 Et
3333 5503 3630 5557 monachus
3649 5515 3822 5572 pauca

2237 5591 2401 5645 verba
2437 5599 2493 5646 et
2541 5590 2883 5645 rationabilia
2938 5590 3212 5661 loquatur,
3261 5601 3317 5646 et
3368 5591 3607 5663 linguam
3644 5592 3712 5645 ad
3737 5591 3792 5646 lo

2235 5683 2509 5753 quendum
2539 5683 2844 5752 prohibeat,
2876 5691 2933 5737 et
2955 5682 3382 5738 taciturnitatem
3415 5684 3619 5739 habens
3647 5698 3824 5754 usque

2237 5773 2305 5831 ad
2341 5773 2817 5847 interrogationem
2840 5789 2945 5831 non
2969 5773 3242 5846 loquatur.
3257 5772 3482 5846 Stultus,
3500 5775 3548 5831 si
3571 5776 3821 5842 tacui-it,
