4088 6418
233 343 348 403 409

1422 339 1643 396 EPIST.
1679 339 1768 395 DE
1808 337 1866 392 s.
1895 323 2246 394 stantum.

3417 345 3520 404 NO

240 459 452 532 εαρὶεηι
477 455 823 528 reputabitur.
870 473 887 507 ι
925 453 1062 510 Tum
1105 453 1182 509 llli
1211 472 1223 511 :
1262 472 1280 507 ‹
1320 454 1380 509 ln
1405 455 1509 511 hac
1552 464 1696 509 terra
1726 468 1832 508 non
1864 457 1912 516 Α
1941 453 2048 506 vidi
2065 451 2179 521 jam
2209 452 2338 507 olim
2358 454 2646 522 quemdam
2677 455 3006 527 prmeipuum
3029 455 3283 515 comltem
3302 459 3516 517 Alman-

246 559 536 624 reputatur
559 549 798 618 sapiens,
829 547 933 602 nisi
959 545 1187 601 multum
1215 546 1384 601 fuerit
1417 547 1700 617 eloquens.
1725 544 1833 600 Sed

244 646 316 699 de
345 651 540 707 sancto
570 639 818 694 Martiale
844 637 998 694 valde
1041 653 1231 694 sumus
1261 640 1477 704 tristes;
1530 652 1654 692 nam
1677 635 1835 690 valde
1869 633 1875 638 ’

246 735 504 808 placebat
533 732 692 788 nobis
735 746 859 786 eum
907 729 1194 800 przedicari
1246 728 1580 800 apostolum;
1641 727 1837 782 amodo

249 845 381 885 vero
417 814 800 883 revertendum
831 823 988 880 nobis
1014 831 1097 879 est
1146 823 1215 878 ad
1273 823 1494 877 solitum
1528 836 1706 875 usum.
1733 819 1838 890 Ipsi

250 920 398 975 enim
423 915 846 974 Lemovicenses
886 912 1158 978 monachi,
1207 912 1300 982 qui
1346 922 1471 966 ante
1502 925 1701 980 corpus
1723 909 1839 980 ejus

249 1018 461 1073 astant,
485 1015 610 1078 post
639 1021 746 1060 non
772 1003 975 1060 multos
1023 1003 1137 1058 dies
1163 1011 1511 1058 revertentur
1551 1002 1618 1055 ad
1652 1000 1840 1071 pristi-

250 1115 385 1156 num
409 1111 637 1162 morem,
669 1102 725 1150 et
750 1109 857 1149 non
881 1093 1153 1148 vocabunt
1182 1106 1308 1171 eum
1348 1091 1490 1168 ultra
1512 1090 1838 1160 apostolum,

251 1192 350 1247 sed
375 1189 768 1252 confessorem,
825 1185 968 1240 sicut
1014 1184 1338 1240 Benedictus
1378 1181 1630 1248 allirmat,
1657 1183 1854 1258 eteritv

251 1283 363 1338 hoc
386 1294 584 1350 magna
607 1278 808 1333 derisio
862 1290 1051 1333 coram
1099 1275 1274 1356 omni?
1305 1273 1524 1329 saeculo.
1560 1293 1579 1326 ι
1635 1267 1843 1340 Quibus

250 1388 380 1444 ego.
419 1389 437 1423 ι
474 1371 600 1425 Haec
620 1376 704 1424 est
729 1368 868 1423 visio
909 1381 1050 1429 mea,
1079 1381 1241 1436 quam
1268 1365 1371 1420 hac
1405 1374 1566 1420 nocte
1587 1364 1846 1419 exhorre-

252 1465 406 1520 bam.
458 1463 574 1518 Duo
601 1462 779 1532 parvi,
812 1461 908 1518 sed
949 1459 1106 1515 valde
1157 1459 1309 1514 fetidi
1370 1467 1651 1529 serpentes
1687 1467 1846 1514 erant

252 1556 442 1612 colore
465 1564 627 1620 tetro,
650 1553 1010 1610 ascendentes
1033 1552 1100 1607 de
1122 1551 1261 1607 vallo
1298 1551 1584 1622 inaquoso,
1617 1551 1714 1606 sed
1747 1551 1846 1606 hu-

251 1647 432 1710 mido,
465 1638 966 1711 inter'seludentes
1001 1651 1056 1698 et
1101 1643 1464 1708 luxuriantes,
1522 1652 1847 1712 et‘corpore

254 1737 472 1792 immoti
516 1735 570 1790 in
608 1734 899 1806 superficie
941 1733 1089 1789 valli.
1135 1735 1283 1801 Quos
1333 1732 1552 1803 quidam
1593 1731 1848 1788 monachi

1937 560 2090 609 num,
2124 544 2278 614 cujus
2307 544 2546 616 linguam
2597 545 2897 617 intelligere
2935 562 3043 604 non
3089 556 3360 619 poteram,
3417 554 3523 614 nisi

1936 633 1991 690 in
2021 635 2241 704 psalmis
2264 644 2319 691 et
2352 635 2559 691 litaniis
2587 646 2641 691 et
2672 637 3013 704 lectionibus,
3059 640 3214 710 cujus
3257 642 3524 712 capellani

1939 734 2066 780 ante
2121 741 2246 782 cum
2299 726 2539 796 quotidie
2593 727 2738 783 circa
2792 729 2985 784 horam
3047 715 3262 785 tertiam
3309 731 3528 790 litanias

1940 823 2256 889 sanctorum
2318 817 2603 885 dicebant,
2664 827 2720 874 et
2775 820 3018 890 quotidie
3066 822 3187 879 illos
3239 824 3527 882 audiebam

1942 905 2240 962 Martialem
2312 911 2670 980 pronuntiare
2728 912 2782 966 in
2836 914 3026 970 ordine
3075 897 3469 987 apostolorum.
3504 937 3523 972 ι

1941 995 2079 1051 Tum
2103 996 2436 1068 Salgionius:
2463 1018 2480 1051 ι
2503 1000 2568 1054 Et
2595 1015 2715 1072 ego,
2743 1004 2959 1072 quando
2985 1015 3177 1062 euntes
3199 1008 3252 1061 in
3280 1006 3532 1064 Hieroso-

1943 1086 2144 1158 lymam
2188 1090 2512 1146 intravimus
2565 1107 2741 1160 mare,
2791 1095 2901 1150 vidi
2935 1098 3225 1167 quemdam
3259 1099 3528 1158 Joannem

1944 1179 2294 1244 monachum,
2328 1180 2685 1238 fortissimum
2716 1171 3150 1256 grammaticum,
3195 1203 3261 1244 ex
3307 1190 3534 1250 civitate

1945 1269 2153 1339 Remis,
2184 1275 2276 1344 qui
2308 1274 2362 1328 in
2389 1277 2510 1330 navi
2539 1277 2790 1334 similiter
2815 1281 3057 1350 quotidie
3079 1283 3380 1340 Martialem
3400 1302 3530 1357 pro-

1946 1361 2230 1434 nuntiabat
2267 1364 2323 1418 in
2372 1366 2561 1422 ordine
2601 1369 2991 1439 apostolorum.
3021 1391 3042 1426 ι
3079 1373 3145 1429 Et
3195 1374 3537 1435 Gauzbertus’

1947 1453 2061 1507 ait:
2101 1472 2119 1506 ‹
2152 1453 2264 1524 Ego
2292 1456 2393 1511 nisi
2424 1472 2522 1527 per
2571 1461 2949 1530 memetipsum
2980 1463 3050 1518 ab
3087 1474 3347 1524 extranea
3373 1479 3537 1540 gente

1948 1554 2005 1600 et
2026 1545 2259 1602 barbara
2294 1547 2474 1620 lingua
2497 1551 2762 1618 audirem,
2797 1569 2906 1608 non
2936 1557 3216 1612 crederem
3240 1573 3364 1614 eum
3411 1576 3537 1616 esse

1950 1632 2288 1707 apostolum;
2321 1648 2377 1695 tu
2424 1655 2576 1706 vero,
2622 1643 2736 1712 qui,
2767 1652 2826 1698 ut
2854 1645 3009 1713 dicis,
3037 1648 3344 1720 exemplum
3369 1652 3538 1709 simili

1952 1729 2113 1786 modo
2157 1729 2226 1785 ab
2274 1731 2467 1788 alienis
2511 1735 2730 1802 audisti,
2759 1751 2859 1793 cur
2901 1739 3246 1797 adversarius
3276 1743 3371 1799 es?
3396 1743 3537 1811 Quia

255 1827 598 1882 admirantes
621 1836 678 1882 et
707 1825 949 1881 ridentes
997 1825 1320 1896 spectabant
1360 1824 1620 1892 libenter;
1653 1839 1843 1902 verum
1874 1816 1923 1878 B
1950 1835 2246 1890 nunquam,
2299 1822 2494 1893 inquit,
2555 1826 2821 1884 hactenus
2884 1828 3006 1885 talis
3049 1834 3381 1890 consuetudo
3433 1836 3540 1891 ῑιιίι

253 1933 361 1988 ego
383 1932 482 1987 pro
509 1917 682 1973 fetore
731 1918 972 1989 maligno
1017 1919 1200 1990 potius
1245 1933 1540 1975 exsecraris
1582 1934 1744 1994 quam
1769 1913 1848 1974 fu-

255 2010 438 2081 giens,
471 2009 717 2064 videbam
758 2023 853 2064 eos
895 2009 948 2064 in
978 2009 1289 2065 cavernulis
1338 2011 1454 2066 suis
1504 2011 1846 2078 reabscondi,

257 2097 419 2170 quasi
450 2098 702 2168 fugiendo
739 2098 998 2154 velocius.
1030 2098 1294 2154 Videbam
1345 2099 1477 2154 item
1528 2098 1581 2154 in
1631 2100 1852 2155 summi-

260 2199 376 2247 tate
404 2191 591 2246 fossati
626 2190 794 2261 ipsius
821 2191 1040 2246 tertium
1064 2200 1372 2262 serpentem
1416 2192 1728 2262 turpissime
1759 2208 1853 2249 va-

257 2281 488 2344 riatum,
518 2296 624 2336 non
654 2281 774 2352 plus
804 2297 911 2338 uno
931 2281 1114 2337 cubito
1136 2281 1376 2353 longum,
1409 2280 1655 2336 inﬂatum
1683 2282 1853 2338 nimio

255 2387 498 2437 veneno,
539 2373 774 2426 medium
819 2372 884 2427 de
930 2369 1203 2428 foramine
1245 2372 1396 2428 exire
1455 2373 1747 2443 torpidum,
1799 2381 1855 2428 et

255 2475 605 2521 evomentem
635 2480 926 2532 venenum,
982 2468 1074 2538 qui
1117 2466 1412 2523 exhalabat
1453 2465 1852 2525 exsecrandum

257 2556 532 2623 fetorem;
563 2573 742 2629 quem,
791 2559 881 2630 qui
929 2552 1384 2626 circumstabant,
1427 2561 1682 2617 dicebant
1730 2574 1854 2620 esse

259 2660 498 2705 matrem
525 2652 755 2707 duorum
787 2655 1141 2725 serpentium.
1198 2655 1367 2723 Quem
1395 2671 1427 2711 a
1468 2655 1628 2728 longe
1652 2657 1856 2715 clausis

259 2745 494 2800 naribus
517 2748 654 2802 meis
685 2746 812 2802 dum
860 2748 1145 2818 cmpissem
1191 2758 1459 2820 spectare,
1489 2750 1579 2805 ille
1607 2751 1752 2807 velut
1777 2753 1856 2808 vi-

262 2851 387 2891 sum
413 2854 594 2894 meum
617 2843 966 2906 erubescens,
997 2841 1258 2912 paulatim
1310 2851 1607 2899 retrorsum
1636 2859 1853 2914 repens,

263 2929 322 2984 in
351 2922 623 2986 foramine
673 2946 775 2987 suo
811 2933 1040 2988 delituit.
1097 2933 1341 2989 intellexi
1394 2944 1530 2992 deos
1578 2946 1858 3008 serpentes

265 3021 408 3077 duos
431 3037 553 3077 esse
579 3039 672 3078 vos
709 3023 1138 3095 pseudofratrcs,
1170 3026 1390 3081 tertium
1422 3041 1551 3083 vero
1581 3029 1856 3084 doctorem

265 3121 519 3168 vestrum
547 3112 985 3185 Longobardum,
1019 3131 1178 3186 quem
1221 3117 1362 3172 ultra
1401 3134 1741 3190 nequaquam
1765 3134 1858 3176 vo-

1953 1911 2100 1967 inter
2129 1929 2252 1980 nos,
2284 1924 2340 1970 et
2361 1931 2551 1974 omnes
2575 1918 2816 1990 episcopi
2863 1931 2916 1978 et
2943 1923 3168 1981 abbates
3214 1927 3384 1982 nostri
3411 1937 3542 1985 sunt

1951 2012 2174 2072 propter
2201 2005 2307 2062 hoc
2333 2008 2538 2074 tristes,
2571 2019 2626 2064 et
2652 2003 2843 2066 v'olunt
2871 2013 3089 2070 mittere
3110 2016 3365 2085 epistolas
3387 2033 3542 2089 papas

1953 2089 2220 2159 Romano,
2247 2104 2307 2150 ut
2329 2096 2472 2153 hanc
2496 2113 2690 2154 novam
2713 2103 3191 2173 praesumptionem
3215 2103 3329 2162 fieri
3357 2109 3543 2179 prohi-

1953 2181 2097 2238 beat.
2123 2204 2142 2238 ι
2163 2186 2230 2240 Et
2266 2202 2366 2260 ego
2396 2191 2651 2260 respondi
2685 2207 2740 2246 ε(
2766 2192 2823 2250 Si
2851 2210 3013 2267 papa,
3045 2197 3382 2270 subripiente
3410 2217 3541 2258 con-

1953 2272 2078 2329 silio
2104 2275 2434 2348 invidorum,
2464 2281 2570 2338 hoc
2617 2285 2888 2354 prohibet,
2937 2297 3116 2346 tamen
3147 2293 3369 2350 obedire
3387 2301 3543 2367 opor-

1955 2375 2033 2424 tet
2061 2369 2173 2427 Deo
2221 2373 2395 2444 magis
2443 2390 2606 2446 quam
2653 2392 2805 2449 papa:
2857 2379 3120 2438 Romano.
3168 2383 3310 2441 Nulli
3337 2387 3539 2444 etenim

1954 2478 2108 2535 papae
2139 2463 2263 2520 data
2287 2473 2372 2520 est
2397 2475 2640 2536 potestas
2663 2469 2746 2524 vel
2777 2470 3092 2529 absolvendi
3117 2474 3200 2530 vel
3229 2490 3543 2535 excommu-

1957 2552 2172 2608 nicandi
2197 2563 2419 2611 sanctos
2440 2557 2718 2628 apostolos
2744 2559 2862 2627 Dei,
2889 2561 2976 2618 vel
3003 2564 3323 2633 prohibendi
3350 2567 3542 2626 Eccle«

1959 2644 2096 2699 siam
2132 2645 2226 2701 Dei
2272 2661 2304 2702 a
2340 2647 2478 2704 bene
2523 2648 2775 2706 faciendo
2828 2660 2883 2707 et
2912 2663 3062 2709 recte
3103 2654 3395 2726 loquendo.
3427 2677 3445 2712 ι
3477 2660 3546 2717 Et

1959 2734 2086 2791 ille:
2133 2754 2153 2788 ι
2194 2737 2306 2793 Cur
2334 2739 2437 2796 hoc
2480 2740 2748 2798 inchoasti
2775 2744 2894 2800 sine
2928 2745 3146 2803 licentia
3171 2750 3307 2804 sua?
3339 2769 3358 2804 s
3405 2748 3543 2808 Tum

1958 2843 2060 2899 ego
2089 2867 2102 2882 .
2140 2846 2158 2880 ι
2195 2829 2259 2884 Et
2291 2836 2372 2897 tu,
2403 2831 2648 2901 inquam,
2680 2850 2782 2890 cur
2821 2817 3046 2894 effectus
3075 2854 3135 2895 es
3181 2842 3247 2897 de
3285 2845 3548 2900 canonico

1959 2920 2258 2976 monachus
2288 2921 2404 2977 sine
2431 2921 2649 2980 licentia
2677 2927 2811 2981 sua?
2834 2926 3090 2999 Nunquid
3118 2943 3223 2987 non
3246 2943 3374 2990 ante
3402 2934 3548 2990 Mar-

1961 3009 2104 3066 tialis
2133 3013 2235 3067 fuit
2258 3014 2536 3084 apostolus
2582 3030 2743 3086 quam
2788 3018 2843 3073 in
2884 3021 3020 3077 urbe
3064 3022 3236 3078 Roma
3271 3035 3416 3081 esset
3445 3027 3548 3082 ali-

1960 3102 2083 3171 quis
2145 3119 2282 3174 papa
2339 3106 2704 3164 constitutus?
2753 3107 3008 3182 Nunquid
3058 3129 3166 3170 non
3205 3116 3367 3171 simul
3419 3129 3544 3174 cum

265 3203 409 3257 cabo
435 3203 818 3271 Benedictum,
870 3206 963 3262 sed
995 3207 1214 3263 nomine
1256 3208 1419 3279 digno
1459 3211 1694 3264 censebo
1719 3209 1862 3266 Beli-
1888 3196 1935 3261 C
1965 3193 2131 3251 Ρθῑΐο
2185 3195 2412 3253 Romam
2469 3199 2656 3255 venit?
2686 3199 2878 3260 Nonne
2921 3203 2976 3260 in
3019 3204 3354 3264 Hierusalem
3384 3208 3489 3266 fuit
3516 3226 3549 3268 ι

268 3294 507 3360 Ionium,
541 3295 645 3352 hoc
673 3304 780 3362 est,
809 3297 978 3352 Belial
1013 3314 1228 3364 sonum,
1254 3300 1378 3369 quia
1404 3315 1501 3370 per
1531 3315 1593 3356 os
1614 3301 1731 3372 ejus
1755 3301 1866 3358 dia-

266 3388 430 3444 bolus
455 3398 636 3444 sonat.
692 3389 787 3446 Est
835 3391 1108 3462 siquidem
1169 3393 1449 3462 proprium
1499 3394 1717 3448 Satanae
1756 3409 1865 3450 non

267 3495 373 3551 per
401 3481 727 3536 charitatem
750 3481 1064 3548 admonere,
1109 3482 1204 3538 sed
1230 3497 1330 3552 per
1359 3484 1670 3562 superbiam
1697 3481 1862 3540 dero-

266 3586 428 3642 gare,
460 3588 560 3643 per
583 3573 934 3629 invidentiam
963 3574 1194 3630 aliorum
1224 3573 1528 3630 claritatem
1551 3574 1862 3640 obfuscare.

271 3665 390 3721 Sed
418 3680 546 3720 cum
571 3665 742 3721 sciam
781 3667 998 3724 difﬁcile
1050 3668 1294 3740 erigere,
1345 3676 1400 3724 et
1444 3666 1604 3724 facile
1632 3683 1754 3724 esse
1781 3669 1854 3723 di-

269 3772 441 3813 ruere
500 3759 822 3825 veritatem,
865 3759 1180 3817 nullatenus
1224 3760 1398 3816 miror
1443 3775 1541 3817 vos
1595 3776 1695 3832 pro
1757 3775 1866 3818 uno

270 3849 467 3921 ignoto
513 3851 782 3922 magistro
835 3851 890 3907 in
937 3862 1218 3910 momento
1279 3852 1565 3922 reliquisse
1628 3853 1864 3921 bonum,

269 3941 422 4011 quod
455 3955 543 3996 me
567 3956 665 4013 per
688 3943 920 3999 multum
973 3953 1188 4015 tempus
1235 3945 1522 4011 suadente,
1564 3945 1656 4016 qui
1687 3961 1807 4001 sum
1835 3961 1867 4002 a

267 4046 450 4102 puero
499 4041 609 4089 non
653 4033 980 4105 incognitus,
1014 4035 1340 4105 testimoniis
1391 4050 1545 4106 teque
1588 4045 1641 4092 et
1678 4045 1868 4113 aucto-

268 4123 538 4180 ritatibus
582 4125 826 4181 virorum
886 4127 1250 4196 probabilium
1302 4126 1736 4184 fervescentihus
1775 4129 1867 4185 vix

270 4212 600 4270 inchoastis.
627 4214 816 4273 Melius
850 4224 1025 4273 tamen
1067 4215 1248 4272 fuerat
1293 4217 1448 4273 vobis
1484 4218 1868 4274 rectitudinem

265 4305 443 4376 hujus
477 4307 722 4364 veritatis
752 4309 882 4367 licet
921 4311 1191 4384 cognitam
1221 4325 1329 4367 non
1369 4310 1655 4368 inchoasse
1704 4326 1866 4383 quam

261 4399 592 4456 inchoatam
620 4399 996 4470 dereliquisse.
1041 4420 1061 4454 s

344 4489 427 4544 De
447 4488 559 4544 alio
585 4490 750 4544 etiam
793 4493 1061 4548 monacho
1087 4493 1358 4561 saeculari,
1384 4494 1512 4552 licet
1542 4495 1685 4552 inter
1707 4511 1864 4568 regu-

265 4580 420 4634 lares
441 4579 861 4651 Angeriacensis
882 4583 1119 4638 coenobii
1165 4586 1233 4639 ad
1260 4585 1451 4641 horam
1491 4596 1866 4654 conversetur,

263 4670 520 4741 ejusdem
545 4671 801 4738 nominis,
823 4674 1159 4742 praenomine
1196 4683 1380 4738 autem
1434 4675 1726 4748 Salgionio,
1755 4678 1862 4734 sci-

265 4772 410 4828 tote,
437 4777 474 4818 ο
495 4761 595 4816 viri
623 4763 912 4820 clarissimi
957 4765 1154 4835 quibus
1197 4767 1312 4823 haec
1336 4767 1538 4834 scribo,
1571 4778 1628 4825 et
1669 4768 1784 4840 ipse
1811 4770 1892 4824 in'

264 4867 544 4927 quantum
569 4867 768 4930 potest,
806 4862 1151 4918 adversarius
1184 4869 1270 4919 est
1310 4862 1437 4920 huic
1463 4865 1696 4929 veritati,
1732 4864 1865 4920 adeo

263 4961 334 5006 ut
365 4951 423 5004 in
454 4960 729 5006 conventu
764 4961 949 5009 nostro
977 4953 1194 5024 publico
1233 4954 1323 5011 die
1366 4955 1600 5025 quodam
1644 4955 1862 5025 hospes,

265 5042 510 5097 audiens
545 5057 646 5098 nos
679 5043 734 5098 in
783 5043 986 5100 litaniis
1029 5058 1228 5101 nomen
1276 5043 1539 5102 Martialis
1595 5045 1649 5100 in
1697 5045 1865 5102 choro

266 5135 653 5208 apostolorum
693 5151 913 5203 canere,
941 5153 1068 5194 mox
1096 5137 1170 5194 ibi
1194 5153 1380 5194 coram
1415 5139 1668 5195 omnibus
1691 5139 1868 5194 maxi-

267 5243 426 5282 mum
455 5226 747 5282 tumultum
773 5236 829 5284 et
869 5244 1118 5286 murmur
1142 5237 1198 5284 et
1239 5227 1554 5285 scandalum
1595 5238 1864 5294 moveret,

264 5327 329 5375 et
353 5319 617 5388 deinceps
655 5307 909 5389 quartum
967 5320 1023 5375 in
1074 5321 1265 5376 ordine
1309 5321 1684 5377 eonfessorum
1723 5321 1864 5377 elata

265 5428 411 5469 voce
451 5412 744 5484 proferret,
798 5415 889 5484 qui
952 5424 1205 5485 quartum
1258 5414 1529 5486 decimum
1573 5415 1628 5471 in
1673 5415 1866 5472 ordine

268 5502 652 5574 apostolorum
684 5505 1094 5574 pronuntiatum
1120 5504 1318 5561 fuerat.
1342 5504 1514 5571 Quem
1540 5520 1664 5561 cum
1687 5505 1865 5576 palam
1909 5558 1917 5568 ,

271 5610 467 5650 coram
493 5593 694 5650 abbate
738 5604 795 5650 et
825 5594 1084 5652 fratribus
1137 5610 1442 5666 arguerem,
1484 5595 1561 5649 ait
1588 5593 1817 5665 jurgans
1850 5612 1862 5648 :

279 5704 301 5737 ι
351 5684 507 5754 Quod
537 5702 814 5757 nunquam
840 5696 996 5742 antea
1033 5687 1235 5743 dictum
1280 5696 1382 5753 est,
1406 5688 1512 5743 hoc
1540 5687 1704 5744 modo
1721 5687 1868 5744 dice-

274 5777 435 5834 mus?
461 5797 484 5834 ι
515 5778 614 5834 Cui
639 5779 986 5851 Cauzbertus
1021 5799 1032 5835 :
1067 5799 1083 5833 ι
1128 5780 1184 5836 In
1215 5780 1428 5850 itinere,
1462 5780 1656 5854 inquit,
1685 5781 1868 5840 Romae

1966 3288 2186 3348 Christo
2207 3291 2485 3362 apostolus
2513 3294 2862 3364 constitutus,
2899 3306 2955 3353 et
2985 3298 3040 3354 in
3075 3299 3206 3357 Sion
3237 3311 3335 3374 per
3379 3303 3549 3374 Spiria

1966 3387 2078 3436 tum
2130 3392 2378 3438 sanctum
2429 3385 2658 3443 scientia
2709 3388 2952 3445 omnium
2977 3389 3284 3463 linguarum
3325 3395 3552 3453 edoctus

1964 3476 2083 3532 est?
2104 3475 2221 3533 Non
2251 3479 2397 3534 enim
2429 3479 2498 3535 de
2547 3481 2681 3538 urbe
2706 3543 2709 3548 _
2731 3482 2924 3550 Roma,
2952 3487 3048 3542 sed
3105 3489 3172 3544 de
3216 3488 3348 3546 Sion
3384 3492 3553 3548 exivit

1966 3571 2075 3636 lex,
2107 3579 2161 3626 et
2191 3571 2416 3626 verbum
2451 3571 2665 3628 Domini
2691 3574 2757 3630 de
2807 3573 3167 3636 Hierusalem.-
3196 3580 3370 3651 Siqui
3419 3598 3551 3639 vero

1965 3662 2196 3734 apostoli
2225 3663 2464 3718 ordinati
2495 3672 2624 3719 sunt
2650 3664 2856 3733 Romze,
2887 3669 3166 3738 requirant
3192 3673 3553 3747 apostolatum

1966 3753 2362 3809 suum‘Romze.
2390 3754 2652 3811 Martialis
2678 3756 2821 3811 enim
2850 3757 2906 3812 in
2952 3758 3291 3817 Hierusalem
3335 3774 3555 3834 aposto-

1966 3844 2052 3900 lus
2073 3847 2356 3902 ordinatus
2386 3854 2491 3914 est,
2523 3845 2616 3901 ubi
2637 3845 2759 3903 fons
2785 3845 3238 3917 Christianitatis,
3266 3853 3358 3908 ubi
3393 3853 3556 3910 vinea

1967 3933 2072 3989 fuit
2136 3933 2390 4003 balsami,
2441 3934 2532 3991 ubi
2577 3943 2750 3992 mater
2779 3946 2863 3994 est
2892 3939 3135 3995 omnium
3184 3939 3556 3999 Ecclesiarum

1969 4023 2126 4082 Sion.
2163 4025 2296 4082 Nam
2329 4035 2386 4084 et
2413 4028 2558 4098 quod
2606 4027 2803 4102 iegitur
2849 4030 2906 4086 in
2945 4032 3270 4104 quibusdam
3326 4036 3554 4091 Annaliv

1967 4119 2107 4175 bus:
2143 4119 2359 4176 Natalis
2400 4119 2692 4188 Martialis,
2719 4122 2809 4192 qui
2858 4123 2924 4178 ab
2973 4126 3226 4195 apostolis
3279 4128 3556 4184 ordinatus

1968 4218 2068 4276 est,
2099 4209 2267 4265 simili
2296 4211 2457 4266 modo
2476 4209 2674 4283 legitur
2697 4211 2979 4271 deJacobo
2999 4216 3244 4287 apostolo
3271 4234 3294 4283 ε,
3317 4217 3556 4284 Natalis,

1971 4301 2166 4372 inquit,
2195 4300 2385 4357 Jacobi
2441 4303 2626 4370 fratris
2657 4303 2893 4371 Domini,
2916 4308 3009 4377 qui
3041 4307 3106 4360 ab
3159 4308 3411 4378 apostolis
3444 4311 3558 4380 pri-

1968 4411 2086 4450 mus
2116 4393 2499 4466 Hierosolymis
2529 4396 2802 4452 ordinatus
2837 4407 2910 4452 est
2931 4399 3224 4470 episcopus.
3251 4398 3368 4455 Non
3410 4401 3558 4456 enim

1971 4489 2203 4560 apostoli
2231 4504 2355 4545 eum
2371 4497 2783 4556 consecrarunt,
2799 4491 2891 4561 qui
2914 4507 2945 4546 a
2958 4491 3180 4548 Christo
3204 4505 3559 4550 consecratus

1971 4587 2113 4647 erat,
2149 4581 2246 4637 sed
2273 4581 2651 4650 compulerunt
2675 4582 2952 4652 suscipere
2996 4584 3238 4654 regimen
3277 4585 3556 4641 Ecclesia.

1971 4673 2094 4728 Pari
2120 4672 2279 4728 modo
2300 4673 2564 4729 Martialis
2617 4681 2778 4730 tanta:
2825 4674 3106 4745 dignitatis
3142 4685 3225 4731 est
3259 4676 3558 4746 apostolus,

1970 4773 2028 4821 ut
2054 4767 2124 4822 ab
2154 4765 2416 4837 apostolis
2445 4781 2552 4823 non
2583 4773 2957 4831 consecratus,
3005 4765 3100 4821 sed
3140 4765 3386 4820 unanimi
3417 4781 3556 4832 eone

1970 4875 2134 4915 sensu
2171 4857 2409 4929 primum
2446 4859 2735 4928 deputatus
2786 4858 2858 4913 sit
2899 4858 3145 4930 regimen
3191 4858 3472 4928 suscipere
3497 4859 3556 4914 in

1970 4952 2249 5023 provincia
2305 4951 2448 5008 etin
2478 4951 2610 5007 urbe
2642 4951 2821 5008 adhuc
2870 4952 3072 5022 ignota,
3103 4951 3200 5008 sed
3245 4967 3278 5006 a
3325 4950 3559 5008 Domino

1972 5051 2156 5113 postea
2184 5041 2348 5098 Petro
2372 5051 2613 5100 ostensa.
2656 5040 2780 5097 Ideo
2820 5040 3015 5097 Petrus
3059 5041 3135 5097 ait
3175 5038 3553 5107 :Lemovicam

1969 5137 2062 5192 tibi
2083 5133 2328 5192 Christus
2354 5137 2702 5193 commendat.
2753 5136 3022 5203 Christus,
3069 5137 3265 5208 inquit,
3296 5154 3403 5194 non
3428 5153 3555 5209 ego.

1969 5228 2231 5285 Clementi
2271 5243 2404 5285 vero
2433 5245 2594 5299 quem
2633 5228 2701 5284 de
2751 5227 2938 5300 gentili
2982 5229 3229 5286 Romano
3281 5211 3557 5309 Christia-

1970 5336 2099 5376 num
2131 5319 2368 5386 fecerat,
2399 5320 2506 5374 alio
2543 5318 2704 5374 modo
2754 5318 3055 5375 Romanam
3103 5321 3294 5378 urbem
3321 5319 3560 5390 injunxit

1971 5408 2187 5475 Petrus,
2217 5410 2404 5466 dicens
2430 5428 2445 5463 :
2481 5408 2552 5464 Te
2576 5410 2876 5479 episcopum
2920 5408 3103 5466 Roma:
3152 5409 3359 5477 ordino,
3381 5421 3430 5466 et
3461 5412 3556 5467 tibi

1972 5517 2099 5556 metu
2131 5501 2527 5572 pradicationis
2571 5510 2619 5554 et
2648 5499 2902 5555 doctrina:
2930 5501 3234 5555 cathedram
3278 5501 3453 5557 credo.
3481 5501 3556 5557 Et

1972 5594 2064 5648 tibi
2090 5594 2244 5647 trado
2266 5609 2299 5648 a
2325 5593 2549 5648 Domino
2577 5592 2706 5646 mihi
2735 5593 2984 5648 traditam
3023 5601 3329 5662 potestatem
3351 5592 3555 5663 ligandi

1972 5699 2132 5760 atque
2155 5688 2407 5756 solvendi,
2461 5698 2516 5743 ut
2543 5689 2606 5744 de
2659 5689 2898 5745 omnibus
2955 5689 3019 5744 de
3057 5689 3447 5759 quibuscuuque
3497 5689 3553 5744 in

1974 5781 2128 5838 terris
2154 5779 2461 5851 decreveris,
2491 5781 2586 5837 hoc
2630 5780 2893 5837 decretum
2923 5781 2989 5838 sit
3034 5781 3090 5834 in
3129 5778 3290 5868 uelis.
3324 5778 3551 5837 'l‘uncin
