4088 6398
551 329 666 388 ιη

1661 325 1972 389 ADEMARI
2007 332 2066 389 S.
2091 331 2362 388 CIBARDI
2393 331 2700 390 MONACHI

3721 333 3826 391 ΗΞ

494 509 496 513 λ
548 441 726 499 medio
745 452 929 498 coram
949 439 1205 499 omnibus
1253 429 1475 496 manum
1519 441 1571 498 ei
1599 441 1858 514 Imposuit
1881 443 2128 500 ’benedi-
2157 449 2206 508 Α
2235 443 2541 500 celebrante
2556 459 2800 509 missam,
2829 446 2894 498 (εει
2916 455 3000 499 :ur
3026 445 3206 500 divina
3239 456 3431 499 manus
3462 444 3822 503 benedixisse.

547 550 698 601 cens,
727 544 784 592 et
819 535 873 590 in
899 535 1160 591 cathedra
1187 549 1286 592 sua
1334 551 1460 590 eum
1498 535 1688 592 sedere
1708 537 1988 608 compulit.
2021 537 2138 594 Hoc

546 625 722 698 ipsum
758 625 1055 696 antiphona
1078 625 1420 682 demonstrat
1445 625 1704 696 antiqua:
1734 625 1961 681 Sanctus
1987 625 2137 680 Mar-

546 719 690 775 tialis
711 717 780 773 ad
810 719 1208 790 pra-dicandum
1253 717 1444 774 Galliis
1489 718 1779 789 delegatus,
1813 719 2137 774 subauditur

547 827 581 864 a
615 809 858 875 Domino,
892 810 1017 880 quia
1047 807 1308 866 Dominus
1334 818 1461 865 ante
1517 810 1870 878 deputaverat
1904 807 2134 865 Galliam

547 899 614 954 ad
636 898 1068 970 praedicandum,
1097 899 1164 955 ad
1186 914 1350 970 quam
1398 899 1736 968 postmodum
1769 899 2027 969 praecepit
2055 899 2136 954 ire

546 1004 644 1061 per
667 991 971 1062 jubentem,
996 991 1106 1045 imo
1136 990 1453 1046 suadentem
1483 998 1537 1045 et
1558 988 2133 1044 hortantemPetrnm.

547 1082 606 1138 In
635 1098 742 1154 qua
774 1082 993 1154 regione
1020 1083 1257 1153 primum
1294 1079 1768 1137 Lemovicensibus
1800 1095 2052 1136 sermone
2079 1087 2136 1135 et

547 1175 718 1246 signis
738 1174 967 1231 salutem
1010 1173 1251 1245 pandere
1303 1172 1562 1243 suscepit.
1596 1171 1654 1226 Si
1699 1171 1843 1227 enim
1870 1171 2010 1227 hanc
2039 1186 2136 1226 an-

547 1265 828 1336 tiphonam
851 1264 919 1319 ad
950 1263 1087 1318 alios
1117 1262 1347 1319 verteris
1371 1260 1666 1332 apostolos,
1690 1271 1836 1317 recte
1857 1261 2136 1317 constabit

547 1354 654 1412 hoc
680 1356 879 1410 modo:
908 1353 968 1409 S.
1021 1353 1215 1409 Petrus
1245 1352 1315 1410 ad
1368 1353 1772 1424 przedicandum
1812 1352 1962 1408 italis
1988 1351 2134 1408 dele-

545 1456 727 1519 gatus,
756 1445 1016 1501 Romanis
1040 1444 1247 1500 civibus
1277 1442 1594 1515 jubentibus
1622 1443 1836 1500 caeteris
1873 1443 2134 1514 apostolis

549 1535 761 1591 semina
787 1535 912 1591 ﬁdei
939 1535 1213 1605 eroganda
1235 1535 1491 1604 suscepit.
1529 1533 1763 1589 Sanctus
1787 1534 2032 1590 Andreas
2063 1536 2130 1590 ad

547 1625 954 1697 przedioandum
983 1627 1202 1682 Achaiae
1218 1627 1496 1697 delegatus
1523 1627 1662 1695 apud
1693 1626 1882 1682 urbem
1916 1626 2128 1692 Patras,

551 1715 906 1772 suadentibus
931 1715 1055 1772 aliis
1085 1715 1367 1786 apostolis,
1399 1715 1836 1785 praedicationem
1867 1716 2126 1784 suscepit.

2218 551 2396 609 nemo
2418 537 2762 607 postmodum
2813 537 3059 592 mortalis
3107 539 3450 608 praesumpsit
3481 537 3823 602 benedicere,

2236 629 2505 698 quomodo
2531 627 2856 694 Martialem,
2917 643 3078 697 quem
3136 627 3385 683 Christus
3429 630 3683 684 manibus
3709 633 3838 686 suis

2234 720 2511 776 benedixit
2558 721 2870 790 episc0pum
2915 735 3038 776 eum
3093 722 3304 776 caeteris
3352 721 3636 792 apostolis,
3680 721 3836 778 ultra

2236 814 2434 882 aliquis
2455 814 2768 871 mortalium
2818 815 3145 871 benedicere
3186 817 3497 884 pontilicem
3533 832 3763 886 prmsum
3778 835 3840 874 e-

2236 905 2351 959 ret?
2377 904 2444 958 Et
2470 905 2513 958 si
2547 905 2862 961 benedictio
2885 906 3323 976 patriarcharum
3357 916 3561 962 tantam
3595 909 3704 963 vim
3729 910 3838 964 lia-

2235 992 2350 1059 bct,
2395 1004 2455 1048 ut
2507 996 2634 1049 dum
2681 995 2879 1051 barbas
2919 1005 2974 1052 et
3011 1012 3244 1052 coronas
3287 997 3610 1052 clericorum
3656 998 3826 1054 bene‘

2235 1087 2475 1142 dixerint
2525 1088 2629 1142 hoc
2671 1089 3045 1145 tantummodo
3092 1089 3384 1145 dicentes:
3417 1089 3707 1145 Benedicta
3755 1091 3832 1145 sit

2233 1180 2405 1235 barba
2439 1180 2525 1234 vel
2574 1195 2776 1235 corona
2810 1191 2924 1248 tua,
2952 1181 3180 1236 aliorum
3231 1182 3610 1252 episc0porum
3662 1181 3829 1236 benc-

2238 1271 2478 1328 dictione
2504 1287 2611 1328 non
2636 1287 2772 1342 opus
2800 1273 2910 1339 sit;
2932 1273 3104 1327 multo
3135 1274 3308 1343 magis
3333 1273 3637 1328 benedictio
3658 1273 3830 1342 ipsius

2246 1361 2488 1428 Domini,
2521 1377 2624 1432 qua
2663 1363 2885 1418 elevatis
2929 1363 3177 1418 manibus
3229 1362 3486 1432 apostolis
3531 1363 3829 1428 benedixit,

2236 1459 2440 1505 tantam
2485 1451 2742 1506 virtutem
2799 1451 2991 1506 habuit
3023 1461 3084 1506 ut
3130 1452 3300 1506 altera
3321 1451 3731 1507 consecratione
3757 1453 3831 1507 ab

2236 1542 2419 1611 aliquo
2474 1543 2782 1596 mortalium
2841 1543 2974 1613 ipsis
3046 1542 3270 1598 alterius
3328 1543 3634 1598 nullatenus
3691 1557 3832 1611 opus

2234 1640 2396 1685 esset.
2436 1649 2455 1683 ›
2487 1631 2580 1686 Ille
2611 1647 2740 1686 vero
2763 1631 3083 1702 respondit:
3119 1650 3138 1684 ‹
3176 1633 3276 1702 Ipsi
3331 1634 3606 1703 principes
3651 1646 3830 1686 Saecu-

2233 1720 2376 1777 lares
2401 1722 2504 1776 hoc
2536 1723 2874 1792 vituperant.
2905 1741 2921 1773 ι
2957 1721 3054 1777 Cui
3111 1737 3212 1792 ego
3246 1738 3260 1775 :
3301 1741 3319 1774 ε
3353 1722 3468 1777 Non
3499 1736 3712 1786 omnes,
3742 1721 3831 1774 in-

545 1808 702 1864 Licet
726 1808 897 1876 enim,
925 1816 986 1863 ut
1011 1807 1150 1864 liber
1176 1806 1476 1864 Clementis
1501 1807 1597 1876 ait,
1621 1806 1900 1863 Barnabas
1925 1807 2132 1879 primus
2163 1841 2210 1901 Β
2237 1812 2374 1883 quit,
2395 1813 2486 1883 qui
2503 1813 2676 1883 ipsum
2695 1813 2970 1869 Christum
2993 1825 3087 1867 aut
3108 1811 3379 1882 apostolos
3403 1813 3520 1882 ejus
3544 1811 3831 1881 loquentes

543 1901 808 1959 Romanis
835 1911 1061 1960 exortus
1088 1902 1160 1958 sit
1201 1901 1529 1972 praedicare,
1585 1907 1767 1956 tamen
1795 1899 2133 1984 siue‘ell'cctu

538 1999 604 2046 et
639 1990 821 2048 fructu
844 2007 1098 2050 reversus
1122 1991 1524 2049 cstOrientem.
1552 1991 1620 2045 Et
1642 1990 1688 2046 si
1719 1990 1944 2046 calicem
1971 1990 2139 2046 Aure-

543 2080 812 2142 lianensis
850 2086 1116 2154 ecclesiae,
1149 2099 1334 2157 quem,
1383 2094 1572 2142 sancto
1615 2084 1840 2142 Evurtio
1879 2086 2135 2158 episcopo

2238 1903 2528 1962 audierunt
2558 1905 2782 1960 verbum
2815 1904 2930 1969 Dei,
2965 1912 3307 1975 receperunt.
3337 1903 3403 1958 Et
3450 1904 3553 1958 hoc
3583 1913 3830 1973 tempore

2237 1995 2561 2066 obsequium
2583 1995 2820 2061 amicos,
2848 1994 3052 2050 veritas
3078 1994 3264 2050 odium
3299 1992 3465 2062 parit.
3499 2010 3520 2045 ι

551 2265 3820 2296 mm

1113 2422 1951 2518 FRAGMENTUM
2025 2424 2635 2517 SERMONIS
2702 2426 3234 2521 ADEMARI

1606 2620 1689 2684 In
1718 2618 1990 2684 concilio
2026 2618 2450 2682 Lemovicensi
2475 2619 2701 2684 habiti.

1200 2783 1364 2859 Apud
1393 2783 1624 2855 Mabill.,
1660 2786 1796 2844 Acta
1826 2784 1926 2846 SS.
1960 2785 2079 2839 ard.
2127 2783 2190 2841 S.
2235 2780 2433 2841 Bened.
2466 2792 2598 2841 tom.
2633 2783 2764 2850 ,Vlll.
2801 2800 2857 2858 p.
2884 2786 2972 2854 5i,
3009 2803 3064 2845 n.
3093 2787 3172 2858 5.)

1955 2933 2360 2950 h—

614 3098 937 3172 Perlongum
957 3090 1048 3158 est
1073 3107 1152 3156 tot
1176 3098 1400 3155 Patrum
1428 3105 1548 3154 rata
1571 3096 1883 3155 testimonia
1907 3095 1975 3153 de
2001 3093 2122 3165 eius
2149 3085 2193 3148 C
2231 3098 2510 3170 proposita
2543 3099 2912 3168 discernebat,
2953 3098 3103 3157 solus
3125 3099 3371 3156 onminm
3402 3082 3664 3173 magister
3691 3119 3833 3175 pan-

547 3193 624 3268 (id
671 3201 746 3247 est
793 3193 963 3248 sancti
1007 3189 1370 3262 Martialis)...
1424 3190 1494 3246 ad
1540 3190 1779 3245 medium
1832 3189 2128 3246 deducere.

546 3287 726 3344 Unum
751 3297 930 3342 tamen
955 3303 1023 3342 ex
1051 3287 1245 3358 priscis
1270 3284 1582 3342 auctoribus
1604 3301 1768 3355 super
1788 3284 1893 3340 hoc
1925 3298 2132 3340 memo-

546 3393 700 3435 rasse
735 3377 870 3434 satis
905 3379 1006 3433 sit:
1029 3378 1177 3432 illum
1213 3386 1364 3434 certe
1391 3375 1885 3432 nominatissimum
1912 3375 2130 3430 Patrem

543 3470 630 3546 (8.
658 3471 969 3543 Abbonem),
1007 3472 1094 3528 cui
1138 3472 1189 3526 in
1227 3469 1484 3540 pastorali
1525 3469 1788 3541 regimine
1825 3468 1917 3524 ille
1962 3468 2130 3524 totius

541 3564 786 3622 scientia:
812 3564 900 3620 vir
927 3565 1216 3636 gravisque
1255 3562 1596 3618 auctoritatis
1650 3562 1915 3618 successit
1953 3561 2132 3618 archi-

543 3657 837 3727 episcopus
887 3655 1244 3711 Bituricensis
1274 3653 1639 3728 (Gauzliuus),
1665 3654 1981 3710 orthodoxae
2008 3653 2130 3708 lidei

539 3748 905 3818 defensorem,
922 3747 1206 3804 catholicae
1226 3745 1445 3818 pietatis
1467 3746 1756 3811 cultorem,
1775 3747 1910 3802 bene
1934 3746 2127 3809 nostis,

537 3840 643 3897 etsi
690 3855 799 3896 non
827 3841 949 3896 visu
969 3879 985 3907 ,
1019 3839 1112 3895 sed
1140 3838 1348 3893 auditu.
1374 3835 1495 3892 Jam
1521 3836 1668 3892 enim
1695 3835 1854 3907 longe
1879 3845 2003 3890 ante
2030 3850 2130 3890 nos

536 3931 821 4003 pmcessit
869 3931 1135 4002 martyrio
1182 3937 1520 3995 coronatus,
1573 3927 1840 3996 sanguine
1883 3928 2004 3982 fuso
2057 3928 2130 3982 ab

544 4021 732 4092 impiis
769 4035 997 4092 passus:
1035 4021 1101 4076 ad
1131 4019 1284 4089 cujus
1312 4019 1621 4090 sepulcrum
1653 4019 1766 4091 jam
1799 4019 2006 4075 clarere
2035 4035 2132 4074 au-

542 4113 776 4170 divimus
803 4112 1088 4178 miracula,
1116 4127 1370 4168 verorum
1397 4111 1711 4167 testimonio
1739 4110 2125 4178 comprobata;

546 4206 706 4278 cujus
744 4206 1068 4278 martyrium
1101 4206 1266 4261 etiam
1309 4204 1364 4258 in
1403 4203 1649 4275 pluribus
1692 4202 1951 4258 Ecclesiis
1979 4217 2132 4258 more

545 4305 860 4353 sanctorum
902 4307 1202 4368 martyrum
1233 4295 1554 4351 solemnitcr
1580 4294 1906 4350 celebratur.
1937 4293 1990 4347 ln
2023 4308 2130 4362 quo

543 4394 784 4462 martyre
808 4398 1016 4446 tantum
1040 4389 1371 4445 domicilium
1397 4388 1662 4458 sapientia
1691 4386 1796 4442 sibi
1828 4384 2128 4442 collocave-

2231 3194 2313 3250 cis
2337 3194 2517 3250 verbis
2543 3194 2865 3251 dubitationi
2897 3195 3060 3251 linem
3095 3195 3280 3250 dabat.
3312 3195 3533 3262 Omnes,
3565 3196 3692 3252 licet
3720 3213 3830 3266 pe-

2232 3286 2459 3340 ritorum
2495 3286 2833 3356 peritissimi,
2863 3302 2929 3342 ex
2955 3302 3053 3343 ore
3087 3287 3203 3358 ejus
3234 3290 3566 3357 pendebant,
3595 3303 3660 3344 eo
3682 3286 3832 3360 pne-

2237 3385 2399 3432 sente
2421 3376 2647 3447 digitum
2671 3377 2754 3432 ori
2778 3378 3231 3448 saperponebant.
3257 3379 3331 3432 lla
3361 3396 3586 3451 magnus
3611 3382 3834 3450 sapien-

2233 3465 2328 3532 tia,
2369 3478 2731 3538 praeterquam
2763 3468 2905 3538 quod
2947 3477 3153 3538 septem
3193 3466 3456 3523 columnis
3506 3469 3825 3525 liberalium

2233 3561 2433 3616 artium
2476 3562 2698 3617 lulcitns
2723 3572 2870 3628 erat,
2905 3562 3096 3633 plenus
3126 3562 3468 3617 auctoritatis
3509 3571 3564 3617 et
3607 3563 3830 3633 gratiae,

2231 3658 2378 3712 omni
2410 3658 2654 3714 ecclesia:
2681 3668 3059 3715 ornamentum
3089 3668 3227 3714 erat.
3262 3658 3576 3716 Conventus
3603 3662 3829 3731 episco-

2233 3763 2425 3817 porum
2455 3749 2767 3814 decorabat,
2799 3750 2982 3804 omnia
3017 3765 3115 3804 sua
3144 3751 3287 3804 dicta
3325 3752 3650 3807 auctoritate
3681 3753 3830 3807 divi-

2239 3854 2436 3892 narum
2491 3838 2900 3908 Scripturarum
2954 3840 3319 3910 approbabat;
3367 3850 3418 3895 et
3461 3841 3721 3911 quidquid
3753 3859 3831 3898 ex

2232 3943 2326 3982 ore
2347 3929 2462 3999 ejus
2491 3929 2838 3998 procedebat,
2859 3931 3018 4000 quasi
3057 3931 3462 3999 quodammodo
3490 3947 3596 3985 non
3630 3931 3833 3986 huma-

2234 4037 2386 4087 num,
2441 4022 2534 4076 sed
2592 4021 2832 4076 divinum
2881 4023 3134 4078 sonabat.
3191 4018 3292 4078 llic
3338 4022 3392 4076 in
3444 4037 3542 4078 suo
3583 4022 3830 4092 quodam

2237 4119 2470 4167 tractatu
2521 4111 2787 4169 Martialis
2816 4114 3103 4170 veritatem
3137 4121 3320 4168 tacere
3351 4128 3456 4168 non
3501 4113 3696 4182 potuit,
3737 4112 3832 4168 di-

2233 4222 2364 4263 cens
2388 4224 2402 4261 :
2425 4225 2442 4259 ι
2472 4205 2732 4262 Summus
2755 4208 2918 4263 Pater
2940 4209 3041 4262 iste
3064 4207 3324 4262 Martialis
3342 4207 3394 4261 in
3417 4221 3571 4262 caena
3598 4206 3831 4262 omnino

2235 4310 2320 4356 sat
2355 4302 2585 4373 mystica
2615 4301 2835 4356 Christo
2865 4301 3090 4355 conviva
3128 4299 3252 4362 fuit,
3283 4299 3527 4354 caelestis
3553 4298 3707 4366 panis
3733 4313 3834 4352 su-

2235 4408 2390 4448 mens
2412 4392 2702 4462 reliquias;
2728 4407 2961 4461 cumque
2985 4390 3371 4460 discipulorum
3391 4388 3613 4458 collegia
3633 4396 3830 4456 postea

540 4490 649 4551 rat,
685 4489 746 4537 ut
794 4483 875 4538 sui
926 4481 1188 4552 temporis
1233 4479 1457 4545 eruditi,
1495 4492 1808 4550 quanquam
1855 4476 2128 4532 innumeri
2161 4452 2207 4510 θ
2233 4499 2462 4552 surgens
2486 4452 2659 4547 tersit,
2685 4452 2981 4552 lzetusi-pse
3006 4452 3236 4550 prmbuit
3263 4452 3600 4558 linteamina.
3633 4452 3831 4545 Neque

542 4574 830 4641 ﬂorerent,
861 4589 972 4645 pra:
1011 4573 1262 4628 omnibus
1291 4579 1470 4627 tamen
1499 4572 1794 4625 auctoritas
1819 4567 1936 4637 ejus
1962 4568 2132 4622 maxi-

543 4683 635 4725 me
678 4670 993 4732 duceretur,
1025 4667 1098 4722 ita
1144 4674 1206 4721 ut
1255 4666 1306 4720 in
1363 4673 1477 4719 tota
1527 4663 1698 4719 Gallia
1741 4672 1797 4717 et
1836 4662 2131 4718 Germania

546 4767 712 4832 atque
741 4759 1038 4832 Anglorum
1061 4757 1230 4828 'gcnte
1257 4756 1408 4826 (nam
1441 4755 1550 4810 illic
1577 4769 1791 4826 quoque
1826 4752 2132 4808 famosissi—

543 4865 669 4906 mus
691 4846 1010 4919 habebatur)
1029 4847 1096 4902 de
1107 4860 1429 4917 quacunque
1443 4843 1800 4900 ventilaretur
1813 4843 2130 4914 quaestione,

548 4942 599 4999 si
627 4942 753 5012 quis
781 4941 997 4997 audisse
1027 4955 1085 4995 se
1121 4939 1328 4994 diceret
1361 4938 1437 4993 ab
1460 4938 1551 4994 illo
1577 4937 1969 5002 definitionem,
2000 4936 2133 4990 nihil

547 5032 673 5107 plus
706 5034 1050 5090 auctoritatis
1077 5033 1470 5102 requireretnr;
1492 5030 1843 5099 indicabatur
1864 5029 1932 5082 ab
1957 5027 2135 5082 omni-

550 5129 652 5183 bus
679 5134 856 5181 ratum
878 5139 1000 5182 esse
1027 5125 1170 5194 quod
1192 5125 1261 5178 ab
1282 5139 1379 5179 ore
1402 5125 1537 5180 tanti
1561 5123 1661 5178 viri
1687 5123 1928 5178 auditum
1949 5131 2130 5176 esset:

550 5219 642 5290 qui
673 5217 1002 5273 auctoritate
1031 5214 1189 5286 quasi
1220 5214 1358 5270 alter
1380 5214 1635 5272 Salomon
1667 5213 2035 5286 praecellebat.
2069 5211 2134 5264 Et

550 5314 596 5370 si
639 5321 785 5370 esset
822 5312 1069 5368 babitatu
1111 5310 1195 5367 vel
1229 5319 1361 5366 natu
1407 5309 1670 5373 Francus,
1700 5307 1918 5373 eloquio
1949 5313 2130 5359 tamen

555 5405 798 5462 Romano
823 5404 1031 5472 clarus,
1066 5419 1129 5459 ac
1171 5403 1216 5459 si
1255 5402 1392 5459 alter
1413 5400 1764 5471 judicabatur
1805 5397 2034 5453 Tullius.
2073 5395 2129 5449 In

555 5495 802 5556 conciliis
825 5495 1051 5554 Patrum
1079 5507 1265 5552 coram
1295 5491 1511 5561 regibus
1541 5500 1598 5549 et
1618 5489 1957 5564 principibus
1987 5485 2136 5541 solus

2238 4590 2473 4645 unquam
2507 4573 2704 4645 refugit
2736 4589 2889 4628 sacra
2933 4572 3311 4636 contubernia,
3358 4572 3561 4638 absque
3609 4567 3829 4622 Tbotna

2241 4665 2449 4734 piorum
2503 4679 2570 4719 ex
2628 4665 2817 4719 timida
2868 4674 3083 4719 caterva
3123 4678 3287 4717 unus.
3343 4660 3483 4728 Quin
3536 4661 3650 4714 imo
3696 4675 3828 4714 cum

2239 4755 2492 4809 Christus
2524 4755 2758 4824 peteret
2807 4752 3073 4817 caelestia,
3131 4751 3377 4806 benedici
3437 4749 3637 4802 meruit
3681 4748 3835 4802 inter

2241 4843 2540 4900 astantium
2581 4844 2820 4914 agmina.
2857 4843 2967 4898 Nec
2995 4844 3192 4897 choros
3233 4840 3569 4896 laudantium
3599 4839 3830 4908 sprevit,

2241 4931 2336 4985 sed
2373 4942 2498 4983 cum
2527 4929 2731 4984 eisdem
2759 4928 2934 4984 sancti
2969 4927 3205 4996 Spiritus
3246 4937 3376 4981 tunc
3413 4924 3652 4993 suscepit
3685 4923 3832 4976 cha-

2239 5021 2463 5076 rismata
2523 5029 2577 5077 et
2627 5021 2838 5092 linguas
2887 5021 3230 5076 multiﬁdas:
3271 5019 3468 5090 quibus
3524 5019 3829 5082 subnixus,

2240 5116 2452 5170 tandem
2477 5115 2639 5170 Petro
2663 5115 2859 5170 comite
2881 5115 3130 5186 pervenit
3155 5113 3519 5175 Antiochiam,
3542 5126 3605 5164 ac
3627 5109 3835 5165 dehinc

2237 5205 2425 5260 urbem
2445 5205 2649 5260 Romae.
2665 5206 2782 5273 Qua
2805 5205 3083 5269 derelicta,
3102 5204 3452 5282 pertransivi't
3480 5203 3545 5256 ad
3567 5201 3832 5266 Galliam,

2235 5292 2390 5362 cujus
2415 5294 2559 5350 clara
2585 5303 2642 5350 et
2681 5295 2878 5350 nobilis
2923 5305 3008 5350 est
3050 5293 3330 5364 provincia
3371 5290 3662 5361 Aquitania
3693 5303 3833 5357 pars

2237 5401 2455 5457 magna,
2483 5387 2571 5442 ubi
2597 5389 2939 5458 perveniens,
2968 5387 3132 5445 totius
3151 5385 3443 5458 provincia:
3469 5371 3534 5438 tit
3549 5379 3838 5454 apostolus

2239 5495 2335 5549 per
2358 5491 2552 5538 cuncta
2581 5481 2800 5538 satcula.
2841 5501 2861 5534 i
