4088 6370
566 385 668 438 H5

569 535 3228 564 W

1677 395 1982 454 ADEMARI
2019 397 2075 454 S.
2112 393 2382 454 οιΒΑιωι
2407 393 2711 453 MONACHI

3730 396 3831 454 διε

1959 679 2378 802 Dubia.

2019 889 2307 907 ψ

1214 933 1958 1197 SERMONES
2048 1013 2410 1130 TRES
2491 1015 3194 1174 ADEMARI,

2016 1277 2088 1317 ur
2117 1273 2375 1326 VIDETUR,

1003 1365 1012 1372 ’
1109 1414 1206 1477 IN
1273 1413 1673 1480 cozvczuo
1729 1416 2310 1503 LEMQVICENSI
2368 1422 2867 1488 currum
2929 1427 3158 1492 ANNO
3205 1431 3346 1495 991..

818 1585 992 1657 (Apud
1016 1584 1223 1648 Baluz.,
1255 1585 1395 1641 Hist.
1433 1583 1627 1652 TuteL,
1659 1583 1904 1658 Append.
1938 1598 2064 1670 pag.
2092 1586 2361 1668 385-400,.
2390 1602 2460 1660 ex
2491 1590 2678 1646 codice
2710 1591 2849 1648 1258
2875 1593 3219 1653 bibliotheca:
3250 1598 3600 1675 Albertinp.)

1999 1746 2434 1774 δ”-..ᾳ

1084 1892 1318 1952 δειιΜο
1354 1894 1632 1954 PRIMUS.

638 1980 956 2050 Quondam,
1004 1993 1066 2038 ut
1102 1985 1254 2040 novit
1295 1985 1609 2042 fraternitas
1651 1995 1865 2051 vestra,
1913 1986 2156 2044 dilectis-

569 2075 716 2140 simi,
739 2075 960 2146 gravior
979 2074 1198 2133 afﬂictio
1217 2087 1292 2143 et,
1310 2079 1455 2133 utita
1479 2079 1679 2142 dicam,
1697 2079 1851 2149 plaga
1875 2079 2155 2150 plagarum

567 2180 667 2235 per
705 2166 888 2220 omnia
921 2164 1386 2223 Lcmovicensium
1431 2163 1778 2224 crassabatur
1808 2169 1923 2224 loca
1955 2179 2012 2225 et
2059 2185 2158 2241 per

568 2257 705 2314 alias
732 2257 786 2312 in
821 2258 1051 2314 circuitu
1099 2260 1370 2326 civitates,
1418 2257 1738 2330 ideoque’ad
1767 2260 1984 2316 beatum
2012 2259 2156 2315 Mar-

565 2348 751 2404 tialem
782 2364 893 2407 sua:
936 2349 1126 2405 salutis
1172 2343 1627 2406 medicamentum
1664 2350 1845 2405 omnis
1880 2349 2158 2419 confugie-

566 2437 664 2502 bat
700 2440 952 2510 populus,
980 2456 1141 2510 quam
1192 2440 1404 2512 plebem
1453 2441 1756 2498 districtius
1801 2442 1854 2497 in
1902 2443 2155 2512 praesenti

567 2530 847 2595 miseratio
869 2533 1174 2604 castigabat
1202 2544 1536 2616 spperna.ut
1569 2537 1751 2591 creteri
1785 2536 2032 2592 timorem
2063 2538 2158 2592 ha-

565 2625 782 2682 berent.
824 2641 922 2680 nec
959 2626 1330 2681 inobedieutes
1354 2619 1525 2695 jusSis
1555 2627 1931 2697 episc0porum
1975 2635 2160 2683 essent

567 2715 625 2770 in
655 2715 1042 2772 ecclesiasticis
1077 2716 1318 2782 statutis,
1360 2725 1416 2772 et
1448 2731 1516 2772 ne
1546 2717 1621 2771 illi
1661 2717 1753 2786 qui
1797 2717 2159 2788 puniebantur

571 2817 777 2864 aeterna
823 2809 1164 2879 postmodum
1197 2809 1565 2880 plecterentur
1592 2809 1928 2865 ultione.--De
1961 2809 2158 2865 talibus

568 2901 825 2962 nimirum
853 2901 1112 2972 scriptum
1137 2909 1220 2961 est
1246 2919 1259 2957 :
1294 2919 1314 2959 t
1341 2901 1512 2970 Quem
1544 2902 1717 2973 diligit
1751 2903 2008 2957 Dominus
2037 2919 2156 2958 cor-

573 2993 735 3064 ripit;
768 2993 1004 3065 ﬂagellat
1042 3004 1226 3050 autem
1253 3010 1470 3055 omnem
1505 2993 1672 3051 filium
1701 3011 1860 3066 quem
1899 2997 2110 3067 recipit.
2132 3015 2150 3048 ι

572 3087 640 3142 Et
680 3086 879 3144 Paulus
925 3087 1040 3142 ait:
1083 3105 1101 3139 ι
1131 3087 1284 3161 Quod
1325 3088 1369 3144 si
1411 3095 1565 3144 extra
1613 3077 1953 3158 disciplinam
2001 3089 2155 3154 estis,

571 3176 726 3246 cujus
757 3177 850 3232 filii
895 3178 1062 3234 estis?
1105 3179 1246 3250 Ergo
1284 3178 1512 3234 adulteri
1563 3187 1618 3234 et
1668 3165 1776 3237 non
1811 3178 1906 3234 lilii
1946 3179 2100 3234 estis.
2132 3197 2150 3230 ι

571 3271 706 3333 ltcin
737 3273 997 3343 propheta
1029 3289 1042 3327 :
1075 3291 1094 3326 ‹
1123 3273 1407 3345 Castigans
1432 3273 1718 3344 castigavit
1754 3289 1840 3329 me
1874 3273 2153 3337 Dominus,

571 3372 630 3418 et
674 3364 836 3418 morti
873 3379 978 3418 non
1015 3363 1236 3423 tradidit
1263 3379 1370 3420 me.
1393 3384 1411 3418 ι
1455 3364 1607 3434 Quod
1640 3363 1907 3436 ﬂagellum
1959 3364 2157 3435 populo

571 3453 949 3512 Lemoviceusi
993 3471 1100 3512 non
1132 3456 1200 3510 ad
1239 3456 1733 3531 consumptioneni,
1756 3456 1852 3512 sed
1877 3455 1945 3509 ad
1977 3469 2156 3510 eorrc‘

575 3547 809 3608 ctionem
839 3549 1154 3619 provenisse
1181 3555 1415 3612 constat,
1452 3548 1580 3602 dum
1613 3547 1715 3603 hac
1743 3547 1810 3602 de
1839 3563 2003 3630 causa
2029 3561 2162 3602 cun-

574 3646 663 3693 eta
709 3653 841 3710 gens
890 3638 1217 3709 Aquitanica
1276 3638 1654 3709 pmnitentiam
1710 3653 1808 3708 pro
1855 3639 2164 3695 commissis

575 3731 706 3802 egit.
734 3739 789 3784 et
818 3732 1160 3787 sacerdotum
1191 3731 1411 3801 monitis
1450 3731 1857 3801 obtemperans,
1877 3729 1983 3784 filia
2015 3730 2165 3799 pacis

571 3811 660 3877 est
685 3821 849 3888 facta,
891 3805 1565 3892 quiaipax—eplscoporum
1601 3835 1766 3892 super
1793 3835 1918 3875 eam
1950 3820 2165 3890 requie-

575 3911 673 3968 vit.
717 3895 806 3976 si,
845 3911 1021 3980 inquit
1056 3910 1317 3972 Dominus
1363 3898 1775 3986 Apostolis,'ibi
1807 3909 1974 3966 fuerit
2022 3909 2166 3965 ﬁlius

578 4005 754 4074 pacis,
779 4003 1081 4074 requiescet
1105 4019 1271 4074 super
1299 4002 1445 4060 illum
1478 4019 1583 4074 pax
1606 4013 1819 4069 vestra;
1847 4003 1931 4058 sin
1961 4012 2165 4067 autem,

576 4093 648 4148 ad
689 4108 786 4150 vos
828 4103 1154 4149 revertetur.
1183 4093 1261 4150 Eo
1301 4109 1432 4150 vero
1466 4103 1710 4166 tempore
1749 4109 1856 4164 quo
1881 4085 2167 4150 brec‘facta

577 4195 736 4253 sunt,
785 4197 1076 4259 antequam
1116 4187 1184 4242 ad
1229 4187 1407 4244 locum
1457 4186 1690 4250 Montem
1738 4186 1932 4243 Gaudii
1970 4203 2170 4258 corpus

577 4269 1020 4350 sacratisshnum
1058 4281 1502 4342 trausvcberetur
1545 4280 1854 4351 Aquitaniei
1913 4281 2167 4350 patroni,

579 4373 805 4443 contigit
828 4374 941 4444 jam
979 4373 1264 4431 advenisse
1304 4375 1372 4430 ad
1419 4375 1684 4446 synodum
1726 4372 2167 4430 Lemovicensem

580 4464 985 4538 Burdigalensis
1033 4468 1210 4534 urbis,
1265 4467 1370 4522 hoc
1406 4476 1492 4524 est
1557 4467 1810 4524 secunda:
1863 4467 2170 4538 Aquitania:

577 4557 1078 4644 metropolitanum,
1115 4558 1269 4627 cujus
1299 4559 1431 4614 ﬂdes
1467 4560 1694 4615 tacenda
1734 4574 1840 4616 non
1885 4568 1988 4614 est.
2031 4559 2166 4640 cum
2194 4593 2241 4657 ε

579 4648 727 4720 enim
757 4637 1159 4715 'sol'occidisset
1182 4658 1238 4706 et
1273 4650 1386 4720 ipse
1409 4649 1860 4720 metropolitanus
1891 4658 2016 4710 ante
2042 4631 2168 4705 bea-

582 4751 699 4803 tum
729 4740 1033 4798 Martialem
1077 4742 1145 4798 ab
1182 4741 1430 4798 oratione
1467 4742 1831 4808 surrexisset,
1874 4741 2042 4812 coepit
2083 4741 2168 4796 di-

583 4844 799 4890 vertere
839 4835 905 4889 ad
937 4833 1252 4905 hospitium,
1294 4834 1388 4889 sed
1419 4834 1722 4889 ardentium
1748 4832 2013 4888 ululatum
2047 4848 2172 4903 gra-

583 4929 726 4984 viter
764 4927 946 4983 ferens
976 4937 1032 4984 et
1071 4927 1298 4984 fetorem
1345 4928 1742 4985 intolerabilem
1787 4927 1928 4998 ignis
1969 4929 2062 4998 qui
2107 4927 2173 4982 de

589 5019 912 5077 miserorum
945 5021 1243 5090 vaporabat
1283 5019 1622 5090 corporibus,
1664 5021 1718 5073 in
1771 5019 1971 5088 gemitu
2017 5026 2074 5074 et
2119 5017 2172 5073 in

587 5111 846 5183 laerymis
871 5127 1247 5188 prorumpens,
1289 5113 1531 5168 extensis
1561 5111 1804 5167 manibus
1830 5120 2017 5166 contra
2046 5125 2176 5181 apo-

588 5195 728 5260 stoli'
758 5206 1088 5276 sepulcrum,
1119 5206 1371 5262 clamavit
1397 5222 1531 5263 voce
1576 5221 1792 5278 magna,
1818 5205 2005 5260 dicens
2031 5221 2044 5258 :
2080 5223 2098 5255 ι
2129 5203 2174 5262 0

589 5307 778 5368 pastor
819 5306 874 5352 et
907 5297 1240 5358 illuminator
1268 5299 1690 5369 Aquitanorum,
1735 5309 1967 5366 exsurge
1997 5295 2049 5350 in
2081 5295 2176 5348 ad-

585 5393 848 5464 jutorium
901 5392 1080 5463 populi
1133 5393 1232 5448 tui.
1271 5392 1384 5450 Cur
1424 5391 1689 5447 dormitas
1736 5388 1980 5444 miseris!
2040 5387 2175 5443 Tam

591 5483 836 5551 tristem,
887 5499 1050 5554 rogo,
1088 5483 1241 5539 aufer
1293 5483 1694 5547 calamitatem,
1737 5479 2030 5542 infernales
2077 5478 2179 5535 has

591 5589 821 5646 regnare
848 5589 1041 5647 pmnas
1065 5592 1174 5632 non
1204 5576 1434 5647 amplius
1459 5575 1618 5644 juxta
1646 5589 1843 5644 corpus
1876 5582 2024 5628 tuum
2055 5587 2180 5642 per-

591 5667 798 5724 mittas.
821 5668 868 5726 Ο
903 5669 1184 5735 Martialis,
1218 5671 1493 5741 speculqu
1533 5670 1817 5735 virtutum,
1862 5683 1894 5723 o
1928 5666 2181 5739 princeps

590 5759 851 5824 Patrum.
900 5762 992 5819 ubi
1031 5774 1114 5820 est
1158 5763 1302 5833 quod
1337 5763 1566 5835 legimus
1613 5771 1666 5818 te
1713 5761 1764 5816 iu
1817 5775 1983 5816 carne
2012 5759 2182 5816 fuisse

594 5854 712 5926 ejus
753 5855 1076 5928 discipulum
1125 5856 1217 5928 qui
1266 5857 1319 5914 in
1364 5856 1560 5930 populo
1606 5855 1914 5914 Judzeorum
1953 5852 2180 5912 sanabat

2173 1877 2222 1935 Α
2256 1911 2472 1974 omnem
2497 1898 2816 1969 languorem
2842 1917 2897 1957 et
2923 1903 3149 1959 curabat
3182 1920 3400 1963 onmem
3427 1908 3845 1979 infirmitatem;-

2256 1988 2350 2058 qui
2378 1987 2594 2045 dolores
2621 2001 2837 2046 nostros
2860 1993 3100 2057 abstulit,
3129 2005 3183 2050 et
3213 1996 3556 2056 infirmitates
3579 2005 3846 2071 portavit,

2256 2077 2411 2145 cujus
2440 2077 2608 2134 livore
2643 2082 2819 2136 sanati
2863 2084 3086 2138 sumus?
3113 2083 3157 2140 Ο
3187 2085 3411 2143 claritas
3439 2090 3856 2162 episcoporum,

2259 2171 2423 2228 decus
2445 2171 2831 2240 Ecclesiarum,
2856 2177 2946 2230 ubi
2975 2186 3058 2232 est
3085 2181 3228 2248 quod
3260 2180 3489 2251 legimus
3518 2192 3572 2239 te
3604 2185 3656 2238 in
3689 2201 3859 2246 cena

2260 2263 2566 2318 ministrum
2596 2264 2895 2322 Salvatoris
2918 2267 3104 2334 fuisse,
3130 2273 3348 2340 quando
3379 2273 3494 2328 suis
3518 2275 3678 2344 pedes
3711 2275 3851 2332 lavit

2258 2353 2572 2424 discipulis?
2601 2355 2645 2425 Ο
2680 2358 2927 2413 minister
2967 2360 3208 2428 pietatis,
3237 2361 3325 2416 ubi
3362 2372 3447 2420 est
3481 2367 3622 2432 quod
3651 2365 3857 2437 legitur

2188 2505 2193 2510 ,
2261 2452 2314 2499 te
2358 2460 2388 2501 a
2424 2446 2650 2515 Domino
2689 2463 2821 2515 cum,
2845 2449 2968 2514 aliis
3012 2451 3270 2520 apostolis
3312 2463 3635 2522 potestatem
3679 2472 3852 2514 acce-

2258 2537 2403 2607 pisse
2451 2537 2653 2607 ligandi
2683 2550 2845 2610 atque
2890 2541 3172 2603 solvendi?
3210 2543 3375 2600 Nobis
3421 2555 3568 2603 certe
3611 2549 3678 2603 ab
3709 2551 3855 2604 anti—

2259 2629 2384 2698 quis
2419 2629 2675 2684 traditum
2708 2640 2793 2688 est
2833 2631 3082 2697 Patribus
3117 2636 3330 2706 nostris
3355 2651 3516 2692 omne
3547 2647 3600 2693 te
3641 2639 3860 2706 donum

2259 2723 2555 2793 gratiarum
2587 2739 2710 2778 cum
2748 2723 2868 2779 aliis
2904 2727 3181 2797 accepisse
3213 2728 3495 2797 apostolis.
3533 2729 3671 2796 Quid
3715 2731 3853 2785 illud

2259 2814 2459 2878 dicam,
2487 2830 2518 2868 ο
2549 2831 2846 2886 pauperum
2893 2821 3266 2892 expectatio,
3289 2821 3610 2878 miserorum
3648 2839 3852 2879 conso-

2259 2907 2422 2963 latio?
2446 2907 2632 2962 Nonnc
2657 2925 2844 2964 verum
2875 2919 3120 2966 tenemus
3145 2911 3312 2968 fuisse
3329 2928 3359 2967 a
3389 2921 3443 2971 lc
3471 2924 3670 2974 nostra:
3695 2917 3861 2977 sedis,

2260 3001 2616 3068 Burdegalam
2661 3001 2848 3057 urbem
2880 3003 2990 3057 Deo
3031 3004 3372 3072 acquisitam,
3405 3014 3460 3060 et
3486 3007 3560 3060 tui
3604 3022 3701 3077 per
3731 3024 3866 3065 ntu-.

2260 3089 2447 3146 lierem
2472 3107 2500 3144 a
2530 3099 2580 3146 te
2607 3091 2938 3158 baptizatum
2966 3091 3309 3162 impositione
3334 3093 3508 3148 baculi
3547 3095 3864 3165 principem,

2263 3180 2496 3235 civitatis
2524 3182 2783 3234 continuo
2809 3196 2840 3235 a
2885 3181 3077 3236 morbo
3107 3191 3355 3250 curatum
3393 3183 3670 3252 pessimo?
3697 3184 3856 3238 Nun-

2261 3268 2526 3338 quid'non
2555 3271 2607 3324 in
2643 3271 2832 3324 eadem
2863 3271 2998 3326 urbe
3030 3281 3122 3325 tuo
3154 3272 3388 3341 50pitum
3421 3283 3506 3328 est
3542 3273 3734 3332 baculo
3768 3273 3862 3328 in-

2261 3361 2512 3420 cendium
2551 3363 2824 3417 :cstuans?
2867 3362 3038 3434 Rogo,
3069 3363 3112 3417 si
3146 3365 3215 3418 ob
3247 3362 3418 3434 plebis
3463 3373 3672 3420 reatum
3707 3365 3858 3431 ignis

2265 3455 2334 3509 ab
2359 3469 2453 3510 ore
2483 3463 2573 3509 tuo
2605 3456 2719 3510 exit
2757 3455 2848 3526 qui
2874 3455 3098 3510 devorat
3128 3456 3378 3513 inimicos
3408 3468 3550 3522 tuos,
3582 3467 3764 3513 tamen
3805 3468 3864 3513 te

2263 3561 2385 3600 esse
2415 3546 2640 3601 ostende
2679 3544 2797 3612 ejus
2834 3545 3157 3616 discipulum
3189 3548 3281 3616 qui
3316 3549 3436 3604 l'ons
3467 3549 3862 3604 misericordia!

2265 3637 2576 3693 est.Coram
2589 3637 2842 3692 omnibus
2864 3637 3165 3691 astantibus
3188 3638 3239 3692 in
3256 3639 3484 3694 veritate
3503 3638 3678 3694 fateor
3699 3639 3858 3709 quia,

2267 3730 2370 3784 nisi
2419 3731 2580 3794 hanc,
2604 3738 2894 3798 antequam
2923 3729 2990 3792 ab
3039 3728 3141 3784 hac
3177 3743 3453 3785 recessero
3497 3729 3629 3784 urbe
3671 3729 3724 3784 in
3767 3731 3864 3791 his

2266 3821 2358 3889 qui
2389 3829 2684 3890 praesentes
2713 3835 2856 3879 nunc.
2885 3829 3031 3883 sunt,
3063 3821 3385 3876 restinxcris
3426 3821 3724 3885 ﬂammam,
3749 3821 3864 3876 nisi

2269 3912 2430 3966 istam
2479 3911 2853 3965 tribulantium
2889 3911 3292 3968 multitudinem
3319 3927 3349 3966 a
3385 3922 3435 3968 te
3479 3913 3666 3968 videro
3695 3929 3862 3969 cura-

2271 4013 2403 4067 tam,
2435 4017 2540 4056 non
2571 4003 2760 4058 credet
2792 4002 2931 4057 ultra
2969 4018 3120 4058 mens
3151 4019 3268 4058 mea
3302 4004 3386 4058 his
3411 4020 3532 4076 igua:
3560 4006 3626 4060 de
3657 4015 3710 4060 te
3736 4005 3862 4078 lego

2270 4095 2581 4167 magniﬁca,
2611 4112 2710 4152 nec
2741 4096 2966 4152 ulterius
2994 4104 3143 4161 tuum
3171 4097 3237 4152 ad
3259 4083 3410 4152 hanc
3446 4098 3720 4164 civitatem
3762 4114 3864 4155 ero

2271 4191 2612 4260 expetiturus
2640 4189 3023 4260 patrocinium.
3066 4189 3292 4246 Frustra
3325 4191 3456 4245 mihi
3499 4189 3864 4260 appellaberis

2233 4349 2236 4352 ξ
2272 4280 2485 4337 Domini
2522 4282 2839 4352 discipulus,
2885 4281 3158 4336 incassum
3199 4282 3331 4337 mihi
3370 4282 3659 4336 vocaberis
3699 4280 3865 4350 Occi-

2273 4375 2392 4428 duze
2420 4374 2563 4445 genti
2597 4389 2628 4428 a
2672 4373 2786 4428 Deo
2815 4373 3055 4428 directus
3098 4372 3394 4442 apostolus,
3441 4372 3542 4426 nisi
3593 4372 3646 4426 in
3679 4372 3862 4426 oculis

2273 4468 2412 4523 meis
2453 4453 2744 4522 comitetur
2800 4465 3190 4520 misericordiae
3241 4463 3490 4520 eﬂ‘ectus.
3542 4463 3865 4526 Tcomues

2273 4559 2577 4632 Aquitania:
2637 4558 3026 4624 monarcbum,
3082 4565 3134 4612 te
3194 4556 3404 4628 plebem
3445 4558 3531 4614 cui
3596 4559 3866 4628 prtesideo

2269 4653 2725 4721 Burdegalensem
2789 4649 3058 4721 baptismo
3094 4649 3321 4703 tinxisse
3387 4648 3520 4702 mihi
3564 4649 3618 4702 in
3659 4663 3863 4702 vanum

2270 4746 2734 4817 pronuntiabunt,
2781 4742 2885 4798 nisi
2941 4739 3085 4810 quod
3135 4754 3233 4794 oro
3275 4754 3373 4810 pro
3419 4740 3592 4794 salute
3631 4739 3868 4794 dolentis

2272 4837 2433 4906 hujus
2464 4834 2823 4890 multitudinis
2852 4832 3232 4901 impetravero.
3286 4829 3445 4900 Virga
3497 4838 3612 4894 tua,
3651 4844 3771 4898 qua:
3812 4829 3865 4883 in

2273 4931 2406 4987 urbe
2451 4931 2596 4986 sedis
2648 4941 2782 4982 mea:
2827 4940 2925 4996 pro
2980 4925 3222 4997 pretioso
3274 4923 3536 4978 hactenus
3596 4920 3869 4976 custodie-

2273 5026 2432 5081 batur
2487 5023 2764 5088 thesauro,
2829 5019 2963 5074 mihi
3011 5017 3135 5072 vilis
3192 5016 3573 5080 testimabitur,
3605 5015 3708 5069 nisi
3771 5029 3868 5069 cor

2274 5132 2452 5173 meum
2484 5117 2843 5173 exhilaratum
2881 5113 2949 5169 de
2987 5111 3194 5166 medela
3227 5111 3457 5165 istorum
3491 5108 3814 5164 reddideris.
3844 5127 3862 5159 ρ

2277 5207 2374 5264 llis
2409 5207 2679 5280 peroratis
2717 5205 2786 5262 ad
2815 5203 3104 5273 hospitium
3152 5199 3593 5269 archiepiscopus
3619 5194 3861 5252 recessit.

2276 5301 2406 5355 Erat
2453 5308 2632 5353 autem
2679 5312 2776 5367 per
2813 5303 2980 5350 totam
3031 5294 3223 5352 urbem
3271 5292 3417 5346 intus
3453 5300 3509 5344 et
3537 5288 3670 5343 foris
3717 5287 3865 5340 viro-

2276 5406 2398 5448 rum
2438 5399 2496 5446 et
2549 5389 2838 5444 mulierum
2893 5399 3004 5456 prte
3050 5383 3236 5438 dolore
3285 5378 3615 5452 gementium
3661 5375 3869 5429 clamor

2278 5483 2396 5540 sine
2442 5481 2650 5551 requie,
2691 5486 2746 5533 et
2784 5476 2926 5532 fetor
2968 5471 3347 5536 intolerabilis,
3389 5469 3481 5539 qui
3515 5469 3580 5524 de
3616 5464 3868 5521 incendio

2279 5588 2566 5645 corporum
2606 5567 2912 5635 exhalabat.
2964 5564 3102 5620 Tum
3151 5579 3278 5620 ecce
3326 5564 3438 5634 ipsa
3492 5560 3666 5616 media
3709 5566 3868 5612 nocte

2281 5665 2532 5738 apparuit
2603 5663 2816 5732 signum
2877 5671 3040 5728 super
3099 5655 3378 5709 basilicam
3441 5649 3617 5707 sancti
3678 5647 3864 5710 Petri,

2287 5761 2342 5815 in
2394 5773 2502 5830 qua
2552 5755 2696 5811 beati
2756 5750 3018 5806 Martialis
3083 5745 3389 5817 sepulcrum
3452 5755 3572 5798 esse
3631 5740 3863 5794 videtur.

2287 5853 2423 5910 Nam
2465 5847 2814 5908 cernentibus
2863 5842 3164 5900 innumeris
3196 5839 3289 5897 sed
3331 5837 3462 5893 divo
3476 5834 3783 5907 jacentibus
3813 5831 3866 5885 iu
