4088 6372
260 361 370 424 H7

1453 352 1822 415 SERMONES
1854 356 2036 415 ΤΒΕὸ
2074 354 2275 415 DUBll.

3434 353 3538 412 HS

256 471 503 535 excubiis
530 470 715 528 lumen
746 466 813 526 de
839 462 980 525 coelo
1020 480 1319 524 coruscans
1353 482 1517 540 super
1545 469 1724 525 locum
1754 480 1843 525 se—
1874 483 1928 544 Α
1951 470 2253 535 miserunt;
2283 480 2403 538 quae
2448 465 2592 523 idem
2640 465 2920 523 Romanus
2949 479 3091 538 papa
3121 471 3401 538 gratanter
3450 482 3544 521 sa-

258 554 438 643 pulcri
479 561 787 628 descendit,
845 562 901 617 in
944 577 1043 618 suo
1094 560 1291 633 jubarc
1339 570 1507 617 totam
1570 562 1848 618 civitatem

259 658 420 733 quasi
447 655 539 712 lux
561 654 669 710 diei
698 652 999 708 meridiana
1034 667 1131 723 per
1158 668 1324 707 unam
1360 652 1473 708 fere
1500 653 1692 707 horam
1725 653 1848 707 illu-

261 748 514 808 minavit.
546 744 750 803 Omnes
779 755 961 799 autem
994 745 1087 816 qui
1115 743 1171 799 in
1193 744 1327 800 urbe
1348 752 1505 798 erant
1532 742 1853 814 languentes

262 851 490 912 repente
524 837 644 893 sani
688 836 818 891 facti
854 844 1005 901 sunt,
1030 844 1107 901 et,
1150 844 1407 890 cessante
1448 834 1633 889 dolore
1680 845 1735 890 et
1762 849 1856 904 ge-

262 935 427 999 mitu,
453 930 672 1003 requies
699 938 755 987 et
778 928 1054 986 silentium
1076 929 1332 984 omnibus
1359 927 1562 983 factum
1588 936 1691 983 est.
1716 927 1855 982 Fue-

263 1033 398 1082 runt
429 1036 565 1079 vero
591 1036 820 1077 numero
849 1029 1058 1092 septem
1100 1020 1269 1079 millia
1304 1028 1361 1076 et
1397 1035 1464 1076 eo
1508 1019 1743 1090 amplius
1768 1033 1855 1075 eo-

263 1133 391 1175 rum
430 1118 524 1189 qui
552 1116 746 1172 eadem
785 1116 965 1171 noctis
1002 1115 1136 1170 bora
1177 1114 1468 1169 sanitatem
1510 1120 1856 1183 receperunt,

260 1213 511 1268 virorum
541 1219 598 1267 et
631 1210 940 1275 mulierum,
966 1209 1213 1266 dantium
1244 1209 1470 1278 gloriam
1504 1209 1616 1264 Deo
1658 1208 1779 1264 coeli
1802 1215 1860 1263 et

263 1304 334 1360 ad
365 1305 592 1374 propria
620 1302 920 1359 incolumes
941 1301 1237 1358 redierunt.
1282 1300 1404 1373 Ipsa
1430 1300 1662 1370 denique
1686 1299 1859 1355 noctis

262 1392 402 1450 hora
445 1401 781 1448 memoratus
816 1393 1103 1464 episcopus
1142 1392 1199 1448 in
1243 1391 1385 1448 lecto
1410 1392 1699 1462 quiescens
1726 1392 1860 1446 vidit

263 1486 320 1541 in
367 1499 570 1555 sopore
609 1484 881 1554 profundo
953 1484 1143 1539 talem-
1180 1484 1467 1539 visionem.
1520 1483 1752 1538 Astabat
1809 1482 1860 1538 ei

264 1574 590 1646 splendidus
613 1574 668 1628 in
707 1583 859 1629 veste
889 1572 1115 1643 fulgenti
1138 1575 1223 1629 vir
1247 1573 1468 1643 quidam
1507 1573 1600 1644 qui
1635 1588 1859 1629 urceum

262 1668 495 1739 plenum
517 1682 663 1737 aqua
712 1665 1031 1737 porrigebat
1070 1667 1143 1732 ei,
1178 1667 1409 1722 dicens:
1444 1685 1463 1718 ι
1495 1666 1717 1721 Μιιηύιιι
1763 1665 1862 1720 tibi

264 1755 534 1812 Martialis
557 1755 852 1826 discipulus
881 1754 1095 1810 Domini
1118 1757 1289 1810 nostri
1320 1753 1449 1811 Jesu
1475 1754 1677 1811 Christi
1707 1763 1767 1809 ut
1795 1756 1863 1811 de

1948 561 2207 632 scipiens,
2231 561 2555 616 auctoritate
2578 560 2878 630 apostolica
2908 561 3207 627 roboravit,
3237 568 3293 615 et
3317 560 3384 615 de
3405 577 3541 632 pace

1950 653 2212 709 Ecclesia:
2252 652 2542 708 admodum
2585 652 2640 706 in
2682 652 2910 706 Domino
2951 651 3256 722 gratulatus
3302 659 3408 717 est,
3469 651 3548 707 si-

1951 744 2173 814 mulque
2202 742 2269 798 de
2306 752 2417 797 tam
2450 742 2674 813 pretiosi
2706 741 2921 813 patroni
2964 740 3349 808 translatione;
3382 749 3460 807 et,
3487 747 3548 796 ut

1953 834 2070 890 haec
2100 849 2197 904 per
2244 832 2489 904 singulos
2515 834 2775 905 deinceps
2805 833 2859 887 in
2899 832 3161 889 memoria
3210 832 3547 887 haberentur

1953 939 2146 990 annos,
2177 940 2421 979 consono
2455 924 2676 979 decreto
2720 924 2994 980 sancitum
3027 932 3111 979 est
3142 923 3209 978 ad
3250 923 3464 978 laudem
3494 933 3550 979 ct

1956 1017 2184 1089 gloriam
2217 1016 2431 1071 Domini
2477 1017 2651 1072 nostri
2693 1015 2818 1072 Jesu
2853 1015 3081 1080 Christi,
3119 1014 3207 1070 cui
3239 1022 3322 1070 est
3350 1015 3548 1081 honor,

1958 1109 2132 1164 virtus
2156 1116 2213 1163 et
2232 1107 2404 1179 gloria
2427 1108 2480 1163 in
2506 1107 2700 1163 saecula
2729 1107 3083 1177 sempiterna.
3108 1107 3307 1165 Amen.

2590 1199 2823 1256 SEIlMO
2861 1199 2924 1255 ll.

2032 1292 2093 1349 In
2126 1288 2472 1348 translatione
2494 1289 2638 1346 beati
2664 1289 2947 1358 Martialis,
2983 1307 3103 1362 qua:
3135 1290 3377 1346 Lotharii
3419 1298 3555 1346 tetu-

1959 1383 2182 1455 poribus
2225 1382 2368 1437 facta
2416 1391 2522 1448 est,
2572 1390 2631 1436 ut
2670 1382 2807 1437 bene
2848 1384 3041 1448 nostis,
3088 1382 3445 1445 dilectissimi,
3496 1383 3554 1435 iu

1961 1476 2199 1533 Montem
2230 1474 2423 1531 Gaudii
2452 1484 2674 1547 propter
2698 1475 2823 1531 illuc
2854 1476 3090 1546 primum
3117 1477 3380 1533 translata
3415 1475 3558 1545 ejus-

1962 1569 2087 1625 dem
2131 1568 2373 1624 membra
2425 1569 2638 1639 patroni
2695 1570 2872 1624 omnis
2923 1569 3152 1640 populus
3200 1568 3561 1639 Aquitanicus

1963 1675 2089 1716 cum
2138 1660 2407 1731 episc0pis
2462 1668 2518 1713 et
2573 1658 2871 1730 majoribus
2921 1668 3048 1714 natu
3100 1675 3165 1715 ac
3221 1658 3560 1729 principibus

1965 1754 2296 1810 ascendebat
2320 1754 2387 1808 ad
2414 1754 2739 1819 orationem,
2769 1763 2825 1808 ut
2853 1769 2959 1809 non
2990 1754 3288 1826 incongrue
3314 1754 3421 1808 illis
3448 1753 3563 1809 dier

266 1847 371 1903 bac
410 1844 628 1917 lympha
654 1845 945 1915 refrigeres
972 1844 1227 1915 populum
1253 1854 1575 1919 aestuantem
1600 1845 1855 1913 flammis,
1887 1845 1933 1905 B
1961 1844 2064 1901 bus
2106 1846 2304 1900 laetitia:
2348 1844 2479 1900 illud
2510 1854 2832 1916 congrueret
2859 1846 3155 1916 prophetiae
3184 1844 3502 1900 vaticinium
3538 1863 3551 1898 :

264 1947 321 1994 et
347 1936 495 1992 bene
519 1920 816 1992 habebunt.
851 1956 871 1988 ι
906 1937 1272 2007 Esperrectus
1304 1953 1336 1992 a
1369 1952 1562 1993 somno
1597 1936 1858 2009 pontifex,

266 2029 397 2086 dum
430 2044 619 2086 secum
662 2028 728 2084 de
752 2028 846 2083 tali
876 2029 1169 2084 miraretur
1206 2030 1347 2096 visu,
1384 2038 1440 2086 et
1466 2031 1651 2085 omnia
1679 2031 1863 2101 quieta

268 2120 541 2186 seruiret,
595 2119 863 2174 intellexit
924 2119 1311 2175 misericordia:
1357 2136 1535 2175 rorem
1602 2121 1863 2175 divinitus

268 2212 323 2267 in
351 2212 573 2281 plebem
604 2211 819 2278 Stillari,
849 2211 991 2266 sicut
1028 2221 1085 2267 et
1118 2208 1516 2268 iueluceScente
1546 2227 1708 2268 mane
1731 2228 1861 2284 pro-

267 2303 543 2361 bavit.'ln
572 2305 664 2359 illo
688 2313 932 2375 tempore
973 2305 1238 2375 siquidem
1267 2320 1333 2359 ex
1357 2313 1471 2359 tum
1500 2305 1622 2361 talis
1662 2307 1715 2361 in
1749 2306 1867 2376 ipsa

267 2398 452 2469 patria
488 2396 749 2468 paulatim
779 2413 1003 2453 cessare
1031 2398 1187 2470 plaga
1216 2398 1383 2468 erepit
1411 2407 1470 2452 ut
1517 2409 1705 2469 aperte
1737 2413 1867 2454 con-

269 2497 447 2545 staret
475 2489 817 2558 Aquitanicis
860 2491 1033 2560 ipsum
1062 2505 1184 2546 esse
1212 2497 1577 2561 protectorem
1612 2491 1666 2545 in
1711 2491 1867 2548 caelis

270 2578 361 2651 Qui
392 2596 496 2637 eos
543 2580 675 2637 olim
707 2595 894 2635 veram
941 2581 1102 2637 fidem
1135 2582 1395 2638 docuerat
1433 2584 1489 2639 in
1529 2584 1711 2640 terris.
1760 2583 1867 2640 Ve-

273 2685 393 2725 rum
416 2672 487 2725 ad
525 2671 672 2726 illam
704 2672 919 2727 beatam
947 2673 1260 2746 congregati
1291 2675 1495 2745 pariter
1518 2685 1646 2731 sunt
1686 2685 1864 2730 trans-

270 2762 533 2818 lationem
578 2764 821 2835 episcopi
850 2774 1061 2835 septem
1102 2766 1258 2836 quasi
1298 2765 1474 2839 angeli
1516 2776 1724 2837 septem
1764 2766 1867 2823 Ec-

271 2852 591 2920 elesiarum,
629 2864 686 2909 ut
725 2856 840 2925 ipso
870 2872 1028 2914 sacro
1073 2858 1384 2929 septenario
1427 2859 1583 2915 nobis
1624 2859 1867 2915 doctoris

276 2946 567 3001 translatio
605 2946 1098 3004 celebrior'esset.
1146 2949 1369 3020 Septem
1424 2965 1554 3006 vero
1611 2950 1868 3008 Ecclesia:

274 3051 513 3106 quarum
561 3045 805 3108 pastores
840 3037 908 3093 ad
952 3039 1200 3095 eamdem
1245 3040 1655 3096 translationem
1706 3040 1867 3097 simul

277 3136 406 3182 tunc
442 3137 839 3195 convenerunt,
880 3131 963 3184 ha:
992 3137 1119 3186 sunt
1145 3130 1301 3185 sedes
1317 3130 1673 3186 Biturieeusis
1702 3140 1868 3201 atque

1971 1959 1991 1994 ι
2032 1938 2249 2004 Venite,
2280 1939 2640 1995 ascendamus
2668 1939 2734 1993 ad
2773 1949 3009 1993 montem
3039 1938 3250 1993 Domini
3273 1947 3329 1993 et
3360 1938 3428 1993 ad
3466 1938 3564 1993 do-

1965 2046 2115 2085 mum
2148 2030 2241 2084 Dei
2268 2029 2455 2092 Jacob,
2485 2037 2542 2083 et
2564 2027 2777 2085 docebit
2803 2044 2902 2084 nos
2928 2027 3044 2084 vias
3066 2043 3212 2094 suas,
3240 2035 3295 2087 et
3314 2018 3564 2084 ambula-

1964 2121 2145 2176 bimus
2180 2121 2233 2175 in
2265 2120 2475 2175 semitis
2500 2119 2636 2188 ejus,
2676 2120 2802 2190 quia
2858 2120 2926 2175 de
2968 2118 3100 2176 Sion
3161 2117 3333 2173 exibit
3380 2117 3460 2173 lex
3512 2126 3569 2172 et

1965 2214 2211 2268 verbum-
2236 2211 2444 2266 Domini
2474 2211 2542 2265 de
2581 2210 2940 2268 Hierusalem.
2974 2230 2993 2264 ι
3029 2210 3132 2278 Qui
3166 2210 3318 2266 locus
3356 2208 3567 2265 nomini

1966 2318 2268 2374 congruere
2289 2302 2539 2358 videtur:
2561 2303 2852 2358 erat-enim
2883 2302 2955 2358 ibi
2988 2303 3221 2375 typieus,
3262 2303 3370 2357 imo
3404 2316 3568 2357 verus

1969 2410 2125 2453 mons
2156 2394 2386 2458 Domini,
2425 2395 2568 2449 idem
2607 2393 2902 2464 discipulus
2947 2391 3174 2459 Christi,
3209 2389 3364 2462 cujus
3406 2406 3565 2446 sacra

1969 2486 2097 2543 illuc
2130 2487 2373 2542 membra
2395 2485 2463 2541 ad
2505 2495 2717 2556 tempus
2743 2487 2812 2541 ub
2846 2486 3098 2555 gaudium
3126 2483 3562 2539 Christianorum

1968 2592 2129 2639 erant
2153 2581 2449 2648 translata;
2482 2582 2733 2650 idemque
2782 2581 2873 2650 qui
2915 2597 3011 2651 per
3047 2581 3246 2636 tribum
3282 2577 3566 2648 Benjamin

1971 2680 2060 2733 ex'
2088 2676 2255 2732 Jacob
2295 2675 2607 2746 patriarcha
2640 2674 2905 2746 originem
2954 2673 3137 2741 traxit,
3169 2689 3276 2729 non
3306 2673 3567 2728 inconve-

1969 2770 2183 2825 nienter
2206 2769 2311 2824 dici
2332 2769 2546 2823 videtur
2566 2766 2758 2821 domus
2779 2767 2870 2822 Dei
2897 2765 3085 2821 Jaeob.
3104 2767 3303 2821 Domus
3338 2764 3560 2834 quippe,

1970 2864 2074 2918 hoc
2116 2872 2201 2917 est
2244 2861 2611 2916 habitaculum
2639 2860 2735 2916 Dei
2764 2859 2929 2916 Jacob
2971 2859 3290 2931 permansit,
3320 2857 3410 2927 qui
3442 2871 3566 2909 eunt

1969 2955 2094 3009 aliis
2114 2953 2376 3024 apostolis
2399 2954 2452 3008 in
2480 2968 2640 3008 carne
2656 2963 2873 3009 secutus
2898 2962 3007 3007 toto
3029 2952 3193 3007 corde
3228 2949 3415 3005 dilexit
3439 2963 3563 3004 eunt

1970 3044 2037 3099 tle
2071 3059 2178 3113 quo
2224 3043 2492 3113 legimus:
2531 3060 2551 3094 ι
2583 3044 2694 3113 Ego
2726 3059 2843 3097 sum
2894 3042 3035 3097 Deus
3084 3040 3381 3100 Abraham,
3427 3040 3568 3092 Deus

1971 3132 2154 3198 Isaac,
2188 3134 2328 3188 Deus
2355 3133 2545 3189 Jacob.
2585 3153 2604 3187 ›
2636 3133 2711 3188 De
2760 3132 2955 3189 talibus
3004 3131 3246 3202 profecto
3276 3130 3369 3184 Dei
3400 3129 3571 3184 domi-

275 3217 721 3291 Burdegalensis,
771 3221 1217 3277 Sonetouicensis
1253 3223 1419 3278 etiam
1460 3232 1515 3278 et
1546 3222 1869 3277 Arvernien-
1895 3201 1945 3267 (ἶ
1974 3224 2076 3280 bus
2111 3226 2186 3280 ait
2234 3225 2343 3295 ipse
2375 3224 2674 3280 Dominus:
2704 3243 2722 3276 ι
2752 3222 2807 3277 Si
2830 3224 2950 3293 quis
2995 3201 3170 3294 diligit
3205 3235 3312 3285 me,
3359 3234 3570 3274 sermo-

276 3311 371 3375 sis,
409 3325 515 3365 nec
550 3326 654 3365 non
697 3320 757 3366 et
784 3312 1091 3368 Anicieusis
1136 3320 1301 3383 atque
1337 3296 1767 3378 Pctrocoreusis,
1798 3313 1873 3367 si-

277 3402 501 3473 mulque
529 3402 974 3474 Engelismcnsis.
1003 3403 1066 3458 lli
1091 3414 1298 3476 septem
1328 3404 1694 3461 Eeelesiarum
1718 3405 1872 3477 prin-

277 3492 428 3563 cipes
478 3507 585 3547 una
637 3509 759 3548 eum
811 3496 1043 3566 primate
1088 3494 1501 3563 Leinovieeusi,
1553 3498 1871 3568 populorum

278 3585 638 3657 optimatibus
695 3595 777 3657 et,
801 3587 1110 3656 Aquitaniae
1155 3587 1382 3642 ducibus
1434 3601 1779 3657 summopere
1817 3588 1870 3642 in

277 3677 475 3732 eodem
505 3677 735 3734 concilio
758 3676 971 3735 Domini
1000 3679 1173 3749 legem
1214 3678 1492 3734 observari
1521 3677 1589 3732 ab
1623 3664 1874 3733 omnibus

279 3767 622 3833 sanciebaut,
663 3770 1119 3840 quemadmodum
1148 3784 1246 3840 per
1267 3769 1584 3840 prophetam
1615 3769 1876 3825 Dominus

280 3867 524 3915 testatur
545 3861 762 3917 dicens:
787 3880 805 3913 ι
833 3860 1001 3917 Labia
1031 3862 1331 3917 sacerdotis
1357 3859 1669 3916 custodiunt
1696 3860 1877 3916 scien-

280 3955 439 4020 tiam,
482 3962 539 4009 et
569 3952 745 4024 legem
777 3954 1062 4023 requirunt
1109 3970 1175 4009 ex
1200 3969 1295 4009 ore
1320 3953 1457 4023 ejus,
1492 3953 1615 4023 quia
1654 3953 1876 4023 angelus

278 4043 499 4099 Domini
538 4045 880 4099 exercituum
905 4052 1007 4100 est.
1038 4063 1057 4098 ι
1089 4044 1231 4099 Ante
1265 4044 1447 4099 omnia
1470 4060 1659 4114 pacem
1697 4057 1750 4099 et
1789 4045 1877 4115 jn-

280 4138 492 4193 Stitiam
523 4137 806 4193 observari
843 4138 1159 4204 monebant,
1190 4145 1251 4192 ut
1272 4136 1406 4208 legis
1437 4136 1583 4192 docti
1620 4137 1763 4191 inter
1792 4137 1875 4190 vi-

280 4245 403 4285 rum
436 4237 493 4285 et
527 4230 702 4285 virum
739 4230 1153 4301 querelasjuste
1190 4229 1430 4294 finirent,
1454 4237 1529 4296 et,
1563 4230 1875 4301 oppressio-

280 4322 447 4377 nibus
501 4336 800 4393 pauperum
856 4329 912 4376 et
968 4320 1243 4377 violentiis
1300 4320 1620 4391 rapacitatis
1686 4319 1877 4391 procul

281 4414 550 4479 exclusis,
587 4428 693 4484 pax
722 4422 779 4468 et
826 4412 1000 4468 antica
1043 4413 1198 4482 quies
1241 4412 1298 4467 in
1348 4427 1513 4484 regno
1551 4413 1877 4482 Aquitanica

281 4508 546 4576 deinceps
565 4514 937 4577 permaneret;
956 4505 1048 4575 qui
1075 4519 1203 4560 vero
1231 4520 1420 4577 pacem
1446 4504 1732 4571 violarent,
1757 4513 1874 4559 tan-

282 4613 451 4668 quam
486 4596 567 4652 rei
599 4597 905 4667 majestatis
939 4612 970 4651 a
1006 4596 1282 4652 liminibus
1312 4596 1733 4667 exploderentur
1769 4596 1870 4652 Ec-

282 4688 489 4753 clesize,
518 4693 574 4741 et
602 4702 632 4740 a
658 4702 885 4757 corpore
905 4697 960 4741 et
979 4686 1244 4758 sanguine
1259 4686 1471 4742 Domini
1488 4697 1738 4743 extorres
1755 4695 1810 4741 et
1838 4701 1868 4740 a

285 4783 528 4839 ﬁdelium
561 4783 836 4839 consortio
869 4794 925 4839 ct
952 4782 1226 4853 colloquio
1257 4780 1717 4847 remoti,‘infaruia
1751 4796 1875 4851 per-

283 4888 451 4947 petua
475 4886 823 4943 notarentur,
869 4877 1041 4932 donec
1082 4890 1180 4947 per
1213 4873 1638 4931 satisfactionem
1681 4874 1871 4929 eundi-

284 4983 453 5038 gnam
494 4968 563 5023 ab
597 4969 866 5040 episcopis
907 4971 1106 5025 iterum
1155 4970 1317 5024 matri
1344 4968 1600 5023 Ecclesiae
1630 4968 1874 5024 reconci-

281 5058 577 5115 liarentur.
630 5060 687 5114 lu
732 5060 1061 5116 eoeoueiliu
1106 5060 1407 5116 secundum
1452 5059 1624 5131 legem
1659 5059 1870 5115 Domini

284 5151 724 5209 benedictionem
755 5162 1152 5225 proposuerunt
1190 5162 1245 5209 et
1272 5153 1741 5218 maledictionem;
1775 5153 1870 5207 be-

283 5246 654 5301 nedictionem
676 5245 1071 5307 obedientibus.
1097 5245 1534 5300 maledictionem
1558 5232 1874 5299 inobedien¥

286 5337 460 5392 tibus.
487 5335 682 5391 Cancri
725 5345 905 5391 autem
935 5337 1150 5390 urbium
1193 5334 1611 5406 Aquitaniarum
1654 5333 1873 5403 pontifi-

284 5445 402 5497 ces,
433 5429 524 5485 illa
555 5428 734 5486 soluta
772 5429 827 5485 in
860 5444 994 5501 pace
1027 5428 1253 5501 synodo,
1298 5445 1330 5485 e
1364 5429 1594 5500 vestigio
1635 5428 1872 5484 advene-

283 5532 435 5590 runt,
473 5522 861 5579 confirmantes
897 5538 1019 5594 qua:
1065 5524 1133 5579 ab
1158 5522 1238 5579 eis
1269 5522 1588 5584 confirmata
1621 5521 1866 5584 fuerant.

284 5623 342 5672 et
371 5615 799 5672 condemuantes
826 5632 945 5686 qua!
977 5614 1054 5671 illi
1091 5616 1605 5680 eondeumaverant,
1648 5623 1709 5669 ut
1750 5615 1874 5670 ltiti-

288 5715 374 5765 las
404 5708 456 5766 in
485 5722 618 5778 pace
650 5708 904 5765 Ecclesiae
930 5717 1295 5779 permaneret.
1335 5707 1501 5777 Cujus
1528 5708 1743 5765 concilii
1773 5708 1868 5764 de-

288 5809 436 5861 creta
462 5804 693 5862 antistiti
737 5804 994 5863 Romanis
1038 5813 1239 5862 sancta:
1285 5802 1683 5877 etapostolieae
1726 5802 1871 5860 sedis

1977 3333 2099 3373 nem
2130 3331 2305 3373 meum
2333 3316 2592 3381 servabit,
2624 3324 2677 3370 et
2704 3314 2865 3368 Pater
2915 3328 3070 3369 meus
3115 3312 3301 3382 diliget
3326 3326 3473 3373 eum,
3519 3317 3577 3363 et

1976 3408 2042 3463 ad
2078 3422 2201 3462 eum
2237 3406 2514 3462 veniemus
2569 3412 2624 3460 et
2661 3403 2996 3458 mansionem
3045 3401 3187 3472 apud
3230 3415 3352 3455 eum
3400 3398 3568 3453 faeie-

1977 3514 2121 3554 mus.
2159 3517 2179 3553 ι
2218 3498 2343 3553 llznc
2378 3498 2573 3554 domus
2600 3497 2695 3552 Dei
2723 3494 2890 3550 Israel
2927 3494 3041 3549 vias
3084 3492 3180 3548 Dei
3228 3500 3442 3562 gentem
3476 3491 3573 3546 du-

1977 3599 2167 3645 cuerat
2211 3587 2580 3659 Aquitaniam,
2630 3596 2818 3658 gentes
2854 3585 3133 3641 erroribus
3188 3583 3317 3639 olim
3380 3582 3575 3637 dedita:

1978 3689 2257 3750 cmperant
2284 3678 2563 3734 ambulare
2592 3677 2644 3732 in
2672 3675 3148 3748 semitisjustitite.
3184 3675 3336 3729 Tunc
3365 3673 3470 3731 illis
3501 3675 3568 3731 de

1980 3772 2110 3828 Sion
2140 3773 2307 3827 exivit
2362 3772 2447 3827 lex
2487 3779 2541 3827 et
2574 3770 2798 3826 verbum
2844 3769 3056 3825 Domini
3114 3768 3180 3823 de
3229 3765 3568 3822 Hierusalem

1980 3880 2103 3920 cum
2135 3863 2418 3929 Martialis,
2458 3864 2548 3933 qui
2575 3863 2627 3917 in
2660 3862 2789 3917 Sion
2819 3877 2942 3917 cum
2978 3860 3099 3916 aliis
3124 3858 3573 3930 praedicatoribus

1980 3969 2194 4010 omnem
2214 3954 2492 4009 scientizun
2516 3968 2612 4023 per
2628 3952 2890 4023 Spiritum
2909 3959 3155 4007 sanetum
3180 3950 3235 4004 in
3260 3949 3566 4019 linguarum

1979 4048 2259 4119 ignearum
2285 4045 2493 4101 visione
2521 4046 2746 4101 edoctus
2771 4044 2971 4111 fuerat,
3000 4042 3171 4115 legem
3201 4055 3352 4095 nova:
3380 4041 3571 4109 gratia:

1980 4137 2223 4194 occiduis
2253 4137 2682 4206 evangelizahat,
2729 4145 2783 4191 et
2830 4137 3053 4198 verbum
3103 4130 3314 4187 Domini
3344 4131 3487 4202 quod
3517 4132 3567 4185 iu

1982 4228 2318 4285 Hierusalem
2346 4231 2411 4284 ab
2446 4230 2560 4301 ipso
2590 4230 2850 4300 magistro
2884 4227 3167 4283 Salvatore
3195 4223 3321 4303 Jesu
3354 4223 3572 4279 Christo

1981 4322 2246 4378 didicerat
2292 4323 2582 4392 provinciis
2621 4323 2919 4379 Galliarum
2966 4322 3173 4393 primus
3209 4319 3453 4375 omnium
3485 4333 3573 4372 us-

1983 4416 2256 4473 tendebat.
2288 4416 2344 4471 In
2366 4431 2431 4470 eo
2454 4425 2631 4469 autem
2659 4423 2922 4469 conventu
2954 4413 3047 4483 qui
3098 4425 3351 4481 magnum
3383 4409 3571 4464 conci-

1982 4508 2115 4563 lium
2174 4509 2475 4574 dieebatur,
2526 4506 2905 4579 episcOpi,qui
2951 4505 3018 4559 ad
3065 4504 3310 4559 eamdem
3350 4501 3567 4573 patroni

1981 4611 2348 4657 convenerant
2363 4600 2792 4665 translationem,
2812 4614 3000 4655 omnes
3013 4598 3207 4653 dueere
3226 4610 3571 4665 summopere

1978 4696 2310 4755 festinabant
2333 4696 2477 4751 viam
2508 4694 2741 4759 Domini,
2772 4702 2830 4746 ut
2861 4709 2959 4763 per
2985 4689 3125 4744 viam
3164 4690 3313 4759 pacis
3350 4697 3405 4742 et
3425 4688 3568 4742 veti-

1980 4789 2107 4845 tatis
2136 4789 2388 4844 incedere
2412 4794 2739 4858 satagerent,
2768 4799 2869 4841 nec
2898 4800 2929 4839 ει
2956 4782 3174 4838 tramite
3204 4780 3454 4850 justitite,
3482 4794 3570 4834 se-

1978 4889 2208 4951 quentes
2239 4877 2421 4933 cordis
2455 4877 2537 4932 sui
2569 4877 2917 4944 pravitatem,
2952 4873 3252 4936 deviarent,
3282 4868 3571 4941 potiusque

1977 4971 2198 5028 Patrum
2227 4969 2490 5025 institutis
2521 4984 2682 5041 quam
2721 4967 2922 5024 diaboli
2957 4962 3393 5037 Suggestiouihns
3434 4959 3570 5015 obe-

1981 5064 2179 5128 dirent,
2206 5061 2353 5118 etde
2396 5061 2484 5115 illa
2520 5060 2732 5132 patroni
2773 5059 3125 5116 translatione
3166 5056 3237 5110 ita
3269 5053 3571 5126 gauderent

1978 5150 2042 5213 ω
2068 5170 2277 5209 morum
2299 5161 2355 5208 et
2375 5164 2591 5209 actuum
2615 5151 3048 5209 emendationem
3076 5148 3174 5203 sibi
3203 5151 3565 5216 reportarem.

1978 5247 2356 5313 Coruscabant
2379 5260 2510 5301 sane
2549 5245 2712 5301 multa
2741 5242 3002 5298 miracula
3031 5240 3098 5298 ad
3130 5239 3298 5311 ipsius
3338 5235 3570 5309 apostoli

1977 5337 2429 5407 pretiosissimum
2458 5350 2675 5405 corpus.
2700 5334 2773 5388 Dc
2801 5333 3017 5403 quibus,
3042 5331 3296 5403 quoniam
3320 5328 3537 5383 satisne
3557 5353 3569 5365 ο

1981 5439 2093 5484 tum
2122 5437 2205 5485 est
2233 5428 2386 5483 vobis
2411 5428 2502 5497 qui
2533 5423 3004 5499 inpraesentiarum
3036 5423 3138 5494 ipsi
3183 5421 3423 5484 vidistis,
3472 5433 3569 5488 per

1975 5519 2183 5590 singula
2212 5534 2317 5574 non
2350 5530 2573 5572 necesse
2615 5523 2699 5571 est
2744 5529 2995 5579 narrare,
3024 5527 3092 5567 ne
3122 5512 3239 5567 dies
3274 5518 3565 5582 antequam

1975 5627 2154 5670 sermo
2175 5610 2476 5667 claudatur.
2504 5607 2659 5663 Libet
2684 5614 2862 5662 tamen
2889 5604 2993 5661 hoc
3025 5603 3198 5659 solum
3250 5599 3565 5657 meminisse

1975 5707 2135 5780 quod,
2171 5707 2392 5761 invento
2421 5716 2651 5773 corpore
2683 5708 2891 5765 sancto,
2920 5697 3232 5772 quicunque
3250 5688 3563 5750 daemoniaci

1976 5810 2030 5856 et
2066 5799 2185 5855 aliis
2221 5798 2387 5855 variis
2436 5794 2781 5866 languoribus
2812 5791 3011 5850 detenti
3067 5788 3290 5843 adfuere
3333 5785 3401 5841 ad
3448 5782 3564 5853 ejus
