4088 6384
490 339 597 396 119
1524 334 1838 394 ADEMARI
1868 334 1928 391 S.
1956 328 2231 390 CIBARDI
2256 327 2568 387 MONACHI
3660 325 3773 385 ﬁo

491 443 798 531 sepulcrum
829 456 1004 513 sanati
1027 462 1190 525 sunt;
1222 455 1316 513 sed
1344 462 1401 512 et
1437 455 1491 513 hl
1522 469 1662 527 quos
1687 457 1830 529 ignis
1853 456 2084 514 devora-
2108 459 2157 519 Α
2185 458 2321 518 tum,
2347 448 2741 522 complentibus
2767 446 2979 520 magnis
3018 444 3193 503 turbis
3231 443 3550 517 populorum
3579 458 3773 507 omnia.

493 552 606 615 hat,
634 550 826 605 eadem
864 551 997 605 hora
1043 564 1261 607 sensere
1290 549 1654 621 refrigerium.
1683 551 1821 607 Aliis
1846 549 2081 620 denique
2178 541 2297 600 loca
2334 557 2433 613 per
2474 540 2760 598 Circuit!!!“
2796 538 2944 594 Urbis
2978 540 3046 594 ad
3078 537 3360 593 (Ῐυοάθεῖω
3389 536 3620 608 amplius
3649 538 3767 595 mil-

492 659 614 698 cmn
643 644 876 699 sanitate
914 645 981 699 ad
1012 659 1107 699 sua
1136 645 1420 716 regressis,
1467 645 1660 701 iterum
1707 645 1877 700 multo
1901 643 2083 715 plures

2189 637 2333 692 Iiaria
2357 634 2457 693 sub
2484 643 2674 706 aperto
2699 633 2826 691 divo
2851 632 3055 690 serenti
3079 632 3218 688 cmlo
3248 631 3537 689 admodum
3570 630 3767 703 jucun-

492 733 582 789 alii
612 735 677 789 dc
706 736 864 807 longe
887 736 1316 805 adducebantur,
1352 753 1385 794 e
1429 739 1630 808 quibus
1648 748 1823 794 totam
1870 739 2087 796 videres
2183 730 2370 787 dallleo

497 829 684 885 urbem
727 832 871 885 intus
901 839 956 886 et
979 845 1078 901 per
1104 831 1392 887 circuitum
1421 831 1555 888 foris
1583 831 1818 902 plenam.
1849 831 1947 888 llis
1979 846 2080 886 au-

496 931 601 978 tem
653 923 743 993 qui
800 922 916 978 sani
963 931 1121 979 erant
1176 922 1354 979 luctus
1399 933 1455 979 et
1493 923 1699 978 clamor
1742 932 1909 996 atque
1942 923 2082 979 fetor

494 1014 868 1088 languentium
898 1017 1065 1073 nimis
1088 1018 1241 1073 oneri
1271 1025 1409 1072 erat.
1441 1016 1574 1074 Cum
1618 1026 1798 1073 autem
1846 1015 2084 1087 psallen-

493 1110 628 1164 tium
661 1109 859 1166 chorus
895 1112 1108 1181 patroni
1150 1110 1391 1167 membra
1428 1112 1494 1167 de
1522 1111 1773 1181 sepulcro
1802 1111 1856 1167 in
1891 1111 2077 1167 basili-

493 1216 614 1257 cam
645 1200 964 1265 Salvator-is,
1007 1219 1128 1273 quae
1164 1203 1359 1275 regalis
1394 1202 1612 1269 dicitur,
1642 1205 1696 1258 in
1744 1219 1872 1260 arca
1912 1219 2079 1259 aurea

494 1301 760 1364 portaret,
790 1293 1077 1349 multitudo
1104 1293 1316 1350 infinita
1358 1294 1448 1349 illa
1481 1295 1786 1351 ardentium
1825 1310 1950 1351 mox
1979 1292 2077 1351 cu-

500 1385 763 1440 rationem
821 1386 1035 1456 plenam
1066 1388 1286 1452 meruit,
1319 1396 1373 1444 et
1423 1403 1615 1445 omnes
1652 1388 1962 1445 clamabant
1998 1389 2080 1446 di-

492 1490 680 1535 centes
706 1499 722 1536 :
756 1500 776 1533 c
812 1481 1157 1537 Benedictum
1186 1498 1380 1539 nomen
1419 1483 1719 1539 Salvatoris
1741 1484 1953 1539 Domini
1982 1499 2081 1539 no-

493 1570 591 1626 stri
619 1571 745 1627 Jesn
777 1572 977 1628 Christi
1009 1573 1101 1645 qui
1146 1575 1501 1644 penheatnnt
1551 1574 1850 1630 Martialem
1892 1575 2079 1646 propi-

495 1664 602 1720 tius
629 1664 728 1720 fuit
757 1668 953 1737 populo
979 1684 1099 1723 suo.
1129 1667 1240 1724 Nec
1261 1668 1422 1723 silere
1441 1670 1699 1725 debemus
1718 1670 1862 1739 quod
1890 1679 2081 1739 aperto

492 1757 741 1814 interiori
773 1774 899 1815 vase
923 1761 1065 1830 quod
1094 1770 1343 1816 sanctum
1382 1760 1649 1817 retinebat
1696 1777 1912 1831 corpus.
1943 1761 2080 1817 odor

493 1852 851 1908 suavissimus
875 1852 1164 1907 emanabat
1187 1860 1241 1907 et
1268 1853 1511 1908 omnium
1557 1854 1888 1909 adstantium
1916 1868 2080 1909 nares

489 1946 737 2015 jucunde
790 1944 1074 2001 reficiebat
1123 1946 1308 2000 odore.
1350 1946 1422 2000 At
1472 1961 1603 2002 vero
1650 1949 1839 2003 eadem
1889 1958 2081 2003 sancta

493 2040 736 2096 membra
768 2055 891 2095 cum
921 2041 1265 2097 sacerdotum
1296 2043 1546 2099 manibus
1599 2044 1666 2099 de
1712 2042 1961 2114 sepulcro
1999 2043 2082 2099 in-

492 2134 771 2189 ferrentur
803 2135 857 2190 in
891 2150 988 2190 vas
1013 2150 1240 2191 aureum
1286 2136 1376 2191 ubi
1432 2137 1710 2194 recondita
1757 2148 1906 2204 sunt,
1952 2151 2083 2194 ecce

494 2229 676 2284 subito
704 2238 865 2285 terra:
910 2239 1087 2284 motus
1118 2230 1292 2286 factus
1317 2240 1400 2286 est
1438 2244 1685 2303 magnus,
1718 2230 1792 2285 ita
1820 2238 1878 2285 ut
1908 2227 2083 2298 major

493 2320 726 2377 ecclesia
757 2336 879 2378 eum
914 2323 1166 2379 omnibus
1198 2323 1289 2393 qui
1335 2323 1387 2379 in
1423 2338 1485 2378 ea
1528 2330 1686 2378 erant
1732 2321 1950 2379 concuti
1997 2322 2081 2379 vi-

494 2414 733 2480 deretur,
764 2431 865 2471 nec
904 2422 1080 2471 tamen
1123 2417 1340 2482 occidit,
1387 2416 1482 2472 sed
1529 2424 1585 2471 et
1627 2431 1793 2486 super
1826 2416 2080 2488 populum

497 2518 679 2566 tantus
712 2521 889 2567 terror
917 2513 1073 2569 irruit
1101 2522 1158 2568 ut
1184 2513 1490 2569 nullatenus
1515 2524 1741 2569 mortem
1771 2529 1830 2569 se
1852 2513 2085 2571 evadere

494 2615 657 2670 posse
699 2605 964 2667 crederet,
1015 2607 1314 2675 eademque
1358 2606 1491 2661 hora
1540 2608 1630 2677 qui
1679 2623 1706 2660 a
1748 2607 2083 2687 daemonibus

496 2692 838 2749 vexabantur
866 2696 1040 2751 curati
1064 2706 1213 2765 sunt,
1240 2708 1464 2768 eratque
1508 2699 1640 2754 hora
1680 2699 1786 2755 diei
1821 2700 2000 2766 tertia,
2028 2708 2086 2757 et

497 2785 578 2842 sic
608 2786 661 2842 in
693 2788 980 2845 ecclesiam
1011 2792 1267 2861 majorem
1317 2808 1472 2848 sacra
1503 2794 1724 2865 pignora
1761 2794 1955 2850 deinde
1985 2793 2086 2850 im-

498 2880 739 2935 mincnte
770 2891 925 2937 nocte
962 2882 1194 2939 latenter
1235 2894 1458 2955 propter
1501 2886 1797 2942 irruentem
1829 2886 2083 2957 populum

499 2987 623 3027 cum
647 2971 853 3043 jejunio
884 2975 1254 3031 ministrorum
1286 2977 1341 3031 in
1384 2977 1619 3033 Montem
1654 2977 1845 3034 Gaudii
1878 2977 2084 3048 perlata

500 3071 645 3117 sunt.
680 3062 747 3117 Et
777 3062 916 3118 sicut
940 3072 1045 3119 tota
1090 3065 1175 3120 illa
1224 3069 1497 3136 prmterita
1529 3068 1763 3124 noctein
1790 3069 2085 3139 aperiendo

496 3153 755 3222 sepulcro
784 3158 1094 3212 sacerdotes
1124 3157 1337 3213 Domini
1365 3174 1486 3215 cum
1522 3160 1776 3229 pontifice
1805 3159 2085 3216 laborave-
2111 3187 2156 3250 ε

502 3256 648 3314 rant,
682 3246 752 3302 ita
778 3247 915 3303 foris
944 3249 1096 3305 chori
1120 3252 1460 3321 psallentium
1500 3251 1674 3325 jejuni
1711 3254 1958 3309 eamdem
1989 3267 2086 3309 no-

500 3349 644 3394 clem
672 3341 724 3395 in
770 3341 995 3411 psalmis
1036 3350 1088 3398 et
1133 3342 1379 3400 laudibus
1416 3345 1618 3401 duxere
1647 3343 1982 3416 pervigilem.
2022 3343 2090 3400 lli

502 3435 683 3490 autem
725 3437 816 3506 qui
864 3437 1190 3495 intrinsecus
1219 3447 1328 3495 tam
1378 3440 1715 3495 tremendum
1747 3441 2093 3510 arripuerant

497 3530 658 3599 'opus,
698 3531 928 3588 confecti
966 3530 1174 3603 jejunio
1219 3531 1288 3588 ab
1347 3534 1462 3605 ipsa
1507 3534 1683 3604 prima
1736 3535 1912 3590 noctis
1956 3534 2093 3590 hora

506 3625 802 3691 instabant,
832 3636 885 3681 et
911 3627 1240 3697 psalmorum
1269 3639 1642 3685 consummata
1668 3629 1921 3696 melodia,
1952 3628 2097 3686 cele-

508 3718 679 3773 bratis
715 3718 858 3774 circa
891 3719 1162 3789 pullorum
1208 3729 1427 3775 cantum
1468 3718 1764 3793 mysteriis,
1805 3719 2094 3777 confortati

506 3824 735 3878 corpore
784 3818 841 3866 et
878 3812 1143 3881 sanguine
1182 3809 1581 3881 Redemptoris,
1628 3811 1694 3865 ad
1732 3810 2098 3866 extrahendus

502 3904 714 3975 lapides
755 3919 946 3961 manus
992 3904 1274 3961 miserunt.
1322 3904 1515 3959 Merito
1545 3904 1745 3973 itaque,
1787 3903 1967 3958 divina
1994 3906 2097 3958 'eos

490 3988 1005 4070 ‘Patresinspiravit
1053 4000 1314 4071 dignatio,
1346 4007 1613 4070 quatenus
1650 4000 1925 4054 communi
1962 4012 2095 4054 con-

508 4108 672 4148 sensu
717 4092 862 4148 hunc
891 4093 1031 4149 diem
1083 4110 1180 4164 per
1228 4093 1471 4165 singulos
1512 4094 1565 4149 in
1610 4092 1877 4164 reliquum
1926 4106 2098 4148 annos

510 4186 563 4241 in
596 4186 915 4242 memoriam
953 4187 1149 4242 divina:
1176 4187 1349 4243 laudis
1392 4187 1768 4252 decernerent,
1794 4184 1920 4256 quia
1949 4183 2003 4239 in
2031 4197 2099 4239 ea

508 4286 565 4331 et
593 4276 853 4332 miracula
884 4292 1114 4347 superna
1150 4287 1204 4333 et
1226 4278 1421 4348 gaudia
1442 4277 1900 4346 Christianorum,
1931 4288 2097 4348 atque

509 4382 614 4437 pax
644 4376 699 4422 et
725 4368 939 4438 requies
965 4368 1328 4425 Ecclesiarum
1356 4368 1688 4426 claruerunt.
1714 4369 1780 4424 Et
1801 4378 2011 4440 postea,
2038 4376 2100 4424 ut

510 4467 712 4513 aeterna
758 4459 916 4529 hujus
965 4459 1274 4515 festivitatis
1319 4468 1462 4515 esset
1512 4460 1994 4525 commemoratio,
2040 4458 2095 4514 in

2799 816 3032 874 SERMO
3068 816 3169 885 111.,
3251 808 3263 817 ’

2249 905 2738 983 Quemadmodum,
2785 912 3150 981 dilectissimi,
3189 910 3440 969 dedicata
3474 911 3706 970 ecclesia
3732 927 3771 971 ο

2178 1005 2430 1063 laudibus
2477 1003 2567 1061 die
2620 1012 2895 1076 noctuque
2944 1004 3143 1061 divinis
3186 1019 3408 1061 cessare
3453 1019 3561 1061 non
3609 1005 3768 1061 debet

2179 1109 2281 1152 nec
2321 1110 2352 1150 a
2401 1109 2684 1151 sacrorum
2734 1103 2931 1153 ornatu
2979 1110 3150 1151 vacua
3190 1108 3455 1161 manere,
3498 1094 3574 1150 ita
3613 1108 3775 1151 mens

2178 1186 2484 1244 Christiana
2514 1201 2546 1242 a
2572 1185 2668 1243 Dei
2689 1201 2966 1258 nunquam
2996 1185 3157 1243 laude
3189 1196 3407 1257 torpere
3426 1199 3777 1256 nunquamve

2179 1297 2212 1337 a
2240 1280 2395 1336 bona:
2421 1282 2759 1350 operationis
2794 1282 2992 1338 decore
3025 1281 3228 1338 sterilis
3253 1280 3415 1337 debet
3450 1279 3774 1354 persistere.

2177 1369 2247 1426 Et
2274 1377 2332 1425 ut
2368 1370 2713 1443 sacrilegium
2739 1379 2956 1427 constat
2972 1384 3094 1427 esse
3117 1371 3403 1428 ecclesiam
3432 1369 3663 1436 violare,
3692 1368 3775 1425 ita

2177 1475 2302 1518 eum
2336 1461 2433 1532 qui
2458 1461 2573 1533 jam
2619 1462 2886 1533 baptismo
2926 1461 3247 1534 purificatus
3283 1461 3477 1519 domus
3506 1460 3604 1516 Dei
3650 1474 3773 1517 me-

2177 1563 2330 1612 retur
2349 1569 2495 1622 esse,
2522 1554 2884 1625 periculosum
2910 1563 2994 1610 est
3024 1558 3237 1610 "temere
3265 1568 3296 1608 a
3327 1567 3601 1624 quoquam
3632 1550 3780 1608 infe.

2179 1646 2344 1709 Stari;
2376 1646 2529 1717 quia,
2557 1660 2681 1701 cum
2701 1644 2805 1700 viri
2850 1644 3024 1701 sancti
3060 1661 3090 1700 a
3130 1642 3404 1714 perversis
3439 1642 3774 1715 alllignntur,

2181 1735 2326 1793 Dens
2354 1736 2447 1808 qui
2479 1751 2668 1792 eorum
2701 1736 2977 1792 habitator
3014 1744 3120 1802 est,
3160 1735 3229 1790 ad
3270 1735 3605 1792 iracundiam
3640 1748 3774 1806 pro-.

2111 1816 2154 1876 Β
2182 1836 2431 1882 vocatur.
2480 1826 2537 1881 lu
2582 1826 2787 1882 sanctis
2834 1826 3033 1898 quippe
3081 1826 3211 1881 viris
3255 1826 3400 1882 Deus
3450 1824 3773 1894 infestatur,

2179 1918 2395 1975 dicente
2419 1919 2537 1991 ipso
2563 1932 2661 1989 per
2690 1918 3007 1989 prophetam
3033 1933 3047 1972 :
3083 1935 3103 1969 ι
3131 1915 3234 1986 Qui
3259 1932 3352 1973 vos
3378 1917 3570 1986 tangit,
3602 1916 3775 1987 tangit

2178 2010 2436 2083 pupillam
2474 2010 2616 2067 oculi
2643 2010 2770 2067 mei.
2801 2026 2823 2064 ι
2853 2008 2955 2077 Qui
2982 2017 3163 2065 autem
3196 2008 3491 2066 Ecclesiam
3515 2008 3774 2077 honorat,

2181 2110 2409 2157 matrem
2446 2100 2691 2173 profecto
2735 2114 2925 2167 suam,
2964 2108 3022 2157 et
3068 2099 3162 2155 Dei
3200 2113 3465 2169 sponsam
3515 2098 3776 2166 honorat,

2181 2190 2292 2247 imo
2323 2191 2496 2261 ipsum
2542 2189 2800 2246 Ecclesia:
2842 2197 3005 2260 caput
3032 2188 3307 2244 Christum
3346 2202 3568 2260 prorsus
3595 2186 3772 2244 hono-

2182 2296 2308 2338 rare
2338 2281 2570 2337 videtur.
2603 2278 2699 2336 Sic
2739 2278 2883 2335 enim
2924 2278 3182 2351 apostolis
3215 2278 3418 2334 dictum
3455 2286 3581 2337 est:
3618 2295 3638 2331 ι
3667 2277 3775 2346 Qui

2183 2387 2282 2428 vos
2310 2372 2460 2428 audit
2490 2387 2575 2427 me
2602 2371 2773 2437 audit,
2799 2379 2856 2425 et
2883 2370 2974 2442 qui
3012 2384 3109 2426 vos
3140 2369 3350 2440 spernit
3374 2383 3460 2425 me
3487 2370 3713 2440 spernit.
3743 2388 3773 2425 ι

2184 2462 2250 2518 Ει
2288 2463 2417 2518 item
2462 2479 2476 2516 :
2512 2480 2532 2516 ‹
2563 2461 2739 2517 Amen
2782 2460 2906 2517 dico
2934 2460 3112 2524 vobis,
3144 2460 3271 2530 quia
3294 2459 3630 2516 tolerabilius
3663 2460 3777 2516 erit

2183 2560 2346 2607 terrze
2404 2549 2759 2606 Sodomorum
2819 2559 2876 2605 et
2927 2548 3400 2605 Gomorrhaaorum
3465 2562 3630 2618 quam
3695 2547 3776 2604 illi

2182 2643 2389 2700 civitati
2418 2658 2539 2714 qua:
2559 2658 2656 2699 vos
2693 2656 2879 2713 pacem
2909 2640 3265 2711 prmdicantes
3289 2654 3398 2694 non
3426 2636 3708 2716 receperit.
3745 2654 3773 2690 ι

2184 2734 2308 2790 llaec
2330 2743 2550 2805 pr0pter
2568 2734 2845 2790 hodiernae
2868 2731 3180 2788 festivitatis
3205 2730 3451 2786 laetitiam
3474 2742 3784 2799 congruere

2186 2825 2460 2890 videntur,
2487 2823 2638 2894 quia,
2658 2839 2781 2879 cum
2818 2822 2979 2893 hujus
2996 2821 3176 2892 templi
3209 2820 3627 2885 dedicationem,
3654 2831 3785 2889 qua

2187 2918 2241 2974 in
2272 2917 2575 2973 Salvatoris
2620 2915 2785 2987 pollet
2822 2915 3041 2987 proprio
3075 2915 3326 2979 nomine,
3365 2912 3646 2969 annuatim
3683 2925 3781 2967 re—

2185 3009 2468 3080 plicamus,
2498 3007 2837 3064 occasionem
2860 3004 3014 3061 vobis
3049 3003 3200 3059 utilia
3241 3002 3495 3073 loquendi
3538 3015 3645 3057 non
3684 3000 3779 3056 in-

2187 3116 2401 3157 cassum
2441 3099 2767 3155 invenimus.
2807 3096 2960 3154 Unde
3004 3095 3135 3151 illud
3177 3094 3567 3151 advertendum
3604 3091 3781 3163 quod.

2188 3193 2315 3250 siin
2349 3191 2588 3248 oratorio
2626 3190 2873 3246 dedicato
2904 3187 3255 3244 homicidium
3290 3186 3378 3243 vcl
3432 3185 3579 3241 aliud
3624 3185 3791 3242 nefas

2190 3282 2467 3354 quodlibet
2522 3287 2891 3351 perpetratum
2920 3319 2935 3346 ,
2986 3278 3067 3334 vel
3112 3278 3160 3335 si
3203 3277 3381 3350 ipsum
3436 3276 3694 3347 templum
3744 3290 3783 3331 ει

2191 3372 2482 3445 gentilibus
2517 3373 2631 3438 sive
2657 3370 2932 3426 haereticis
2967 3369 3233 3440 pollutum
3272 3367 3457 3434 fuerit,
3490 3368 3593 3423 nisi
3624 3366 3787 3438 prius

2192 3461 2641 3519 reconciliatione
2664 3459 2955 3532 episcopali
2985 3458 3181 3515 iterum
3207 3473 3305 3531 per
3339 3472 3535 3530 aquam
3572 3456 3784 3513 sancti-

2191 3552 2413 3611 licatnm
2442 3552 2632 3620 fuerit,
2660 3550 2967 3607 tmllatenus
2994 3551 3063 3606 ibi
3091 3550 3277 3622 peragi
3305 3542 3485 3622 potest
3502 3562 3639 3620 opus
3660 3545 3785 3603 Dei.

2193 3643 2416 3700 Dicente
2443 3643 2588 3698 enim
2615 3641 2911 3714 Apostolo:
2943 3659 2962 3694 ι
2994 3639 3125 3710 Quae
3145 3626 3383 3697 societas
3401 3639 3508 3695 luci
3541 3639 3610 3695 ad
3639 3646 3793 3695 tene-

2193 3737 2345 3803 bras,
2372 3736 2465 3807 qui
2503 3744 2685 3791 autem
2715 3749 3010 3791 consensus
3033 3733 3233 3805 templo
3256 3732 3352 3790 Dei
3388 3748 3512 3789 cum
3544 3731 3731 3789 idolis?
3755 3748 3788 3787 ι

2198 3828 2315 3884 Non
2376 3826 2624 3883 dissimili
2683 3826 2897 3881 ratione
2960 3824 3208 3896 quisquis
3272 3832 3394 3896 post
3455 3823 3790 3894 baptismum

2196 3919 2497 3991 graviorem
2528 3917 2808 3973 admiserit
2835 3931 3062 3983 noxam,
3101 3914 3216 3985 jam
3256 3915 3508 3986 indignus
3534 3915 3645 3971 Deo
3668 3920 3791 3983 est,

2196 4011 2323 4083 quia
2376 4009 2665 4080 principali
2727 4008 2969 4064 facinore
3020 4007 3420 4064 contaminatus
3469 4012 3554 4062 est
3611 4004 3794 4061 donec

2198 4101 2392 4156 iterum
2419 4101 2689 4171 baptismo
2716 4099 3047 4171 panitentias
3078 4097 3311 4165 lavetur,
3338 4107 3394 4153 et
3417 4096 3561 4154 lotus
3583 4103 3795 4153 sancta

2198 4193 2565 4250 communioni
2616 4192 2940 4251 sacerdotali
2991 4190 3379 4250 reconcilietur.
3437 4189 3791 4247 auctoritate.

2196 4283 2399 4343 Omnes
2442 4299 2571 4358 ergo
2616 4285 2711 4357 qui
2757 4285 2812 4342 in
2865 4284 3210 4357 baptismatis
3248 4283 3395 4339 fonte
3427 4283 3791 4355 spoponderit,

2198 4385 2454 4449 tanquam
2504 4376 2847 4434 immaculata
2903 4377 3096 4432 domus
3142 4374 3238 4431 Dei
3291 4374 3559 4430 lluetenus
3601 4381 3797 4429 custo-

2199 4469 2371 4534 diant,
2402 4477 2465 4523 ut
2493 4468 2704 4539 integer
2728 4467 2949 4538 spiritus
2973 4482 3161 4524 eorum
3190 4474 3246 4523 et
3275 4481 3472 4537 corpus
3502 4465 3556 4520 in
3583 4464 3793 4520 adven-

512 4546 630 4604 loco
668 4550 894 4619 prmfato
922 4550 1013 4605 ubi
1050 4566 1201 4605 saera
1246 4551 1460 4622 patroni
1491 4553 1733 4607 membra
1765 4567 1861 4623 per
1895 4550 2100 4622 aliquot
2130 4547 2177 4605 ἰ)
2205 4570 2317 4616 ιυηι
2350 4560 2561 4616 Domini
2594 4569 2862 4615 servetur.
2896 4557 3096 4617 Verum
3133 4559 3179 4615 si
3209 4573 3369 4630 quem
3415 4565 3539 4628 post
3583 4554 3794 4613 lavacri

512 4641 627 4696 dies
657 4643 1061 4712 requieverunt,
1090 4643 1376 4699 ecclesiam
1417 4644 1471 4699 in
1505 4643 1621 4712 ejus
1665 4643 1881 4700 nomine
1899 4658 2095 4699 novam

512 4734 915 4791 dedicaverunt.
939 4737 1070 4792 Nam
1098 4738 1165 4793 de
1196 4738 1312 4808 ipso
1335 4747 1516 4792 monte
1545 4736 1734 4793 Gaudii
1757 4739 1823 4794 ad
1847 4747 2094 4794 sanctum

512 4827 630 4895 ejus
681 4829 1011 4901 sepulcrum,
1059 4840 1353 4901 antequam
1411 4829 1783 4885 absolveretur
1829 4832 2092 4902 synodus,

513 4925 713 4978 iterum
764 4926 930 4980 relata
981 4933 1127 4979 sunt.
1182 4923 1288 4980 Per
1342 4925 1523 4979 omnia
1577 4922 1895 4981 benedictus
1941 4923 2099 4982 Jesus

515 5012 762 5068 Christus
788 5016 1043 5071 Dominus
1062 5025 1251 5070 noster
1275 5030 1420 5071 nunc
1445 5024 1500 5070 et
1521 5016 1573 5070 in
1596 5026 1880 5071 aeternum.
1904 5016 2098 5073 Amen.

588 5104 835 5177 Episcopi
864 5107 953 5176 qui
988 5115 1116 5162 tunc
1151 5109 1218 5162 ad
1245 5108 1490 5163 eamdem
1534 5119 1902 5165 convenerant
1931 5119 2107 5177 trans:-

519 5197 775 5253 lationem
821 5198 1212 5269 probabiliores
1258 5200 1312 5255 hi
1364 5208 1490 5255 sunt
1528 5219 1542 5256 :
1578 5200 1875 5257 Dacbertus
1922 5201 2107 5256 archi-

520 5290 839 5358 episcopus,
895 5288 1256 5346 Gondehadus
1305 5292 1764 5363 archiepiscopus,
1823 5292 2109 5348 Hildninus

521 5381 725 5452 primas
763 5382 1071 5451 episcopus,
1096 5383 1248 5438 Ablto
1271 5384 1571 5453 cpiscOpus,
1611 5383 1968 5439 Grimoardus
1996 5382 2105 5453 epi-

524 5488 735 5540 scopus.
770 5471 1079 5542 Stephanus
1119 5475 1427 5547 episcopus,
1466 5474 1749 5532 Frotarius
1794 5478 2102 5550 episcopus,

522 5563 866 5619 Gissabel'ttts
886 5566 1189 5638 episcopus.

597 5643 720 5710 llaec
747 5666 925 5712 autem
949 5656 1089 5715 facta
1116 5671 1241 5715 sunt
1263 5676 1359 5732 per
1387 5677 1587 5715 annum
1618 5660 1908 5717 Dominicae
1930 5661 2109 5715 incar-

525 5746 757 5803 nationis
787 5749 1255 5820 mngentesimum
1303 5752 1907 5822 atque-nonagesimum
1940 5767 2104 5823 quar-

2202 4660 2603 4719 sacramcntum
2650 4648 2871 4721 gravius
2913 4649 3188 4705 corruisse
3236 4646 3565 4719 contigerit,
3615 4643 3796 4717 paeni-

2203 4742 2363 4797 tendo
2392 4742 2552 4813 digne
2577 4748 2788 4811 satagat
2814 4751 2869 4796 et
2894 4739 3200 4797 confitendo
3230 4740 3389 4794 matri
3413 4736 3667 4794 Ecclesia:
3692 4749 3795 4807 per

2203 4831 2547 4886 sacerdotum
2585 4844 2811 4886 examen
2861 4828 3225 4896 reconciliari,
3253 4843 3322 4885 ne
3350 4828 3618 4891 videlicet,
3646 4824 3796 4898 quod

2204 4924 2367 4989 absit,
2412 4921 2612 4978 diaboli
2646 4921 2904 4994 templum
2944 4921 3222 4987 videatur,
3249 4935 3386 4978 neve
3410 4935 3536 4976 cum
3575 4918 3797 4974 Satanae

2208 5032 2376 5088 regno
2409 5015 2732 5084 damnetur,
2773 5016 2869 5071 sed
2916 5015 3094 5087 potius
3133 5014 3389 5086 templum
3424 5014 3519 5069 Dei
3566 5026 3797 5069 manens

2203 5108 2256 5164 in
2297 5123 2465 5179 regno
2499 5107 2699 5163 Christi
2731 5117 2787 5163 et
2808 5106 2903 5161 Dei
2933 5106 3302 5162 [nereditatem
3337 5103 3630 5175 possideat.
3657 5101 3796 5157 Illud

2202 5200 2457 5271 onmibus
2504 5199 2668 5254 etiam
2712 5199 2996 5269 diligenter
3040 5193 3580 5251 animadvertendum
3628 5205 3797 5264 quam

2204 5291 2573 5362 ponderosum
2603 5296 2659 5344 et
2686 5287 2923 5343 immane
2949 5296 3138 5357 arguet
3168 5286 3394 5341 exitium
3425 5284 3509 5339 his
3543 5282 3634 5355 qui
3650 5281 3798 5351 juste

2208 5382 2275 5436 ab
2323 5380 2591 5451 episcopis
2634 5377 3084 5435 excommunicati
3132 5385 3279 5431 sunt.
3322 5376 3483 5432 Certe
3523 5374 3653 5430 dum
3700 5371 3800 5428 ali-

2207 5474 2420 5544 quoties
2447 5474 2516 5530 ob
2542 5472 2897 5545 quorumdam
2930 5486 3118 5543 graves
3144 5468 3378 5526 offensas
3409 5484 3521 5525 suae
3543 5464 3799 5524 dioecesis

2210 5566 2446 5637 episcopi
2473 5565 2944 5622 excommunicaut
2970 5561 3261 5629 ecclesias,
3305 5577 3411 5616 non
3454 5560 3508 5615 in
3537 5560 3618 5615 eis
3654 5557 3798 5612 ultra

2212 5660 2454 5714 divinant
2491 5658 2675 5730 peragi
2713 5657 2916 5712 licitum
2952 5664 3034 5710 est
3072 5669 3209 5725 opus
3245 5655 3414 5709 donec
3442 5653 3636 5707 iterum
3681 5663 3798 5704 scr-

2215 5752 2388 5809 monis
2413 5751 2562 5808 clave
2586 5766 2680 5805 eas
2712 5748 2825 5821 ipsi
2851 5746 3134 5820 pontifices
3157 5744 3423 5817 aperiant.
3454 5741 3658 5813 Nempe
3686 5738 3796 5795 lin-
