4032 5416
191 327 298 384 l2!

1412 333 1781 395 SERMONES
1819 338 1998 397 TRES
2024 340 2226 397 D‘UBII.

3385 325 3505 406 1'22

189 457 313 512 goat
342 439 733 511 episcoporum
763 432 944 500 chrias
967 453 1095 500 sunt
1123 444 1406 514 ccelorum,
1430 448 1643 505 dicente
1671 467 1798 522 apo.
1827 459 1869 518 Α
1903 455 2180 527 signacula
2209 463 2366 520 sunt,
2397 463 2452 510 et
2483 457 2606 528 agni
2645 456 3097 530 immaculati'qni
3140 455 3357 522 occisus
3399 476 3490 523 est

188 533 350 590 stolis
408 533 682 600 Domino,
730 551 960 605 quorum
1010 536 1180 592 vicem
1238 538 1292 593 in
1355 539 1598 597 Ecclesia
1657 558 1799 600 nunc

190 628 436 698 episcopi
481 638 676 684 tenent
708 649 721 684 :
759 649 778 683 ι
815 631 986 688 Amen
1031 634 1154 689 dico
1187 635 1341 692 vobis
1363 677 1377 703 ,
1408 637 1612 708 inquit,
1646 655 1795 708 qum-

188 735 412 788 cunque
452 721 813 791 alligaveritis
843 739 1006 795 super
1034 735 1234 781 terram
1264 739 1424 784 erunt
1462 731 1622 802 ligata
1657 741 1712 786 et
1743 733 1795 788 in

187 809 365 871 caelo.
409 821 472 866 et
516 828 855 885 quaecunque
899 817 1168 874 solveritis
1212 834 1374 889 super
1408 830 1610 877 terram
1639 832 1798 878 erunt

189 899 373 954 soluta
401 910 462 955 et
495 901 554 956 in
591 904 751 959 caelo.
787 925 806 958 ι
837 904 882 962 Ο
915 920 1176 976 quantum
1199 908 1460 976 judicium
1489 913 1593 968 illis
1621 915 1796 970 immi-

187 1001 281 1046 net
314 995 411 1062 qui
446 995 831 1065 episcoporum
860 1003 1476 1059 cxcomnnmicatioucm
1504 1007 1797 1064 observare

187 1094 485 1151 recusant,
539 1104 773 1157 quorum
815 1099 961 1145 tanta
1001 1098 1296 1149 auctoritas
1343 1097 1515 1150 estut
1564 1098 1656 1166 qui
1703 1114 1797 1154 eos

187 1175 554 1232 honoraverit
577 1181 850 1236 tlhristum
877 1184 1128 1251 honoret,
1154 1188 1242 1256 qui
1270 1202 1365 1243 eos
1391 1191 1798 1246 contristaverit

185 1262 476 1320 Christum
525 1271 836 1330 contristet.
878 1273 944 1328 Et
983 1278 1126 1346 quod
1173 1281 1550 1336 auctoritatem
1581 1284 1796 1340 concilii

186 1355 402 1424 possint
440 1358 552 1412 duo
597 1361 938 1418 solummodo
963 1367 1199 1438 episcopi
1228 1367 1466 1438 perfecta
1501 1373 1797 1444 adimplere

185 1448 409 1510 virtute,
448 1455 708 1522 quodque
756 1456 822 1509 ad
875 1459 1169 1528 regendum
1220 1462 1270 1516 in
1317 1479 1452 1534 pace
1488 1476 1541 1521 et
1583 1467 1794 1536 justitia

187 1537 455 1606 populum
508 1541 611 1595 sibi
650 1545 1000 1602 commissum
1043 1549 1095 1604 in
1136 1552 1380 1608 conciliis
1419 1557 1520 1610 sibi
1566 1559 1795 1615 invicem

188 1629 528 1687 altrinsecus
575 1636 838 1692 auxilium
887 1641 1116 1697 debeant
1165 1643 1329 1712 ferre,
1364 1651 1650 1706 confirmat
1693 1654 1798 1707 Do-

187 1720 370 1775 minus
411 1722 607 1779 dicens
647 1743 661 1779 :
700 1745 722 1777 ι
756 1727 886 1784 Dico
928 1732 1104 1797 vobis,
1135 1735 1259 1803 quia
1306 1736 1350 1791 si
1399 1738 1504 1792 duo
1535 1753 1601 1794 ex
1645 1743 1799 1799 vobis

1901 547 1970 602 ab
2001 547 2207 618 originc
2257 547 2440 602 mundi
2487 558 2694 619 septem
2744 565 2944 605 cornua
2996 563 3052 607 et
3099 564 3303 624 septem
3339 558 3500 613 oculi.

1900 647 2053 702 sunt,
2109 638 2199 708 qni
2257 648 2384 693 sunt
2413 651 2618 710 septem
2671 641 2808 696 dona
2842 642 3079 714 Spiritus
3114 647 3310 701 sancti.
3356 647 3490 714 Quis

1900 743 2029 782 vero
2082 729 2325 799 ambigat
2372 729 2473 784 hoc
2499 741 2705 800 septem
2757 732 3136 802 episcoporum
3189 735 3492 806 perfecmn

1901 832 2026 874 esse
2083 818 2404 885 concilium,
2453 836 2576 876 cum
2608 823 2835 878 duorum
2884 825 2967 879 vel
3009 826 3173 881 trium
3229 827 3493 885 Dominus

1897 909 2429 966 contirmatissimum
2476 928 2596 967 esse
2627 916 2897 970 testetur?
2930 935 2947 968 ι
2981 916 3106 981 Ubi,
3135 917 3348 989 inquit,
3379 921 3506 979 duo.

1897 1002 1981 1056 vel
2015 1013 2122 1056 tres
2143 1006 2453 1074 congregati
2487 1004 2688 1060 fuerint
2719 1007 2771 1062 in
2800 1008 3018 1064 nomine
3048 1025 3187 1074 meo,
3220 1011 3272 1064 in
3302 1012 3483 1066 medio

1897 1108 2082 1150 eorum
2105 1111 2222 1151 sum
2235 1138 2244 1146 .
2259 1118 2277 1148 ι
2304 1097 2488 1153 Videat
2501 1114 2631 1170 ergo
2644 1110 2907 1169 quantum
2931 1101 3126 1156 animae
3139 1119 3251 1160 sua:
3277 1104 3499 1173 ingerat.

1899 1185 2280 1242 detrimentum
2307 1189 2398 1258 qui
2441 1189 2566 1244 huic
2591 1198 2780 1244 saneto
2811 1193 3044 1247 concilio
3081 1193 3147 1249 de
3183 1192 3394 1261 justitia
3426 1203 3483 1251 et

1900 1292 2036 1347 pace
2065 1279 2436 1334 confirmanda
2462 1290 2516 1334 et
2546 1282 2886 1336 observanda
2919 1283 3232 1338 inobcdicns
3254 1284 3492 1340 existere

1898 1370 2194 1438 qumsierit.
2225 1370 2370 1425 Talis
2396 1371 2628 1442 denique
2657 1387 2882 1442 prorsus
2914 1388 2943 1426 a
2979 1375 3230 1444 pnesenti
3255 1375 3484 1431 concilio

1897 1463 2444 1518 excommunicationi
2495 1466 2771 1527 tradetur,
2823 1475 2878 1520 et
2931 1463 3128 1519 merito
3170 1474 3230 1520 ut
3279 1466 3369 1535 qui
3395 1465 3498 1523 Dei-

1891 1553 2021 1624 jngo
2056 1555 2244 1609 nolunt
2282 1556 2458 1620 subdi,
2508 1557 2651 1625 quod
2691 1565 2775 1611 est
2824 1573 3022 1621 suave,
3083 1557 3302 1612 Salame
3342 1559 3492 1616 dum.

1897 1647 2150 1714 potestati
2195 1649 2497 1701 tradantur.
2538 1648 2706 1702 Plane
2734 1649 2876 1703 sicut
2913 1648 3167 1704 Ecclesiae
3197 1665 3226 1703 a
3256 1651 3491 1720 propriis

1897 1737 2168 1806 episcopis
2210 1740 2694 1792 cxcommuuicatre
2730 1740 2944 1793 interim
2973 1755 3144 1809 usque
3176 1741 3241 1794 ad
3271 1740 3490 1795 absolu-

189 1814 551 1868 consentiunt
601 1833 770 1886 super
815 1831 1046 1906 terram,
1075 1825 1141 1880 de
1176 1828 1324 1883 omni
1371 1845 1430 1884 re
1464 1847 1794 1906 qumcunque

1902 1825 2100 1880 tionem
2149 1825 2325 1881 oﬂicio
2371 1827 2617 1882 videmus
2648 1829 2850 1898 privari
2877 1829 3061 1884 divino
3089 1870 3105 1896 ,
3146 1830 3220 1885 ita
3258 1831 3488 1900 quicun-

187 1902 476 1971 petierint,
507 1907 599 1961 fiet
631 1907 735 1963 illis
763 1927 791 1963 a
824 1899 983 1966 Patre
1018 1930 1138 1970 meo
1173 1918 1263 1987 qui
1297 1899 1518 1976 inaniis
1555 1935 1670 1989 est;
1702 1899 1794 1981 ubi

190 1994 333 2047 enim
381 2008 522 2051 sunt
557 2005 666 2053 duo
709 2001 794 2056 vel
824 2013 933 2059 tres
971 2011 1284 2078 congregati
1324 2011 1376 2066 in
1407 2015 1626 2070 nomine
1653 2032 1794 2084 meo,

195 2083 262 2137 ibi
310 2101 439 2139 sum
498 2088 554 2142 in
609 2093 785 2148 medio
839 2109 1050 2152 eorum.
1102 2119 1120 2150 ι
1164 2099 1398 2160 Proinde
1450 2083 1795 2176 quotiescum

190 2190 292 2239 que
330 2177 491 2231 solus
537 2181 843 2254 episcopus,
890 2192 1202 2247 convocatis
1245 2210 1357 2250 sua:
1387 2197 1639 2254 dimccsis
1685 2201 1798 2270 pri-

192 2267 474 2358 moribus,
510 2271 660 2342 leges
696 2276 890 2345 populo
911 2280 978 2334 de
1013 2278 1223 2348 justitia
1255 2297 1310 2340 et.
1355 2303 1490 2357 pace
1537 2267 1790 2358 instituit,

191 2357 317 2451 quia
364 2359 510 2451 vice
542 2361 746 2419 Christi
795 2367 1064 2438 legatione
1103 2371 1379 2448 fungitur,
1423 2387 1479 2432 ut
1526 2381 1617 2451 qui
1667 2357 1793 2438 cum

192 2449 432 2504 audierit
478 2449 762 2511 Christum
789 2460 995 2527 audiat,
1029 2464 1123 2534 qui
1171 2481 1295 2522 eum
1339 2449 1607 2540 spreverit
1635 2472 1792 2528 Chri-

191 2546 332 2629 stum
377 2552 628 2609 spernat,
674 2561 832 2602 nemo
872 2549 989 2618 ejus
1029 2552 1180 2620 jussa
1211 2559 1414 2629 absque
1459 2562 1654 2618 animze
1685 2580 1796 2621 suae.

193 2625 402 2696 ingenti
460 2634 706 2701 periculo
752 2644 1068 2698 contemnit.
1122 2625 1345 2714 Quoties
1384 2667 1512 2707 vero
1561 2655 1794 2723 pracsul,

193 2724 483 2818 przesulem
531 2728 632 2818 sibi
674 2731 1027 2800 adjudieandi.
1061 2755 1240 2810 Opem,
1275 2754 1333 2799 ut
1369 2743 1480 2813 jam
1510 2749 1620 2803 sint
1665 2751 1794 2818 duo,

194 2814 522 2905 adsciverit,
546 2817 660 2886 jam
699 2822 805 2878 duo
835 2828 1074 2899 episcopi
1110 2848 1274 2888 unum
1303 2839 1596 2905 sapientes,
1629 2856 1795 2896 unum

194 2901 432 3001 idipsum
471 2913 814 2979 'sentientes,
855 2917 907 2970 in
953 2922 1172 2979 nomine
1215 2901 1426 2981 Domi—ni
1461 2933 1794 3001 congregati,

193 2993 491 3052 Dominum
524 3001 574 3056 in
608 3007 787 3062 medio
817 3010 898 3063 sui
938 3012 1136 3068 habere
1161 3018 1458 3073 creduntur
1496 3023 1650 3090 quasi
1684 3034 1794 3077 ter-

194 3087 332 3142 tium
359 3088 634 3160 judicem,
674 3113 970 3171 eorumque
1015 3111 1411 3165 sententiarum
1443 3113 1794 3168 confirmato-

194 3190 342 3270 rcm;
383 3196 620 3250 quorum
649 3187 877 3244 duorum
912 3194 1003 3264 qui
1046 3199 1430 3256 auctoritatem
1471 3207 1791 3270 contemnit,
1823 3183 1868 3245 θ

197 3267 372 3335 ipsum
401 3273 498 3342 qui
530 3275 586 3328 in
618 3279 797 3333 medio
822 3296 1010 3338 eorum
1042 3301 1102 3342 se
1139 3291 1340 3345 asserit
1372 3293 1637 3352 interesse
1666 3312 1795 3352 con-

197 3361 411 3415 ternuit.
452 3361 655 3420 Verum
688 3368 735 3423 si
765 3373 987 3440 “quando
1013 3376 1391 3447 episcoporum
1421 3384 1635 3440 trinitas
1662 3387 1794 3443 asti-

155 3499 162 3504 ς
196 3451 345 3512 terit,
387 3463 446 3508 et
491 3457 599 3512 sibi
637 3459 703 3515 de
744 3464 1161 3536 quibuscunquc
1200 3475 1575 3529 consenserint
1610 3477 1792 3542 rebus,

193 3551 306 3600 tres
334 3560 594 3617 quartum
647 3567 832 3609 secum
877 3557 1166 3616 Dominum
1194 3563 1249 3619 in
1285 3566 1464 3621 medio
1506 3567 1794 3639 habentes,

195 3640 448 3695 eumdem
497 3644 865 3704 nihilominus
898 3666 930 3706 a
977 3651 1208 3711 Domino
1253 3659 1528 3728 accipiunt
1561 3663 1797 3718 auctori-

196 3730 320 3783 tatis
347 3733 720 3806 privilegium,
750 3749 806 3793 ut
845 3742 1091 3813 quisquis
1117 3761 1307 3803 eorum
1339 3750 1613 3805 contraire
1641 3767 1793 3822 quae-

195 3821 346 3877 sierit
370 3826 553 3893 dictis,
593 3845 719 3887 reus
749 3835 948 3891 existat
992 3854 1240 3911 supernae
1281 3846 1616 3915 majestatis;
1649 3821 1796 3905 ideo-

194 3927 297 3980 que
349 3915 733 3977 indubitanter
789 3927 1007 3994 peribit.
1074 3930 1242 4002 lgitur
1303 3935 1351 3990 si
1414 3938 1645 3993 duorum
1707 3941 1793 3997 vel

195 4007 357 4062 trium
414 4014 799 4085 episcoporum
846 4029 1014 4077 tanta:
1062 4024 1284 4081 virtutis
1337 4037 1394 4083 et
1450 4031 1796 4089 auctoritatis

193 4107 308 4160 est,
372 4101 604 4160 Domino
657 4115 1005 4175 testante,ut
1049 4130 1390 4188 quaecunque
1449 4122 1708 4189 petierint
1762 4139 1793 4178 a

192 4204 410 4246 summo
441 4196 639 4265 cpitice
688 4198 781 4253 fiat
826 4201 953 4267 illis,
1002 4217 1220 4273 quanta:
1248 4211 1451 4278 putatis
1477 4227 1596 4268 esse
1625 4212 1796 4268 firmi-

194 4283 320 4337 tatis
349 4297 681 4343 conventum
726 4291 816 4346 ubi
849 4293 1030 4361 plures
1060 4297 1113 4351 in
1155 4302 1375 4356 nomine
1415 4303 1618 4360 Christi
1648 4322 1824 4371 nunc,

193 4379 513 4448 congregati
564 4390 695 4436 sunt
745 4384 1021 4455 episc0pi?
1069 4387 1209 4444 Ecce
1256 4393 1401 4447 enim
1463 4394 1792 4452 hodiernum

192 4481 433 4533 pnesens
475 4473 769 4556 concilium
802 4478 1179 4548 episcoporum
1222 4484 1274 4537 in
1313 4486 1416 4540 hac
1450 4497 1638 4542 sancta
1665 4489 1792 4544 sede

193 4559 570 4622 Leniovicensi
635 4583 867 4625 numero
935 4576 1276 4650 concluditur
1325 4579 1666 4650 septiformi,
1727 4596 1791 4636 ac

192 4655 419 4722 perinde
464 4669 708 4727 sacrato,
741 4671 802 4716 ut
843 4649 1210 4722 non‘dubium
1256 4668 1328 4722 sit
1352 4649 1472 4726 esse
1500 4671 1788 4727 Dominum

191 4743 248 4800 in
278 4747 458 4802 medio
489 4765 702 4806 eorum.

264 4838 324 4894 Si
353 4842 572 4911 quidem
600 4845 670 4900 de
700 4847 952 4915 praesenti
989 4851 1220 4907 concilio
1252 4861 1460 4921 septem
1503 4857 1789 4926 episcopo-

193 4943 313 4983 rum
357 4947 463 4988 non
529 4937 833 5006 incongrue
875 4939 1054 4997 dicere
1116 4942 1394 5007 valemus,
1448 4947 1572 5015 quia
1642 4962 1788 5003 nunc

197 5022 577 5082 deambulabat
634 5029 897 5085 Dominus
944 5034 996 5086 in
1047 5037 1226 5090 medio
1261 5045 1467 5106 septem
1531 5039 1787 5097 candela-

1313 5129 1363 5160 ἶιὶ
1410 5132 1626 5160 ιδῃ-οη-..
1687 5147 1782 5160 θεολ

199 5115 414 5160 ΙΠὮΓΙιηι
469 5135 768 5160 εῑιιηιηνιιηι
863 5133 1004 5160 lnnnl
1049 5143 1268 5160 nnnnnn

1897 1931 2003 1986 que
2033 1919 2100 1970 ah
2123 1921 2378 1988 episcopo
2409 1935 2508 1974 suo
2537 1909 3078 1989 eicommnnicatur,
3143 1923 3324 1978 divina
3376 1924 3491 1995 pri-

1899 2019 2063 2064 vatur
2092 2013 2264 2082 gratia
2298 2028 2472 2082 usque
2516 2014 2583 2069 ad
2632 2016 3130 2070 rcconciliatiouem
3161 2031 3260 2086 per
3307 2017 3494 2072 condi-

1897 2117 2059 2172 gnam
2089 2104 2538 2160 satisfactionem.
2571 2107 2793 2162 Talibus
2817 2124 2920 2162 non
2953 2120 3040 2164 est
3064 2108 3273 2164 licitum
3307 2109 3492 2165 Eccle-

1897 2194 2034 2248 siam
2073 2196 2317 2266 ingredi,
2365 2212 2466 2253 nec
2500 2214 2624 2253 cum
2662 2199 2920 2256 fratribus
2956 2202 3274 2272 participari
3312 2217 3493 2272 neque

1898 2285 1952 2340 in
1990 2287 2258 2353 convivio,
2287 2304 2464 2358 neque
2494 2290 2545 2343 in
2582 2289 2875 2359 colloquio.
2929 2289 3064 2346 Nam
3105 2291 3208 2347 etsi
3239 2293 3483 2346 irrccon-

1897 2379 2064 2435 ciliati
2090 2383 2158 2436 ab
2200 2383 2301 2438 hac
2331 2384 2438 2436 vita
2471 2384 2820 2454 egrediantur
2846 2424 2861 2450 ,
2894 2384 2972 2440 sic
3013 2385 3209 2440 anima:
3237 2400 3423 2440 eorum
3457 2399 3490 2441 ι

1897 2474 2157 2528 societate
2193 2475 2500 2528 animarum
2552 2483 2866 2530 sanctarum
2909 2487 3184 2532 extranea:
3234 2475 3391 2532 facta:
3429 2476 3488 2532 in

1897 2576 2167 2636 potestate
2207 2567 2394 2621 tartari
2435 2577 2560 2633 sunt
2589 2607 2604 2631 ,
2649 2567 2789 2621 sicut
2829 2568 2916 2623 hic
2965 2583 3190 2638 corpora
3237 2583 3427 2622 eorum
3455 2581 3489 2622 a

1897 2658 2165 2725 corporali
2249 2666 2459 2712 remota
2499 2668 2630 2713 sunt
2685 2658 2950 2713 Ecclesia.
2997 2657 3198 2714 Verum
3230 2659 3490 2729 quoniam

1899 2749 2142 2803 nonnulli
2187 2749 2262 2804 ita
2292 2749 2668 2804 contenebrati
2699 2760 2910 2806 tumore
2944 2751 3210 2822 superbiae
3240 2751 3491 2805 videntur

1897 2848 1959 2894 ut
1992 2840 2209 2908 ubijam
2234 2841 2526 2912 episcopali
2545 2842 2750 2912 judicio
2779 2843 2977 2897 fuerint
3000 2842 3488 2908 excommunicati,

1904 2937 2088 2985 tamen
2121 2933 2274 3001 quasi
2311 2932 2538 2988 licenter
2583 2949 2683 3005 pro
2711 2943 3019 3005 contemptu
3049 2935 3495 2989 excommunica-

1903 3023 2070 3078 tionis
2097 3025 2393 3081 Ecclesiam
2419 3027 2645 3094 intrent,
2675 3038 2730 3083 et
2756 3028 2877 3083 aliis
2907 3028 2956 3082 in
2982 3028 3254 3093 convivio,
3282 3027 3404 3082 aliis
3432 3027 3488 3083 in

1903 3115 2218 3187 colloquio,
2278 3126 2475 3187 prmter
2521 3121 2760 3192 cpisc0pi
2808 3119 3108 3188 jussionem
3168 3119 3490 3190 semetipsos

1894 3205 2164 3276 iungant,
2197 3209 2368 3263 sciant
2415 3225 2473 3265 se
2505 3211 2642 3266 tales
2667 3211 2956 3282 dupliciter
3008 3211 3247 3266 interimi
3287 3219 3343 3265 et
3389 3224 3488 3280 pro

1898 3299 2053 3369 culpa
2087 3301 2270 3370 priore
2299 3312 2356 3356 et
2383 3317 2484 3372 pro
2516 3304 2856 3358 contumacia
2895 3304 2979 3358 vel
3028 3303 3354 3375 negligentia
3393 3318 3488 3358 se-

1896 3401 2116 3461 quente.
2143 3392 2207 3448 Hi
2237 3395 2400 3448 etiam
2431 3395 2525 3464 qui
2553 3397 3036 3450 excommunicatis
3058 3397 3298 3466 scienter
3319 3393 3487 3464 parti-

1895 3484 2150 3554 cipantur
2181 3496 2384 3556 prater
2409 3503 2737 3543 consensum
2767 3488 3023 3558 episcopi,
3062 3488 3314 3542 nimirum
3335 3485 3485 3556 judi-

1896 3575 1982 3629 cio
2010 3578 2162 3645 gravi
2195 3579 2340 3646 digni
2373 3587 2520 3632 sunt.
2552 3578 2667 3634 Rex
2705 3579 2794 3634 ille
2818 3580 3089 3648 quondam
3113 3580 3253 3648 apud
3283 3578 3487 3649 Anglo-

1898 3683 2018 3722 rum
2059 3678 2276 3739 gentem
2304 3667 2487 3737 justus
2515 3678 2665 3735 erat,
2700 3671 2793 3726 sed
2821 3671 2944 3740 quia
2969 3687 3090 3725 cum
3114 3669 3486 3724 excommuni-

1896 3768 2022 3816 cato
2051 3761 2251 3816 comite
2286 3776 2383 3817 suo
2409 3763 2759 3833 participavit
2787 3764 2952 3819 semel
2987 3765 3037 3818 in
3063 3762 3337 3827 convivio,
3367 3762 3484 3831 epis-

1895 3868 2060 3924 scopo
2089 3855 2679 3926 pr:edicente,justum
2720 3855 2814 3911 Dei
2837 3854 3102 3926 judicium
3152 3856 3204 3910 in
3243 3855 3347 3910 hac
3372 3852 3482 3908 vita

1895 3961 2088 4016 passus
2121 3956 2206 4001 est
2231 3987 2248 4012 ,
2278 3948 2403 4017 quia
2445 3947 2497 4001 in
2528 3949 2719 4003 eadem
2752 3949 2915 4010 domo
2953 3949 3147 4024 gladiis
3197 3946 3483 4002 confossus

1896 4045 1999 4091 est.
2034 4035 2183 4090 illam
2217 4046 2432 4108 gentem
2476 4035 2774 4106 Gregorius
2796 4053 2933 4107 papa
2970 4047 3213 4108 tempore
3238 4035 3484 4090 Mauricii

1893 4135 1948 4182 et
1991 4127 2178 4182 Phocaa
2212 4143 2306 4197 per
2339 4126 2630 4196 discipulos
2652 4144 2779 4184 suos
2811 4128 2878 4183 ad
2920 4128 3080 4184 fidem
3113 4127 3406 4194 convertit,
3429 4133 3487 4181 et

1895 4219 1965 4272 ab
1995 4219 2108 4287 ipsa
2139 4227 2302 4289 gente
2345 4221 2541 4274 merito
2587 4219 2866 4291 apostolus
2914 4220 3140 4282 dicitur,
3188 4219 3315 4290 quia
3361 4233 3483 4274 eam

1893 4324 1991 4381 per
2017 4310 2371 4380 Evangelium
2405 4311 2614 4381 primus
2661 4313 2712 4365 in
2746 4310 2966 4366 Christo
3016 4311 3221 4381 genuit.
3267 4310 3486 4378 Quanto

1895 4401 2065 4472 magis
2102 4417 2229 4472 ergo
2252 4399 2512 4455 Martialis
2541 4417 2571 4454 a
2603 4400 2896 4457 Galliarum
2923 4403 3175 4471 gentibus
3199 4399 3480 4471 apostolus

1894 4507 2014 4549 esse
2065 4491 2191 4562 jure
2218 4494 2641 4564 pronuntiatur,
2692 4495 2809 4563 qui,
2851 4494 3078 4548 Domino
3118 4510 3213 4563 per
3264 4496 3483 4549 beatum

1897 4583 2116 4638 Petrum
2139 4584 2386 4654 iubente,
2413 4585 2621 4654 prinms
2645 4583 3009 4639 Galliamluce
3041 4585 3164 4639 ﬁdei
3196 4581 3488 4638 illustravit

1900 4677 2238 4748 temporibus
2259 4675 2472 4730 Claudii
2495 4685 2552 4730 et
2593 4677 2844 4739 Neronis.
2868 4678 2960 4747 qui
2986 4693 3052 4732 ex
3082 4692 3280 4747 genere
3308 4675 3485 4731 Abra-

1896 4768 2002 4836 lue,
2037 4770 2210 4824 tribus
2260 4777 2441 4824 autem
2476 4767 2777 4840 Bcnjanz-‘n,
2806 4769 3071 4825 oriundus
3100 4784 3242 4823 utms
3265 4782 3334 4823 ex
3359 4780 3486 4837 sep-

1897 4861 2141 4933 tuaginta
2167 4860 2379 4915 duobus
2407 4854 2687 4932 discipulis
2725 4860 2937 4915 Domini
2965 4861 3093 4925 fuit,
3117 4867 3170 4912 et
3211 4856 3488 4930 apostolus

1897 4951 2280 5021 pronuntiatur
2303 4965 2422 5005 esse
2442 4951 2632 5007 eodem
2657 4952 2816 5006 modo
2839 4966 2948 5022 quo
2971 4959 3024 5007 et
3048 4949 3248 5006 Paulus
3271 4958 3327 5007 et.
3355 4949 3488 5003 Bar-

1895 5045 2096 5111 nabas,
2139 5045 2231 5113 qui
2266 5045 2332 5098 de
2362 5043 2645 5101 duodecim
2688 5060 2794 5099 non
2844 5043 3082 5101 fuerunt.
3134 5043 3289 5113 Apud
3319 5044 3489 5113 ipsam

3385 5133 3397 5142 υ

1899 5152 2107 5160 ι...ο.---.ι
2163 5133 2450 5160 ...κιιισιιι-νι
2511 5147 2718 5160 μ--.ισισνι
2770 5135 2852 5160 non:
2915 5133 3208 5160 [ἧκε-κηκῖδι.
3271 5137 3458 5160 ξ-.ηίιθιι
