4088 6384
547 358 649 420 ἓνὶὸ

1487 361 1907 429 BERNARDUS
1947 359 2466 419 scnomsrncus
2505 334 2851 417 ANDEGAV.

3711 355 3810 414 121

544 474 648 532 bus
669 471 799 545 ipsis
821 471 997 530 oculis
1031 473 1236 531 nostris
1257 472 1625 545 probavimus.
1669 477 1897 531 Constat
1945 477 2127 545 itaque
2155 481 2205 542 Α
2231 491 2354 534 nem
2397 473 2668 546 pontificis
2715 489 2810 530 rex
2858 471 3032 530 elatus
3080 469 3403 544 contempsit
3447 478 3502 528 et
3549 472 3715 544 capit
3761 479 3812 532 ei

545 579 652 620 non
680 563 852 620 solum
886 564 1088 620 nostris
1119 566 1482 636 temporibus,
1515 582 1704 622 verum
1739 569 1903 624 etiam
1942 577 1998 624 et
2026 583 2124 622 an-

548 654 732 726 tiquis,
765 655 1031 711 Martialis
1068 657 1426 728 apostolatum
1472 657 1756 727 claruisse,
1796 667 1854 717 et
1899 658 2131 716 fidenter

545 764 645 806 nos
670 748 911 820 profiteri
940 751 1082 822 quod
1104 749 1334 806 fidenter
1373 750 1698 822 Gregorium
1750 752 1809 806 in
1859 751 1974 810 suis
2024 768 2129 824 po-

547 841 720 898 suisse
747 841 1183 899 institutionibus
1207 852 1418 898 certum
1450 853 1716 899 tenemus.
1747 843 1918 900 Porro
1945 852 2128 900 autem

547 933 642 1003 qui
665 932 732 987 ab
752 933 1020 1006 episcopis
1063 935 1628 1000 exeommunicantur,
1665 935 1770 990 hoc
1813 945 1920 1000 est,
1957 935 2135 1007 ligan—

551 1035 659 1091 tur,
713 1034 768 1081 et
826 1026 1101 1098 negligunt
1149 1028 1264 1082 sive
1290 1035 1667 1094 contemnunt,
1697 1028 1912 1098 quoties
1951 1043 2012 1084 se
2046 1029 2131 1084 in-

548 1117 740 1188 dignos
787 1117 1044 1176 Ecclesia:
1083 1119 1358 1189 ingerunt,
1403 1118 1567 1175 toties
1598 1134 1657 1174 se
1686 1119 1831 1190 ipsos
1864 1119 2033 1190 ligant
2077 1126 2135 1174 et

549 1207 686 1262 iram
723 1207 816 1263 Dei
861 1219 1049 1264 contra
1081 1225 1140 1264 se
1162 1217 1480 1281 provocant,
1531 1211 1745 1266 dicente
1800 1210 2030 1266 Domino
2061 1211 2130 1265 ad

552 1295 804 1370 Moysen:
829 1298 914 1352 «Si
935 1299 1058 1370 quis
1083 1309 1432 1354 externorum
1465 1302 1762 1356 accesserit
1787 1301 1851 1356 ad
1877 1313 2133 1357 sanctua.

551 1389 692 1447 rium
753 1391 1038 1446 moriatur.
1083 1410 1102 1443 ι
1137 1391 1294 1445 Modo
1333 1391 1478 1445 enim
1505 1392 1715 1447 externi
1753 1392 2008 1450 Ecclesiae
2039 1393 2135 1449 Dei

551 1496 674 1535 esse
724 1481 975 1536 videntur
1020 1481 1110 1551 qui
1159 1481 1331 1552 ligati,
1386 1483 1502 1539 sive
1555 1485 2015 1540 excommunicati
2080 1494 2138 1540 et

547 1575 793 1629 extranei
835 1591 867 1628 a
925 1576 1188 1630 societate
1242 1575 1481 1630 fidelium
1528 1587 1654 1631 sunt
1681 1575 1856 1648 culpis
1900 1578 2136 1648 propriis

547 1666 915 1736 exigentibus.
943 1664 1132 1721 Omnis
1156 1677 1338 1721 autem
1385 1667 1476 1736 qui
1514 1665 1661 1734 juste
1704 1683 1763 1723 se
1797 1668 2003 1737 patitur
2035 1683 2134 1722 ex-

547 1758 944 1818 communicari
963 1774 1029 1811 ne
1045 1758 1264 1813 obediat
1287 1759 1579 1823 sacerdoti,
1600 1775 1705 1815 non
1725 1759 1897 1814 fidelis
1920 1759 2013 1814 sed
2047 1759 2132 1813 in-

2228 565 2571 623 comminari.
2619 564 2827 621 Idcirco
2869 578 2996 621 mox
3036 572 3192 620 terra:
3237 573 3417 621 motus
3444 563 3620 622 factus
3646 575 3729 621 est
3758 567 3814 622 in

2229 657 2463 728 templo,
2493 667 2550 714 et
2585 673 2680 714 rex
2707 657 2854 728 lepra
2884 673 3176 729 percussus
3217 666 3301 714 est
3344 673 3514 729 usque
3557 659 3628 714 ad
3673 660 3815 715 diem

2229 750 2443 806 mortis.
2485 748 2784 820 Imperator
2817 749 3156 805 Theodosius
3196 749 3435 820 episcopi
3476 750 3560 806 sui
3593 765 3819 807 excom-

2229 842 2683 908 municationem,
2719 851 2778 898 ut
2821 843 3070 907 debebat,
3095 843 3398 913 pertimuit.
3437 841 3498 919 ln
3541 841 3627 898 die
3671 843 3819 898 enim

2230 934 2436 990 Natalis
2465 935 2676 990 Domini
2704 950 2812 989 non
2841 943 2923 990 est
2951 949 3116 990 ausus
3145 934 3350 1005 ingredi
3373 933 3657 990 ecclesiam
3676 975 3694 1000 ,
3724 934 3819 989 sed

2230 1026 2420 1099 lugens
2446 1027 2498 1082 in
2529 1041 2689 1082 sacco
2737 1035 2791 1082 et
2835 1027 3040 1092 cinere,
3071 1027 3126 1083 in
3153 1025 3402 1082 cubiculo
3445 1042 3544 1084 suo
3582 1025 3822 1096 perstitit

2231 1117 2410 1188 quoad
2440 1132 2538 1187 pro
2574 1125 2724 1172 reatu
2755 1117 2915 1188 digne
2962 1115 3302 1172 satisfaciens
3339 1115 3408 1170 ab
3445 1115 3699 1186 episcopo
3732 1129 3821 1169 re-

2233 1209 2632 1264 conciliaretur.
2665 1208 2780 1276 Qua
2808 1209 2874 1263 de
2900 1223 2976 1274 re,
3006 1208 3132 1278 quia
3161 1222 3376 1276 semper
3398 1205 3682 1261 obediebat
3707 1204 3825 1274 jus-

2233 1302 2308 1358 sis
2355 1303 2762 1372 episcoporum,
2807 1315 3022 1371 semper
3069 1300 3124 1354 in
3169 1299 3316 1354 onmi
3365 1298 3506 1354 bello
3557 1297 3826 1353 mirabilis

2235 1394 2377 1449 Deus
2428 1393 2502 1447 illi
2552 1393 2849 1449 concedere
2890 1391 3215 1461 dignabatur
3257 1389 3540 1445 victoriam
3582 1389 3823 1459 plenam.

2233 1487 2403 1542 Porro
2427 1487 2495 1540 ad
2519 1501 2614 1541 eos
2641 1485 2731 1555 qui
2761 1485 3134 1555 episcoporum
3173 1483 3568 1554 parvipemlunt
3601 1495 3827 1536 excom-

2235 1577 2631 1638 municationes
2659 1576 2905 1646 exempla
2946 1577 3330 1645 prophetarum
3367 1573 3714 1644 proferimus.
3749 1573 3826 1630 De

2239 1671 2434 1727 talibus
2485 1671 2742 1726 nimirum
2787 1669 3054 1740 justitiam
3101 1669 3542 1740 pervertentibus
3579 1667 3656 1721 ait
3702 1682 3828 1738 pro-

2236 1764 2436 1836 pheta:
2475 1781 2492 1815 t
2534 1763 2626 1818 Va:
2663 1763 2752 1832 qui
2793 1762 3066 1832 sapientes
3095 1759 3226 1815 estis
3252 1759 3305 1814 in
3335 1759 3507 1814 oculis
3530 1757 3728 1812 vestris
3771 1764 3830 1811 et

549 1849 727 1910 fidelis
746 1851 1043 1919 judicatur.
1079 1851 1193 1918 Qua
1219 1851 1403 1922 itaque
1443 1853 1651 1907 ratione
1685 1854 1958 1924 mysteriis
1998 1854 2136 1908 divi-
2165 1843 2212 1903 B
2241 1872 2422 1913 coram
2457 1856 2858 1926 vobismetipsis
2899 1855 3210 1926 prudentes,
3248 1851 3339 1922 qui
3379 1851 3691 1920 justiticatis
3727 1850 3832 1904 im-

549 1942 636 1997 nis
692 1942 957 1998 interesse
1014 1945 1293 2012 praesumit
1330 1939 1855 2014 excdmnmnicatls,
1891 1963 2014 2003 cum
2062 1947 2140 2003 nil

551 2031 698 2086 aliud
726 2033 798 2087 illi
841 2049 1003 2103 quam
1039 2035 1304 2106 judicium
1353 2037 1425 2099 sit
1469 2037 1613 2108 quod
1666 2037 1915 2094 fidelibus
1965 2055 2141 2096 reme-

553 2122 702 2177 dium
729 2133 833 2178 est.
865 2123 999 2179 Natn
1030 2125 1174 2191 sicut
1208 2127 1298 2196 qui
1335 2127 1730 2188 Eueliarisliam
1765 2129 2058 2184 manducat
2083 2139 2141 2186 et

552 2215 710 2280 bibit,
752 2216 968 2288 indigne
999 2217 1262 2294 judicium
1311 2219 1410 2276 sibi
1441 2221 1732 2286 manducat
1757 2231 1812 2276 et
1839 2222 1995 2288 bibit,
2031 2238 2138 2277 non

554 2305 862 2375 dijudicans
915 2325 1114 2380 corpus
1155 2312 1388 2376 Domini,
1437 2313 1522 2368 vel
1553 2314 1695 2369 sicut
1732 2315 1824 2384 qui
1849 2316 2143 2371 mantlucat

553 2414 747 2473 panem
795 2395 876 2455 vel
906 2401 1040 2456 bibit
1083 2402 1308 2458 calicem
1359 2404 1570 2459 Domini
1609 2405 1852 2476 indigne,
1894 2421 2019 2461 reus
2059 2415 2144 2462 est

553 2490 798 2560 corporis
822 2499 877 2545 et
904 2492 1186 2562 sanguinis
1211 2492 1455 2558 Domini;
1486 2495 1558 2548 ita
1589 2495 1681 2565 qui
1715 2496 1932 2565 indigne
1958 2496 2145 2551 Eccle-

556 2579 690 2640 siam
720 2581 1044 2650 ingreditur,
1081 2581 1348 2650 judicium
1391 2587 1562 2656 magis
1589 2603 1750 2656 quam
1770 2588 2002 2644 salutem
2039 2588 2142 2643 sibi

557 2673 811 2742 acquirit,
841 2673 966 2744 quia
999 2689 1121 2730 reus
1148 2685 1232 2730 est
1266 2687 1468 2733 sancte
1499 2679 1590 2734 Dei
1619 2679 1894 2742 Ecclesiaa.
1928 2681 2143 2736 Talium

557 2765 807 2835 exemplo
840 2783 932 2822 rex
973 2765 1130 2823 Osias
1161 2784 1451 2838 percussus
1474 2780 1556 2826 est
1592 2772 1761 2842 lepra,
1805 2774 1930 2844 quia
1961 2773 2144 2845 ponti-

559 2855 678 2910 ficis
699 2857 783 2911 sui
831 2858 1178 2914 interdictum
1235 2863 1563 2933 contempsit
1616 2865 1833 2934 indigne
1885 2866 2142 2937 templum

561 2951 773 3014 Domini
807 2952 1106 3024 ingressus,
1139 2952 1229 3024 qui
1259 2954 1325 3010 de
1355 2970 1554 3026 genere
1602 2955 1770 3020 David
1821 2956 2004 3012 multis
2049 2972 2147 3010 an-

560 3045 646 3099 nis
673 3044 938 3112 justitiam
963 3055 1398 3112 conservaverat,
1432 3049 1775 3119 postmodum
1806 3064 1938 3103 vero
1964 3057 2030 3102 ad
2062 3048 2146 3102 in-

555 3135 825 3205 justitiam
859 3137 1138 3203 declinans
1185 3141 1374 3197 incidit
1406 3143 1610 3201 crimen
1667 3142 2063 3207 inobedientiw,
2092 3151 2147 3198 et

562 3228 662 3286 sub
696 3229 876 3299 specie
902 3230 1204 3303 religionis,
1237 3242 1294 3288 ut
1317 3234 1544 3290 Domino
1567 3235 1807 3291 adoleret
1837 3237 2140 3301 incensum,
2172 3203 2216 3265 Ο

563 3320 786 3392 indigne
841 3322 1118 3395 ingressus
1167 3335 1252 3382 est
1308 3328 1587 3398 templum.
1647 3330 1848 3385 Verum
1901 3328 2145 3400 pontifex

563 3413 794 3470 Azarias
821 3432 940 3471 cum
975 3420 1352 3476 sacerdotibus
1391 3422 1604 3478 Domini
1654 3424 1931 3494 octoginta
1971 3423 2144 3478 inter-

566 3505 703 3559 dixit
759 3508 872 3579 regi
929 3525 996 3564 ne
1033 3510 1276 3566 illicitum
1311 3523 1501 3584 ageret
1546 3525 1601 3570 et
1639 3515 1799 3572 modo
1835 3531 2150 3572 excommu-r

566 3598 780 3660 nicaudi
821 3619 834 3654 :
884 3619 902 3654 t
954 3603 1255 3675 Egredere,
1300 3607 1508 3679 inquit,
1551 3625 1683 3676 rex,
1725 3611 1793 3666 de
1835 3610 2148 3666 sanctuario

565 3701 619 3744 et
672 3705 738 3753 ne
776 3698 1186 3765 contempseris,
1235 3699 1362 3768 quia
1407 3717 1512 3755 non
1563 3702 1902 3772 reputabitur
1944 3702 2037 3757 tibi
2090 3702 2146 3756 in

565 3778 734 3850 gloria
791 3783 906 3839 haec
954 3802 984 3842 a
1030 3788 1254 3850 Domino
1282 3791 1408 3846 Deo.
1441 3811 1460 3846 ι
1488 3792 1593 3851 Sed
1632 3794 2152 3848 exconnnunicatio-

2238 1949 2383 2020 pium
2415 1963 2512 2019 pro
2541 1925 2982 2010 mnneribus,et
3003 1925 3268 2015 justitiam
3308 1942 3440 2010 justi
3491 1940 3718 1996 aufertis
3761 1940 3832 1995 ab

2239 2059 2324 2099 eo.
2355 2042 2584 2112 Propter
2607 2042 2730 2105 hoc,
2763 2040 2900 2094 sicut
2926 2040 3148 2094 devorat
3174 2035 3425 2105 stipulam
3453 2035 3632 2105 lingua
3663 2033 3836 2104 ignis,

2241 2145 2294 2192 et
2322 2135 2470 2190 calor
2497 2133 2728 2188 ﬂamma:
2749 2133 2946 2196 exurit,
2973 2131 3050 2185 sic
3072 2129 3227 2191 radix
3251 2144 3438 2184 eorum
3467 2127 3618 2198 quasi
3647 2124 3834 2179 favilla

2241 2226 2374 2291 erit,
2418 2235 2472 2280 et
2514 2239 2734 2295 germen
2775 2238 2959 2277 eorum
2992 2230 3051 2275 ut
3085 2220 3260 2292 pulvis
3297 2222 3568 2277 ascendet.
3601 2217 3827 2286 Alijece—

2242 2329 2368 2374 runt
2399 2317 2544 2373 enim
2583 2316 2754 2387 legem
2789 2314 3000 2370 Domini
3039 2315 3412 2376 exercituum,
3455 2320 3510 2366 et
3553 2310 3834 2380 eloquium

2241 2410 2418 2467 sancti
2452 2408 2616 2462 lsrael
2645 2407 3172 2475 blaspbemaverunt.
3205 2404 3330 2458 ldeo
3359 2402 3530 2456 iratus
3557 2408 3642 2454 est
3680 2399 3840 2454 furor

2245 2502 2455 2557 Domini
2485 2501 2536 2555 in
2569 2499 2820 2570 populum
2849 2512 3028 2562 suum,
3057 2505 3112 2551 et
3143 2495 3386 2550 extendit
3426 2507 3644 2547 manum
3678 2506 3844 2548 suam.

2243 2610 2406 2666 super
2428 2609 2573 2656 eum,
2598 2599 2652 2646 et
2677 2591 2942 2661 percussit
2971 2605 3096 2644 eum
3121 2597 3174 2643 et
3199 2585 3505 2642 conturbati
3530 2593 3656 2638 sunt
3688 2599 3838 2636 tuon-

2244 2697 2348 2754 tes,
2377 2697 2430 2742 et
2461 2685 2602 2742 facta
2633 2692 2758 2740 sunt
2788 2683 3072 2739 morticina
3112 2695 3299 2736 eorum
3339 2677 3493 2749 quasi
3525 2685 3734 2731 stercus
3781 2676 3838 2728 in

2243 2778 2422 2834 medio
2455 2777 2771 2847 platearum.
2816 2796 2835 2826 ι
2869 2773 2975 2828 Per
3003 2774 3336 2825 conturbatos
3377 2777 3576 2820 montes
3614 2763 3835 2828 clerici,

2243 2873 2358 2928 sive
2395 2852 2672 2940 principes.
2715 2866 2838 2922 laici
2887 2864 3278 2933 intelliguntur.
3325 2861 3422 2914 Ast
3458 2855 3839 2913 excommuni-

2245 2965 2403 3021 candi
2433 2978 2595 3018 causa
2626 2963 2994 3016 destructores
3019 2956 3170 3027 pacis
3204 2954 3393 3024 jnbent
3436 2949 3672 3021 episcopi
3710 2963 3841 3017 pro-

2246 3055 2458 3128 pbetica
2481 3053 2802 3109 auctoritate
2835 3063 3056 3105 manere
3086 3043 3399 3115 insepultos,
3431 3051 3506 3105 ut,
3537 3040 3848 3094 secundum

2244 3149 2521 3219 propheta:
2569 3145 2928 3208 sententiam,
2978 3140 3090 3194 sint
3136 3138 3400 3193 cadavera
3445 3149 3630 3190 eorum
3680 3128 3850 3201 quasi.

2249 3253 2461 3299 stercus
2498 3241 2549 3294 in
2582 3239 2759 3292 medio
2784 3237 3102 3306 platearum,
3145 3241 3205 3288 nt
3242 3231 3381 3286 sicut
3407 3228 3656 3296 exigente
3685 3231 3844 3276 reatu

2249 3350 2436 3390 eorum
2456 3333 2650 3386 animae
2674 3331 2724 3384 in
2750 3329 2838 3384 illo
2858 3327 3054 3382 seculo
3070 3342 3098 3379 a
3122 3325 3215 3380 Dei
3240 3337 3403 3393 regno
3423 3329 3670 3374 extorres
3691 3323 3842 3378 sunt,

2251 3427 2326 3483 ita
2372 3439 2598 3494 corpora
2645 3437 2675 3476 a
2725 3418 3150 3476 Christianitatis
3189 3422 3510 3485 separentur
3538 3408 3840 3479 sepultura.

2218 3520 2452 3577 Pacem
2498 3534 2626 3590 ergo
2674 3531 2863 3573 omnes
2912 3517 3230 3576 observent,
3285 3510 3330 3564 si
3378 3501 3844 3562 excommunicari

2253 3615 2466 3679 nolunt,
2515 3627 2704 3684 pacem
2747 3621 2802 3666 et
2839 3609 3143 3670 veritatem,
3184 3607 3284 3660 hoc
3314 3599 3686 3670 estjustitiam
3715 3595 3843 3650 dili-

2256 3713 2415 3775 gant,
2463 3713 2524 3758 nt
2570 3719 2692 3758 cum
2737 3701 2989 3757 munibus
3018 3715 3117 3767 pax
3154 3695 3362 3751 Domini
3407 3694 3505 3755 sit,
3555 3691 3670 3758 ipso
3706 3702 3848 3757 pra:-

2257 3805 2436 3852 stante
2457 3795 2550 3865 qui
2574 3795 2705 3849 vivit
2731 3802 2786 3848 et
2815 3799 3002 3863 regnat
3032 3792 3082 3844 in
3112 3788 3309 3845 stecnla
3339 3783 3683 3842 swculorum.

570 3931 3841 3988 mm

2131 3976 3276 4002 _..___,_____,_.___.

1673 4114 1855 4158 amca
1896 4100 2122 4158 animum
2166 4116 2398 4160 DOMINI
2440 4115 2675 4166 Mlxxrx.

1534 4279 2969 4446 BERNARDUS

1677 4529 2196 4589 SCIIOLASTICUS
2230 4529 2782 4588 ANDEGAV’ENSIS.

2048 4715 2411 4734 ﬂ

1072 4861 1588 4956 NOTITIA
1659 4860 2311 4955 HISTORICA
2377 4861 2530 4950 ET
2623 4854 3396 4949 LITTERARIA.

1619 5105 1622 5108 .
1649 5059 1908 5131 (Histoire
1941 5061 2103 5115 littér.
2132 5059 2196 5113 de
2234 5057 2287 5112 la
2317 5055 2547 5124 France,
2579 5053 2690 5113 V11.
2731 5054 2884 5120 508.)

2057 5217 2432 5239 Ψ

646 5377 906 5442 Bernard.
939 5377 1069 5433 dunt
1105 5392 1175 5432 on
1198 5392 1268 5433 ne
1307 5375 1528 5432 connalt
1555 5375 1710 5446 point
1753 5382 2058 5431 autrement
2099 5373 2152 5430 la
2176 5353 2230 5414 Ῑ)
2256 5383 2425 5433 ment,
2452 5383 2556 5438 que
2573 5357 2815 5421 Dernard
2836 5363 2971 5418 était
2991 5358 3060 5418 du
3084 5355 3218 5432 pays
3240 5357 3490 5428 d'Anjou.
3517 5348 3558 5411 ll
3571 5347 3756 5426 'quitta
3783 5368 3843 5446 sa

567 5470 802 5535 famille.
832 5470 978 5526 avait
1005 5486 1079 5525 un
1107 5468 1248 5525 frére
1277 5467 1556 5538 beaucoup
1585 5467 1706 5538 plus
1736 5466 1900 5535 jenne
1929 5483 2036 5536 que
2064 5465 2158 5532 lui,

569 5577 788 5620 comme
825 5561 860 5616 il
892 5562 1086 5632 paralt,
1120 5559 1335 5616 nommé
1365 5559 1566 5615 Robert
1587 5567 1642 5613 et
1669 5555 1984 5612 surnommé
2012 5555 2162 5610 I'An-

572 5654 754 5724 gcvin,
779 5654 871 5725 qni
898 5653 978 5709 tut
1013 5652 1150 5710 abbé
1179 5655 1246 5709 de
1269 5651 1535 5716 Cormeri,
1580 5665 1648 5706 en
1692 5647 1963 5704 Touraine
1997 5645 2159 5718 (Man.

573 5746 674 5803 An.
705 5745 742 5802 l.
766 5763 856 5813 1.x,
896 5762 950 5802 n.
985 5746 1094 5817 58).
1135 5743 1217 5803 0n
1245 5743 1556 5816 conjecture
1585 5743 1652 5798 de
1681 5739 1752 5810 la,
1787 5755 1918 5798 avec
1967 5738 2160 5797 fende-

2255 5459 2431 5530 patrie
2457 5473 2595 5528 pour
2636 5456 2772 5512 aller
2811 5469 2870 5510 se
2915 5455 3111 5511 rendre
3149 5451 3372 5522 disciple
3411 5450 3478 5506 de
3523 5446 3765 5509 Fulbert,
3812 5444 3844 5498 ὸ

2255 5550 2514 5607 Cliartres
2544 5547 2704 5620 (Mn.
2729 5547 2800 5602 ib.
2829 5554 2869 5600 t.
2895 5545 2987 5610 IV,
3017 5559 3163 5615 app.,
3194 5559 3247 5613 p.
3283 5536 3693 5611 703).Pendant
3712 5532 3846 5605 qu‘il

2256 5656 2288 5712 y
2314 5643 2562 5709 etudiait,
2603 5642 2638 5697 il
2681 5649 2880 5708 concut
2911 5653 3018 5694 une
3046 5636 3295 5692 devotion
3327 5631 3675 5704 particuliére
3706 5642 3846 5698 poor

2258 5734 2434 5790 sainte
2472 5732 2589 5799 Foi,
2613 5733 2740 5788 dont
2772 5730 2806 5788 il
2831 5746 2863 5801 y
2897 5729 3039 5785 avait
3070 5729 3197 5784 liors
3227 5725 3322 5781 des
3351 5737 3500 5778 murs
3531 5722 3594 5778 de
3637 5719 3688 5774 la
3718 5717 3846 5772 ville
