4088 6366
511 353 615 412 127

1491 365 1858 436 assumat
1884 364 2332 426 SCitOLASTlCI
2358 347 2747 427 ANDEGM.‘

3680 370 3792 431 128

509 483 666 560 comp
681 453 842 546 agnie
877 475 946 531 de
989 473 1248 549 quelques
1287 490 1470 536 antres
1517 479 1812 550 Angevins,
1843 480 1874 537 ἐι
1914 480 2109 539 Notre-
2135 491 2182 549 Α
2213 484 2464 554 d‘Anjou,
2493 500 2562 542 en
2600 489 2855 556 rapoorte
2893 497 2968 540 un
3011 480 3302 556 hagment,
3331 466 3470 560 'qu'il
3507 499 3542 545 a
3587 484 3690 546 εἰτὸ
3715 489 3786 547 du

517 559 676 616 inme
733 564 805 619 du
831 565 940 638 Puy
972 582 1040 624 cn
1069 569 1256 643 Velay.
1283 568 1525 640 Ménard,
1553 573 1689 629 dans
1711 586 1801 628 ses
1822 569 2102 630 Ecrivaim

2209 575 2272 630 Ρ.
2300 575 2513 649 Gissey.

1326 873 1476 967 DE
1548 849 2346 1006 SANGTAIIDE
2381 886 2972 1010 JV’IRGINE.

1541 1094 1709 1170 (Call.
1736 1095 1932 1190 quas.
1969 1104 2097 1154 tom.
2133 1097 2198 1164 ιι,
2226 1077 2504 1172 Append.,
2524 1117 2580 1176 p.
2613 1101 2774 1172 894.),

1955 1261 2334 1290 _-—_

585 1414 859 1488 Aginnum
889 1427 1034 1469 anno
1066 1413 1172 1470 305
1217 1413 1514 1469 adveniens
1553 1413 1848 1481 Dacianus,
1885 1414 2108 1486 spirans

518 1507 790 1562 minarum
822 1515 876 1559 et
905 1503 1069 1560 cmdis
1097 1505 1151 1558 in
1178 1503 1538 1570 Christianos,
1565 1503 1868 1581 inqnisivit,
1893 1519 1958 1560 ac
1993 1503 2100 1559 im-
2131 1505 2138 1512 “

528 1611 745 1650 manem
792 1595 1223 1665 persecutionem
1268 1593 1495 1647 adorsus
1538 1601 1640 1648 est.
1692 1592 1965 1650 Turbatus
2008 1609 2108 1664 pu-

515 1687 672 1740 sillus
707 1684 946 1738 ﬁdelium
981 1701 1135 1755 grex,
1169 1683 1308 1738 clam
1361 1683 1430 1737 ab
1469 1683 1622 1743 urbe
1648 1683 1894 1750 secessit,
1920 1699 1984 1739 ac
2009 1700 2108 1755 per

513 1778 746 1848 abrupta
772 1776 966 1842 eremi,
1015 1785 1088 1830 et.
1118 1775 1363 1846 fragosas
1397 1773 1719 1859 convallium
1746 1785 1930 1832 caules
1955 1777 2108 1832 diva—
2140 1811 2184 1872 Β

513 1878 670 1937 gntus
701 1869 755 1923 in
806 1868 1077 1938 speluncis
1105 1867 1339 1922 delituit.
1374 1865 1604 1958 Gr'egem
1654 1877 1872 1923 secutus
1925 1877 2109 1940 pastor

518 1957 601 2022 (S.
660 1958 1010 2029 Caprasius),
1065 1958 1246 2012 omnia
1294 1953 1718 2028 circumquaque
1765 1959 2108 2030 scopulorum

513 2048 818 2102 diversoria
845 2048 1182 2118 peragravit.
1222 2046 1331 2103 Hos
1361 2047 1558 2102 divinis
1579 2047 1863 2117 colloquiis
1898 2063 2114 2104 recrea-

519 2139 636 2204 bat,
668 2139 785 2193 illos
815 2139 1171 2193 emendicatis
1219 2137 1475 2193 subsidiis
1505 2136 1737 2202 fovebat,
1787 2152 1975 2196 omnes
2005 2138 2111 2193 eri-

524 2229 686 2299 gebat
711 2227 985 2297 exemplo,
1031 2243 1096 2283 ac
1137 2229 1314 2298 poenis
1341 2237 1397 2282 et
1448 2227 1686 2297 praemiis
1713 2228 1935 2283 aeternis
1979 2243 2110 2300 pro-

519 2320 713 2388 positis
765 2320 828 2373 ad
874 2319 1196 2391 martyrium
1239 2319 1596 2390 praeparabat.
1653 2318 1878 2376 Demum
1924 2320 2100 2390 pridie

519 2413 703 2470 Nonas
745 2413 1018 2479 Octobris,
1076 2429 1222 2479 cum,
1276 2423 1336 2470 ut
1383 2413 1492 2470 fert
1543 2415 1785 2482 traditio,
1822 2416 2040 2472 excelso
2081 2431 2114 2472 e

529 2515 734 2571 monte,
783 2506 870 2561 cui
919 2505 1081 2560 hodie
1124 2521 1152 2558 a
1207 2505 1410 2559 Sancto
1443 2504 1726 2561 Vincentio
1754 2522 1971 2574 nomen,
2021 2522 2118 2577 pa-

525 2607 665 2650 teret
689 2606 944 2667 aspectus
977 2597 1030 2651 in
1052 2598 1265 2664 urbem,
1311 2606 1366 2651 et
1397 2597 1512 2668 ipse
1560 2598 1614 2652 in
1641 2597 1756 2668 ejus
1787 2599 1962 2666 platea
1989 2614 2112 2668 pcr-

524 2690 759 2758 spiceret
787 2689 961 2744 oculis
1004 2689 1214 2746 illustre
1268 2689 1660 2760 spectaculum,
1691 2706 1881 2762 nempe
1927 2690 1966 2746 F
1974 2691 2113 2746 idem

525 2784 794 2854 \‘ll‘gittcm
818 2801 882 2840 eo
912 2787 1152 2851 nomine,
1193 2802 1292 2858 pro
1334 2787 1487 2860 cujus
1529 2787 1844 2844 defensione
1886 2788 2118 2845 viriliter

528 2873 875 2941 decertabat,
927 2877 1327 2948 dignissimam,
1389 2894 1510 2933 cum
1563 2879 1842 2951 suppliciis
1893 2882 2118 2939 tortori-

529 2965 738 3037 busque
782 2971 1072 3037 committi,
1101 2980 1156 3027 et
1198 2981 1320 3041 post
1346 2973 1504 3044 longa
1547 2975 1828 3031 craticula:
1875 2976 2117 3032 ardentis

526 3059 789 3127 supplicia
843 3063 1286 3120 cxcarnilicatam
1323 3079 1389 3120 ac
1431 3073 1625 3121 tostam
1675 3066 1744 3122 ab
1789 3067 1980 3138 angelo
2025 3085 2116 3123 co-

2213 1417 2330 1473 t’ere
2356 1427 2598 1489 peracto,
2647 1435 2991 1492 consecrare,
3045 1427 3219 1485 sensit
3267 1428 3324 1486 in
3353 1445 3414 1488 se
3466 1429 3803 1490 charitatem-

2214 1502 2562 1566 acrendii'eo
2607 1509 2732 1582 igne
2775 1514 2866 1583 qui
2913 1515 3180 1586 virginem
3232 1519 3582 1588 absumebat,
3631 1532 3794 1594 atque

2214 1600 2490 1668 pt-reivisse
2543 1603 2779 1672 puellam
2825 1607 3130 1675 attendens,
3183 1610 3399 1665 erubuit
3449 1627 3558 1668 non
3602 1613 3795 1670 saltem

2215 1690 2390 1761 sequi.
2415 1692 2686 1761 Aginnum
2716 1705 3020 1765 revertens,
3052 1700 3204 1770 prius
3234 1701 3403 1758 Deum
3431 1718 3705 1775 precatus,
3738 1717 3794 1764 ut

2213 1782 2393 1836 omnia
2424 1782 2478 1837 in
2504 1783 2696 1840 melius
2719 1797 3043 1848 convertens
3067 1791 3170 1845 sibi
3193 1791 3246 1848 in
3293 1792 3383 1848 illo
3405 1796 3636 1852 articulo
3664 1799 3797 1869 quid

2213 1874 2288 1927 rei
2319 1872 2620 1931 faciendum
2642 1885 2806 1944 esset,
2824 1895 2931 1935 non
2954 1881 3189 1938 obscuro
3217 1883 3551 1956 signiﬁcaret
3573 1889 3799 1957 indicio,

2212 1973 2264 2017 ct
2295 1964 2337 2017 si
2365 1965 2585 2035 quidem
2628 1967 2681 2021 in
2718 1983 2942 2024 arenam
2969 1971 3401 2030 descendendum
3429 1990 3552 2034 esse
3577 1980 3800 2036 statuis.

2212 2066 2315 2119 set,
2350 2073 2418 2112 ex
2459 2061 2710 2129 proximo
2752 2063 2968 2133 pumice
3017 2065 3255 2123 emicare
3298 2067 3506 2126 faceret
3549 2073 3801 2144 protinus

2214 2165 2410 2219 aquam
2439 2170 2452 2207 :
2487 2167 2586 2209 nec
2610 2169 2784 2222 mora,
2811 2157 3002 2212 eodem
3038 2157 3140 2215 loci
3173 2163 3541 2235 temporisque
3569 2165 3799 2236 vestigio

2214 2241 2336 2298 fons
2359 2245 2514 2300 vivus
2536 2255 2754 2301 emanat
2782 2247 3104 2305 mirabiliter
3127 2250 3376 2319 eductus,
3398 2268 3593 2322 aquam
3613 2254 3799 2327 jugem

2216 2335 2430 2391 abunde
2455 2338 2919 2408 suppeditans.Ad
2940 2355 3093 2411 aquae
3117 2354 3393 2415 aspectum
3419 2361 3514 2403 cor
3532 2347 3801 2418 designati

2215 2428 2470 2499 martyris
2499 2427 2674 2499 magis
2713 2431 2992 2502 magisque
3041 2434 3270 2504 exarsit,
3315 2444 3371 2492 et
3401 2437 3469 2492 ad
3513 2447 3794 2494 certamen

2215 2535 2324 2590 quo
2349 2519 2472 2574 dein
2503 2518 2737 2591 gloriose
2777 2521 3098 2592 perfunctus
3126 2532 3231 2592 est,
3274 2539 3334 2581 se
3363 2526 3609 2597 protulit.
3652 2527 3802 2585 Illico

2215 2612 2361 2666 enim
2411 2612 2607 2668 ductus
2648 2622 2772 2668 ante
2821 2614 3069 2684 praesidis
3124 2615 3385 2684 tribunal,
3431 2616 3801 2673 Christianam

2216 2701 2377 2770 ﬁdem
2422 2702 2727 2773 proﬁtetur,
2772 2701 2974 2774 judicis
3018 2719 3082 2761 ac
3142 2714 3408 2762 tortorum
3444 2709 3622 2764 minas
3666 2723 3802 2765 con-

2217 2794 2428 2859 temnit,
2461 2795 2676 2852 tandem
2709 2796 2941 2853 inrictus
2975 2798 3028 2852 in
3079 2799 3422 2855 confessione
3473 2801 3676 2857 Christi
3707 2801 3804 2857 ab-

2216 2886 2391 2943 scisso
2419 2889 2598 2958 capite
2627 2897 2836 2962 martyr
2869 2890 3144 2958 occubuit,
3165 2899 3226 2946 ut
3265 2891 3528 2962 prolixius
3565 2892 3806 2949 recitant

2218 2989 2366 3050 grsta
2413 2979 2656 3050 ejusdem
2706 2981 2903 3048 sancti,
2936 2982 3079 3052 apud
3130 2981 3349 3037 Surium
3390 2991 3447 3038 et
3483 2981 3803 3056 Martyrolo-

2218 3071 2369 3142 gium
2410 3071 2737 3128 Romanum.
2776 3072 2999 3129 Festum
3042 3072 3162 3142 ejus
3199 3073 3507 3143 celebratur
3530 3072 3602 3130 20
3641 3070 3806 3131 OCto-

526 3146 726 3204 Ιιιιυῢω
791 3153 974 3222 specie
1033 3154 1222 3210 donari
1280 3170 1519 3222 corona,
1569 3157 1850 3228 ipsamque
1896 3160 2114 3215 interim
2143 3167 2186 3230 c
2216 3163 2349 3219 bris.

524 3254 729 3308 sponso
755 3241 970 3300 Christo
1011 3245 1136 3301 vita:
1168 3262 1278 3302 suae
1322 3248 1606 3320 reliquias,
1649 3250 1965 3306 holocausto
1998 3250 2110 3320 jam

537 3399 3802 3445 ’ψ’-*Ἥ

938 3567 1134 3695 DE
1233 3567 2114 3702 MIRACULiS

2211 3562 2874 3704 SANCT/E
2961 3572 3386 3772 EIDIS

2055 3830 2434 3920 lLlBER

1251 4022 1758 4129 Auctore
1817 4018 2436 4176 licrnardo
2508 3993 3203 4176 Scholastico.

1993 4253 2394 4275 ﬂ

1459 4415 2038 4511 MONITUM
2113 4415 2885 4510 MABILLONII.

1373 4609 1591 4681 (Annal.
1618 4611 1817 4670 Bcned.
1847 4619 1981 4668 tom.
2016 4611 2108 4675 IV,
2148 4608 2240 4664 lib.
2264 4625 2380 4674 un,
2411 4626 2562 4667 num.
2593 4611 2685 4679 42,
2717 4625 2839 4684 pag.
2868 4610 3020 4682 tu.)

602 4922 715 4978 Sub
743 4922 794 4978 id
825 4931 1035 4991 tempus
1067 4920 1177 4993 (an.
1215 4920 1368 4992 lO-lO)
1395 4920 1704 4977 Bernardus
1731 4918 2112 4986 scholasticus,
2137 4902 2194 4964 Ῑ)
2218 4918 2460 4978 libellum
2487 4917 2872 4976 Miraculorum
2894 4926 3099 4975 sancta:
3125 4916 3274 4974 Fidis
3303 4917 3369 4972 de
3391 4915 3649 4985 Conchis,
3681 4931 3804 4987 qua:

528 5014 732 5070 scholis
758 5012 1236 5069 Andecavensibus
1259 5013 1604 5084 praepositus,
1626 5013 1824 5069 librum
1845 5014 1922 5068 De
1946 5013 2115 5069 mira-

529 5107 670 5162 culis
719 5115 921 5162 sanctze
975 5106 1124 5163 Fidis
1172 5107 1510 5162 Conchensis
1569 5122 1663 5164 seu
1716 5107 2113 5165 Conchacensis

532 5199 852 5268 composuit,
876 5215 1108 5270 eumque
1131 5199 1384 5256 Fulberto
1401 5199 1815 5256 Carnutensium
1835 5200 2113 5272 episcopo,

536 5294 798 5364 magistro
819 5296 1092 5365 quondam
1137 5310 1256 5360 suo,
1285 5298 1633 5366 nuncupavit.
1666 5297 1854 5352 Editus
1880 5306 1963 5353 est
1994 5313 2114 5352 ma-

529 5402 636 5457 gna
669 5403 737 5442 ex
761 5396 917 5458 parte
947 5389 1035 5444 hic
1063 5389 1200 5445 liber
1227 5389 1281 5445 in
1307 5400 1452 5448 tomo
1479 5391 1718 5447 secundo
1744 5407 1895 5446 novre
1919 5391 2120 5450 Biblio-

533 5479 708 5536 thecae
735 5479 1061 5544 Labbeanae,
1094 5484 1187 5538 sed
1212 5484 1418 5553 absque
1450 5483 1667 5540 nomine
1695 5483 1954 5539 auctoris.
1985 5482 2118 5538 Ber-

530 5574 761 5628 nardum
789 5583 949 5630 vocat
977 5574 1263 5629 Albericus
1290 5574 1342 5629 in
1365 5574 1632 5631 Chronico
1657 5575 1725 5630 ad
1757 5589 1958 5629 annum
1987 5573 2107 5629 994.

533 5687 551 5717 ‹
593 5668 674 5720 Ad
717 5677 966 5724 sanctum
998 5667 1311 5724 Fulbertum
1355 5671 1666 5740 episcopum
1696 5669 2108 5733 Carnotensem,

533 5761 724 5832 inquit,
752 5747 1081 5830 Bernardus,
1114 5760 1473 5820 srholaSticus
1496 5761 1916 5830 Andecavensis,
1944 5761 2111 5818 edidit

2217 5029 2378 5087 passa
2409 5020 2494 5070 est
2526 5011 2742 5085 Aginno
2771 5009 2872 5067 sub
2903 5010 3068 5080 impio
3095 5008 3332 5065 Daciano
3361 5022 3484 5063 cum
3509 5006 3673 5062 beato
3698 5006 3810 5062 Ca-

2217 5109 2420 5182 prasio.
2459 5127 2480 5162 ι
2516 5105 2708 5164 Exstat
2742 5106 2795 5160 in
2823 5104 3010 5161 codice
3035 5100 3356 5158 Carnutensi
3387 5099 3475 5155 hic
3497 5099 3658 5166 liber,
3685 5097 3806 5158 edi-

2221 5203 2291 5257 tis
2319 5201 2551 5265 auctior,
2579 5198 2680 5255 sub
2700 5195 2804 5253 hoc
2827 5195 2983 5251 titulo
3009 5213 3022 5248 :
3045 5194 3243 5263 Incipit
3266 5192 3398 5248 liber
3422 5191 3804 5248 miraculorum

2220 5305 2417 5350 sanctis
2440 5310 2501 5348 ac
2522 5293 2832 5347 beatissima:
2850 5289 3004 5344 Fidis
3029 5290 3242 5359 virginis
3265 5297 3315 5342 et
3340 5286 3611 5356 martyris,
3631 5283 3806 5340 edim:

2219 5386 2536 5442 aBernardo
2559 5385 2888 5448 scholastica,
2908 5383 3254 5438 Auderet-ina:
3274 5381 3467 5436 εεΙιοιω
3482 5379 3754 5450 magistro.
3777 5397 3800 5432 ι

2219 5480 2374 5537 Hune
2401 5495 2532 5536 vero
2567 5479 2766 5536 librum
2803 5477 2951 5535 dicat
2978 5475 3307 5532 sanctissimo
3338 5483 3492 5543 atque
3532 5471 3804 5526 hominum

2217 5575 2518 5631 doctissimo
2571 5572 2825 5629 Fulberto
2871 5570 3168 5627 Carnoteno
3221 5567 3458 5638 episcopo
3493 5563 3806 5620 Bernartius

2213 5669 2643 5724 scholasticorum
2665 5667 2932 5722 minimus.
2965 5662 3152 5732 Itaque
3179 5661 3267 5715 hic
3294 5659 3429 5714 liher
3454 5659 3686 5727 scriptus
3719 5666 3808 5712 est

2216 5770 2336 5830 post
2382 5775 2581 5816 annum
2623 5758 2970 5815 millesimum
3017 5756 3328 5827 septimum,
3367 5769 3473 5823 quo
3516 5751 3806 5864 Fulberttts
