4088 6374
250 354 365 413 129

1303 339 1434 402 LlB.
1488 345 1580 402 DE
1624 341 2002 403 MIRACULIS
2053 341 2350 401 SANCT/E
2391 343 2588 400 FIDlS.

3441 347 3546 406 130

260 467 329 522 ad
354 461 540 522 sedem
559 444 963 518 'Carnutensem
1001 466 1314 528 assumptus
1342 458 1464 514 fuit.
1502 457 1672 527 Hujus
1705 459 1844 514 scri-
1873 463 1921 522 Α
1949 459 2055 515 hoc
2082 457 2364 523 miraculo,
2405 476 2426 510 ι
2458 473 2653 528 nempe
2693 457 2759 515 de
2793 462 3080 532 peregrino
3111 476 3143 518 e
3189 461 3374 518 mariti
3418 462 3541 518 vin-

255 555 461 631 ptionis
503 552 851 610 occasionem
895 551 1022 606 inde
1065 557 1246 605 natam
1290 549 1462 605 refert
1503 549 1591 604 hic
1632 559 1844 614 auctor,

256 657 422 718 quod,
467 661 591 702 cum
633 641 854 700 Carnoti
896 643 950 698 in
995 640 1237 698 Fnlberti
1280 641 1466 698 schola
1516 651 1845 706 versaretur,

258 738 626 793 suburbanam
673 744 879 790 sanctae
929 734 1078 790 Fidis
1121 735 1429 800 ecclesiam,
1471 733 1550 790 vel
1588 735 1849 788 scribendi

259 845 421 882 causa
447 826 526 882 re!
551 827 761 890 orandi,
785 827 980 897 smpius
1003 827 1197 893 adiret,
1219 837 1274 882 et
1295 828 1462 881 multa
1486 827 1552 881 de
1576 827 1850 882 miraculis

258 919 311 974 in
346 918 603 974 cmuoblo
626 909 998 974 Cohchacensi
1028 919 1233 987 patrari
1265 919 1438 974 solitis
1464 919 1699 981 audiret,
1730 933 1852 988 qua:

255 1007 506 1066 nonnulli
553 1008 749 1063 fabulis
781 1008 1016 1063 anilibus
1047 1009 1414 1080 deputabaut;
1461 1009 1690 1064 subierit
1728 1009 1851 1064 ani-

254 1114 403 1156 mum
447 1092 728 1170 cogitatio,
774 1106 834 1153 ut
875 1097 1054 1153 locum
1097 1099 1291 1164 adiret,
1342 1106 1396 1152 et
1439 1099 1518 1153 rei
1563 1093 1850 1153 veritatem

253 1204 442 1246 coram
467 1188 794 1259 exploraret.
812 1189 1012 1244 Verum
1036 1189 1102 1244 ad
1134 1189 1334 1245 scholae
1353 1189 1715 1246 Andecavina:
1734 1205 1855 1244 ma-

252 1281 538 1363 gisterium
581 1281 648 1335 ab
689 1281 946 1352 episcopo
992 1281 1285 1350 invitatus,
1334 1291 1388 1338 et
1422 1299 1520 1352 per
1562 1283 1852 1338 triennium

252 1375 366 1431 illic
393 1375 641 1431 docendo
665 1373 1004 1440 immoratus,
1035 1384 1336 1446 postposnto
1363 1377 1581 1431 tandem
1603 1377 1706 1431 hoc
1735 1391 1851 1429 mu-

249 1479 404 1530 nere,
441 1465 695 1520 Conchas
732 1481 790 1520 se
815 1468 1042 1521 contulit
1068 1482 1174 1520 non
1199 1467 1364 1522 semel
1389 1485 1403 1521 :
1437 1466 1528 1521 ubi
1555 1468 1621 1521 de
1649 1476 1854 1521 saneta:

251 1555 409 1612 Fidis
428 1556 666 1628 vulgatis
688 1556 962 1614 miraculis
990 1559 1223 1614 sollicite
1246 1560 1500 1630 indagare
1520 1559 1703 1630 cmpit,
1733 1574 1854 1631 qua:

252 1649 480 1721 quidem
528 1664 658 1704 vera
713 1663 835 1705 esse
887 1649 1195 1705 certissime
1243 1651 1616 1720 deprehendit.
1661 1650 1718 1704 la
1767 1649 1854 1704 his

254 1747 497 1794 testatur
518 1754 578 1794 se
598 1737 800 1794 vidisse
821 1737 1116 1807 hominem,
1139 1739 1226 1794 cui
1245 1739 1385 1794 oculi
1408 1740 1628 1794 uiolenta
1650 1741 1852 1794 ustione

1948 552 2088 609 culis
2124 551 2384 606 divinitus
2426 550 2692 606 liberato:
2731 569 2750 603 ι
2787 550 2939 619 cujus
2982 553 3169 620 verba,
3217 567 3314 623 per
3357 555 3540 609 omnia

1949 643 2340 696 monachorum
2384 640 2850 696 Conchacensium
2899 643 3081 698 verbis
3128 643 3539 706 concordantia,

1949 747 2070 787 esse
2109 739 2322 802 poterat
2356 731 2636 800 probabile
2684 743 3085 803 argumentum,
3128 733 3175 788 si
3221 735 3346 804 quis
3391 734 3547 789 dubi-

1953 833 2094 879 taret
2137 825 2188 878 in
2236 824 2356 878 aliis
2397 824 2559 878 etiam
2598 825 2730 879 mihi
2773 827 2839 878 ab
2869 826 3075 881 eisdem
3110 826 3368 881 narratis.
3421 846 3440 879 ι
3486 826 3543 881 In

1951 932 2071 989 Cap.
2102 918 2165 972 2i
2203 918 2269 972 ad
2315 918 2650 988 probandum
2708 917 3028 973 miraculum
3067 919 3134 972 de
3170 918 3360 982 milite,
3404 919 3544 974 inte-

1951 1010 2214 1065 stinorum
2249 1008 2566 1064 iuordinatis
2613 1011 2848 1065 motibus
2894 1019 3168 1080 exempto,
3213 1019 3405 1066 testem
3451 1012 3546 1066 ad-

1952 1103 2101 1159 ducit
2139 1102 2456 1157 Rodbertum
2497 1103 2879 1158 Cantoiolensis
2928 1104 3235 1158 monasterii
3280 1105 3541 1167 abbatem,

1951 1195 2118 1249 virum
2147 1196 2424 1248 rererenda
2445 1195 2634 1248 canitie
2653 1196 2782 1248 satis
2806 1195 3099 1249 honestum.
3127 1195 3253 1251 Haec
3273 1212 3340 1250 ex
3362 1196 3542 1251 editis.

2025 1283 2204 1355 Longe
2230 1285 2380 1354 plura
2417 1295 2541 1338 sunt
2577 1284 2630 1339 in
2663 1286 2850 1340 codice
2877 1286 3223 1341 Carnutensi.
3259 1287 3316 1340 In
3349 1287 3433 1340 his
3466 1288 3544 1341 ait

1954 1385 2147 1433 auctor
2198 1384 2275 1430 tot
2329 1385 2641 1430 carceratos
2689 1376 2900 1430 meritis
2945 1387 3145 1432 sanctae
3197 1377 3344 1432 Fidis
3391 1377 3546 1432 abso-

1953 1467 2114 1530 lutos,
2138 1488 2156 1520 ‹
2177 1477 2236 1522 ιιι
2259 1467 2558 1522 ferreorutn
2585 1469 2928 1536 compedum,
2953 1484 3088 1538 quos
3111 1470 3333 1539 pagensi
3361 1469 3540 1539 lingua

1954 1561 2143 1615 bodias
2185 1567 2400 1623 vocant,
2451 1558 2790 1614 immensitas
2820 1562 3232 1629 occupationem
3267 1562 3321 1615 iu
3360 1577 3546 1616 mona-

1954 1647 2125 1702 sterio
2158 1647 2382 1702 faceret.
2421 1649 2686 1716 Quocirca
2727 1658 2932 1703 tantam
2983 1650 3110 1704 ferri
3166 1667 3399 1705 massam
3449 1668 3544 1705 ex-

1958 1739 2132 1803 tundi,
2171 1750 2330 1808 atque
2377 1739 2428 1794 in
2465 1739 2664 1810 januas
2710 1742 2879 1812 redigi
2932 1743 3109 1797 studio
3150 1744 3426 1798 fabrorum
3457 1759 3546 1798 se-

252 1831 428 1886 avulsi
459 1831 701 1896 fuerant,
734 1834 830 1888 sed
858 1833 1066 1887 meritis
1099 1840 1301 1888 sancta:
1330 1832 1479 1888 Fidis
1507 1833 1729 1886 omnino
1759 1847 1848 1889 re.
1882 1821 1926 1880 Β
1955 1830 2135 1884 niores
2165 1831 2541 1885 decreverunt.
2573 1850 2592 1883 ι
2626 1831 2775 1886 Unde
2799 1833 2976 1885 nullus
2997 1834 3110 1886 fere
3149 1833 3202 1886 in
3233 1833 3541 1900 ecclesiam,

252 1921 431 1978 stituti
463 1921 708 1976 universa
731 1931 1006 1977 attestante
1022 1924 1312 1992 provincia.
1330 1923 1481 1991 Quod
1505 1923 1850 1992 miraculum,

251 2014 422 2070 veluti
489 2013 900 2070 fundamentum
949 2025 1311 2082 cmterorum,
1369 2016 1448 2070 ait
1499 2030 1560 2072 se
1606 2017 1854 2086 posuisse

253 2105 413 2162 initio
443 2105 594 2172 libri,
628 2107 682 2161 in
710 2122 818 2177 quo
845 2109 1028 2179 potius
1057 2123 1238 2163 rerum
1271 2107 1416 2162 inter
1448 2123 1567 2163 sese
1601 2106 1854 2162 similitu-

251 2196 466 2263 dinem,
494 2212 657 2268 quam
681 2199 926 2253 ordinem
953 2208 1253 2269 temporum
1285 2202 1542 2263 servavit,
1568 2198 1853 2254 referendo

253 2296 476 2343 tantum
513 2303 578 2345 ea
605 2305 726 2360 qua}
755 2291 924 2360 ipsius
951 2301 1194 2360 tempore
1240 2291 1379 2345 facta
1417 2301 1545 2346 sunt
1571 2300 1626 2345 et
1661 2307 1692 2346 a
1722 2291 1853 2346 viris

254 2381 365 2437 ﬁde
402 2382 584 2453 dignis
615 2384 988 2454 comprobata.
1030 2384 1158 2440 llagc
1194 2385 1362 2440 fusius
1399 2395 1590 2440 auctor
1627 2385 1680 2439 in
1726 2384 1850 2439 libri

251 2473 335 2528 sui
367 2474 615 2543 prologo,
639 2491 798 2546 quem
825 2476 1095 2547 integrum
1124 2475 1331 2532 referre
1351 2477 1528 2531 visum
1552 2485 1655 2531 est.
1680 2476 1737 2530 In
1767 2477 1852 2532 his

251 2563 542 2620 miraculis
583 2582 688 2620 non
726 2565 892 2622 semel
933 2566 994 2620 [it
1034 2567 1236 2621 mentio
1272 2567 1339 2622 de
1375 2563 1850 2637 peregrinantibus

253 2655 318 2710 ad
350 2656 474 2712 loca
502 2667 718 2725 sancta,
749 2674 885 2728 quos
920 2658 1146 2714 Romeos
1176 2669 1374 2715 vocat:
1421 2661 1597 2730 qualis
1628 2661 1728 2715 fuit
1764 2651 1852 2716 ille

255 2744 565 2804 Witbertus
593 2748 850 2815 ltuitteus,
881 2753 967 2806 cui
997 2751 1165 2807 evulsi
1195 2751 1335 2808 oculi
1368 2753 1586 2808 ctelitus
1614 2753 1850 2808 restituti

253 2834 431 2892 fuere.
469 2837 526 2893 In
561 2841 737 2908 capite
773 2842 807 2895 5
838 2840 1088 2896 laudatur
1111 2843 1386 2908 Arsendis,
1421 2859 1557 2896 uxor
1598 2841 1851 2897 Willrlmi

256 2927 513 2984 Tolosani
546 2934 770 2999 comitis,
801 2934 988 3004 fratris
1019 2937 1161 2991 illius
1189 2935 1400 3003 Poncii,
1425 2937 1514 3008 qui
1539 2937 1602 2992 ab
1629 2937 1849 2991 Artaldo

251 3029 372 3090 post
399 3022 515 3076 Ita'c
551 3025 785 3096 prit'igno
815 3043 912 3080 suo
940 3028 1062 3082 dolo
1097 3029 1398 3098 interfectus
1419 3030 1538 3099 fuit.
1572 3030 1628 3084 In
1663 3045 1764 3100 cap
1815 3030 1849 3085 8

251 3123 596 3170 memoratur
614 3115 848 3175 Bertillic
869 3122 1170 3177 comitissa:
1199 3123 1286 3178 ubi
1324 3123 1500 3178 sancti
1528 3123 1681 3177 Marii
1709 3139 1844 3178 con-

251 3202 484 3261 fessoris
512 3223 675 3262 aurea
701 3210 968 3281 majestas,
996 3213 1167 3268 sancti
1192 3213 1429 3268 Amantii
1453 3229 1606 3284 aeque
1633 3215 1844 3271 confcs-
1873 3202 1916 3233 “

249 3295 400 3352 soris
441 3305 499 3352 et
533 3299 770 3369 episcopi
819 3319 983 3357 aurea
1034 3303 1318 3373 majestas;
1365 3303 1597 3373 denique
1642 3313 1847 3358 sancta:

251 3383 407 3442 Fidis
429 3405 592 3444 aurea
615 3390 880 3459 majestas,
896 3393 948 3448 id
969 3406 1052 3451 est
1080 3404 1278 3460 statua,
1304 3405 1543 3450 vocatur.
1567 3395 1622 3448 In
1641 3410 1758 3462 cap.
1783 3393 1844 3448 l4

252 3473 510 3534 laudatur
539 3482 760 3537 domnus
777 3481 1048 3551 Oebalius,
1074 3486 1326 3540 dominus
1351 3485 1557 3540 castelli
1591 3485 1729 3553 quod
1760 3485 1844 3536 tli-

250 3567 396 3620 citur
425 3568 692 3639 Torenna,
727 3573 778 3628 in
811 3590 949 3646 pago
978 3575 1372 3642 Lemovicensi,
1398 3577 1622 3646 ejusque
1647 3574 1842 3646 coujux

251 3657 458 3714 damna
489 3661 728 3727 Beatrix,
753 3683 845 3734 per
873 3667 1152 3721 divortium
1174 3669 1236 3721 ab
1262 3669 1439 3721 cadent
1468 3668 1693 3734 deserta,
1724 3682 1845 3736 quin

251 3747 518 3805 Richardi
555 3755 776 3809 secundi
823 3755 1282 3812 Nortmannorum
1334 3758 1486 3813 ducis
1522 3773 1677 3812 soror
1705 3768 1841 3825 erat,

254 3853 309 3896 ut
345 3844 548 3912 probat
574 3857 763 3902 auctor
792 3849 844 3904 in
884 3851 989 3906 fine
1012 3851 1253 3920 ejusdem
1283 3852 1477 3921 capitis
1506 3853 1590 3907 bis
1622 3853 1800 3907 verbis
1825 3865 1842 3906 :

257 3948 276 3982 ι
309 3931 476 3987 Anno
502 3933 615 3990 fere
634 3945 689 3990 et
713 3937 935 3995 dimidio
963 3951 1082 4011 post
1105 3943 1399 3996 secundam
1437 3958 1467 3995 a
1500 3943 1732 3997 Couchis
1765 3957 1848 3998 re-

253 4021 591 4090 versionem,
622 4028 821 4083 accidit
859 4031 989 4085 mihi
1021 4042 1172 4088 certo
1216 4034 1460 4103 negotio,
1492 4035 1676 4089 domui
1709 4033 1847 4088 Wil-

252 4108 402 4166 lclmi
434 4111 779 4172 Pictavorum
811 4123 1029 4178 comitis
1057 4124 1209 4178 adire
1234 4127 1466 4191 curiam,
1499 4125 1552 4180 in
1580 4141 1685 4195 qua
1719 4142 1843 4181 cum

251 4201 516 4297 domitam
551 4208 851 4268 Beatricem
891 4217 1140 4283 viderim,
1189 4233 1219 4272 a
1266 4218 1852 4297 [tientia-TW
1897 4251 1904 4262 -

1953 1937 2074 1993 qua:
2095 1921 2357 1976 triformis
2377 1931 2480 1987 est,
2505 1922 2682 1976 aditus
2705 1933 2872 1991 patet,
2895 1923 2986 1991 qui
3011 1923 3076 1976 de
3099 1924 3372 1993 praedictis
3395 1939 3543 1978 com-

1952 2011 2180 2082 pedibus
2217 2027 2311 2066 scu
2345 2014 2554 2067 catenis
2589 2011 2786 2079 jauuas
2815 2013 3093 2067 confectas
3140 2030 3246 2069 non
3295 2014 3538 2069 haberet.

1952 2105 2029 2160 De
2057 2103 2290 2159 triformi
2325 2104 2424 2158 hac
2464 2103 2690 2158 ecclesia
2722 2103 2802 2158 sic
2830 2103 2969 2158 idem
2999 2113 3232 2158 auctor:
3268 2123 3285 2155 ι
3321 2104 3415 2160 Est
3444 2104 3542 2158 de-

1950 2195 2084 2252 foris
2121 2205 2388 2251 lectorum
2431 2195 2768 2250 dimensione
2814 2195 3035 2251 basilica
3081 2197 3373 2264 triformis,
3421 2212 3543 2267 qua:

1953 2288 2197 2348 interius,
2229 2295 2448 2358 propter
2483 2296 2724 2341 mutuam
2766 2287 3079 2341 transeundi
3109 2285 3540 2356 amplitudinem,

1952 2383 2005 2438 in
2051 2398 2216 2436 unum
2246 2395 2444 2450 corpus
2484 2379 2595 2434 coit
2637 2377 2882 2433 ecclesiae
2920 2415 2938 2431 .
2976 2415 2992 2431 .
3037 2416 3052 2431 .
3095 2376 3355 2431 Dextrum
3402 2377 3546 2433 latus

1951 2476 2127 2532 sancti
2159 2475 2303 2529 Petri
2335 2471 2584 2543 apostoli,
2625 2470 2753 2525 laeva
2785 2479 2987 2525 sancta:
3023 2469 3245 2534 Mariae;
3279 2470 3544 2524 medietas

1952 2579 2131 2624 amem
2165 2567 2338 2621 sancti
2380 2564 2677 2620 Salvatoris
2712 2562 2866 2617 titulo
2905 2562 3153 2616 dedicata
3197 2569 3301 2616 est.
3337 2561 3538 2614 Verum

1949 2661 2077 2732 quia
2108 2661 2294 2714 eadem
2331 2658 2593 2712 medietas
2621 2654 2883 2726 psallendi
2922 2653 3244 2707 assiduitate
3288 2649 3541 2720 frequen-

1951 2761 2062 2807 tata
2101 2751 2356 2813 habetur,
2384 2748 2510 2803 illuc
2551 2762 2616 2800 ex
2648 2745 2868 2816 proprio
2901 2744 3020 2799 loco
3056 2753 3262 2797 sanctae
3291 2743 3544 2814 martyris

1949 2842 2189 2915 pretiosa
2219 2839 2480 2895 translata
2510 2847 2636 2893 sunt
2660 2838 2906 2908 pignora.
2947 2855 2967 2888 ι
2996 2835 3050 2888 In
3079 2835 3543 2904 consequentibus

1951 2938 2133 3008 agitur
2163 2937 2229 2991 de
2261 2934 2442 2990 multis
2485 2932 2763 2987 miraculis
2801 2939 3004 2986 sancta:
3046 2929 3215 2995 Fidis,
3261 2928 3314 2984 in
3342 2929 3544 2982 Arver-

1950 3029 2071 3083 nica
2113 3028 2462 3098 processione
2499 3025 2675 3089 factis,
2721 3040 2843 3080 cum
2891 3014 3105 3079 scilicet
3142 3025 3314 3091 imago
3345 3031 3540 3076 sancta:

1951 3117 2102 3172 Fidis
2131 3128 2179 3172 et
2211 3134 2368 3186 capsa
2409 3133 2591 3181 aurea,
2627 3132 2786 3188 quam
2829 3115 2998 3186 fertur
3019 3114 3290 3167 donaviue
3317 3109 3541 3166 Carolus

1952 3207 2198 3278 Magnus,
2251 3217 2466 3278 portata
2515 3206 2616 3260 fuit
2661 3221 2756 3275 per
2791 3204 3111 3260 Arverniam
3158 3203 3212 3257 in
3263 3201 3534 3271 quoddam

1949 3308 2153 3353 sancta:
2196 3297 2341 3351 Fidis
2383 3297 2666 3368 praedium,
2711 3295 2851 3366 quod
2895 3293 3258 3348 Molendinum
3288 3290 3532 3344 Pisinum

1947 3390 2204 3460 indigeme
2228 3399 2552 3458 nuncupant,
2575 3400 2817 3458 prteunte
2841 3403 3001 3442 cruce
3030 3404 3153 3442 cum
3184 3396 3333 3442 textu
3362 3385 3540 3439 Evan-

1947 3485 2236 3556 gcltorum,
2277 3499 2416 3551 aqua
2448 3483 2752 3546 benedicta,
2797 3490 2851 3536 et
2889 3481 3106 3536 corneis
3148 3479 3307 3540 tubis,
3342 3494 3461 3547 qua:
3503 3493 3534 3531 a

1947 3575 2214 3629 nobilibus
2247 3573 2548 3642 peregrinis
2577 3571 2883 3626 ornamenti
2913 3584 3076 3625 causa
3116 3569 3168 3622 in
3203 3567 3536 3622 monasterio

1944 3665 2138 3720 oblatae
2161 3664 2390 3718 fuerant.
2419 3663 2553 3717 Huic
2579 3663 2780 3732 praedio
2803 3662 3012 3729 adjacet
3033 3671 3270 3715 castrum
3301 3660 3532 3719 Aurosa,

1944 3756 2029 3809 cui
2057 3757 2296 3826 princeps
2318 3755 2555 3824 quidam,
2581 3752 2838 3807 Iiobertus
2862 3751 3132 3815 vocabulo,
3161 3757 3410 3818 praeerat,
3442 3747 3534 3816 qui

1943 3848 2013 3904 ob
2046 3849 2368 3904 monachum
2408 3846 2549 3900 illius
2589 3845 2776 3916 prmdii
2807 3843 3089 3899 custodem
3133 3840 3271 3894 tnale
3304 3841 3371 3890 ah
3413 3839 3531 3908 ipso

1947 3939 2192 3994 habitum
2224 3938 2438 3993 ccelitus
2476 3936 2734 3991 multatus
2765 3943 2866 3990 est.
2898 3933 3004 3988 Sed
3044 3933 3111 3987 de
3140 3931 3226 3986 his
3263 3931 3416 3994 satis,
3445 3944 3535 3982 su-

1944 4042 2149 4100 perque
2175 4028 2327 4082 satis.
2367 4027 2781 4098 Ermengaudus
2806 4023 3133 4095 Urgcllensis
3161 4035 3344 4076 comes
3376 4028 3536 4074 testa-

1945 4128 2129 4175 mento
2158 4134 2258 4174 suo
2291 4118 2502 4190 (Marco
2538 4117 2695 4188 Hisp.
2727 4135 2779 4188 ρ.
2809 4117 2958 4185 975),
2991 4116 3134 4185 quod
3163 4129 3306 4168 anno
3333 4112 3537 4166 duode-

1944 4212 2085 4267 cimo
2113 4211 2357 4266 Rotbcrti
2398 4210 2539 4280 regis
2575 4209 2832 4274 confecit,
2872 4215 3074 4264 sancta:
3103 4206 3251 4261 Fidis
3278 4202 3532 4260 cmuobio

255 4293 743 4369 Rotomagensium
785 4307 981 4362 comite
1020 4308 1148 4364 illuc
1177 4311 1420 4391 missam,
1449 4311 1704 4365 ardenter
1729 4290 1852 4380 e133
1928 4290 2089 4376 19831
2114 4302 2358 4377 gradum
2389 4303 2522 4357 άααε
2543 4303 2619 4360 de
2652 4311 2891 4374 argento.

252 4387 590 4461 colloquium
621 4411 928 4468 aggressus,
965 4401 1109 4458 illico
1157 4387 1459 4474 recogitare
1501 4404 1637 4472 (ιωρὶ
1680 4420 1844 4475 super

258 4513 3524 4547 MM

775 4639 1762 4799 BERNABDI
1821 4640 3006 4788 SCHOLASTICI

1379 4854 1802 4900 ANDECAVINE
1844 4855 2102 4898 εοηοιλε
2142 4854 2441 4899 ΠΑϐῐδΤΒῐ

577 5001 1262 5120 EPISTOLA
1343 5004 1531 5120 AD
1615 5007 2292 5159 DOMINUM
2374 5005 3240 5122 FULBERTUM

1136 5203 1232 5259 AD
1268 5203 1536 5264 LIBRUM
1568 5205 1660 5263 DE
1694 5204 2074 5264 MIRACULIS
2109 5205 2404 5264 SANCTIE
2439 5206 2616 5264 FIDIS
3181 5233 3184 5236 η

623 5334 799 5409 (Apud
828 5334 1030 5393 Mabill.
1063 5335 1259 5393 Annal.
1289 5337 1486 5395 Bened.
1517 5349 1648 5395 tom.
1688 5337 1779 5402 IV,
1805 5337 2075 5409 Appeud.,
2108 5355 2232 5412 pag.
2260 5341 2384 5407 705,
2424 5358 2491 5396 ex
2524 5356 2626 5396 ms.
2657 5341 2776 5396 cod.
2811 5338 3177 5410 Carnutensi.)

325 5554 689 5617 Sanctissimo
711 5562 873 5626 atque
894 5554 1170 5611 hominum
1191 5555 1508 5613 doctissimo
1527 5554 1839 5623 Fctnearo,
1869 5558 1922 5619 D
2017 5558 2153 5613 Cum
2183 5557 2381 5613 dudum
2405 5555 2625 5612 Carnoti
2664 5564 2841 5612 vestra
2873 5558 3084 5613 sincera
3122 5555 3533 5614 conversatione

243 5645 576 5706 .Carnoteno
599 5646 872 5718 episcOpo,
896 5646 1234 5713 Bcauaanus,
1265 5647 1712 5705 scholasticorum
1738 5650 1839 5705 mi-

259 5735 457 5821 nimus,
486 5739 842 5811 sanctissima:
870 5739 1222 5798 beatitudinis
1250 5739 1471 5797 donum.

1947 5647 2180 5714 fruerer,
2215 5647 2492 5702 accidebat
2531 5648 2778 5704 crebrius
2822 5657 2883 5704 ut
2921 5647 3006 5705 vel
3051 5647 3325 5704 scribendi
3369 5663 3529 5702 causa

1946 5739 2033 5795 vel
2061 5740 2274 5808 orandi,
2307 5748 2508 5796 sanctae
2534 5737 2684 5796 Fidis
2707 5738 2988 5812 martyris,
3017 5753 3140 5811 qua:
3165 5747 3320 5796 extra
3348 5751 3532 5792 muros
