4032 5416
505 216 596 284 131

1497 219 1848 275 ΒλΕΙὶΝΔῐὶῡι
1895 214 2347 275 SCIIOLASTICI
2385 212 2735 271 ANDEGA".

3668 213 3775 268 l3“)

498 344 734 413 ejusdem
782 340 934 397 urbis
961 340 1065 397 sita
1102 347 1204 403 est,
1251 334 1590 392 ecclesiolam
1617 335 1846 389 adirem.
1880 333 1995 401 Qua
2027 333 2092 387 de
2121 341 2167 400 Α
2199 368 2261 409 ea
2289 353 2505 423 quidem
2541 348 2670 422 qua;
2705 358 2866 407 seu“,
2893 360 3076 406 nos,”
3123 366 3230 407 non
3266 358 3394 406 sum
3437 347 3782 420 “unum”.

501 452 560 492 re
591 435 812 491 memini
843 449 941 490 nos
972 430 1263 501 aliquando
1285 431 1428 484 inter
1450 425 1901 482 confabulationis
1925 424 2092 479 collo-

499 527 628 596 quia
673 525 929 580 incidisse
954 523 1009 578 in
1037 521 1371 577 mentionem
1411 527 1612 572 sancta:
1658 516 1826 582 Fidis,
1860 515 2092 570 miracu-
2134 563 2137 566 .

451 612 456 616 ’
497 617 781 687 lorumque
810 615 948 686 ejus,
989 629 1110 684 quae
1149 613 1203 667 in
1249 612 1368 666 loco
1401 609 1797 666 Concatbcnsis
1825 607 2088 672 etenobii,

496 709 588 763 ubi
619 716 1023 763 sacrosanctum
1054 719 1251 774 corpus
1282 702 1425 756 illius
1453 708 1776 756 veneranter
1804 698 2087 762 excolitur,

495 801 886 870 omnipotentia
915 797 1113 854 Christi
1145 797 1280 851 fiunt
1306 792 1540 849 assidue.
1565 791 1718 859 (lure,
1743 790 1866 860 quia
1890 789 2088 859 partim

501 892 804 963 vulgarium
846 891 989 946 fama
1028 887 1291 946 celebrari
1335 886 1689 951 videbantur,
1734 883 1931 954 partim
1965 883 2091 952 quia

498 981 738 1037 inaudita
761 982 1119 1046 habebantur,
1152 981 1296 1034 haud
1321 977 1667 1046 aliter'quam
1691 975 1866 1030 inanis
1898 973 2091 1030 fabula:

497 1081 802 1128 commenta
841 1088 871 1126 a
909 1072 1014 1127 flde
1060 1069 1473 1139 rejiciebantur.
1507 1067 1590 1127 _Et
1639 1074 1749 1120 tum
1780 1081 1901 1120 cum
1947 1065 2091 1134 quod

495 1174 681 1218 verum
713 1172 830 1216 erat
860 1178 957 1233 per
986 1161 1315 1216 voluntatem
1359 1157 1455 1212 Dei
1501 1156 1662 1211 silere
1699 1170 1804 1211 non
1843 1163 2084 1225 poterat,

496 1255 720 1328 verique
756 1255 938 1324 opinio
985 1267 1121 1324 pene
1165 1266 1263 1322 per
1305 1249 1616 1304 universam
1668 1247 1939 1316 Europam
1973 1244 2089 1314 jam

497 1346 850 1412 discurreret,
893 1345 1151 1416 paulatim
1186 1343 1351 1398 subiit
1380 1341 1511 1396 mihi
1557 1341 1612 1394 in
1647 1339 1810 1394 corde
1845 1338 2004 1392 tarita
2035 1344 2090 1392 et

496 1440 782 1494 oblivionis
809 1439 1094 1509 impatiens
1113 1436 1390 1506 cogitatio,
1419 1434 1495 1489 uti
1523 1435 1697 1504 ipsum
1721 1440 1920 1487 saneta:
1942 1446 2088 1484 mar-

498 1531 631 1603 tyris
679 1531 1046 1586 habitaculum
1097 1529 1286 1583 eodem
1334 1525 1578 1581 discendi
1627 1523 1808 1579 studio
1858 1522 2085 1576 adirem.

494 1620 774 1676 Postremo
807 1621 943 1675 adeo
967 1635 1054 1676 res
1085 1619 1248 1674 rediit
1273 1617 1397 1680 huc,
1427 1624 1486 1670 ut
1514 1614 1625 1668 voti
1653 1613 1776 1668 inde
1801 1612 1928 1666 facti
1954 1619 2086 1664 tem-

492 1727 593 1782 pus
623 1712 897 1781 diemque,
929 1727 997 1765 ne
1023 1711 1243 1765 daretur
1272 1707 1549 1772 oblivioni,
1582 1707 1633 1760 in
1668 1704 1904 1760 manuali
1941 1703 2090 1758 codi-
2118 1691 2162 1751 Β

493 1803 631 1857 cello
662 1803 982 1858 notaverim.
1013 1802 1223 1856 Interea
1254 1815 1417 1855 causa
1440 1798 1647 1854 exstitit
1675 1811 1781 1866 qua
1808 1796 1876 1850 ad
1898 1796 2086 1849 urbem

492 1895 958 1963 Andegavensem,
1007 1895 1074 1949 ab
1108 1894 1277 1963 ipsius
1306 1892 1455 1948 urbis
1495 1892 1750 1962 episcopo
1796 1897 2086 1953 exoratus,

498 1965 980 2054 transmigrarem,
1011 1984 1101 2039 ubi
1135 1984 1248 2038 fere
1279 1999 1377 2053 per
1422 1982 1716 2037 triennium
1757 1995 1852 2050 per
1901 1979 2089 2034 inanes

493 2089 683 2142 nugas,
719 2086 778 2130 υι
801 2091 990 2130 verum
1022 2076 1303 2142 confitear,
1335 2084 1543 2143 tempus
1569 2073 1729 2128 studii
1764 2080 2086 2137 conterens,

496 2169 704 2223 excessi
761 2178 938 2224 tamen
988 2169 1097 2224 voti
1133 2170 1332 2238 quippe
1379 2168 1575 2221 bonam
1627 2165 2087 2234 opportunitatem

493 2261 913 2330 exspectabam,
961 2277 1068 2332 qua
1113 2259 1529 2316 succedentibus
1576 2255 1889 2326 multiplicis
1940 2268 2087 2309 cura:

501 2351 969 2419 occupationibus,
994 2352 1129 2405 adeo
1154 2365 1239 2404 me
1263 2349 1395 2403 falsa
1424 2347 1828 2418 exspectatione
1856 2344 2090 2400 reddidit

497 2442 766 2508 delusum,
799 2452 857 2496 ut
888 2443 1036 2497 velut
1063 2442 1229 2512 piscis
1260 2441 1400 2495 intra
1442 2439 1584 2492 linea
1611 2438 1846 2492 claustra
1875 2447 2085 2505 captus,

493 2547 600 2602 quo
632 2534 806 2603 magis
837 2533 1080 2604 expediri
1129 2531 1402 2595 conabar,
1451 2543 1517 2583 eo
1563 2528 1903 2598 gravioribus
1932 2525 2087 2580 malis

494 2625 824 2695 implicat-er.
869 2625 1109 2680 Tandem
1138 2638 1266 2678 vero
1297 2637 1364 2677 ne
1408 2619 1509 2675 sub
1549 2633 1698 2689 spem
1745 2617 2090 2690 adversitatis

495 2717 715 2771 desidia:
751 2732 885 2771 meae
915 2717 1131 2772 viderer
1156 2713 1458 2778 consulere,
1492 2726 1615 2766 cum
1653 2711 1818 2765 etiam
1845 2701 2089 2765 occultos

493 2817 546 2862 et
573 2823 712 2873 pene
744 2807 1146 2862 iuextrieabiles
1174 2805 1442 2860 diabolica
1472 2803 1660 2858 fraude
1692 2802 1822 2857 mihi
1853 2817 2089 2871 przeseu-

495 2897 653 2952 tirem
704 2897 1193 2968 parari-laqueos,
1248 2910 1578 2966 prorsusquc
1627 2903 1740 2948 arte
1789 2892 2010 2946 inimica
2055 2906 2086 2946 a

491 2989 688 3058 emptis
723 2990 1048 3060 cogitantem
1096 2988 1358 3043 debonis
1404 2985 1736 3049 absterreri,
1777 2981 2090 3054 postpositis

497 3091 720 3150 repente
767 3082 952 3146 rebus,
1004 3080 1070 3133 ad
1117 3080 1480 3134 desideratum
1532 3075 1779 3146 gloriosa:
1832 3072 2089 3145 martyris

493 3172 830 3226 mausoleum
883 3171 1110 3226 Domino
1155 3171 1384 3225 ducente
1411 3162 1653 3237 perveni.
1704 3165 1804 3220 ilic
1847 3179 1976 3233 ergo
2021 3164 2088 3217 de

491 3263 784 3320 virtutibus
823 3273 1024 3320 sancta:
1053 3263 1222 3328 Fidis,
1256 3271 1540 3332 postquam
1575 3251 1803 3313 sollicite
1836 3257 1974 3326 (ιωρί
2005 3255 2088 3309 in-

493 3354 743 3424 quirere,
801 3363 947 3410 tanta
989 3371 1018 3408 a
1052 3355 1280 3409 diversis
1329 3351 1654 3407 relatoribus
1701 3347 2086 3403 miraculorum

497 3442 772 3500 afﬂuentia
816 3445 1130 3509 abundavit,
1163 3454 1222 3499 ut
1257 3444 1358 3498 nisi
1405 3441 1657 3497 audiendi
1704 3441 1901 3495 ardens
1942 3446 2089 3494 esset

493 3537 738 3596 animus.
789 3536 959 3592 nimio
1013 3537 1172 3592 ta:dio
1223 3535 1496 3590 allicerent
1539 3531 1842 3588 cerebrum.
1886 3523 2082 3586 Verum

491 3629 618 3697 quia
665 3628 841 3699 ipsum
886 3629 1184 3693 hominem,
1233 3627 1387 3698 cujus
1425 3624 1564 3681 oculi
1613 3623 1846 3678 violenta
1883 3622 2086 3678 ultione

492 3717 753 3773 radicitus
780 3719 1041 3773 abstracti
1072 3717 1306 3780 fuerant,
1340 3725 1391 3771 et
1429 3713 1776 3784 postmodum
1807 3703 1956 3767 salva
1985 3727 2074 3765 na-

495 3817 630 3862 tura:
676 3809 985 3877 integritate
1033 3807 1342 3872 reformati,
1389 3807 1503 3876 ipse
1548 3806 1730 3860 videre
1777 3805 1983 3868 merui,
2029 3811 2086 3858 et

491 3913 636 3953 nunc
663 3899 828 3954 etiam
863 3899 933 3953 ibi
961 3899 1049 3955 hic
1073 3899 1289 3953 homine
1311 3898 1551 3952 dictante
1577 3895 1755 3962 video,
1783 3895 2084 3964 eodemque

492 3987 771 4057 prodente,
805 3989 1054 4044 universa
1100 3996 1394 4042 attestante
1442 3986 1738 4058 provincia,
1777 3987 1932 4050 novi;
1975 3985 2085 4054 pri-

491 4094 644 4132 mum
676 4079 728 4135 id
777 4090 1030 4150 tanquam
1062 4081 1444 4136 miraculorum
1475 4080 1882 4134 fundamentum
1925 4087 2084 4134 cane-

495 4183 788 4241 rorumque
818 4171 1042 4229 lectioni
1065 4173 1409 4228 inserendqu
1441 4182 1594 4242 puto,
1619 4187 1724 4226 non
1757 4169 1929 4225 solum
1962 4185 2084 4224 sen-

492 4277 610 4316 sum
641 4278 672 4319 e
701 4281 892 4332 sensu,
933 4267 1025 4322 sed
1059 4268 1221 4322 etiam
1249 4266 1473 4320 verbum
1499 4280 1530 4320 e
1561 4264 1724 4318 verbo
1743 4302 1758 4328 ,
1788 4272 1842 4316 ut
1873 4263 1941 4317 ab
1969 4260 2085 4329 ejus

490 4363 586 4408 Ore
624 4356 818 4420 audio,
866 4357 1150 4412 brevitatis
1194 4357 1403 4410 alienus
1445 4352 1660 4428 lopgam
1703 4351 1838 4407 satis
1885 4350 2080 4405 lineam

490 4446 821 4501 narrationis
867 4447 1176 4501 exordiens.
1216 4446 1344 4500 Post
1393 4446 1507 4500 haec
1536 4460 1667 4499 vero
1695 4459 1793 4514 pro
1827 4440 2082 4497 redeundi

491 4535 842 4593 festinatione
869 4553 1136 4608 perpauca
1167 4534 1402 4606 adjicere
1433 4533 1713 4595 miracula,
1749 4533 2083 4602 reliquorum

491 4639 618 4680 vero
649 4627 958 4697 pulchriora
991 4644 1204 4684 summa
1240 4627 1506 4683 brevitate
1530 4625 1840 4680 cursimaue
1865 4631 2081 4686 notata,

2113 4401 2161 4460 Ι)

2195 459 2534 515 quorumque
2562 452 2729 499 testes
2759 444 2811 498 in
2857 452 3128 514 promptu,
3174 458 3282 498 non
3313 441 3648 508 fabulosam,
3687 439 3786 496 sed

2194 535 2653 591 evidentissimam
2698 535 2984 589 veritatem
3030 533 3324 604 liquerint,
3363 547 3575 588 mecum
3604 531 3658 586 in
3688 546 3791 600 pa‘

2192 629 2354 683 triam
2385 627 2496 682 Deo
2540 628 2678 682 duce
2715 626 3063 701 deferendum
3091 626 3363 701 delibero;
3395 639 3503 695 quo
3531 623 3789 678 videlicet

2192 719 2517 790 diligentiori
2539 719 2698 774 datus
2716 718 2846 784 otlo,
2870 717 3318 773 abundantiorem
3342 717 3568 773 lecturis
3587 715 3789 771 faciam

2191 814 2500 870 lectionem.
2553 813 2678 868 Haec
2725 827 2881 884 ergo,
2927 812 3234 868 mortalium
3267 812 3612 876 doctissime,
3653 825 3782 864 eum

2191 905 2496 974 acceperis,
2544 904 2678 959 artis
2723 911 2932 958 tantum
2985 903 3307 972 positionem
3356 902 3613 972 corrige:
3658 900 3788 955 nam

2189 995 2449 1066 quidquid
2483 995 2614 1049 mihi
2644 1003 2924 1048 narratum
2957 993 3138 1059 fuerit,
3173 992 3420 1070 quamvis
3450 992 3701 1045 indoctus
3732 981 3790 1044 et

2190 1096 2340 1142 recte
2369 1086 2608 1141 dictandi
2641 1085 2939 1154 imperitus,
2985 1099 3092 1138 non
3126 1092 3304 1137 tamen
3333 1077 3560 1152 simplex
3593 1081 3663 1134 ad
3691 1075 3790 1134 au-

2189 1177 2444 1236 diendum
2476 1190 2578 1230 nec
2615 1174 2792 1230 facilis
2821 1189 2915 1228 ero
2943 1173 3008 1230 ad
3038 1173 3398 1238 credendum;
3433 1180 3525 1224 aut
3564 1170 3781 1240 potius,

2189 1268 2234 1324 si
2262 1267 2466 1322 findunt
2506 1266 2601 1321 tibi
2631 1266 2844 1320 videtur
2878 1265 3075 1336 stylum
3112 1259 3375 1332 imparem
3406 1260 3648 1315 materia:
3677 1274 3788 1313 ma-

2188 1358 2379 1413 teriam
2426 1356 2701 1428 polluisse,
2743 1365 2797 1410 tu
2829 1365 2880 1410 te
2907 1355 3004 1410 tibi
3031 1353 3177 1410 salva
3211 1351 3590 1408 benevolentia
3623 1365 3748 1406 mea
3771 1389 3786 1416 ,

2187 1467 2346 1522 quem
2393 1459 2609 1506 constat
2637 1452 2794 1506 unice
2834 1451 2886 1505 in
2927 1450 3175 1504 altiorem
3224 1449 3505 1520 sapientia:
3548 1449 3782 1518 gradum

2190 1543 2450 1608 evasisse,
2486 1552 2595 1596 tam
2620 1540 2798 1596 nobile
2827 1550 3046 1612 tamque
3074 1541 3368 1612 gloriosum
3402 1524 3582 1594 thema
3615 1527 3788 1600 nobili

2189 1633 2530 1706 gloriosoque
2558 1633 2696 1705 stylo
2741 1634 3028 1688 decoratus
3057 1648 3240 1697 sume,
3292 1646 3360 1687 ne
3393 1632 3595 1686 veritas
3640 1630 3786 1686 malo

2191 1725 2329 1797 stylo
2377 1739 2599 1780 corrosa
2647 1724 2949 1795 legentibus
2998 1725 3253 1788 horreat,
3301 1737 3364 1778 ac
3398 1737 3497 1792 per
3545 1723 3649 1776 hoc
3697 1735 3786 1776 res

2189 1815 2394 1886 optima
2439 1815 2699 1870 vilescat:
2752 1830 2877 1869 nam
2929 1823 3130 1868 tantam
3179 1812 3450 1883 talemque
3494 1811 3784 1867 historiam

2191 1917 2450 1978 tanquam
2490 1906 2718 1976 abjectis
2743 1907 3081 1976 sapientibus
3106 1921 3401 1976 occupasse
3429 1913 3789 1975 praesum-pto-

2191 1998 2268 2052 ris
2315 1997 2492 2067 potius
2523 2007 2607 2052 est
2636 1997 2984 2066 improbitas,
3032 1996 3134 2051 nisi
3171 1997 3296 2065 quia
3326 2011 3487 2050 causa
3523 1995 3576 2049 in
3606 1981 3789 2048 medio

2187 2089 2398 2161 prolata
2441 2102 2530 2143 uie
2569 2089 2638 2143 ab
2681 2089 2781 2143 hac
2827 2087 3068 2141 audacia:
3111 2087 3236 2141 nota
3278 2085 3407 2140 facit
3452 2085 3785 2150 immunem,

2190 2195 2385 2251 quam,
2417 2189 2478 2234 ut
2519 2179 2862 2234 manifestius
2901 2177 3146 2242 edicam,
3183 2175 3373 2231 melius
3401 2177 3486 2230 est
3531 2165 3782 2229 cwlestia

2189 2269 2476 2336 miracula,
2509 2271 2740 2326 necdum
2771 2269 2911 2325 sicut
2947 2284 3084 2324 nova
3135 2279 3190 2323 et
3229 2268 3474 2332 indubia,
3507 2283 3537 2321 a
3565 2256 3786 2322 schola-

2191 2362 2328 2416 stico
2351 2363 2648 2430 quamlibet
2669 2362 2886 2416 indocto
2907 2360 3056 2415 salva
3085 2359 3311 2415 veritate
3337 2368 3612 2428 utcunque
3641 2344 3783 2412 tradi

2188 2450 2418 2514 litteris,
2455 2466 2614 2520 quam
2646 2451 2713 2505 ab
2753 2451 2947 2520 ignotis
2977 2449 3160 2504 mundi
3187 2450 3434 2520 partibus
3458 2448 3784 2503 oscitantem

2188 2555 2283 2610 spe
2313 2540 2470 2598 dubia
2499 2549 2770 2594 oratorem
2803 2539 3129 2608 exspectari.
3185 2539 3327 2610 Ergo
3365 2553 3470 2592 non
3503 2539 3640 2592 adeo
3669 2528 3783 2591 cul-

2188 2628 2400 2699 pandus
2443 2627 2573 2682 inihi
2601 2629 2808 2692 videor,
2854 2628 2897 2682 si
2939 2628 3134 2683 divina:
3178 2629 3366 2696 gratia:
3409 2627 3638 2681 munera
3685 2643 3786 2696 pro

2187 2718 2394 2772 viribus
2443 2718 2726 2789 propalare
2772 2719 3068 2783 contendo,
3116 2733 3240 2773 cum
3291 2718 3404 2788 ipsa
3453 2717 3784 2786 scriptorum

2189 2811 2368 2880 inopia
2401 2819 2458 2865 ut
2485 2811 2537 2864 id
2567 2826 2720 2881 agam
2747 2812 3096 2866 vehementer
3124 2809 3445 2880 exposrulat.
3478 2809 3554 2865 De
3585 2818 3788 2864 cmtero

2188 2902 2278 2970 qui
2313 2901 2414 2960 hoc
2444 2900 2633 2956 lecturi
2664 2901 2794 2955 estis
2816 2941 2831 2966 ,
2872 2915 3064 2955 moneo
3109 2915 3177 2954 ne
3223 2900 3274 2954 in
3308 2897 3465 2967 hujus
3495 2900 3790 2968 scriptura:

2193 2991 2481 3044 concordia
2513 2989 2978 3056 scandalizeuiini,
3003 2989 3446 3059 consequentiam
3480 2997 3788 3057 temporum

2116 3055 2160 3116 Ο
2192 3089 2526 3149 ψιωι·ειιιεε;
2557 3094 2663 3134 non
2701 3079 2841 3134 enim
2874 3079 3139 3150 permittit
3168 3093 3252 3132 me
3282 3077 3492 3132 instans
3520 3073 3786 3131 redeundi

2191 3170 2488 3224 necessitas
2523 3169 2589 3223 ad
2627 3186 2820 3241 purum
2870 3169 3227 3240 investigare,
3276 3168 3378 3222 nisi
3423 3174 3485 3222 ea‘
3515 3175 3638 3236 qna:
3667 3167 3788 3221 sine

2189 3257 2513 3314 detrimento
2543 3261 2752 3316 fructus
2781 3261 3167 3316 misericordiae
3212 3261 3434 3316 minime
3473 3268 3600 3314 sunt
3646 3273 3786 3328 prm-

2195 3351 2564 3408 terniittcnda.
2599 3351 2753 3408 Unde
2797 3369 2902 3407 non
2938 3353 3026 3408 hic
3071 3354 3123 3407 in
3174 3353 3277 3408 hac
3317 3352 3587 3422 scriptura
3626 3350 3784 3416 libri,

2187 3455 2347 3509 quem
2397 3441 2472 3496 De
2519 3443 2812 3498 virtutibus
2852 3448 3054 3499 sanctae
3103 3443 3251 3499 Fidis
3295 3445 3406 3498 Deo
3452 3450 3786 3512 cooperante

2187 3535 2439 3590 exordior
2464 3551 2805 3606 componere,
2848 3550 3116 3590 annorum
3160 3535 3326 3600 ordo,
3360 3533 3455 3588 sed
3490 3531 3785 3588 lllil‘ﬂCﬂlO"

2187 3640 2306 3679 rum
2337 3625 2686 3679 concordabit
2709 3620 3023 3691 similitudo,
3054 3639 3285 3694 quorum
3314 3621 3610 3678 inviolabili
3639 3611 3784 3675 veri«

2190 3723 2299 3770 tate
2324 3716 2737 3787 diligentissime
2766 3732 2798 3771 a
2828 3732 2913 3772 me
2936 3717 3226 3787 exquisita,
3257 3717 3384 3787 quia
3407 3715 3543 3770 nihil
3573 3714 3780 3780 'verius,

2185 3821 2384 3876 precor
2415 3815 2472 3862 ut
2513 3807 2673 3861 fidem
2715 3803 2906 3862 relatui
2941 3808 3101 3878 pleno
3133 3809 3295 3864 corde
3321 3805 3781 3868 accommodetis,

2186 3911 2255 3952 ne
2300 3898 2451 3952 vobis
2496 3907 2698 3953 sanctae
2734 3899 2958 3970 martyri
3005 3899 3346 3970 postmodum
3395 3913 3576 3953 minus
3623 3896 3784 3951 dero-

2186 4002 2344 4056 gasse
2369 3988 2438 4042 sit
2464 3989 2673 4042 satius:
2713 3998 2805 4043 aut
2839 3990 3036 4060 potius,
3062 3989 3104 4043 si
3138 3989 3212 4043 rei
3253 3988 3575 4059 prodigioszr
3605 3979 3782 4040 inusi-

2189 4087 2303 4133 tata
2335 4080 2671 4157 novitasvos
2702 4083 3002 4151 perturbat,
3035 4081 3086 4136 id
3131 4096 3295 4152 super
3325 4081 3508 4135 omnia
3538 4095 3569 4132 a
3601 4079 3781 4133 vestra

2176 4161 2527 4226 ἠπῑῗξππΐιιιθ
2554 4173 2916 4244 procumbens
2947 4184 3252 4230 terratenus
3283 4182 3440 4245 peto,
3472 4173 3550 4228 uti
3591 4180 3781 4227 nostro

2189 4269 2431 4331 tempore
2457 4279 2562 4318 non
2597 4274 2705 4319 tam
2731 4265 2994 4319 orationis
3023 4279 3184 4333 quam
3213 4279 3376 4317 causa
3403 4261 3775 4334 experientim,

2187 4362 2242 4406 et
2262 4368 2359 4408 vos
2389 4370 2604 4424 quoque
2631 4371 2718 4410 me
2754 4371 2998 4426 regresso
3040 4355 3146 4409 huc
3189 4355 3452 4421 veniatis,
3482 4371 3550 4410 ne
3582 4355 3778 4409 intem-

2187 4443 2394 4512 pestive
2427 4441 2623 4497 falsum
2666 4441 2921 4511 judicetis
2971 4444 3259 4516 inexperti,
3299 4441 3454 4517 cujus
3489 4444 3774 4499 veritatem

2187 4532 2330 4591 ultro
2352 4534 2705 4606 propalabitis
2733 4536 2961 4607 experti.

1031 4805 1213 4918 DE
1295 4738 2768 5070 ΜιιιΑριιιῖἕῗέΝαΤλΈ
2853 4795 3229 4914 FIDIS

493 5127 668 5200 (Apud
695 5108 997 5194 Labbeum,
1033 5129 1356 5186 Bibliotheca
1395 5146 1528 5186 nova
1566 5145 1716 5200 mss.,
1747 5137 1880 5183 tom.
1909 5128 1975 5196 ll,
2005 5145 2130 5200 pag.
2160 5122 2287 5193 55f,
2318 5142 2404 5200 ex
2422 5125 2607 5200 _veteri
2655 5139 2758 5200 ms.
2790 5123 2977 5200 codice
3023 5124 3342 5200 Byzuntina:
3377 5123 3776 5200 Chilﬂetiorum

744 5193 1089 5256 bibliothecae
1125 5214 1177 5256 et
1207 5219 1235 5257 a
1271 5204 1335 5258 ft.
1366 5202 1429 5258 Ρ.
1458 5201 1618 5257 Petro
1645 5199 1941 5258 Francisco
1962 5193 2252 5258 ’C'hiflletio
2289 5197 2542 5268 theologo
2583 5194 2860 5252 societatis
2883 5193 3034 5260 Jesu,
3063 5193 3518 5268 communicato.)

1012 5291 1240 5349 CAPUT
1277 5290 1568 5348 PRIMUM.

2185 5287 2427 5360 quidam,
2461 5285 2726 5343 Geraldus
2775 5285 3031 5352 nomine,
3083 5297 3364 5356 superstes
3409 5289 3650 5355 habitat,
3685 5289 3774 5360 qui
