4088 6374
289 338 400 396 153

1306 337 1437 393 LIB.
1481 338 1568 394 DE
1609 339 1986 398 MIRACULIS
2023 337 2319 395 SANCI'IE
2348 339 2542 396 FIDIS.

3464 348 3569 407 134

288 456 454 511 cham
505 458 843 524 perrexerat.
875 447 1264 519 Completaque
1315 450 1380 506 de
1440 466 1590 506 more
1647 449 1873 507 solemni
1907 458 1952 515 Α
1987 451 2302 520 impetraris,
2359 459 2584 521 repente
2627 452 2768 508 idem
2815 453 3031 526 elapsus
3074 455 3142 512 ab
3177 455 3346 529 equo,
3385 460 3568 536 digiti,

286 547 667 603 lucubratione
716 542 943 614 vigilize,
997 541 1051 596 in
1111 542 1372 608 crastino,
1428 543 1478 597 id
1530 551 1612 598 est
1658 544 1709 598 iu
1762 544 1877 613 ipso

284 634 649 693 solemuitatis
705 633 834 696 die,
891 631 1129 685 recidivo
1177 631 1387 686 redibat
1441 633 1694 697 tramite,
1750 649 1874 688 cum

283 720 512 790 offendit
549 724 769 780 sinistra
815 719 1028 778 fortuna
1082 721 1367 791 prarfatum
1421 724 1695 779 dominum
1719 741 1875 780 suum

279 817 503 872 occulto
569 813 672 868 zeli
720 809 844 866 odio
901 814 1158 866 adversus
1212 827 1269 866 se
1323 821 1673 867 commotum.
1722 812 1875 868 lluuc

276 910 590 982 presbyter,
645 922 768 961 cum
817 905 870 959 in
905 903 1190 975 peregrino
1239 905 1424 959 habitu
1455 906 1704 960 cominus
1753 922 1874 961 ecr-

279 1009 462 1064 ncret,
492 997 674 1052 verbis
720 993 963 1066 paciﬁcis
998 993 1046 1046 in
1084 994 1259 1062 primo
1283 1009 1538 1065 aggressu
1579 994 1649 1048 ita
1679 995 1873 1050 allatus

276 1101 365 1148 cst
397 1106 414 1145 :
461 1109 479 1142 ι
515 1090 669 1153 Ecce,
711 1087 1038 1147 Witbertus,
1070 1086 1322 1149 Bomeus,
1354 1096 1412 1140 ut
1438 1088 1615 1153 video,
1649 1088 1873 1142 effectus

276 1201 371 1250 es;
415 1205 433 1237 ι
462 1184 542 1238 sic
567 1183 710 1237 enim
741 1181 794 1234 in
824 1180 1011 1234 eadem
1041 1179 1214 1248 patria
1270 1188 1582 1233 sanctorum
1617 1180 1873 1250 perigriui

274 1276 643 1347 appellantur.
707 1292 724 1324 ς
766 1271 863 1326 Est
919 1271 1234 1342 respondit;
1283 1271 1481 1332 etiam,
1536 1272 1784 1337 domine,
1841 1289 1871 1326 a

275 1367 580 1422 festivitate
630 1374 828 1418 sancta:
854 1362 1002 1416 Fidis
1060 1372 1355 1416 revertens.
1391 1381 1409 1414 ι
1452 1361 1590 1415 Τιιιη
1643 1376 1773 1416 vero
1804 1362 1871 1417 de

271 1457 496 1512 ueteris
536 1454 690 1524 quasi
731 1452 1088 1507 amicabilitcr
1113 1452 1406 1520 exquisito,
1461 1453 1553 1506 dat
1594 1451 1868 1507 licentiam

272 1547 535 1603 abeundi.
588 1546 657 1599 At
703 1561 826 1599 cum
880 1543 1153 1614 paululum
1204 1557 1324 1597 sese
1371 1544 1732 1612 prtetcrirent,
1777 1560 1867 1600 re-

271 1638 518 1708 spiciens
561 1644 683 1709 post
709 1645 916 1704 tergum
947 1629 1182 1689 Iudaica:
1207 1633 1527 1704 proditionis
1556 1635 1868 1690 sacerdotes

273 1733 344 1804 (si
397 1741 583 1784 tamen
631 1729 991 1794 sacerdotem,
1044 1727 1136 1797 qui
1183 1727 1470 1798 sacrilegio
1499 1728 1860 1782 sacerdotium

1982 540 2181 611 quibus
2248 550 2494 596 sanctum
2546 541 2748 597 Christi
2800 559 2999 614 corpus
3049 555 3394 606 contractam
3439 567 3566 609 con-

1981 638 2253 693 sueverat,
2287 630 2370 684 sui
2417 629 2564 685 ﬁlioli
2606 633 2792 688 oculos
2834 633 3096 690 violenter
3148 639 3432 706 abstraxit,
3466 644 3567 700 hue

1980 719 2162 788 mique
2207 719 2542 791 negligenter
2589 723 2835 792 projecit.
2880 725 2995 781 Non
3047 729 3164 783 sine
3205 731 3424 789 virtutis
3471 751 3565 792 su-

1981 823 2148 878 perna
2211 811 2520 879 prmsentia,
2567 827 2688 882 qum
2741 829 2846 869 non
2900 815 3027 870 sinit
3073 817 3319 876 homines
3371 823 3568 881 divina:

1977 917 2122 956 curre
2165 914 2428 969 exsortes,
2469 915 2524 960 ct
2557 921 2776 976 semper
2818 908 2970 964 adest
2996 925 3160 981 prope
3192 913 3567 974 invocantibus

1975 1005 2035 1046 se
2075 992 2126 1045 in
2176 995 2426 1060 veritate,
2459 994 2699 1066 facitque
2735 997 2998 1067 judicium
3044 1000 3298 1068 injuriam
3353 1007 3562 1076 patien-

1976 1079 2141 1135 tibus.
2189 1082 2322 1136 Nam
2368 1085 2457 1153 qui
2509 1095 2619 1139 tum
2685 1087 2884 1142 ibidem
2915 1087 3154 1153 adfuere,
3185 1108 3410 1150 cernere
3434 1111 3565 1152 eon-

1978 1171 2129 1226 tiuuo
2188 1174 2398 1229 niveam
2449 1192 2698 1231 meruere
2742 1178 3082 1245 columbam;
3147 1191 3239 1236 aut
3284 1194 3457 1253 certe,
3501 1195 3564 1242 ut

1975 1259 2090 1331 ipse
2129 1262 2308 1317 adhuc
2355 1274 2600 1334 patrator
2652 1267 2875 1323 sceleris
2921 1270 3060 1324 solet
3112 1287 3386 1340 asserere,
3438 1277 3560 1346 pica

1972 1352 2204 1406 exstitit.
2254 1356 2383 1420 Qua:
2439 1358 2580 1426 pica,
2634 1358 2718 1412 vel
2787 1359 3072 1427 columba,
3135 1365 3334 1420 ocellos
3375 1368 3562 1424 miseri

1974 1442 2179 1495 recenti
2229 1458 2423 1500 cruore
2467 1446 2630 1501 illitos
2661 1449 2712 1501 iu
2763 1449 2878 1518 ipsa
2923 1450 3054 1505 hora
3101 1456 3340 1525 suscepit
3366 1457 3434 1512 ab
3458 1458 3560 1513 hu-

1974 1548 2083 1597 mo,
2111 1549 2383 1605 supraque
2417 1552 2714 1595 montuosze
2735 1543 2943 1599 telluris
2965 1547 3304 1603 altitudinem
3327 1551 3558 1619 elevata,

1972 1623 2040 1676 ad
2091 1624 2340 1680 Coucbas
2389 1628 2602 1685 deferre
2655 1633 2764 1686 \isa
2820 1645 2919 1689 est.
2973 1636 3126 1704 Quod
3178 1649 3355 1695 tamen
3416 1643 3557 1698 idem

1973 1729 2094 1768 cum
2131 1717 2354 1772 vidisset
2399 1721 2712 1793 sacrilegus,
2763 1727 3100 1793 pmnizudiue
3135 1731 3327 1788 ductus
3376 1733 3562 1808 lacry-

268 1827 635 1891 contaminat,
669 1824 853 1880 vocari
903 1823 985 1878 fas
1027 1823 1129 1894 est)
1182 1822 1337 1892 jubet
1383 1821 1587 1877 homini
1630 1831 1688 1877 ut
1733 1839 1864 1893 pau-
1896 1810 1943 1871 Β
1973 1804 2112 1898 ξιξθνί
2158 1809 2328 1898 ςωρῑι
2375 1809 2669 1880 Ρνοίυδίυε·
2729 1815 2826 1870 (Ῑυί
2882 1819 2950 1871 ab
2985 1836 3090 1874 “"0
3133 1825 3401 1880 δοθίυηυη
3440 1829 3559 1898 aliis

267 1921 444 1993 lisper
489 1921 767 1991 operiatur
817 1934 896 1974 se.
937 1917 1107 1984 Quem
1137 1925 1491 1981 consecutus,
1521 1930 1648 1971 mox
1677 1932 1706 1970 a
1753 1917 1864 1972 suis

265 2012 566 2081 utrobique
616 2009 870 2063 vallatum
906 2009 1076 2062 teneri
1129 2008 1392 2077 prrceipit.
1430 2006 1584 2072 Quod
1609 2019 1731 2061 cum
1771 2005 1866 2088 ille

266 2107 520 2169 vidisset,
571 2103 738 2158 nimio
787 2111 930 2158 metu
975 2102 1375 2164 intremiscens,
1439 2115 1647 2154 summa
1713 2100 1866 2169 cujus

264 2195 520 2252 criminis
588 2204 868 2266 arguatur,
902 2193 1208 2264 percontari
1264 2194 1450 2260 caspit.
1499 2190 1595 2246 Cui
1630 2192 1711 2246 vir
1739 2208 1862 2263 per-

265 2289 415 2344 ﬁdus
482 2285 854 2357 hujuscemodi
915 2285 1202 2339 minaciter
1256 2283 1404 2338 dedit
1472 2298 1789 2353 responsura
1843 2299 1860 2337 :

269 2399 288 2430 ι
328 2377 534 2432 Malum
573 2377 704 2430 mihi
751 2375 949 2439 fecisti,
1000 2384 1055 2429 et
1085 2374 1236 2444 pejus
1280 2373 1481 2428 factum
1531 2375 1609 2427 ire
1661 2389 1858 2443 paras;

262 2480 316 2526 et
339 2470 468 2524 ideo
501 2483 606 2522 non
639 2467 799 2521 aliter
825 2481 986 2536 quam
1022 2465 1150 2535 ipsis
1173 2465 1279 2518 tuis
1306 2464 1473 2518 oculis
1498 2465 1854 2527 satisfaciens,

263 2563 403 2617 mihi
437 2561 761 2632 supplicium
791 2559 974 2625 dabis;
1013 2579 1032 2612 ι
1079 2574 1177 2613 nec
1202 2569 1384 2612 tamen
1411 2558 1671 2626 apertius,
1702 2558 1856 2627 quasi

262 2667 383 2721 [me
419 2654 650 2722 pudore,
695 2649 997 2721 designavit
1033 2649 1248 2703 modum
1285 2648 1475 2718 culpae.
1508 2646 1750 2717 Namque
1775 2655 1858 2701 est

267 2742 659 2798 sacerdotibus
717 2741 1064 2796 inhonestum
1122 2740 1190 2794 de
1242 2739 1508 2810 zclotypio
1551 2755 1650 2794 suo
1697 2753 1857 2808 agere

257 2831 552 2900 judicium.
587 2832 863 2902 Siquidem
894 2831 1054 2898 hujus
1086 2831 1210 2885 mali
1243 2846 1409 2886 causa
1440 2833 1504 2886 de
1548 2831 1855 2900 suspicione

264 2923 693 2993 constuprandae
745 2921 988 2977 mulieris
1044 2923 1220 2976 fuerat
1274 2932 1485 2977 exorta.
1536 2922 1628 2976 llle
1683 2937 1852 2987 vero,

264 3024 323 3068 ut
377 3024 500 3070 erat
532 3014 607 3068 rei
640 3014 884 3083 ignarus,
931 3013 1232 3080 omnigena:
1277 3012 1447 3082 culpal
1476 3012 1852 3082 purgationem

262 3109 402 3162 satis
428 3106 764 3162 conﬁdenter
796 3104 1038 3174 profert:
1072 3124 1088 3155 ι
1123 3103 1279 3168 Ecce,
1317 3103 1587 3173 inquiens,
1613 3103 1849 3166 domine,

1970 1893 2112 1950 idem
2149 1896 2326 1954 facere
2375 1901 2670 1974 incassum,
2717 1907 2978 1978 tardeque
3025 1911 3226 1967 dictum
3259 1893 3547 1974 est.lnde-

1967 2002 2074 2057 que
2124 1990 2345 2057 abiens,
2394 2008 2609 2050 sacram
2670 1999 2851 2054 missa:
2901 2003 3319 2063 celebrationem
3370 2024 3558 2080 postea

1967 2088 2064 2133 aut
2112 2091 2333 2152 propter
2389 2097 2762 2155 perpetratum
2815 2095 2994 2150 scelus
3036 2113 3142 2152 non
3187 2105 3553 2174 praesumpsit,

1965 2180 2083 2235 aut,
2127 2174 2268 2240 quod
2321 2177 2503 2230 verius
2555 2179 2784 2248 videtur,
2827 2195 3048 2255 propter
3100 2205 3210 2244 rem
3241 2193 3556 2251 smcul..rem

1965 2263 2189 2318 omnino
2239 2265 2498 2335 neglexit.
2530 2269 2598 2322 At
2629 2286 2756 2326 vero
2791 2285 2964 2330 mater
3000 2279 3157 2348 hujus
3193 2281 3430 2350 Geraldi,
3464 2284 3556 2340 lte-

1963 2368 2036 2408 sa:
2086 2355 2410 2412 innocentia:
2458 2360 2763 2417 vehementi
2819 2365 3010 2438 affectu
3064 2385 3370 2442 compassa,
3413 2391 3553 2445 pra:-

1963 2446 2166 2503 dz'eznm
2197 2449 2524 2506 Wi:bertum
2573 2456 2714 2510 domi
2753 2463 3066 2530 receptavit,
3101 2475 3405 2536 cunctaque
3443 2469 3550 2526 sibi

1959 2540 2296 2604 necessaria,
2341 2542 2512 2598 donec
2552 2560 2717 2601 sanus
2768 2548 2945 2605 factus
3004 2563 3109 2617 est,
3159 2557 3548 2628 benignissime

1960 2631 2344 2699 suppeditavit.
2384 2633 2517 2690 Cum
2549 2653 2656 2706 qua
2685 2641 2845 2694 etiam
2878 2644 3070 2698 eadem
3099 2655 3418 2717 tempestate
3446 2653 3548 2708 ob-

1967 2731 2220 2777 versatus
2265 2722 2464 2790 !uerat,
2509 2744 2617 2782 non
2651 2740 2759 2784 tam
2788 2747 2851 2787 ex
2881 2747 3151 2806 praecepto
3181 2739 3262 2792 sui
3291 2741 3546 2807 senioris,

1959 2829 2123 2886 quam
2175 2816 2498 2872 declinando
2553 2822 2898 2880 atrocitatem
2936 2828 3124 2896 ipsius,
3155 2846 3275 2899 qua:
3307 2831 3358 2886 in
3397 2832 3547 2889 illum

1958 2905 2098 2960 idem
2145 2906 2346 2972 senior,
2399 2910 2593 2966 saevior
2640 2911 2821 2978 solito,
2872 2919 3242 2985 exercuisset,
3297 2936 3364 2975 ex
3433 2938 3542 2992 quo

1956 2995 2074 3051 falsi
2124 2997 2228 3052 zeli
2261 3000 2458 3056 vulnus
2507 3003 2562 3056 iu
2609 3005 2774 3058 corde
2813 3008 3164 3078 percepisset.
3216 3009 3267 3066 ls
3314 3013 3549 3083 denique

1955 3103 2121 3143 sanus
2151 3088 2400 3155 effectus,
2448 3094 2640 3149 eodem
2668 3110 2811 3150 anno
2843 3108 2958 3153 arte
3006 3098 3235 3166 joculari
3269 3102 3545 3172 publicum

261 3214 430 3255 omne
458 3198 630 3259 nefas.
670 3214 778 3268 quo
833 3197 925 3251 ubi
975 3204 1257 3266 suspectus
1287 3195 1511 3260 habeor,
1563 3195 1608 3249 εί
1658 3203 1742 3249 εει
1795 3203 1853 3248 ιιι
1881 3189 1926 3251 c
1959 3181 2271 3250 quaeritavit
2300 3183 2535 3250 victum,
2572 3185 2804 3256 indeque
2835 3199 3100 3258 quarstum
3131 3194 3362 3264 accepit,
3407 3197 3546 3252 adeo

260 3292 447 3362 palam
503 3291 768 3362 detegas,
813 3288 1064 3359 legaliter
1117 3289 1363 3343 refellere
1421 3299 1680 3358 paratus,
1744 3303 1848 3342 non

261 3385 478 3439 :estimo
510 3383 737 3437 inveniri
770 3397 926 3452 posse
954 3398 1060 3452 quo
1088 3391 1242 3451 pacto
1273 3381 1406 3436 iram
1441 3391 1584 3435 tuam
1613 3391 1853 3434 tuorum-

261 3491 372 3546 que
417 3475 658 3529 ﬁdelium
709 3475 988 3529 incurrerc
1024 3473 1304 3528 debeam.)
1375 3471 1455 3527 Ad
1507 3486 1664 3541 quem
1709 3471 1844 3525 ille:

266 3587 284 3620 α
327 3567 580 3629 Cessent,
633 3565 824 3635 inquit,
877 3575 1092 3620 cessent
1138 3563 1422 3634 superﬂuae
1475 3561 1848 3618 excusationis

261 3659 554 3728 ambages;
591 3655 699 3725 jam
738 3656 882 3709 enim
928 3656 1126 3709 dudum
1159 3653 1550 3709 conclamatum
1581 3661 1684 3717 est,
1723 3652 1846 3706 data

260 3751 563 3812 sententia,
591 3757 649 3802 ut
677 3748 847 3803 oculis
889 3762 1129 3801 careas.»
1161 3746 1230 3800 At
1270 3745 1356 3800 ille
1389 3741 1708 3815 gladiatorio
1742 3741 1846 3795 sibi

259 3843 450 3896 animo
473 3841 748 3905 insistere,
782 3837 1295 3909 irreparabilemque
1325 3851 1435 3890 sua:
1463 3833 1846 3888 destructiouis

259 3934 458 3989 horam
510 3933 826 3998 imminere,
881 3947 980 3985 nec
1051 3929 1216 3983 ullum
1272 3927 1428 3998 pretii
1487 3927 1663 3982 locum
1730 3925 1846 3981 fore

259 4029 492 4084 ulterius
544 4043 795 4091 cernens,
835 4026 1016 4081 adlmc
1067 4032 1267 4088 tamen,
1312 4023 1560 4094 quamvis
1598 4023 1664 4076 de
1703 4037 1839 4093 pra:-

255 4119 399 4172 senti
433 4116 680 4172 difﬁdens
730 4117 927 4182 salute,
979 4115 1284 4187 hujusmodi
1335 4115 1624 4170 clamorem
1653 4115 1841 4169 addit:

259 4209 568 4273 «Domine,
635 4208 868 4286 indulge,
927 4223 1140 4277 quaeso,
1195 4207 1448 4272 veniam,
1499 4215 1553 4260 et
1621 4205 1665 4260 si
1735 4221 1842 4260 non

253 4308 487 4370 propter
532 4299 897 4354 innocentiam
948 4313 1143 4361 meam,
1177 4296 1365 4351 saltem
1395 4312 1492 4367 pro
1522 4310 1708 4350 amore
1749 4296 1842 4350 Dei

251 4399 310 4446 et
360 4398 568 4444 sancta:
595 4388 766 4454 Fidis,
813 4388 968 4459 cujus
996 4401 1178 4441 amore
1223 4387 1703 4457 impraesentiarum
1755 4402 1846 4458 go-

250 4489 340 4535 sto
405 4494 621 4534 sacrum
680 4477 950 4550 peregrini
995 4476 1312 4531 habitum.»
1373 4475 1455 4530 Ad
1513 4477 1629 4531 haec
1691 4486 1840 4530 torva

1955 3283 2013 3324 ut
2045 3274 2212 3341 (sicut
2260 3275 2419 3329 modo
2453 3277 2652 3332 assolet
2685 3279 2915 3345 referre)
2951 3283 3138 3338 oculos
3167 3285 3305 3339 ultra
3338 3286 3545 3344 habere

1953 3379 2062 3419 non
2119 3378 2364 3432 curaret;
2393 3378 2539 3424 tanta
2582 3387 2705 3426 cum
2736 3383 2792 3427 et
2822 3374 2957 3429 lucri
2996 3377 3287 3447 cupiditas,
3309 3390 3362 3434 et
3387 3397 3542 3436 com-

1956 3457 2102 3511 modi
2143 3457 2457 3527 jucumlitas
2501 3462 2824 3519 delectabat.
2859 3465 3104 3529 Evolqu
3141 3469 3326 3540 itaque
3372 3488 3542 3541 anno,

1953 3551 2308 3619 impendente
2338 3553 2700 3610 solemnitatis
2743 3556 2850 3622 die,
2884 3574 3006 3613 cum
3038 3561 3212 3629 pridie
3244 3573 3372 3617 ante
3408 3564 3544 3634 vigi-

1950 3639 2078 3694 liam
2107 3642 2350 3696 membra
2379 3645 2556 3712 sopori
2589 3645 2851 3711 dedisset,
2881 3649 3124 3705 astitisse
3163 3653 3269 3706 sibi
3320 3653 3540 3708 inenar-

1951 3730 2142 3786 rabilis
2187 3731 2473 3803 elcgantize
2518 3734 2631 3789 visa
2683 3745 2769 3792 est
2815 3737 3069 3807 puellula,
3105 3750 3326 3809 aspectu
3373 3757 3541 3812 auge-

1947 3825 2054 3883 lico
2126 3836 2290 3898 atque
2339 3829 2732 3897 serenissima,
2784 3831 2922 3886 facie
2972 3835 3225 3899 candida,
3274 3815 3542 3906 roseoque

1949 3921 2146 3976 rubore
2175 3924 2425 3991 guttatim
2461 3939 2708 3993 respersa
2735 3941 2748 3990 ;
2808 3941 2928 3995 qua:
2961 3926 3328 3982 inaestimabili
3359 3928 3539 3984 vultus

1946 4016 2138 4085 vigore
2171 4031 2391 4070 onmem
2439 4016 2737 4070 humanum
2769 4019 3236 4088 superexcellehat
3265 4022 3536 4076 decorem.

1947 4107 2236 4174 Quantitas
2284 4124 2414 4164 vero
2465 4126 2570 4164 nou
2609 4111 2711 4166 alia
2741 4122 2860 4167 erat
2913 4131 3076 4186 quam
3123 4131 3188 4171 ea
3242 4130 3364 4185 qua:
3414 4130 3540 4186 pas-

1946 4198 2115 4254 sionis
2150 4207 2394 4270 tempore
2439 4201 2608 4256 fuisse
2649 4202 2864 4274 legitur,
2918 4205 2968 4258 id
3016 4215 3099 4260 est
3133 4215 3342 4260 statura
3385 4204 3540 4277 puel-

1947 4290 2096 4352 laris.
2145 4309 2243 4348 uec
2287 4295 2412 4349 dum
2455 4305 2722 4365 provecta:
2760 4299 2956 4353 aetatis.
3010 4299 3199 4354 Vestes
3227 4307 3385 4353 erant
3413 4313 3534 4354 am-

1946 4381 2224 4450 plissimm,
2257 4400 2502 4454 auroque
2541 4402 2640 4455 per
2689 4396 2859 4442 totum
2899 4390 3127 4461 intextae.
3152 4392 3532 4460 mundissimo,

1949 4489 2012 4529 ac
2058 4474 2245 4530 subtili
2305 4477 2531 4546 pictura:
2591 4480 2856 4534 varietate
2893 4480 3257 4536 circumdatae.
3297 4482 3535 4540 Mauica—

252 4569 440 4624 bellua
483 4582 586 4622 nec
637 4541 838 4631 Deum:
877 4581 978 4622 nec
1020 4575 1265 4620 sanctam
1310 4565 1426 4635 ejus
1474 4565 1654 4636 magni
1705 4582 1838 4637 pen-
1869 4541 1920 4603 υ
1948 4581 2068 4621 rum
2116 4581 2246 4621 vero
2289 4569 2571 4636 quantitas
2609 4570 2677 4624 ad
2727 4571 2956 4642 vestigia
3003 4587 3172 4641 usque
3200 4572 3530 4644 dependens,

248 4663 414 4726 deus,
454 4659 624 4716 effero
649 4657 850 4732 furoris
879 4657 1055 4728 rugitu
1098 4657 1374 4732 frendens,
1401 4657 1489 4711 diu
1522 4669 1836 4729 conceptum

251 4750 610 4821 blasphemia:
657 4731 924 4804 venenum
971 4749 1046 4802 ita
1087 4731 1265 4802 verbis
1291 4748 1492 4803 evomit
1518 4749 1834 4821 sacrilegis:

256 4864 274 4895 ι
306 4844 426 4900 Nec
453 4843 617 4910 Deus,
649 4857 749 4898 nec
777 4850 961 4898 sancta
990 4840 1149 4897 Fides
1175 4841 1355 4906 hodie,
1385 4842 1581 4913 inquit,
1623 4853 1675 4899 te
1700 4844 1835 4900 libe-

251 4937 423 5002 rabit,
455 4951 632 5006 neque
661 4951 755 4990 eos
802 4934 1101 4990 invocanda
1134 4935 1408 5004 proﬁcies,
1441 4945 1500 4989 ut
1527 4951 1555 4990 a
1587 4937 1837 4994 manibus

251 5029 396 5085 meis
438 5028 735 5098 impunitus
763 5028 929 5084 abeas
966 5046 979 5082 :
1022 5043 1196 5098 neque
1244 5044 1310 5085 eo
1353 5029 1645 5102 confugies.
1682 5041 1741 5086 ut
1765 5033 1834 5088 ob

252 5119 530 5191 peregrini
577 5120 794 5176 habitus
832 5121 1218 5185 reverentiam,
1266 5136 1388 5176 cum
1432 5123 1506 5176 sis
1552 5123 1681 5177 mihi
1728 5123 1834 5178 ini-

252 5197 518 5282 quissime
559 5213 812 5282 injurius,
875 5223 926 5267 te
977 5213 1496 5283 incontemptibilem
1553 5215 1836 5272 inviolabi-

253 5305 475 5374 lemque
506 5305 732 5359 habeam
778 5319 1089 5374 personam.
1126 5323 1145 5356 ι
1187 5303 1282 5358 llis
1311 5305 1495 5370 dictis,
1541 5304 1694 5374 jubet
1733 5309 1834 5364 ho-

253 5397 458 5450 minem
510 5395 625 5450 dari
653 5396 1010 5466 prtecipitem,
1042 5395 1333 5466 oculosque
1383 5397 1686 5455 innocentis
1722 5402 1835 5456 vio-

255 5487 430 5542 lenter
493 5488 649 5557 eripi.
709 5487 815 5542 Sed
863 5502 986 5540 cum
1033 5485 1237 5541 nullum
1289 5503 1507 5544 suorum
1557 5490 1676 5561 (qui
1725 5502 1835 5548 tres

254 5589 412 5634 erant
453 5587 694 5644 lantuut,
737 5594 966 5648 quorum
1016 5579 1234 5632 nomina
1292 5589 1512 5650 propter
1560 5581 1835 5638 barbaris-

257 5674 328 5726 mi
375 5673 839 5743 praztermittimus
892 5672 1196 5740 horrorem)
1246 5673 1312 5727 ad
1364 5682 1568 5728 tantum
1619 5673 1830 5731 facinus

255 5763 534 5836 impellere
567 5764 852 5834 potuisset,
881 5761 1029 5820 illum
1061 5762 1126 5820 ab
1153 5763 1356 5820 eisdem
1399 5763 1588 5819 saltem
1613 5768 1825 5836 gravari

1945 4654 2000 4710 in
2047 4657 2444 4712 minutissimas
2491 4674 2656 4728 rugas
2701 4674 2810 4727 pra:
2861 4660 2943 4714 sui
2993 4662 3364 4730 magnitudine
3397 4662 3530 4718 sub-

1945 4747 2115 4804 tiliter
2159 4757 2460 4805 contracta.
2500 4749 2607 4806 Sed
2651 4761 2706 4805 et
2740 4751 2974 4820 ligatura
3017 4753 3210 4821 capitis
3240 4753 3292 4806 in
3341 4753 3529 4808 orbem

1941 4840 2265 4911 complicata
2318 4840 2403 4895 bis
2445 4841 2587 4896 binis
2653 4843 2921 4912 perspicui
2973 4844 3228 4898 candoris
3262 4843 3531 4899 emicabat

1943 4933 2269 5005 margaritis.
2319 4934 2520 4989 Verum
2569 4935 2747 5004 pusilli
2780 4937 3028 5006 corporis
3085 4937 3349 4992 habitudo
3387 4935 3528 4992 nihil

1943 5025 2084 5081 aliud
2115 5027 2244 5081 mihi
2286 5027 2597 5099 signiﬁcare
2648 5030 2886 5096 videtur,
2935 5045 3096 5100 quam
3129 5031 3272 5100 quod
3311 5029 3520 5100 passio-

1940 5102 2028 5173 nis
2077 5129 2341 5190 tempore,
2390 5120 2531 5176 sicut
2568 5121 2822 5182 diximus.
2847 5121 3063 5192 juvenis
3110 5122 3306 5192 legitur
3338 5121 3526 5177 fuisse.

1938 5211 2061 5268 Mox
2102 5228 2233 5268 vero
2278 5223 2337 5268 ut
2385 5215 2451 5269 ad
2487 5214 2727 5286 incmpla
2759 5217 3003 5282 redeam,
3048 5217 3236 5272 eadem
3281 5217 3530 5272 beatissi-

1939 5321 2051 5370 ma,
2103 5305 2277 5361 fulcro
2330 5305 2525 5362 cubilis
2575 5307 2794 5372 innixa,
2857 5324 3020 5378 supra
3082 5309 3363 5363 dexteram
3403 5308 3528 5362 dor-

1939 5395 2158 5450 micntis
2203 5396 2419 5460 malam,
2448 5393 2648 5450 leuiter
2687 5397 3034 5468 suaviterque
3077 5414 3238 5454 manu
3282 5396 3526 5462 admota,

1939 5488 2018 5542 sic
2047 5487 2165 5542 inﬁt
2209 5503 2221 5540 :
2279 5506 2296 5538 ‹
2339 5486 2659 5551 Dormisne,
2713 5486 3016 5543 Witberte?
3047 5509 3066 5542 ι
3112 5488 3210 5544 Cui
3260 5488 3349 5543 ille
3403 5489 3526 5543 ait‘:

1943 5598 1959 5627 ι
1996 5578 2128 5644 Quis
2155 5593 2213 5633 es
2239 5577 2328 5648 qui
2353 5591 2440 5631 me
2479 5578 2676 5632 vocas?
2711 5597 2730 5629 ι
2771 5578 2843 5632 At
2875 5579 2966 5634 illa
2995 5579 3277 5649 respondit
3306 5593 3321 5632 :
3359 5596 3377 5629 ς
3415 5578 3528 5649 Ego

1935 5687 2055 5726 sum
2082 5680 2272 5726 sancta
2295 5669 2509 5722 Fides.»
2537 5669 2619 5723 Ad
2638 5685 2802 5739 quam
2829 5670 2918 5725 ille
2943 5688 2956 5726 :
2980 5689 2997 5721 ι
3021 5670 3160 5739 Quid
3196 5685 3362 5725 causa
3391 5671 3528 5726 acci-

1936 5766 2036 5832 dit,
2062 5765 2213 5822 hera.
2233 5773 2286 5818 ut
2313 5761 2379 5818 ad
2395 5775 2480 5818 me
2506 5761 2750 5821 venires?
2776 5762 2882 5820 tAt
2901 5762 2990 5820 illa
3020 5762 3294 5838 respondit
3323 5780 3338 5821 :
3378 5777 3403 5816 ι
3436 5761 3528 5819 Ni-
