4088 6388
516 294 619 355 1-Ξῦ

1540 281 1898 346 ΒΕΒΝΔΠΒῘ
1921 283 2373 348 SCHOLASTICI
2399 283 2749 347 ANDEGAV.

3692 290 3799 349 156

514 413 591 468 hil
633 407 780 465 aliud
832 405 937 463 nisi
992 412 1057 462 ut
1106 412 1162 462 te
1205 402 1403 460 visam.
1429 419 1449 456 ι
1496 399 1771 458 Witberto
1809 417 1943 459 vero
1988 417 2112 474 gra-
2139 409 2188 470 Α
2213 405 2399 468 brum,
2444 419 2741 476 versusque
2778 404 2833 459 in
2862 411 3138 475 stuporem
3161 395 3508 462 obdormivit.
3539 397 3674 464 Cum
3703 423 3800 465 au-

517 507 620 560 tias
662 497 1129 571 agentenipsum
1179 509 1370 550 rursus
1413 502 1602 549 sancta
1653 492 1816 548 Fides
1869 493 2108 547 interro-

517 605 610 668 gat
644 611 658 647 :
708 610 727 644 ι
759 587 1127 661 Cognoscisne
1167 586 1288 640 me?
1328 602 1347 638 ι
1391 584 1463 639 At
1510 584 1600 638 ille
1629 599 1772 648 eam,
1814 597 1880 638 ac
1915 582 1960 638 si
1993 581 2107 649 jam

516 686 717 743 dudum
765 682 964 745 visam,
1011 691 1428 749 recognoscens,
1479 675 1560 731 sic
1595 675 1744 730 visus
1771 685 1856 729 est
1884 689 2108 744 respono

514 777 692 832 dere:
739 790 758 824 ι
791 771 969 827 Etiam
1013 769 1150 824 bene
1215 775 1266 822 te
1331 766 1530 832 video,
1591 765 1746 830 hera,
1809 774 1865 820 et
1906 766 2110 835 Optime

517 877 807 934 cognosco.
849 889 924 901 -—
963 859 1058 913 Dic
1095 857 1261 912 etiam
1308 855 1440 909 mihi
1483 853 1755 924 quomodo
1805 863 1857 909 te
1884 853 2106 920 habeas,

516 957 713 1026 inquit,
766 966 1039 1024 quamque
1084 964 1345 1022 prospere
1399 957 1490 1003 tua
1549 963 1638 1003 res
1688 957 1902 1017 agatur.
1938 967 1957 1000 ›
2017 947 2110 1003 llle

514 1049 844 1120 respondit:
907 1066 925 1099 ι
956 1045 1200 1116 Optime,
1258 1045 1424 1108 hera,
1472 1041 1636 1097 rebus
1691 1042 1828 1096 meis
1867 1043 2110 1097 succedit

515 1142 761 1206 fortuna,
795 1149 1102 1210 cunctaque
1148 1138 1243 1193 Dei
1290 1136 1466 1208 gratia
1514 1145 1640 1190 sunt
1682 1150 1810 1206 erga
1843 1151 1930 1190 me
1981 1151 2108 1206 pro-

515 1249 696 1304 spera.
734 1253 752 1286 ι
796 1231 894 1287 Cui
937 1231 1100 1286 “illa:
1146 1249 1165 1282 ‹
1203 1229 1271 1284 Εῑ
1325 1227 1630 1297 quomodo,
1685 1227 1763 1280 ait
1811 1242 2106 1296 prospera,

515 1323 642 1394 quia
687 1324 866 1376 lumen
927 1321 1050 1376 coeli
1103 1334 1212 1374 non
1243 1317 1434 1372 vides?
1472 1336 1490 1368 ι
1533 1316 1628 1370 ille
1657 1317 1836 1381 enim,
1863 1325 1922 1369 ut
1960 1315 2017 1369 fit
2052 1317 2104 1368 in

515 1415 756 1479 somnis,
793 1413 953 1468 aliter
1000 1426 1163 1481 quam
1218 1424 1309 1464 res
1366 1417 1521 1473 erat,
1553 1409 1736 1462 videre
1792 1414 2106 1478 potaverat,

516 1503 620 1571 Qui
657 1519 781 1559 mox
833 1504 900 1557 ad
953 1503 1099 1556 hunc
1150 1501 1314 1555 finem
1371 1499 1883 1570 interrogationum,
1926 1497 2111 1552 oculo-

515 1615 636 1654 rum
681 1597 1051 1652 reminiscitur
1087 1595 1458 1650 amissorum:
1504 1611 1523 1644 ι
1556 1591 1625 1646 Et
1671 1592 1962 1662 quomodo,
2015 1591 2098 1645 in-

515 1691 726 1761 quiens,
762 1691 944 1746 videre
990 1688 1219 1760 possim,
1272 1687 1366 1756 qui
1411 1701 1553 1740 anno
1604 1686 1881 1754 praeter-ito
1928 1699 1960 1738 a
2014 1695 2106 1737 tua

2209 504 2321 551 tem
2357 497 2645 552 matutina:
2693 497 2877 552 laudes
2921 505 3232 566 agerentur,
3282 510 3504 568 propter
3562 515 3802 556 concen-

2213 596 2349 651 tum,
2403 595 2455 642 et
2509 587 2950 643 vociferationem
3009 587 3353 658 psallentium
3402 602 3798 660 experrectus,

2212 677 2428 730 videtur
2461 677 2580 731 "sibi
2637 676 2954 745 fulgentium
3009 676 3356 731 luminarium
3415 679 3801 751 hominumque

2209 781 2333 824 sese
2359 769 2684 823 morantium
2739 769 2893 839 quasi
2943 769 3188 823 umbram
3234 770 3558 840 conspicari.
3601 772 3801 828 Verum

2211 878 2316 933 pro
2343 861 2557 916 interno
2603 861 2853 916 cercbelli
2884 860 3087 927 dolore,
3134 860 3216 915 sui
3249 877 3384 931 pene
3413 862 3613 917 oblitus
3655 864 3802 933 quod

2211 955 2289 1009 rei
2330 954 2532 1008 veritas
2581 963 2700 1007 erat
2741 953 2964 1008 minime
3001 953 3270 1018 credulus,
3317 954 3588 1010 somniare
3623 959 3802 1024 potius

2212 1044 2596 1100 arbitrabatur.
2649 1044 2889 1099 Tandem
2947 1060 3069 1098 cum
3129 1044 3406 1114 paulatim,
3461 1061 3618 1116 quem
3662 1047 3802 1101 inter

2211 1148 2458 1209 tempora
2508 1147 2869 1208 conceperat,
2925 1148 3113 1207 stupor
3157 1137 3432 1204 deficeret,
3477 1140 3644 1208 erepit
3689 1139 3799 1208 jam

2211 1231 2454 1300 apertius
2503 1245 2683 1285 rerum
2712 1230 2916 1284 formas
2940 1229 3272 1292 discernere,
3339 1240 3499 1299 atque
3529 1232 3582 1285 in
3624 1245 3684 1285 se
3710 1232 3800 1284 vix

2210 1337 2461 1377 reversus
2520 1321 2709 1376 recolit
2776 1322 3065 1386 visionem,
3143 1321 3498 1392 manibusque
3544 1322 3801 1391 appositis

2206 1423 2512 1472 contrectat
2539 1415 2788 1470 rediviva:
2817 1415 2952 1469 lucis
2995 1413 3260 1469 fenestras
3307 1415 3522 1469 carneis
3567 1415 3800 1484 integer-

2212 1507 2350 1562 rime
2379 1507 2596 1577 pupillis
2645 1507 2697 1560 in
2731 1505 2904 1561 fronte
2935 1505 3280 1560 reformatas.
3311 1504 3379 1560 At
3421 1506 3682 1560 continuo
3710 1505 3801 1559 ads

2210 1599 2396 1653 bibitis
2429 1597 2681 1662 testibus,
2713 1597 3028 1651 immensam
3077 1596 3280 1651 Christi
3335 1597 3797 1667 magnificentiam

2211 1690 2492 1744 immensis
2519 1690 2834 1760 praedicavit
2880 1689 3148 1744 laudibus.
3197 1689 3320 1742 Fuit
3347 1689 3510 1760 igitur
3532 1689 3802 1746 ineffabile

513 1779 812 1837 festivitate
841 1796 1112 1843 remeans,
1155 1777 1340 1846 iniusti
1387 1776 1592 1832 domini
1626 1776 1882 1832 violentia
1923 1775 2109 1830 oculos
2145 1763 2184 1819 Β
2215 1783 2490 1853 gaudiali],
2533 1781 2772 1836 inaudita
2817 1781 3027 1847 laetitia,
3085 1782 3416 1836 incredibilis
3464 1793 3671 1850 δωρον,
3701 1783 3803 1838 du-

514 1874 684 1930 miser
706 1872 1071 1943 perdiderim?
1097 1890 1114 1922 ι
1146 1871 1213 1924 Et
1238 1869 1326 1924 illa
1350 1884 1366 1923 :
1393 1887 1412 1920 ι
1436 1867 1692 1934 Nimium,
1724 1869 1915 1938 inquit,
1942 1869 2109 1922 Deum

513 1964 741 2021 offendit
785 1963 1132 2034 graviterque
1166 1961 1365 2016 summi
1420 1961 1646 2016 artificis
1671 1960 1808 2014 iram
1854 1961 2108 2025 irritavit,

513 2056 607 2124 qui
659 2064 712 2110 te
760 2054 1090 2108 innueritum
1144 2051 1390 2121 corporis
1437 2052 1764 2106 detrimento
1802 2051 2104 2106 damnavit.

524 2145 754 2209 Verum,
806 2143 850 2198 si
909 2143 1146 2198 crastina
1201 2141 1342 2205 luce,
1394 2156 1514 2209 qua:
1564 2141 1671 2194 erit
1727 2140 1970 2211 martyrii
2004 2139 2111 2193 mei

513 2236 720 2307 vigilia,
767 2235 1017 2290 Couchas
1065 2233 1394 2302 perrexeris,
1423 2240 1741 2301 emptusque
1794 2232 1927 2285 duas
1981 2246 2112 2285 can-

515 2328 694 2393 delas,
734 2342 896 2381 unam
936 2325 1153 2395 quidem
1194 2333 1320 2378 ante
1376 2338 1529 2376 aram
1562 2322 1735 2376 sancti
1789 2320 2110 2385 Salvator-is,

513 2419 743 2476 alteram
792 2432 1010 2488 quoque
1054 2424 1182 2470 ante
1227 2429 1378 2468 aram
1407 2412 1495 2466 ubi
1529 2413 1685 2482 gleba
1717 2412 1965 2480 corporis
2008 2412 2113 2466 mei

511 2512 735 2569 condita
767 2519 872 2575 est,
911 2508 1251 2581 apposueris,
1287 2506 1570 2562 oculorum
1597 2505 1665 2559 de
1696 2505 1906 2574 integro
1935 2502 2111 2558 refor-

515 2615 790 2661 malorum
814 2605 1012 2658 decore
1033 2600 1334 2657 merebcris
1353 2599 1616 2669 gaudere;
1638 2598 1904 2667 siquidem
1929 2613 2026 2667 pro
2051 2596 2112 2650 il-

513 2697 630 2755 lata
661 2696 757 2751 tibi
786 2695 981 2763 injuria
1009 2690 1462 2758 caelestisjudicis
1485 2691 1744 2759 pietatem
1775 2689 1978 2760 ingenti
2007 2690 2112 2744 cla-

515 2802 670 2846 more
693 2773 760 2843 ad
785 2785 1216 2842 misericordiam
1236 2783 1502 2854 permovi,
1523 2782 1800 2852 Deumque
1821 2797 1920 2851 pro
1939 2781 2113 2838 salute

515 2889 610 2936 tua
632 2881 832 2936 sedula:
859 2879 1038 2951 precis
1073 2876 1330 2932 instantia
1357 2875 1538 2930 tandiu
1568 2874 1813 2944 fatigavi,
1871 2875 2114 2942 quandiu

515 2971 634 3045 ipse
673 2973 978 3042 impetratae.
1015 2969 1257 3041 optionis
1304 2965 1559 3032 effectus,
1605 2965 1820 3020 faetlem
1854 2965 2106 3021 exorabi-

517 3062 741 3133 lemque
768 3062 1039 3117 redderet.
1080 3080 1099 3112 ο
1138 3059 1264 3114 Haec
1295 3059 1386 3114 ubi
1423 3057 1570 3113 dicta
1619 3057 1788 3120 dedit,
1820 3058 1984 3126 coepit
2012 3058 2110 3111 ite-

514 3171 640 3214 rum
677 3165 840 3226 atque
866 3155 1066 3210 iterum
1118 3151 1332 3206 abituro
1363 3150 1594 3215 instare,
1639 3158 1695 3205 et
1737 3157 1796 3204 ut
1821 3149 2108 3205 celerrime
2136 3122 2181 3185 δ

515 3258 788 3322 pergeret,
839 3245 1092 3303 obnixius
1119 3258 1362 3312 monere,
1413 3243 1523 3298 im‘o
1555 3243 1618 3297 de
1666 3241 2112 3317 pretioemeudte

517 3355 662 3396 certe
687 3339 982 3404 htrsitanti,
1009 3337 1081 3392 ita
1097 3335 1422 3392 consulere:
1459 3353 1477 3384 ι
1499 3333 1642 3390 Mille
1679 3333 1947 3397 homines,
1973 3347 2112 3402 quos

518 3449 806 3505 nunquam
851 3432 1057 3497 vidisti,
1117 3429 1317 3500 inquit,
1350 3428 1446 3483 tibi
1493 3436 1620 3482 sunt
1661 3427 1861 3480 daturi.
1912 3426 2117 3482 Praeter

517 3525 638 3583 haec
675 3534 880 3589 tamen,
917 3532 978 3578 ut
1013 3537 1258 3594 prtesens
1295 3520 1574 3591 negotium
1606 3517 1821 3574 facilius
1862 3533 2113 3589 peragas,

518 3633 688 3688 perge
712 3615 940 3670 festinus
969 3614 1221 3685 prtesenti
1268 3611 1506 3666 diluculo
1529 3610 1594 3664 ad
1622 3609 1913 3664 ecclesiam
1955 3610 2116 3681 hujus

518 3707 791 3778 parochias
813 3705 966 3776 (sane
991 3705 1105 3760 hare
1133 3712 1251 3757 erat
1279 3701 1419 3772 apud
1447 3717 1608 3771 quam
1633 3701 1747 3769 ipse
1768 3701 1955 3756 oculos
1979 3701 2116 3756 ami-

520 3808 693 3864 serat,
715 3813 837 3868 qua:
871 3796 940 3850 ab
962 3798 1189 3865 antiquo
1228 3794 1524 3863 Spariacus
1560 3792 1902 3863 vocabatur),
1935 3793 2116 3863 ibique

520 3891 742 3946 missam
766 3888 1010 3949 audiens,
1035 3901 1127 3940 sex
1158 3883 1507 3939 denariorqu
1537 3884 1776 3952 reperies
1797 3885 2064 3937 datorem.
2088 3900 2108 3935 ι

520 3982 595 4036 At
617 3982 732 4050 ipso
767 3993 865 4049 pro
889 3975 1278 4032 consolationis
1317 3973 1582 4029 beneficio
1610 3974 1909 4044 condignas
1931 3982 2115 4044 grates

522 4070 875 4140 rependente,
931 4066 1106 4122 virtus
1149 4065 1386 4121 caelestis
1440 4066 1618 4120 rediit.
1663 4063 1936 4119 Continuo
1985 4078 2115 4134 ergo

521 4169 878 4230 experrectus
908 4157 1188 4229 praefatam
1222 4156 1450 4226 expetiit
1497 4141 1822 4222 ecclesiam;
1864 4155 1955 4209 ubi
1992 4169 2116 4210 cum

520 4252 794 4308 universis
825 4264 1040 4306 omnem
1064 4250 1202 4304 hanc
1228 4249 1489 4303 visionem
1513 4248 1854 4319 exposuisset
1883 4263 1982 4320 per
2021 4263 2114 4302 or-

519 4343 729 4409 dinem,
760 4357 952 4398 omnes
998 4355 1098 4410 pro
1150 4339 1504 4396 delirameuto
1548 4349 1958 4410 reputaverunt.
2006 4337 2118 4394 Nec

2215 1876 2362 1930 bittm
2408 1890 2546 1944 pene
2595 1873 2910 1938 discrimen,
2959 1883 3138 1926 utrum
3194 1872 3369 1926 somni
3420 1872 3803 1944 imaginatione

2216 1983 2282 2022 an
2337 1967 2415 2020 rei
2455 1965 2683 2019 veritate
2731 1973 2840 2018 tam
2890 1965 3191 2018 inauditum
3251 1963 3573 2019 miraculum
3613 1981 3802 2020 cerne-

2213 2067 2354 2121 rent,
2388 2057 2655 2126 prtecipue
2685 2055 2770 2110 his
2828 2055 2919 2125 qui
2953 2056 3103 2125 prius
3153 2070 3276 2110 eum
3326 2064 3608 2109 noverant.
3655 2055 3803 2110 Inter

2216 2149 2331 2204 luce
2354 2163 2441 2202 res
2471 2147 2693 2202 ridicula
2721 2147 3020 2217 plausuque
3048 2145 3366 2215 dignissima
3403 2146 3628 2208 accidit;
3654 2162 3800 2206 nam.

2213 2250 2272 2298 ut
2309 2251 2426 2296 erat
2449 2241 2609 2295 homo
2639 2240 2943 2310 purissima:
2971 2238 3356 2309 simplicitatis,
3410 2239 3628 2308 irrepsit
3656 2238 3705 2292 ei
3751 2240 3802 2292 in

2214 2332 2377 2388 corde
2415 2330 2683 2401 superflua
2717 2331 2927 2385 timoris
2960 2331 3268 2399 trepidatio.
3308 2329 3472 2385 Forte
3521 2330 3670 2384 illum
3699 2329 3803 2385 Ge.

2214 2423 2422 2478 raldum
2457 2423 2548 2493 qui
2593 2422 2693 2476 sibi
2748 2421 2947 2476 dudum
2979 2420 3163 2475 oculos
3188 2420 3481 2484 evulserat,
3511 2420 3576 2474 ad
3632 2419 3805 2490 publi.

2213 2529 2355 2580 eam,
2385 2523 2446 2568 ut
2495 2514 2576 2578 fit,
2619 2514 3015 2568 solemnitatem
3061 2511 3407 2578 adventasse,
3455 2511 3668 2581 sibique
3710 2511 3803 2566 de-

2213 2624 2341 2673 nuo,
2373 2607 2417 2663 si
2441 2623 2567 2662 casu
2599 2607 2817 2662 obvium
2851 2607 3100 2672 haberet,
3131 2605 3324 2661 fretum
3376 2605 3579 2675 majore
3608 2619 3792 2667 manu,

2215 2709 2538 2754 renovatum
2585 2698 2868 2753 oculorum
2921 2697 3087 2751 decus
3146 2698 3384 2751 excisum
3437 2697 3560 2750 ire:
3600 2695 3803 2750 idcirco

2210 2804 2343 2861 ergo
2371 2790 2512 2844 inter
2556 2788 2842 2844 confusum
2890 2787 3258 2857 promiscuum
3304 2789 3474 2841 turbze
3513 2787 3800 2854 strepitum

2213 2897 2320 2952 quo
2369 2880 2544 2952 potuit
2596 2880 2841 2936 occultus
2897 2880 3149 2934 elabitur.
3205 2877 3452 2932 Nondum
3500 2888 3679 2932 tamen
3733 2877 3800 2930 ad

2212 2970 2429 3041 plenum
2451 2971 2517 3026 de
2546 2969 2849 3040 recuperati
2889 2969 3108 3023 luminis
3139 2969 3280 3024 dono
3302 2977 3418 3022 erat
3454 2977 3654 3031 certus,
3684 2979 3804 3022 tan-

2217 3071 2303 3118 tus
2330 3079 2452 3117 eum
2497 3061 2572 3116 rei
2617 3073 2804 3132 stupor
2831 3063 3126 3127 invaserat,
3179 3079 3301 3117 cum
3340 3061 3479 3116 forte
3525 3062 3668 3116 inter
3707 3077 3805 3114 an-

2213 3155 2420 3225 gustias
2450 3154 2731 3208 turbarum
2763 3155 2831 3208 ad
2879 3154 3163 3214 ecclesiam
3191 3153 3657 3218 concurrentium,
3686 3150 3803 3220 jam

2213 3245 2363 3302 claro
2411 3247 2499 3302 die
2546 3247 2757 3301 asinum
2815 3244 3038 3319 offendit
3086 3248 3410 3317 appositum.
3456 3246 3623 3314 Quem
3677 3263 3803 3302 cum

2215 3337 2409 3394 fuisset
2463 3339 2722 3403 intuitus,
2786 3337 2928 3392 virili
2979 3340 3270 3394 severitate
3316 3339 3668 3408 increpitans,
3721 3339 3807 3392 sic

2217 3429 2375 3485 infit:
2407 3449 2426 3482 ι
2455 3429 2598 3484 lleus
2643 3439 2720 3496 tu,
2768 3429 2951 3494 homo,
2986 3429 3231 3500 quisquis
3281 3445 3360 3494 es,
3401 3431 3598 3498 inepte,
3649 3430 3806 3500 abige

2215 3522 2430 3578 asinum
2464 3531 2635 3586 tuum,
2667 3535 2734 3576 ne
2771 3518 2867 3574 fiat
2894 3521 3192 3575 viatoribus
3215 3520 3615 3575 offendiculum.
3654 3541 3671 3572 ι
3707 3521 3807 3576 llic

2215 3615 2447 3686 primum
2488 3612 2556 3667 de
2581 3614 2808 3666 veritate
2838 3611 2963 3666 facti
2997 3610 3172 3666 factus
3203 3612 3540 3666 certissimus
3579 3613 3808 3665 secessit

2215 3713 2450 3775 praepete
2493 3704 2616 3772 fuga
2667 3703 2734 3758 ad
2781 3704 3067 3772 quemdam
3124 3712 3311 3757 notum
3365 3702 3469 3757 sibi
3523 3702 3754 3756 militum
3787 3743 3804 3768 ,

2216 3795 2370 3865 cujus
2393 3795 2743 3865 municipium
2782 3795 2833 3848 in
2870 3793 3128 3849 eminenti
3159 3810 3291 3864 rupe
3319 3795 3480 3848 situm
3507 3794 3578 3847 ita
3606 3807 3806 3847 natura

2216 3901 2396 3942 rerum
2430 3886 2667 3955 undique
2719 3886 3010 3951 munierat,
3064 3895 3122 3939 ut
3166 3885 3493 3939 omnimodis
3536 3883 3806 3938 machinis

2218 3976 2594 4032 inaccessibile
2621 3977 2916 4042 videretur,
2945 3992 3050 4030 non
3081 3992 3108 4029 a
3139 3975 3374 4030 Conchis
3398 3975 3606 4044 longius
3638 3990 3802 4045 quam

2216 4069 2489 4126 sexdecim
2533 4068 2786 4123 millibus.
2829 4068 2907 4121 Ad
2940 4067 2991 4121 id
3025 4083 3154 4138 ergo
3199 4076 3416 4137 propter
3471 4067 3804 4136 inexpugna-

2215 4164 2342 4220 bilis
2389 4165 2545 4220 vallis
2588 4164 2867 4218 tuitionem
2917 4161 3253 4232 eonfugiens,
3303 4161 3391 4214 vix
3443 4159 3734 4230 aliquando
3773 4175 3801 4212 a

2214 4255 2500 4311 monachis
2548 4255 2719 4308 multa
2765 4267 2925 4323 prece
2964 4261 3239 4311 exoratus,
3282 4251 3560 4320 multaque
3599 4248 3806 4303 securi-

2217 4356 2327 4403 tate
2349 4349 2583 4403 donatus
2613 4346 2793 4401 rediit.
2825 4344 2977 4411 Quod
3009 4360 3140 4412 cum.
3162 4343 3402 4413 plerique
3440 4356 3651 4405 omnes,
3692 4349 3802 4393 tam

527 4445 711 4492 tamen
767 4434 960 4503 ereptis
1015 4433 1282 4488 desistens
1354 4448 1478 4488 cum
1538 4431 1780 4502 singulos
1833 4431 2110 4501 sigillatim

2217 4455 2283 4494 ex
2314 4439 2618 4508 longinquis
2655 4452 2816 4506 quam
2874 4433 3138 4506 proximis
3174 4433 3484 4503 regionibus
3528 4429 3804 4485 conflueno

519 4524 907 4596 supplicando,
953 4521 1340 4577 circumfusam
1394 4521 1653 4591 rogitaret
1688 4521 2110 4586 multitudinem,

521 4631 779 4688 quaerens
805 4615 1090 4672 duodecim
1131 4615 1488 4684 Oppignerare
1537 4614 1810 4678 denarios,
1851 4628 1882 4667 e
1909 4614 2121 4669 caneris

526 4709 746 4765 tandem
793 4707 1016 4778 quidam
1065 4704 1219 4777 l-lugo
1268 4720 1326 4759 se
1381 4703 1696 4775 prmferens,
1752 4705 1879 4760 huic
1931 4713 2118 4774 aperta

525 4816 786 4857 crumena
829 4799 1000 4871 gratis
1036 4813 1130 4853 sex
1180 4813 1432 4852 nummos
1473 4813 1596 4853 cum
1625 4798 1784 4854 obolo
1831 4796 2113 4868 porrexit;

525 4892 891 4962 quitantum,
944 4905 1104 4959 quem
1149 4888 1203 4942 in
1261 4889 1469 4944 visione
1517 4899 1820 4960 acceperat,
1879 4880 2156 4944 excessit-

529 4995 836 5036 numerum.
880 4977 1033 5033 Tunc
1081 4994 1186 5033 non
1218 4977 1502 5033 immemor
1553 4978 1777 5033 visionis
1814 4978 2008 5033 divinas
2054 4978 2116 5032 fit

513 5073 731 5130 .certior
761 5073 826 5128 de
847 5070 1026 5125 futura
1059 5071 1438 5142 promissione.
1465 5071 1603 5139 Quid
1632 5071 1811 5126 verbis
1831 5087 1966 5142 opus
1991 5072 2114 5127 est?

529 5166 660 5222 Adit
708 5163 910 5226 locum,
941 5163 1206 5218 visionem
1258 5161 1433 5232 prodit
1489 5161 1815 5223 senioribus,
1869 5162 1999 5216 emit
2029 5177 2116 5216 ce—

509 5271 680 5320 reos,
710 5254 930 5326 apponit
960 5254 1242 5317 altaribus,
1269 5255 1501 5309 excubat
1527 5269 1708 5310 coram
1738 5269 1902 5309 aurea
1925 5270 2113 5309 sacra-

532 5348 757 5404 tissima:
779 5345 1000 5414 virginis
1028 5343 1287 5413 imagine.
1318 5343 1476 5400 Circa
1528 5353 1706 5400 autem
1737 5345 1974 5399 medium
2021 5361 2116 5400 no-

530 5442 638 5497 etis
662 5440 873 5496 videtur
899 5438 1083 5493 videre
1125 5437 1181 5491 in
1225 5436 1504 5492 oculorum
1551 5437 1654 5492 sibi
1697 5437 2002 5492 excisorum
2039 5436 2120 5492 lo-

532 5535 699 5590 cellos
727 5533 969 5605 geminas
993 5530 1216 5602 fulgoris
1241 5531 1398 5601 quasi
1435 5529 1651 5594 baccas,
1685 5537 1776 5584 aut
1809 5529 1927 5600 plus
1954 5543 2116 5598 quam

534 5627 669 5683 lauri
701 5628 911 5684 arboris
954 5642 1196 5699 magnas,
1247 5624 1532 5680 desursum
1564 5623 1760 5689 emitti,
1802 5623 2119 5692 penitusque

535 5719 706 5792 inﬁgi.
757 5721 873 5788 Qua
902 5721 1114 5799 statim
1165 5713 1610 5774 reverberatione
1662 5712 1921 5771 confusus
1968 5727 2118 5770 cerc-

2220 4540 2339 4593 tes,
2395 4543 2492 4600 pro
2538 4527 2782 4581 inaudito
2831 4524 3093 4579 miraculo
3154 4539 3274 4577 eum
3329 4522 3575 4579 certatim
3617 4521 3806 4574 videre

2215 4616 2496 4681 festinant,
2530 4615 2787 4671 nonnulla
2819 4616 2866 4669 ei
2898 4613 3162 4669 beneficia
3205 4613 3493 4667 indulsisse
3543 4613 3806 4665 abeuntes

2215 4709 2579 4780 gratulantur.
2638 4707 2769 4773 Qua:
2822 4721 2910 4760 res
2953 4713 3014 4758 ut
3053 4719 3119 4758 ex
3150 4705 3299 4757 omni
3336 4712 3489 4774 parte
3526 4701 3806 4756 dubietate

2213 4807 2451 4862 careret,
2483 4811 2588 4850 non
2624 4796 2808 4849 statim
2837 4794 2928 4848 ubi
2977 4807 3119 4862 saepe
3150 4793 3326 4847 dictus
3353 4792 3653 4846 Witbertus
3675 4805 3806 4844 oeu-

2215 4898 2283 4953 lis
2309 4897 2551 4968 privatus
2576 4897 2803 4960 exstitit,
2836 4895 2983 4948 illum
3012 4893 3290 4948 miseratio
3318 4893 3526 4946 sanavit
3551 4908 3566 4958 ;
3592 4906 3806 4953 verum,

2220 5001 2673 5073 utsupradictum
2724 5009 2826 5066 est,
2876 5006 2988 5054 toto
3015 5014 3158 5054 anno
3198 5013 3230 5051 a
3277 4996 3448 5051 salute
3501 4994 3805 5064 suspendit,

2222 5114 2449 5176 arteque
2505 5106 2668 5161 etiam
2727 5102 3080 5159 seurrilitatis
3122 5099 3491 5170 compluribus
3528 5100 3640 5154 suis
3683 5111 3811 5168 pro.

2219 5206 2544 5262 vincialibus
2572 5206 2746 5262 oculis
2769 5214 2986 5274 captum
3024 5201 3250 5263 notavit,
3276 5207 3635 5269 notatumque
3675 5214 3809 5254 cuu-

2221 5311 2324 5366 Ctis
2349 5309 2414 5364 ad
2435 5309 2681 5362 ultimum
2706 5307 2936 5362 sanavit.
2977 5303 3036 5358 In
3064 5319 3172 5373 quo
3215 5302 3345 5357 nihil
3369 5317 3434 5358 eo
3462 5299 3690 5357 inferius
3716 5314 3808 5368 ge-

2220 5421 2361 5468 stum
2389 5421 2474 5466 est
2519 5407 2862 5474 miraculum,
2905 5407 3047 5478 quod
3088 5407 3142 5462 in
3201 5403 3492 5475 Evangelia
3542 5402 3607 5457 de
3659 5414 3807 5455 caeco

2220 5523 2349 5568 nato
2371 5513 2566 5584 legitur
2594 5527 2609 5578 ;
2639 5522 2693 5568 et
2719 5511 2887 5566 etiam
2935 5509 3103 5565 multo
3146 5507 3487 5571 mirabilius;
3539 5500 3807 5572 siquidem

2221 5614 2336 5684 ipsa
2365 5610 2580 5668 Veritas
2610 5625 2872 5682 sequaces
2904 5624 3032 5665 suos
3084 5608 3292 5678 majora
3337 5605 3523 5676 utique
3553 5617 3715 5673 quam
3747 5614 3808 5654 se

2224 5710 2465 5767 facturos
2503 5724 2624 5768 esse
2669 5696 3026 5781 promiserit,
3049 5707 3300 5779 inquiens
3333 5723 3346 5761 :
3380 5725 3398 5757 ι
3425 5703 3526 5772 Qui
3552 5700 3724 5759 credit
3750 5699 3804 5752 in
