4088 6420
269 354 358 418 lS‘l

1261 365 1388 434 LIB.
1429 379 1516 436 DE
1549 381 1921 442 MIRACULIS
1945 385 2236 444 SANCTAS
2279 388 2472 446 FlDlS.

3426 403 3527 463 138

265 493 364 586 me.
394 495 581 586 opera.
606 496 727 554 qua
771 499 870 586 ego
897 482 1055 554 facio,
1084 496 1157 586 ft
1197 491 1310 560 ipse
1342 493 1524 559 faciet,
1555 506 1612 552 et
1642 498 1845 569 majora
1879 504 1922 564 Λ
1957 502 2127 558 multo
2150 505 2598 576 magisfgravatus
2618 508 3007 578 occidit.Qno.l
3031 514 3533 586 videnshomo,ho-

267 569 452 626 lterum
476 569 663 640 faciet,
695 575 820 645 quia
853 592 953 647 ego
984 581 1049 632 ad
1084 579 1300 637 Patrem
1330 585 1486 642 vado.
1510 605 1528 638 ι

893 690 1122 750 CAPUT
1154 694 1215 749 ll.

749 781 824 836 De
850 783 992 838 mulo
1027 785 1361 841 resuscitato.

335 870 564 928 Veniens
590 871 810 942 quidam
839 873 991 931 miles
1021 876 1086 929 de
1114 891 1249 947 pago
1300 870 1588 942 Tolosano,
1640 880 1849 938 Bonus-

205 963 402 1019 ~L’lilius
438 965 680 1030 nomine,
728 966 880 1036 cujus
921 966 1064 1021 ﬁlius
1112 970 1290 1024 adhuc
1336 982 1610 1041 superstes
1657 975 1847 1030 eodem

269 1065 512 1110 censetur
564 1055 866 1124 vocabulo,
917 1058 982 1112 ad
1045 1069 1294 1115 sanctum
1352 1062 1576 1134 virginis
1632 1064 1846 1130 locmn,

267 1162 380 1202 cum
399 1148 513 1219 jam
539 1165 642 1204 non
665 1149 873 1220 longius
892 1167 920 1204 a
943 1151 1061 1206 vico
1077 1152 1617 1224 Conchaeensiquam
1639 1155 1849 1213 duobus

268 1238 429 1292 ferme
484 1235 702 1294 abesset
748 1239 1004 1304 millibus,
1063 1238 1369 1311 jumentum
1429 1245 1516 1300 cui
1555 1245 1846 1311 insidebat,

263 1329 439 1384 nescio
471 1343 578 1398 quo
600 1330 789 1385 morbo
814 1344 1151 1400 percussum,
1200 1342 1422 1403 repente
1469 1335 1528 1388 lit
1571 1337 1843 1392 exanimo.

260 1417 550 1474 Conductis
611 1434 742 1492 ergo
775 1420 1015 1488 rusticis,
1071 1432 1130 1477 ut
1173 1427 1407 1480 cadaver
1453 1427 1603 1481 corio
1630 1426 1847 1498 detege-

263 1518 375 1564 rent
401 1512 678 1581 praecepit.
714 1510 829 1582 Ipse
860 1527 1012 1578 vero,
1049 1529 1146 1584 pro
1169 1516 1324 1586 cujus
1349 1533 1535 1573 amore
1565 1519 1670 1574 iter
1697 1519 1844 1591 egis-

261 1611 360 1665 set,
390 1601 462 1656 ad
509 1613 754 1657 sanctam
803 1604 1073 1674 processit
1126 1606 1435 1676 virginemv;
1484 1608 1708 1679 soloque
1756 1611 1849 1666 de-

260 1691 550 1758 cumbens,
599 1692 778 1749 fundit
826 1711 1036 1766 preces,
1068 1700 1339 1768 expromit
1375 1709 1518 1757 vota.
1563 1703 1847 1760 Postremo

259 1797 379 1840 ante
431 1799 659 1841 auream
707 1788 1091 1845 sacratissime
1133 1793 1393 1864 martyris
1447 1795 1736 1864 imaginem
1779 1799 1848 1854 de

260 1876 550 1932 amissione
604 1877 735 1945 tnuli
784 1889 1113 1950 conquestus
1159 1891 1261 1938 est.
1311 1882 1449 1938 Nam
1507 1887 1635 1955 quia
1703 1886 1846 1943 idem

261 1967 435 2022 mulus
464 1969 952 2038 prmstantissiurus
982 1987 1231 2043 peneque
1253 1973 1693 2045 incomparabilis
1719 1977 1846 2034 fuiso

258 2067 354 2122 set,
406 2059 696 2130 praplerea
749 2062 911 2117 nimis
961 2064 1202 2134 graviter
1248 2067 1400 2122 triste
1451 2068 1647 2123 tulerat
1683 2071 1846 2126 amis-

258 2161 394 2215 sinu,
427 2152 734 2220 praesertim
777 2167 901 2208 cum
932 2153 986 2209 in
1037 2155 1182 2211 bono
1212 2172 1377 2228 opere
1425 2159 1709 2215 desudanti
1745 2161 1848 2216 ini-

260 2241 426 2294 mirus
464 2242 766 2310 praevalens
792 2243 1048 2299 damnum
1079 2247 1179 2302 sibi
1210 2249 1496 2306 intulisset.
1527 2251 1692 2322 Cujus
1720 2253 1847 2309 fidei

258 2330 501 2386 soliditas
533 2347 638 2387 non
682 2350 848 2405 parva
899 2334 1058 2392 laude
1101 2339 1318 2394 videtur
1348 2341 1652 2398 extollenda
1679 2359 1696 2411 ;
1723 2359 1846 2400 nam

258 2423 342 2476 ubi
385 2423 459 2476 ab
503 2425 750 2481 oratione
790 2427 971 2495 desiit,
1006 2430 1206 2498 mulus,
1262 2433 1488 2504 pedibus
1512 2435 1709 2506 quibus
1731 2437 1846 2508 jam

259 2513 552 2568 tenebatur
591 2519 990 2589 excoriaudus,
1036 2531 1330 2594 utrumque
1376 2528 1637 2582 rusticum
1685 2529 1847 2585 calci-

259 2606 454 2661 trando
493 2607 706 2680 longius
743 2626 957 2680 arcens,
988 2615 1210 2686 (mirum
1233 2617 1376 2672 dictu
1399 2619 1704 2690 llredivivo
1724 2598 1863 2692 pro;

259 2695 384 2751 siliit
431 2698 599 2766 saltu,
653 2710 818 2773 atque
865 2719 963 2774 per
1011 2706 1190 2762 media
1244 2710 1507 2765 montium
1539 2712 1846 2778 cacumina,

254 2790 530 2845 sociorum
563 2792 876 2850 animalium
904 2797 1121 2854 inhians
1146 2800 1413 2872 vestigiis,
1436 2804 1738 2873 prorumpit
1781 2804 1850 2861 ad

255 2880 464 2938 vicum.
488 2881 756 2940 Cerneres
785 2886 1006 2954 animal,
1041 2899 1097 2943 ut
1142 2890 1196 2945 hi
1221 2892 1311 2960 qui
1335 2903 1632 2963 prmsentes
1657 2894 1849 2951 adfue-

256 2984 378 3028 runt
401 2990 652 3046 persaepe
695 2977 855 3034 nobis
882 2988 1168 3048 testantur,
1199 2981 1673 3053 juxtalmodulum
1701 2986 1848 3043 bruti

254 3082 445 3125 sensus
477 3080 811 3142 recuperata:
863 3072 986 3128 vita:
1031 3075 1229 3145 gaudio
1271 3074 1506 3144 ﬂuitare,
1554 3093 1849 3149 conmque

252 3160 480 3216 ecclesia
512 3164 827 3219 cursitando
869 3179 968 3235 per
1014 3165 1274 3237 plateam,
1323 3168 1721 3238 quodammodo
1773 3169 1851 3224 fa-

253 3251 419 3306 ctoris
447 3249 750 3308 bonitatem
776 3255 1004 3321 sentire,
1039 3270 1103 3310 ac
1132 3255 1360 3325 proinde
1401 3258 1594 3314 crebro
1623 3258 1840 3315 hinnitu

251 3353 435 3414 grates
467 3345 580 3402 Deo
606 3345 829 3415 referre,
858 3349 950 3418 qui
981 3348 1073 3404 dat
1088 3347 1354 3419 jumentis
1375 3367 1556 3409 escam
1582 3353 1844 3424 ipsorum,

253 3447 306 3491 et
332 3439 499 3509 pullis
545 3454 834 3495 corvorum
889 3441 1267 3498 invocantibus
1314 3458 1458 3498 eum.
1507 3444 1678 3512 Quem
1711 3461 1848 3517 pra:-

249 3534 448 3604 cipites
479 3533 671 3590 rustici
730 3533 978 3598 insecuti,
1010 3542 1325 3590 cruentatas
1350 3535 1524 3592 adlmc
1572 3547 1850 3608 gestantes

250 3626 486 3692 cultros,
543 3626 719 3682 visum
752 3625 1056 3696 prodigium
1089 3641 1253 3697 super
1283 3627 1426 3682 mulo
1486 3627 1663 3684 adhuc
1694 3628 1851 3684 dubi-

251 3721 500 3775 tantibus
523 3726 806 3774 enarrant.
845 3717 911 3772 Et
939 3726 998 3772 ut
1028 3728 1178 3774 certa
1214 3719 1398 3789 opinio
1445 3735 1549 3776 non
1580 3721 1740 3778 modo
1769 3721 1851 3776 vi-

258 3812 509 3867 dentium
561 3827 656 3868 ore
711 3819 860 3866 esset
904 3820 1194 3876 contenta,
1249 3810 1344 3865 sed
1396 3811 1559 3866 etiam
1613 3811 1849 3882 quadam

248 3919 514 3976 expressa
567 3903 836 3974 scriptura
892 3917 1109 3958 onmem
1147 3902 1517 3973 ambiguitatis
1563 3913 1852 3960 evacuaret

248 4009 497 4051 errorem
525 4036 542 4061 ,
603 3995 691 4051 hic
737 3995 791 4050 in
846 4004 1077 4067 utroque
1123 3995 1424 4064 posteriore
1464 4009 1624 4050 crure
1665 4011 1853 4053 recen-

248 4087 384 4143 tium
409 4086 699 4159 plagarum
746 4085 926 4142 sulcos
955 4086 1152 4159 (instar
1183 4086 1674 4142 vetustissimarum
1703 4088 1852 4143 cica-

247 4180 478 4248 tricum,
505 4179 630 4252 pilis
652 4179 815 4236 etiam
837 4178 1276 4249 caneseentibus)
1295 4179 1485 4235 eadem
1527 4179 1660 4234 hora
1682 4179 1853 4236 solida

242 4271 509 4343 jnnctura
537 4264 887 4338 reformatos,
929 4274 1102 4330 donec
1138 4272 1407 4344 superfuit
1435 4271 1631 4338 mulus,
1679 4287 1856 4328 resur-

249 4368 522 4424 rectionis
544 4365 800 4422 indicium
825 4365 1055 4439 [gessit].
1085 4365 1239 4421 Miles
1261 4381 1390 4422 vero
1413 4365 1524 4419 Deo
1546 4373 1856 4434 sanctzeque

246 4457 367 4527 ejus
409 4472 516 4531 pro
545 4458 848 4528 gratiarum
876 4458 1092 4514 actione
1141 4473 1306 4514 unum
1343 4472 1569 4513 aureum
1596 4455 1850 4524 offerens,

1951 595 2074 664 spiti
2099 612 2197 651 suo
2229 601 2501 655 venundat
2527 600 2758 657 corium.
2784 602 2882 658 Cui
2909 621 3030 659 cum
3055 610 3418 677 nequissimus
3441 611 3538 673 ho-

1949 699 2074 753 spes
2094 702 2253 754 quam
2272 688 2550 744 minimum
2563 692 2792 762 pretium
2813 694 3133 765 porrigeret,
3151 709 3300 754 ratus
3321 702 3472 770 quia,
3495 723 3519 757 ι

1885 826 1890 831 .
1950 775 1994 830 si
2035 776 2166 831 nihil
2196 779 2372 845 daret,
2409 779 2595 836 itidem
2632 791 2812 839 tamen
2855 784 3100 856 haberet,
3136 789 3224 846 ille
3251 789 3544 852 Geraldus.

1948 865 2104 922 valde
2126 867 2458 938 indignatus,
2483 885 2581 942 per
2624 874 2805 929 varias
2832 891 3074 932 cmsuras
3110 879 3162 934 in
3197 880 3360 953 longo
3401 891 3458 938 et
3493 882 3546 936 in

1948 963 2258 1028 transverso
2279 962 2452 1015 sulcat
2479 963 2763 1019 cadaveris
2785 965 2944 1034 latus,
2960 984 3026 1024 ne
3043 971 3312 1042 videlicet,
3338 991 3398 1031 se
3421 975 3548 1030 inde

1949 1046 2202 1114 abeunte,
2219 1051 2448 1110 infidelis
2464 1055 2658 1126 hospes
2685 1058 2893 1130 integro
2909 1069 3121 1133 tergore
3142 1067 3421 1135 gauderet.
3445 1066 3547 1122 De-

1952 1139 2136 1208 nique,
2167 1155 2383 1215 arrepto
2404 1161 2516 1202 sua:
2546 1150 3004 1220 peregrinationis
3045 1155 3258 1223 bacillo,
3283 1162 3536 1218 exstincti

1944 1227 2175 1298 jumenti
2198 1235 2415 1291 oculum
2446 1238 2668 1309 cuspide
2690 1241 3020 1310 perfodiens,
3053 1247 3391 1321 caudamque
3417 1266 3539 1322 per-

1949 1323 2179 1388 cutiens,
2209 1325 2278 1379 ita
2306 1326 2628 1384 furibundus
2658 1331 2813 1386 iniit:
2844 1353 2862 1381 ι
2893 1334 3031 1401 Quid
3061 1353 3203 1395 nunc
3229 1340 3537 1398 detrimenti

1955 1423 2142 1467 sancta
2177 1414 2334 1470 Fides
2356 1425 2654 1486 pateretur,
2685 1421 2730 1474 si
2760 1421 2900 1477 inter
2921 1424 3025 1478 alia
3049 1428 3344 1484 sanitatum
3375 1432 3537 1494 dona.

1951 1504 2077 1558 huic
2125 1505 2289 1560 etiam
2340 1507 2486 1562 mulo
2531 1513 2824 1568 sanitatem
2880 1516 3130 1582 reddens,
3165 1529 3272 1575 tam
3323 1521 3538 1594 longam

1949 1595 2228 1650 candelam
2251 1597 2351 1652 sibi
2381 1601 2673 1656 sortiretur
2698 1603 2721 1656 ?
2750 1603 2906 1660 Modo
2931 1607 3101 1664 miser
3127 1610 3322 1682 duplici
3345 1613 3540 1670 discri-

1951 1686 2097 1741 mine
2141 1685 2330 1754 ferior,
2383 1689 2528 1746 inter
2561 1693 2676 1748 vias
2703 1695 2970 1763 pedestris
3014 1704 3364 1771 remanendo,
3408 1705 3536 1760 etin

1952 1779 2186 1847 patriam
2238 1780 2422 1837 decies
2484 1781 2658 1839 denos
2720 1783 2922 1840 solidos
2970 1785 3126 1844 fratri
3183 1793 3540 1860 persolvendo

1881 1858 1922 1916 Β
1953 1870 2109 1941 (tanti
2150 1873 2292 1928 enim
2344 1874 2506 1928 ambo
2557 1875 2788 1932 invicem
2853 1881 3098 1948 germani
3145 1858 3213 1938 de
3258 1885 3403 1941 mulo
3450 1887 3542 1942 illo

1953 1971 2342 2028 convenerant,
2368 1963 2412 2018 si
2433 1963 2570 2019 forte
2593 1968 2785 2023 mortis
2804 1971 3104 2038 periculum
3129 1973 3488 2041 incurrisset).
3515 1999 3531 2030 ο

1950 2051 2018 2107 Ει
2047 2053 2134 2108 vix
2166 2054 2253 2111 ille
2303 2054 2418 2111 haec
2443 2057 2770 2126 paucissima
2798 2061 2963 2118 verba
2992 2064 3378 2134 compleverat,
3417 2084 3540 2124 cum

1954 2147 2206 2201 revivens
2248 2149 2428 2204 mulus
2468 2151 2606 2206 saltu
2643 2153 2908 2210 citissime
2943 2157 3188 2212 COIlSlllll
3213 2160 3539 2230 quadrupes.

1952 2241 2020 2298 Et
2049 2256 2118 2297 ne
2145 2243 2268 2311 quis
2299 2243 2402 2300 nisi
2448 2259 2480 2298 a
2512 2260 2637 2300 vera
2672 2256 2849 2302 morte
2892 2248 3042 2303 illum
3085 2251 3382 2306 aestimaret
3403 2253 3541 2307 exsi-

1949 2331 2072 2402 lire,
2105 2333 2158 2389 in
2191 2335 2305 2405 ipso
2330 2347 2532 2406 puncto
2556 2339 2816 2409 temporis
2856 2356 2964 2411 quo
2996 2342 3048 2396 id
3085 2353 3265 2398 actum
3293 2355 3395 2410 est,
3424 2361 3543 2401 ver-

1949 2424 2154 2481 nabant
2177 2425 2231 2482 in
2265 2429 2481 2483 modum
2507 2429 2736 2500 pictura:
2756 2432 3010 2488 universa
3042 2432 3380 2491 detruncatae
3400 2438 3542 2492 cutis

1951 2517 2231 2588 stigmata,
2258 2534 2364 2574 non
2385 2518 2500 2588 jam
2535 2520 2847 2591 perfusione
2878 2524 3092 2581 cruoris
3135 2527 3392 2593 recentia,
3422 2530 3538 2590 sed,

1950 2617 2012 2664 ut
2036 2609 2102 2665 de
2131 2609 2238 2666 alio
2259 2610 2394 2674 dixi,
2426 2613 2663 2681 quodam
2716 2613 2891 2668 nitore
2938 2614 3212 2686 lanuginis
3243 2633 3338 2672 ceu
3371 2627 3543 2674 veter-

1953 2718 2110 2758 nosa.
2139 2702 2260 2770 Quo
2296 2702 2441 2760 facto
2492 2716 2830 2762 memoratus
2874 2706 3140 2763 Geraldus
3186 2710 3422 2766 maxime
3451 2726 3542 2782 ga-

1953 2808 2121 2859 vnsus,
2148 2793 2311 2848 rediit
2351 2795 2592 2860 domum,
2641 2795 2861 2867 Deoque
2913 2812 2978 2852 ac
3025 2809 3232 2854 sancta:
3276 2800 3393 2868 ejus
3419 2817 3542 2871 gra-

1955 2884 2058 2939 tias
2086 2885 2199 2956 egit
2219 2885 2488 2956 ingentes,
2536 2884 2776 2956 factiqne
2808 2888 3052 2945 miraculi
3083 2890 3374 2946 novitatem
3422 2908 3543 2961 pas-

1952 2976 2054 3030 sim
2085 2976 2484 3033 disseminavit.
2511 2977 2646 3032 Nota
2681 2978 2935 3034 nobilitas
2975 2981 3074 3035 viri
3099 2981 3305 3051 pariter
3327 2991 3382 3036 et
3411 2983 3544 3040 lides

1953 3069 2204 3126 omnibus
2222 3081 2343 3125 erat
2373 3088 2387 3136 ;
2416 3072 2509 3140 qui
2544 3087 2613 3126 ne
2643 3080 2846 3127 temere
2877 3071 2959 3127 vel
2997 3071 3216 3140 garrule
3244 3073 3540 3142 quidquam

1955 3163 2233 3218 videretur
2277 3163 2504 3230 referre,
2555 3163 2759 3218 mulum
2805 3164 3120 3218 vulneribus
3162 3172 3406 3218 notatum
3449 3164 3545 3218 ha-

1953 3257 2071 3311 buit
2094 3257 2604 3328 impraesentiarum.
2633 3255 2746 3311 lloe
2787 3257 2885 3327 ipsi
2941 3257 3212 3322 monachi,
3245 3257 3338 3311 sed
3372 3265 3429 3311 et
3452 3257 3543 3311 alii

1951 3348 2281 3418 complures,
2306 3349 2397 3419 qui
2444 3349 2620 3418 ipsum
2651 3347 2940 3404 Geraldum
2972 3357 3161 3420 postea
3201 3349 3322 3418 plus
3350 3348 3545 3404 millies

1951 3443 2226 3508 viderunt,
2261 3443 2392 3497 mihi
2445 3453 2824 3497 narraverunt.
2857 3443 2963 3498 Sed
3009 3453 3066 3496 ut
3113 3444 3180 3496 ad
3231 3442 3395 3497 linem
3423 3459 3543 3499 vcr-

1952 3536 2143 3592 borum
2165 3551 2542 3608 properemus,
2567 3538 2688 3606 quis
2720 3537 2946 3590 insanus
2973 3536 3111 3590 ultra
3147 3537 3426 3591 hominum
3460 3551 3544 3590 re-

1951 3627 2344 3683 surrectionem
2379 3625 2494 3680 fore
2527 3626 2738 3681 dubitet
2771 3627 2822 3680 iu
2870 3624 3075 3689 futuro,
3107 3627 3323 3695 quando
3343 3624 3457 3695 jam
3485 3627 3538 3681 in

1951 3714 2203 3786 praesenti
2231 3723 2521 3786 resurgunt
2556 3714 2722 3768 etiam
2750 3715 3044 3768 animalia?

2561 3807 2790 3864 CAPUT
2841 3807 2929 3862 IV.

2050 3902 2131 3959 De
2159 3901 2357 3958 annulo
2382 3910 2569 3972 negato
2593 3910 2639 3954 et
2660 3911 2835 3971 postea
2863 3911 3057 3955 sanrlw
3082 3899 3205 3955 Fidi
3235 3901 3455 3956 reddito.

2023 3996 2281 4064 Quaedam
2311 3995 2510 4050 nobilis
2537 4004 2808 4059 matrona,
2839 3994 3024 4048 audita
3049 3993 3191 4049 fama
3221 3996 3287 4050 de
3323 3994 3540 4049 virtuti-

1954 4091 2056 4146 bus
2084 4097 2288 4145 sanelze
2315 4088 2482 4152 Fidis,
2506 4087 2631 4143 illuc
2677 4088 2826 4142 abire
2857 4090 3089 4156 paravit.
3115 4089 3248 4156 Quae
3285 4105 3408 4143 cum
3435 4089 3540 4143 iter

1954 4184 2278 4254 inceptaret,
2317 4181 2654 4244 recordatur,
2683 4178 2790 4248 iam
2835 4179 3226 4250 aliquantulum
3278 4196 3306 4233 a
3356 4180 3544 4236 limine

1954 4289 2238 4347 progressa
2249 4273 2410 4343 ,quod
2438 4272 2899 4344 peregrinantium
2924 4271 3153 4326 aunulos
3174 4281 3359 4328 sancta
3379 4272 3546 4329 Fides

1956 4366 2010 4421 in
2043 4363 2250 4420 somnis
2269 4364 2606 4433 quzeritaret.
2635 4363 2756 4420 Mox
2802 4378 2934 4434 ergo
2978 4374 3124 4419 retro
3166 4364 3296 4419 facit
3327 4365 3538 4434 pedem,

1956 4457 2340 4528 propriumque
2365 4455 2649 4522 annulum,
2678 4456 2745 4512 de
2772 4456 2941 4526 digito
2981 4456 3315 4522 detractum,
3361 4472 3546 4513 arces-

245 4560 427 4615 retro,
454 4550 601 4605 unde
633 4556 880 4615 venerat,
905 4549 1197 4605 revertitur
1225 4549 1290 4603 ad
1323 4548 1553 4620 patriam
1586 4567 1598 4602 :
1627 4549 1850 4620 ipsoque
1882 4557 1930 4618 ι)
1955 4549 2074 4604 sitae
2115 4547 2463 4604 eubiculariae
2507 4547 2919 4604 custodiendum
2978 4551 3290 4606 committit.
3349 4569 3368 4602 ι
3399 4551 3542 4620 Cape

245 4641 479 4696 animali
537 4650 740 4697 sancta:
781 4639 934 4696 Fidei
978 4640 1232 4706 remisso,
1271 4639 1520 4711 plurimis
1562 4649 1685 4710 post
1728 4640 1853 4695 inde

245 4733 414 4789 annis
456 4732 689 4805 plurima
721 4731 770 4788 ci
793 4732 1020 4788 donaria
1047 4733 1332 4804 delegavit.

882 4821 1110 4878 CAPUT
1149 4823 1234 4876 Ill.

717 4912 846 4968 Item
868 4912 1040 4967 simile
1070 4911 1402 4968 miraculum.

319 5003 488 5061 Miles
537 5003 759 5075 quidam
808 5002 1096 5069 Geraldus,
1145 5003 1286 5058 haud
1319 5004 1552 5059 obscura
1597 5019 1848 5075 persona,

247 5101 588 5157 morabatur
613 5099 666 5152 in
695 5113 832 5169 pago
857 5097 1188 5162 Rutbenico,
1215 5097 1268 5152 in
1301 5095 1421 5150 villa
1453 5096 1702 5152 videlicet
1732 5112 1852 5166 qua:

248 5193 482 5248 Villaris
529 5199 910 5259 nuncupatur,
971 5190 1182 5245 distans
1236 5202 1265 5241 a
1312 5187 1548 5243 Conchis
1578 5187 1708 5251 fere
1757 5201 1851 5242 sex

189 5283 191 5285 ’
247 5297 521 5356 passuum
555 5279 809 5336 millibus.
849 5278 950 5335 llic
1001 5295 1126 5336 cum
1169 5277 1337 5333 Roma
1370 5278 1661 5348 aliquando
1715 5277 1850 5333 redi-

251 5385 361 5441 ret,
415 5372 618 5429 accidit
667 5380 726 5428 ut
766 5372 968 5436 mulus,
998 5386 1159 5442 quem
1187 5386 1216 5424 a
1258 5369 1426 5425 fratre
1466 5385 1564 5425 suo
1612 5370 1855 5425 Barnado

247 5470 466 5526 clerico
484 5475 769 5536 acceperat
791 5476 1001 5529 mutuo,
1023 5464 1209 5520 nescio
1226 5479 1334 5534 quo
1354 5463 1483 5518 vitio
1496 5462 1698 5518 fractus
1721 5461 1852 5517 deft~

249 5577 383 5617 cere
403 5560 684 5630 cmpisset.
706 5557 778 5614 At
801 5562 914 5629 ipse
935 5565 1136 5612 sancta:
1158 5554 1325 5621 Fidis,
1349 5570 1512 5625 quam
1536 5563 1592 5608 ut
1616 5553 1849 5608 vicinam

195 5692 198 5696 -
250 5654 521 5717 habebat,
568 5652 954 5708 miraculorum
995 5650 1331 5714 recordatus,
1367 5649 1514 5702 vovit
1553 5648 1729 5704 eidem
1755 5663 1852 5717 pro

249 5745 442 5800 salute
464 5744 719 5800 animalis
745 5743 1048 5807 candelam,
1067 5741 1457 5812 longitudinem
1481 5738 1622 5813 [ejus
1642 5739 1848 5812 caudae]

253 5841 598 5898 habituram.
645 5839 753 5894 Nec
798 5849 974 5894 tamen
1013 5837 1400 5892 convalescc-zts
1432 5836 1629 5901 titulus,
1665 5850 1850 5890 vcrazm

671 5936 945 5994 Ριτιιοι..
978 5928 1198 5992 CXLI.

1959 4640 2124 4705 hunc,
2158 4639 2352 4708 inquit,
2407 4647 2569 4709 atque
2618 4649 2832 4695 servato
2875 4639 3004 4695 dum
3042 4642 3225 4706 redeo,
3272 4658 3339 4697 ne
3400 4643 3542 4698 forte

1959 4742 2144 4789 sancta
2195 4733 2354 4790 Fides
2400 4733 2710 4804 quaesitum,
2754 4735 2800 4789 si
2840 4735 3088 4791 detulere
3147 4738 3215 4792 ad
3271 4737 3539 4800 Conchas,

1960 4824 2091 4879 mihi
2122 4824 2351 4884 auferat.
2413 4846 2431 4877 υ
2478 4823 2682 4894 Nempe
2735 4826 2852 4881 haec
2901 4835 3119 4883 astute:
3155 4837 3410 4898 tanquam
3445 4828 3538 4882 ali-

1958 4915 2115 4986 cujus
2165 4915 2375 4971 cautela
2419 4915 2697 4972 declinare
2729 4920 2901 4988 possit
2940 4918 3080 4974 illius
3125 4920 3542 4989 providentiam,

1958 5006 2049 5075 qui
2081 5015 2374 5076 antequam
2404 5005 2540 5062 fiant
2567 5008 2825 5078 praevidet
2854 5009 3056 5066 omnia.
3100 5009 3238 5077 Quid
3274 5009 3471 5079 plura?
3503 5010 3545 5062 lt

1955 5098 2170 5161 innlier,
2222 5098 2383 5153 solvit
2423 5100 2733 5154 orationum
2776 5100 2978 5164 debita,
3031 5109 3193 5170 atque
3231 5101 3370 5156 redit
3418 5116 3542 5155 cum

1955 5205 2112 5259 pace.
2144 5189 2314 5246 Nocte
2341 5203 2662 5256 consecuta,
2705 5192 2946 5262 virginea
2987 5195 3196 5261 spectes
3248 5190 3540 5246 somnianti

1957 5294 2202 5355 apparet.
2236 5283 2367 5352 Qme
2401 5300 2546 5349 cum,
2583 5294 2787 5355 rogata,
2834 5293 3037 5338 sanetze
3083 5282 3233 5338 Fidis
3277 5282 3542 5338 vocabulo

1956 5391 2114 5432 suam
2140 5376 2388 5432 notitiam
2419 5375 2801 5440 innotesceret,
2829 5375 3076 5444 protinus
3131 5383 3190 5428 ut
3231 5373 3331 5428 sibi
3383 5373 3543 5428 detur

1958 5468 2247 5537 imperiosa
2296 5468 2618 5522 auctoritate
2659 5465 2891 5522 annulus
2934 5474 3132 5521 monet.
3175 5465 3297 5520 Mox
3329 5462 3540 5518 mulieri

1953 5575 2014 5617 se
2038 5559 2295 5615 annulum
2333 5559 2535 5614 habere
2557 5557 2915 5613 dissimulanti
2947 5558 3186 5628 suggerit
3209 5557 3337 5611 hera
3364 5555 3538 5627 ipsum

1953 5665 2078 5708 esse
2111 5665 2274 5721 quem
2303 5650 2492 5705 abiens
2521 5648 2583 5702 ad
2613 5647 2884 5714 Conchas,
2927 5663 2993 5703 ne
3042 5648 3143 5702 sibi
3192 5646 3366 5709 daret,
3390 5643 3543 5700 cubi-

1953 5746 2172 5802 cnlaria:
2199 5744 2579 5799 commisisset.
2614 5742 2769 5799 Mane
2800 5743 2942 5798 facto
2970 5747 3288 5811 experrecta
3326 5737 3538 5800 mulier,

1953 5836 2191 5890 divinam
2218 5834 2477 5910 visionem
2509 5835 2646 5889 velut
2681 5832 3078 5903 phantasticum
3108 5829 3186 5882 vel
3217 5829 3373 5880 inane
3399 5840 3541 5878 som-

3191 5923 3230 5981 5
