4088 6434
555 396 659 473 259

1616 408 1968 466 aguratum
2021 407 2465 467 scuousrrm
2505 374 2847 467 unum“.

3708 404 3817 464 HO

552 532 702 587 nium
726 537 964 601 reputat.
995 527 1100 585 Sed
1124 527 1293 583 finem
1321 526 1402 582 rei
1427 540 1596 596 quare
1625 525 1829 581 diutius.
1853 524 2132 579 immorer?
2163 531 2204 584 Α
2239 519 2403 593 facta,
2437 527 2593 581 enixa
2626 537 2710 582 est
2737 527 3003 594 alterum;
3038 541 3267 597 quorum
3313 526 3550 593 nomina,
3605 524 3814 596 primo-

547 610 696 676 Illico
725 620 920 675 nmlier
950 628 1058 673 tam
1090 616 1289 690 efﬁcaci
1321 616 1488 672 febris
1520 616 1640 687 igne
1679 632 1779 687 per
1818 614 2130 670 universum

549 709 797 780 corporis
840 710 1071 780 Spatium
1103 718 1331 763 a‘stuare
1360 707 1579 777 incipit,
1608 713 1667 761 ut
1718 706 1806 761 vix
1861 720 1966 759 una
1998 706 2131 759 hora

552 804 855 860 consistere
881 811 1080 874 posset.
1114 801 1191 857 lta
1232 811 1411 856 tamen
1454 800 1633 855 triduo
1678 812 1857 871 passa,
1888 796 2049 852 rediit
2079 799 2133 851 in

547 911 651 958 se,
705 893 1076 949 reminiscitur
1123 892 1337 963 culpae,
1389 880 1676 947 conﬁtetur
1725 889 2131 960 negligentiam.

548 982 672 1039 Mos
709 998 837 1054 ergo
867 992 924 1037 ut
957 982 1214 1053 prazcepit
1239 996 1436 1052 equum
1461 980 1651 1044 sterni,
1683 989 1742 1034 ut
1769 979 2019 1035 videlicet
2050 995 2134 1032 re.

552 1076 734 1132 cidivo
767 1074 984 1131 tramite
1012 1075 1080 1130 ad
1115 1075 1368 1130 Sanctam
1404 1072 1590 1128 Fidem
1620 1080 1909 1137 remearet,
1934 1070 2134 1125 nimius

552 1169 767 1226 ardoris
794 1170 1092 1224 remittitur
1114 1160 1310 1235 aestus;
1341 1167 1525 1236 sicque
1567 1179 1698 1219 sana
1749 1164 1789 1218 it
1836 1174 1890 1218 ct
1947 1163 2130 1234 gavisa

552 1261 717 1327 redit,
751 1276 857 1316 non
887 1259 1153 1315 modicum
1178 1259 1387 1314 lucrum
1425 1266 1682 1329 reputans
1710 1264 2017 1327 permutare
2043 1270 2134 1308 au-

552 1352 738 1407 nulum
756 1365 863 1425 pro
894 1349 1091 1406 salute.
1796 1348 1800 1352 ‘

1181 1440 1410 1498 CAPUT
1450 1442 1517 1498 ν.

1072 1533 1150 1588 De
1177 1533 1397 1588 manicis
1428 1533 1607 1587 aureis

526 1606 555 1646 ⁸’
619 1625 739 1680 Jam
766 1640 894 1681 vero
917 1634 1120 1696 quanta
1149 1640 1245 1695 per
1285 1632 1531 1678 sanctam
1589 1621 1777 1677 Fidem
1825 1619 2135 1690 huiusmodi

549 1716 810 1772 miracula
845 1716 1104 1771 Dominus
1143 1715 1359 1785 Operari
1410 1714 1665 1786 dignatus
1701 1720 1808 1780 est,
1840 1728 2000 1769 nemo
2042 1727 2138 1782 po-

550 1807 652 1860 tuit
681 1807 862 1861 omnia
891 1806 1143 1867 retinere,
1176 1817 1350 1875 neque
1390 1819 1452 1858 ea
1501 1820 1621 1874 qua:
1657 1812 1866 1859 retenta
1889 1811 2014 1857 sunt
2041 1800 2134 1856 ulli

2235 619 2399 688 geniti
2452 608 2827 688 Ray’rnundus,
2882 620 3103 675 secundi
3156 619 3436 675 Henricus.
3494 619 3587 674 lla:
3627 630 3819 691 postea

2236 708 2463 762 manica:
2491 708 2550 762 in
2574 723 2711 779 opus
2736 708 2931 764 tabula!
2962 707 3189 765 fuerunt
3214 719 3569 781 consumptre.

2853 819 3079 877 CAPUT
3118 821 3205 878 Vl.

2311 910 2386 966 De
2413 910 2626 967 muliere
2652 928 2767 984 qtae
2798 915 3083 986 usurpavit_
3096 912 3546 986 pannufum'quem
3576 913 3751 971 afterar

2552 982 2778 1038 moriens
2809 992 3006 1037 sanctis
3039 982 3161 1038 Fidi
3198 982 3497 1056 reliquerat.

2309 1073 2403 1128 Est
2428 1075 2698 1145 quoddam
2730 1075 3004 1145 Oppidum,
3051 1077 3171 1132 vico
3216 1075 3590 1133 Conchacensi
3646 1075 3825 1134 conti-

2239 1178 2423 1234 gnum,
2449 1166 2537 1220 cui
2570 1165 2672 1221 sub
2698 1162 2901 1221 ditione
2928 1168 3321 1223 monachormn
3355 1168 3572 1238 quidam
3603 1169 3820 1225 Austri-

2238 1270 2341 1309 nus
2371 1254 2722 1325 praesidebat;
2756 1256 2955 1311 dudum
2985 1254 3139 1325 cujus
3176 1272 3276 1312 nos
3325 1271 3695 1314 successorem
3739 1257 3822 1311 vi-

2238 1343 2431 1407 dimus,
2460 1358 2561 1400 nec
2586 1354 2763 1400 tamen
2789 1345 3108 1402 miraculum
3132 1346 3273 1415 quod
3295 1346 3476 1403 dicere
3506 1347 3829 1402 inchoamus

2240 1443 2426 1490 nostra
2457 1444 2618 1490 aetate
2666 1434 2767 1491 fuit
2814 1436 3115 1509 antiquius.
3158 1437 3257 1493 Hic
3283 1437 3574 1494 Austrinos
3600 1437 3824 1505 annulo,

2239 1540 2398 1596 quem
2435 1541 2574 1582 uxor
2598 1525 2905 1582 nomine....
2942 1527 3180 1582 moriens
3207 1536 3411 1584 sancta:
3460 1527 3578 1583 Fidi
3620 1528 3830 1599 promi-

2240 1624 2410 1678 serat,
2450 1615 2678 1671 alteram
2711 1616 3291 1688 nomine'Avigernam
3334 1617 3643 1687 sponsavit;
3669 1609 3831 1689 prun

2240 1721 2334 1762 sus
2370 1706 2568 1777 prioris
2602 1704 2846 1778 conjugis
2873 1706 3017 1761 dicta
3063 1716 3321 1777 tanquam
3349 1706 3630 1762 delirantis
3661 1721 3829 1776 repu-

2242 1807 2384 1854 tans.
2411 1797 2611 1853 Verum
2634 1798 2977 1869 postmodum
3003 1805 3269 1870 pretcrvm
3307 1798 3646 1870 negligentiae
3691 1799 3833 1870 digi-

546 1907 705 1953 vacat
734 1898 992 1953 scribere.
1027 1897 1207 1951 Pauca
1238 1906 1416 1952 tamen
1450 1896 1623 1950 dehis
1654 1911 1773 1965 quae
1796 1894 1975 1949 audivi
2001 1909 2137 1964 prae-
2165 1897 2213 1957 Β
2243 1899 2375 1957 tum,
2428 1890 2517 1960 qui
2564 1890 2723 1945 alieni
2765 1888 2905 1957 juris
2947 1905 3079 1945 auro
3126 1890 3371 1961 depictus
3427 1891 3830 1953 ostentabatur.

548 1990 680 2047 fatis
722 1991 844 2046 volo
892 1992 1241 2056 subnectere,
1294 1991 1366 2045 ita
1424 1990 1642 2059 quidem
1703 1998 1763 2043 ut
1811 2003 1910 2043 nec
1966 1988 2134 2043 nimio

549 2077 771 2135 silentio
799 2080 1120 2143 taciturnus,
1157 2092 1257 2133 nec
1317 2077 1482 2133 nimia
1529 2078 1863 2132 verbositate
1910 2076 2133 2131 odiosus

548 2169 752 2225 videar.
786 2168 911 2226 Seio
933 2178 1060 2224 ante
1083 2184 1180 2223 nos
1203 2168 1405 2224 dictum
1440 2186 1454 2221 :
1488 2166 1662 2223 Omne
1708 2182 1892 2222 rarum
1935 2166 2137 2237 pretiu-

551 2276 695 2314 sum.
723 2260 791 2315 Et
835 2261 955 2316 ideo
982 2261 1053 2316 ad
1080 2258 1541 2330 comparationem
1596 2258 1817 2329 reliqua:
1872 2258 2137 2314 universi-

549 2353 679 2407 tatis
707 2353 889 2409 scribo
915 2369 1059 2416 rara,
1118 2362 1175 2408 ut
1225 2353 1334 2409 sint
1363 2351 1624 2423 pretiosa.
1664 2350 1967 2424 lndulgebit
2005 2367 2136 2424 ergo

548 2442 799 2498 Christus
821 2443 1060 2507 veniam,
1084 2442 1225 2513 quod
1250 2441 1429 2497 sciens
1456 2452 1720 2512 prtetereo
1750 2441 2006 2511 plurima.
2035 2443 2137 2523 5r-

554 2533 737 2588 seudis
767 2549 903 2587 uxor
934 2532 1189 2588 Willchui
1217 2530 1473 2588 Tolosani
1498 2531 1713 2587 comitis
1737 2530 1948 2602 (fratris
1994 2532 2137 2586 illius

549 2623 734 2679 I’oncii
761 2624 852 2694 qui
882 2623 950 2678 ab
978 2622 1200 2681 Artaldo
1238 2632 1360 2695 post
1416 2623 1532 2679 haec
1579 2623 1827 2694 privigno
1856 2638 1979 2686 suo,
2010 2622 2136 2677 dolo

549 2714 874 2771 interfectus
906 2715 1026 2785 fuit)
1054 2716 1293 2771 habebat
1322 2714 1562 2770 armillas
1591 2728 1785 2769 aureas
1805 2755 1819 2781 ,
1843 2714 1931 2769 vel
1958 2714 2138 2784 potius

555 2806 722 2875 (quod
771 2819 940 2877 usque
980 2805 1045 2859 ad
1085 2804 1328 2861 cubitum
1357 2803 1833 2875 continuabantur)
1874 2804 2134 2868 manicas,

552 2898 787 2956 mirifico
864 2915 1027 2969 opere
1090 2899 1425 2970 gemmisque
1498 2898 1750 2969 pretiosis
1834 2897 2133 2969 insignitas.

552 2989 677 3046 lkec
708 3004 828 3044 cum
862 2990 915 3044 in
942 3006 1040 3045 suo
1070 2989 1237 3046 nobili
1289 2998 1462 3044 stratu
1506 2976 1798 3059 aliquando
1834 2987 1945 3044 sola
1974 3003 2135 3043 accu-

551 3080 779 3147 buisset,
810 3081 959 3136 videt
986 3097 1081 3153 per
1102 3081 1371 3137 somnium
1403 3088 1530 3135 ante
1572 3094 1633 3135 se
1680 3094 1745 3135 ac
1779 3080 1824 3134 si
1854 3078 2140 3150 speciosis-

550 3171 702 3226 sima:
742 3170 933 3241 puellae
985 3170 1215 3225 formam
1253 3169 1609 3240 pertransire.
1635 3170 1807 3237 Quam
1858 3185 1982 3224 cum
2026 3183 2138 3238 pra:

551 3262 720 3318 niniia
749 3262 977 3317 miratur
1005 3262 1270 3333 elegantia
1301 3302 1315 3327 ,
1370 3260 1460 3316 tali
1520 3262 1846 3332 rogitatione
1891 3259 2136 3333 aggredi-
2164 3253 2208 3315 C

553 3369 646 3413 tar
675 3376 689 3415 :
723 3379 741 3412 ι
779 3358 897 3423 Dic,
931 3358 1198 3428 inquiens,
1234 3358 1387 3423 hera,
1433 3371 1676 3427 quaenam
1709 3370 1829 3411 esse
1857 3355 2078 3410 videris.
2112 3373 2131 3407 ι

552 3450 749 3506 Sancta
773 3449 932 3506 Fides
962 3449 1149 3505 humili
1181 3449 1456 3520 respondit
1482 3462 1616 3504 voce
1650 3448 1860 3518 roganti
1880 3445 2136 3502 :tSaucta

553 3540 714 3597 Fides
752 3558 852 3616 ego
880 3556 1024 3606 sum,
1057 3540 1163 3595 noli
1192 3540 1463 3606 dubitare,
1491 3540 1696 3611 virago.
1730 3558 1747 3591 ι
1779 3540 1848 3594 At
1891 3538 1978 3594 illa
2005 3553 2137 3594 con-

552 3645 635 3688 tra
687 3634 977 3690 admodum
1028 3633 1370 3704 supplicans,
1421 3633 1539 3687 ait:
1580 3649 1598 3684 ι
1638 3631 1682 3688 Ο
1722 3641 1906 3687 sancta
1961 3632 2090 3688 hera
2121 3672 2136 3696 ,

554 3726 742 3796 utquid
759 3725 824 3781 ad
848 3725 1204 3795 peccatricem
1230 3724 1490 3780 accedere
1512 3738 1570 3779 es
1593 3724 1847 3794 dignata?
1877 3743 1894 3775 ι
1919 3722 2069 3778 Tune
2086 3726 2139 3777 in

552 3818 741 3871 eadem
774 3818 905 3872 hora
937 3816 1214 3887 negotium
1250 3815 1514 3869 adventus
1542 3812 1623 3867 sui
1650 3820 1838 3867 sancta
1865 3810 2025 3866 Fides
2059 3812 2140 3864 iu-

520 3890 532 3905 ’
554 3911 709 3963 timat
730 3908 1067 3978 percontanti
1089 3921 1103 3959 :
1126 3925 1143 3958 ι
1170 3907 1245 3961 Da
1270 3905 1420 3965 mihi,
1458 3903 1655 3974 inquit,
1680 3896 1922 3959 manicas
1948 3917 2141 3956 aureas

551 4015 688 4071 quas
711 4000 900 4063 habes,
924 4013 1261 4069 pergensque
1294 3998 1360 4052 ad
1384 3996 1653 4060 Conchas,
1680 4010 1789 4050 arte
1815 3994 1987 4049 sancti
2018 3993 2140 4048 Sal-

551 4092 757 4149 vatoris
778 4091 1130 4167 superponito
1156 4105 1271 4144 eas.
1300 4088 1425 4143 llmc
1457 4087 1601 4142 enim
1646 4094 1731 4143 est
1759 4100 1921 4141 causa
1947 4101 2143 4156 qnam-

553 4186 742 4239 obrem
815 4192 960 4236 tuam
1019 4181 1338 4252 cxpetierim
1400 4179 1763 4250 prmscntiam.
1820 4196 1840 4230 ι
1894 4176 1975 4230 Ad
2026 4177 2141 4231 hate

552 4274 789 4344 prudens
825 4282 1094 4338 matrona,
1128 4287 1231 4328 non
1265 4281 1469 4325 tantum
1497 4284 1692 4324 munus
1720 4272 1924 4342 absque
1954 4267 2139 4324 fenore

554 4382 710 4437 passa
733 4365 901 4431 abire,
936 4365 1014 4419 sic
1040 4364 1115 4419 ait
1144 4379 1158 4417 :
1189 4383 1207 4416 ι
1246 4362 1291 4418 0
1320 4369 1507 4417 sancta
1540 4361 1693 4425 hera,
1727 4361 1771 4416 si
1796 4375 1896 4430 per
1918 4369 1971 4415 te
2000 4360 2143 4415 Deus

556 4477 642 4516 me
667 4458 901 4515 mascula
930 4459 1082 4529 prole
1115 4457 1391 4514 fecundari
1423 4455 1654 4521 dederit,
1704 4454 1757 4509 id
1803 4452 1987 4509 libenti
2021 4453 2141 4506 aui-

554 4570 645 4609 tuo
671 4554 814 4627 quod
835 4552 996 4625 juhes
1029 4565 1315 4620 exsequar.
1357 4568 1375 4603 ι
1401 4549 1480 4604 Ad
1507 4563 1666 4618 quam
1714 4555 1905 4602 sancta
1935 4545 2097 4600 Fides
2126 4563 2139 4599 :

2241 1980 2560 2037 intolerabili
2584 1990 2799 2038 tumore
2817 1981 3022 2037 doloris
3041 1981 3281 2037 etelestis
3301 1981 3495 2063 damna
3505 1982 3578 2036 vit
3593 1981 3829 2051 justitia.

2242 2076 2423 2147 Usque
2451 2076 2587 2131 adeo
2616 2084 2676 2131 ut
2700 2082 2869 2131 totum
2898 2090 3036 2147 pene
3060 2075 3316 2130 annulum
3345 2083 3565 2147 turgens
3603 2074 3831 2146 pustula

2238 2182 2399 2238 super
2425 2175 2772 2223 accrescente
2794 2179 2960 2222 carne
2985 2166 3347 2238 contingeret,
3383 2166 3456 2221 ita
3489 2165 3742 2221 videlicet
3767 2177 3830 2222 ut

2240 2258 2473 2314 annulus
2518 2258 2711 2315 adacto
2741 2256 2886 2314 ferro
2912 2273 3018 2314 non
3048 2268 3232 2330 posset
3278 2258 3450 2314 secari
3501 2258 3620 2314 sine
3669 2258 3831 2330 digiti

2243 2351 2596 2407 detrimento.
2626 2349 2872 2422 Cumque
2900 2354 2967 2406 ad
3004 2352 3141 2407 hanc
3180 2352 3287 2406 vim
3319 2351 3445 2406 mali
3475 2365 3821 2422 compescen-

2241 2441 2364 2496 dam
2392 2441 2782 2497 accercitorum
2815 2443 3144 2498 medicorum
3173 2442 3412 2497 remedia
3445 2442 3830 2516 desperarent,

2238 2548 2349 2587 nec
2373 2533 2480 2587 ullo
2502 2533 2662 2588 modo
2687 2534 2954 2603 passionis
2983 2532 3274 2588 cﬂieacitas
3309 2531 3418 2601 jam
3453 2533 3672 2588 tolerari
3700 2549 3837 2605 pos-

2247 2635 2352 2688 set,
2399 2625 2465 2679 ad
2511 2625 2679 2680 divini
2720 2624 3018 2694 juvaminis
3064 2626 3362 2683 recurritur
3410 2626 3671 2681 auxilium
3712 2640 3729 2681 :
3771 2626 3831 2681 fit

2250 2717 2426 2788 palam
2453 2717 2727 2788 injuriosa!
2754 2717 2924 2788 culpae
2953 2717 3244 2773 confessio.
3295 2717 3589 2773 Deducitur
3630 2717 3831 2774 debilis

2240 2808 2433 2863 mulier
2458 2808 2771 2876 adsuerunt
2818 2819 3021 2863 sancta:
3064 2808 3319 2878 martyris
3363 2807 3719 2863 mausoleum.
3749 2807 3833 2863 lbi

2236 2916 2363 2956 cum
2418 2901 2664 2972 geminas
2715 2910 2907 2976 noctes
2954 2900 3186 2956 assiluis
3233 2900 3475 2955 excubiis
3523 2903 3832 2967 continuat,

2242 2993 2400 3047 tertia
2426 2993 2567 3063 (qttte
2594 2991 2695 3047 fuit
2726 2990 3025 3063 Dominica)
3059 2990 3349 3060 adjicitur;
3402 2991 3453 3045 in
3493 3006 3597 3062 qua
3626 2988 3711 3046 vis
3735 2991 3831 3044 do-

2240 3085 2370 3141 loris
2405 3085 2477 3141 ita
2507 3086 2699 3141 szevior
2728 3084 3001 3140 dolentem
3048 3085 3288 3150 vexavit,
3322 3093 3380 3138 ut
3411 3082 3720 3139 vociferans
3752 3082 3835 3137 fe-

2243 3176 2402 3230 mina:
2450 3175 2754 3231 miserrima
2794 3189 2898 3229 vox
2931 3189 3028 3245 per
3053 3181 3223 3230 totum
3252 3175 3427 3229 noctis
3456 3174 3689 3244 spatium
3717 3189 3831 3228 non

2239 3278 2499 3323 cessaret.
2553 3267 2634 3322 Ad
2680 3275 3014 3339 postremum
3078 3282 3200 3323 cum
3261 3264 3371 3336 jam
3432 3264 3830 3321 matutinarum

2240 3359 2456 3414 laudum
2487 3360 2796 3415 intonarent
2829 3358 3123 3430 pra-conia,
3156 3358 3223 3413 ab
3267 3357 3833 3435 altithrona.summae

2238 3449 2537 3519 maiestatis
2581 3451 2709 3506 sede
2757 3451 2989 3522 benigne
3037 3450 3427 3521 cmnpassionis
3472 3450 3708 3506 visitatio
3734 3449 3835 3506 de-

2239 3541 2484 3607 scendit,
2540 3557 2645 3596 uon
2695 3557 2856 3613 passa
2909 3541 3113 3597 diutius
3155 3542 3208 3595 in
3266 3542 3503 3597 humana
3528 3556 3693 3598 carne
3718 3552 3830 3595 tam

2239 3648 2432 3706 graves
2485 3648 2769 3704 pinnarum
2821 3633 3082 3689 desxevire
3134 3642 3349 3698 cruces,
3399 3640 3499 3689 nec
3559 3635 3832 3706 lacrymas

2240 3726 2554 3794 paenitentis
2579 3741 2749 3796 usque
2780 3726 2847 3781 ad
2880 3726 3310 3797 desperationem
3342 3725 3647 3798 pervenire.
3689 3725 3830 3780 Nam

2240 3833 2362 3871 cum
2387 3817 2527 3874 forte
2558 3817 2797 3873 luctuosa
2833 3826 3082 3873 matrona
3130 3832 3292 3873 nares
3337 3817 3695 3882 emunxisset,
3730 3835 3831 3869 tm-

2243 3909 2441 3974 nulns,
2492 3925 2653 3980 quem
2702 3926 2865 3982 supra
2914 3910 3188 3977 diximus,
3231 3911 3485 3966 inviolata
3534 3910 3830 3980 digitorum

2230 4002 2415 4057 Salute
2446 4010 2700 4073 tauquam
2742 4002 3134 4058 validissimum
3176 4003 3381 4058 arcitus
3423 4005 3441 4023 ⁶
3478 4002 3672 4058 balista
3708 4018 3833 4058 ere-

2241 4095 2414 4167 pilum
2455 4094 2611 4166 longe
2662 4095 2713 4149 in
2764 4095 3075 4166 pavimento
3102 4095 3267 4151 dedit.
3298 4096 3365 4151 Et
3415 4096 3532 4152 ideo
3576 4111 3701 4151 cum
3740 4096 3831 4151 iu-

2243 4186 2390 4255 genti
2439 4186 2617 4257 gaudii
2663 4186 2899 4258 tripudio
2942 4188 3060 4242 dies
3107 4187 3195 4243 illa
3243 4187 3520 4245 Duminica
3559 4187 3628 4242 ab
3677 4190 3832 4243 omni

2226 4276 2391 4331 illius
2421 4276 2526 4331 vici
2563 4275 2764 4346 pepnlo
2788 4276 3057 4332 celebrata
3089 4277 3209 4332 fuit.
3234 4277 3444 4349 Quippe
3470 4278 3559 4348 qui
3583 4279 3835 4348 patrimi.

2244 4384 2366 4423 eam
2399 4384 2461 4423 ac
2489 4369 2722 4425 vicinam
2749 4384 2902 4424 suam
2947 4379 3149 4426 sancta:
3175 4370 3325 4426 Fidis
3350 4371 3553 4426 auxilio
3583 4363 3832 4441 ereptam

2248 4476 2275 4515 a
2309 4459 2519 4516 funesto
2556 4468 2828 4517 tormento
2854 4471 3165 4526 cernerent,
3209 4471 3266 4517 et
3289 4472 3438 4518 certe
3470 4462 3634 4517 multa
3661 4472 3715 4516 et
3747 4465 3834 4517 in-

2249 4568 2471 4609 numera
2506 4552 2808 4622 hujusmodi
2840 4555 3002 4610 etiam
3030 4571 3126 4626 per
3153 4556 3368 4611 diversa
3392 4564 3658 4611 terrarum
3690 4572 3827 4626 spa-

565 4666 583 4698 ι
627 4646 744 4706 lloc
770 4646 1112 4716 omnipotens
1137 4643 1385 4707 Creator,
1433 4642 1529 4708 ait,
1560 4657 1657 4712 pro
1705 4640 1905 4695 famula
1937 4655 2033 4696 sua
2065 4638 2146 4693 ra.
2172 4615 2222 4675 Ῑ)
2252 4643 2323 4697 tia
2351 4644 2416 4699 de
2442 4654 2629 4699 sancta
2657 4643 2793 4700 Fide
2830 4644 3161 4707 referuntur,
3193 4658 3315 4715 quae
3347 4661 3451 4700 non
3488 4645 3662 4699 solmn
3693 4648 3835 4699 scri-

540 4739 753 4794 cillime
776 4738 958 4802 faciet,
985 4737 1029 4791 si
1068 4736 1210 4807 quod
1264 4730 1477 4807 postulo
1529 4749 1634 4790 non
1692 4733 1992 4802 negaveris.
2029 4750 2048 4783 ι
2085 4732 2139 4785 lu

555 4830 855 4884 crastinum
909 4827 1103 4885 mulier
1140 4827 1265 4880 ‘hoc
1317 4838 1574 4896 responso
1618 4816 1908 4879 sollicitata
1936 4862 1952 4888 ,
2010 4836 2137 4892 pcr-

556 4922 726 4990 quirit
751 4920 1148 4977 studiosissime
1197 4933 1306 4987 quo
1341 4918 1392 4972 in
1422 4933 1562 4989 pago
1587 4917 1741 4972 vicus
1768 4917 1861 4987 qui
1892 4915 2139 4971 Couchas

549 5014 824 5068 vocitatur
870 5014 1009 5066 situs
1052 5006 1155 5073 sit,
1197 4999 1432 5064 nondum
1485 5010 1628 5064 enim
1674 5009 2137 5064 Couchacensium

550 5108 815 5163 virtutum
857 5105 1089 5167 novitas,
1135 5103 1236 5157 nisi
1269 5116 1415 5167 raro,
1446 5101 1581 5157 lines
1626 5116 1755 5157 suos
1800 5107 2134 5156 excesserat.

551 5201 671 5264 Quo
703 5197 770 5251 ab
799 5196 884 5249 his
910 5193 1001 5264 qui
1032 5202 1414 5263 compererant
1441 5198 1743 5263 comperto,
1782 5190 2014 5261 ipsumet
2036 5204 2135 5260 pe-

554 5285 756 5358 regrini
800 5284 982 5339 functa
1033 5283 1245 5348 otllcio,
1297 5296 1493 5338 aureos
1545 5296 1611 5337 eo
1657 5267 1963 5337 bra'chiolos
2014 5294 2136 5334 cum

556 5362 766 5434 summa
816 5377 1103 5431 devotione
1146 5375 1375 5440 detulit,
1410 5373 1626 5444 Deoque
1674 5387 1737 5429 ac
1797 5380 1997 5428 sancta:
2022 5369 2138 5437 ejus

556 5471 771 5529 obtulit.
794 5470 976 5541 Ibique
1000 5467 1326 5525 venerabilis
1363 5477 1607 5523 matrona
1641 5467 1851 5536 aliquot
1896 5466 2139 5522 Domini-

556 5582 635 5620 ρει)
661 5562 1097 5618 Besurreetionis
1131 5562 1244 5618 dies
1273 5558 1664 5615 honorabiliter
1713 5552 1902 5630 agens.
1933 5572 2137 5627 suaque

555 5655 840 5732 prmscntia
870 5653 1265 5709 solemnitatem
1291 5652 1587 5715 honorans,
1608 5650 1804 5706 deinde
1824 5651 1892 5705 ad
1918 5650 2135 5720 propria

550 5745 740 5800 rediit.
792 5743 923 5813 Quae
985 5743 1139 5813 juxta
1187 5741 1382 5797 divina:
1439 5742 1661 5797 visionis
1721 5742 2133 5812 promissionem

557 5839 829 5911 concepit,
860 5847 914 5894 et
942 5837 1151 5908 peperit
1188 5833 1503 5891 maSCulum.
1554 5834 1865 5905 Rursusque
1911 5836 2131 5906 gravida

2248 4736 2398 4801 here,
2452 4736 2544 4790 sed
2597 4736 2758 4791 etiam
2811 4736 2993 4791 dicere
3041 4752 3200 4791 nemo
3235 4735 3502 4802 sulllciet;
3547 4745 3631 4792 est
3682 4738 3834 4793 enim

2246 4824 2576 4893 impossibile
2604 4824 2852 4879 universa
2899 4830 3101 4880 sancta:
3140 4825 3290 4881 Fidis
3329 4827 3592 4898 magnalia
3620 4826 3703 4883 vel
3740 4843 3839 4885 ex-

2246 4915 2450 4986 plicare
2480 4916 2661 4970 verbis
2690 4916 2775 4971 vel
2804 4917 3090 4989 designare
3121 4917 3336 4973 litteris.

2845 5010 3072 5067 CAPUT
3116 5011 3221 5066 Vil.

2704 5103 2781 5159 De
2812 5096 3045 5176 improbo
3074 5119 3382 5162 mercatore.

2318 5195 2603 5260 Mercator,
2652 5194 3016 5252 Arvernensis
3058 5199 3180 5269 pagi
3228 5199 3422 5263 incola.
3472 5200 3538 5254 ad
3585 5210 3837 5256 sanctam

2248 5280 2431 5341 Fidem
2472 5288 2733 5341 orationis
2764 5302 2925 5342 causa
2963 5289 3131 5349 venit.
3160 5288 3258 5346 llic
3283 5305 3404 5345 cum
3435 5291 3655 5347 vidisset
3683 5290 3841 5348 facil-

2246 5377 2434 5449 limqm
2465 5395 2605 5434 cera:
2640 5382 3026 5435 commercium
3077 5380 3221 5449 (nam
3268 5391 3490 5452 propter
3513 5385 3839 5456 peregrino-

2250 5487 2369 5525 rum
2400 5471 2781 5541 frequentiam,
2812 5470 3156 5527 oﬂ‘erentium
3210 5487 3398 5528 cereos
3448 5474 3617 5529 multo
3670 5474 3841 5529 vilior

2243 5563 2519 5632 habetur),
2553 5564 2694 5617 illico
2728 5573 2913 5618 notam
2966 5577 3078 5618 sua:
3129 5564 3261 5620 artis
3313 5565 3564 5635 peritiam
3611 5576 3841 5620 revocat

2242 5653 2309 5705 ad
2344 5651 2659 5705 memoriam
2686 5691 2699 5714 ,
2734 5651 2814 5706 sic
2841 5651 2981 5705 intra
3014 5667 3072 5706 se
3106 5653 3353 5722 cogitans
3378 5670 3391 5706 :
3421 5672 3439 5703 ι
3476 5652 3651 5720 Quam
3684 5652 3837 5708 facili
3869 5686 3883 5698 -

2241 5750 2476 5813 qumstu,
2517 5742 2560 5797 si
2593 5741 2695 5797 hoc
2720 5741 2920 5798 stultus
2950 5742 3293 5798 rescivissem
3312 5784 3327 5807 ,
3357 5742 3577 5798 divitem
3611 5758 3700 5799 me
3730 5757 3833 5812 po-

2243 5836 2468 5892 tuissem
2502 5834 2681 5892 facere
2711 5850 2773 5890 ac
2796 5849 2976 5890 meam
3003 5848 3117 5891 rem
3142 5834 3534 5915 constabilire!
3563 5836 3656 5890 sed
3688 5833 3838 5906 quad
