4088 6442
276 383 365 459 tti

1287 381 1413 456 ΠΒ.
1460 401 1546 456 DE
1571 381 1944 458 MIRACULlS
1983 398 2278 454 suam:
2321 398 2516 455 FIDIS.

3427 388 3530 455 tt!

273 523 525 574 hactenus
550 515 856 588 ignorantia
895 515 1190 579 distulerit,
1236 515 1337 570 hoc
1385 516 1581 570 amodo
1623 515 1850 585 pervigil
1879 521 1922 577 Α
1953 512 2376 568 Rotbcnensium
2422 514 2724 583 episcopus,
2776 512 2888 568 suis
2923 521 3130 567 tantum
3183 514 3526 582 parocltianis

273 624 539 673 recursus,
570 610 932 678 frequensque
965 609 1178 679 repetiti
1206 608 1418 663 itineris
1449 609 1671 670 reditus,
1700 608 1847 662 brevi

272 701 524 770 témporis
572 700 748 769 spatio
798 697 1061 769 perﬁciet.
1109 697 1381 768 Accingar
1427 713 1557 768 ergo
1602 698 1845 760 viriliter,

271 793 453 860 reique
499 792 784 845 exordium
817 780 1121 863 aggrediar.
1153 812 1171 845 ι
1217 791 1327 847 Hoc
1355 793 1534 861 itaque
1566 790 1847 860 disposito,

274 884 562 953 auditoque
588 882 868 938 venditore
906 883 1132 953 plurima
1181 900 1319 940 certe
1354 887 1588 953 pondera
1627 883 1851 954 diligen-

273 976 475 1029 tissime
500 984 680 1040 taxat;
724 977 1018 1046 decemque
1061 969 1418 1032 dinumeratis
1463 977 1667 1042 solidis,
1703 992 1850 1031 com-

266 1075 417 1136 parat
450 1083 687 1122 massmn
729 1067 1024 1137 ingentem,
1057 1078 1219 1138 atque
1251 1068 1302 1121 in
1331 1069 1559 1122 sacculis
1601 1067 1848 1121 recondi-

270 1160 359 1212 dit.
389 1160 450 1212 Et
477 1159 590 1229 jam
632 1159 874 1226 gaudens
929 1159 1153 1213 minimo
1197 1175 1317 1213 sese
1358 1159 1439 1212 vel
1493 1160 1846 1229 quadruplum

265 1247 616 1310 literaturam,
643 1248 722 1302 sic
747 1251 884 1318 apml
912 1264 969 1303 se
1000 1248 1269 1319 cogitabat
1295 1267 1306 1302 :
1345 1266 1364 1299 ι
1402 1249 1473 1302 At
1503 1258 1557 1301 at
1589 1266 1600 1301 :
1634 1249 1769 1302 bene
1792 1265 1850 1303 se

263 1339 420 1392 habet
443 1338 766 1409 principium
795 1356 807 1392 :
841 1339 970 1408 quid
997 1348 1128 1399 tum,
1158 1341 1200 1393 si
1233 1339 1413 1407 plures
1440 1338 1586 1394 vices
1609 1339 1767 1392 redeo
1789 1339 1843 1391 ?)

263 1430 362 1483 Sed
383 1428 503 1497 jam
536 1428 716 1485 excitus
746 1429 820 1483 rei
857 1445 960 1482 non
1009 1429 1170 1483 debet
1211 1444 1307 1483 nos
1347 1429 1632 1483 remorari.
1686 1426 1852 1498 Igitur

262 1523 528 1593 saperfttit
559 1522 782 1592 pulcher
809 1537 1031 1584 cereus,
1079 1521 1169 1591 qui
1221 1537 1323 1574 non
1361 1521 1534 1590 potuit
1561 1521 1698 1576 inter
1727 1522 1850 1575 reli-

261 1633 422 1690 quum
456 1631 655 1685 capere
686 1631 961 1670 acervum.
979 1614 1129 1669 Ilunc
1151 1615 1233 1670 vir
1255 1611 1564 1683 cupiditatis
1593 1613 1645 1668 in
1671 1614 1848 1668 siinun

261 1708 541 1780 applicuit,
581 1722 645 1763 eo
700 1707 950 1760 videlicet
999 1706 1157 1760 modo
1203 1716 1258 1759 ut
1310 1705 1588 1775 quantitas
1631 1704 1849 1773 quidem

263 1803 500 1858 habitior
526 1800 712 1855 subter
737 1799 1008 1870 cingulum
1036 1800 1406 1863 cobiberetur,
1434 1798 1690 1868 graeilior
1721 1813 1849 1850 vero

1950 600 2279 656 conflaverat
2307 604 2568 672 synodum
2595 618 2609 654 :
2638 617 2744 670 quo
2773 603 2836 656 de
2864 601 3091 657 diversis
3137 604 3522 658 monachorum

1951 704 2044 747 aut
2084 697 2469 749 canonicorum
2511 697 3039 765 congregationibus,
3093 697 3144 750 in
3197 699 3396 768 capsis,
3447 699 3527 751 vel

1950 785 2271 856 imaginibus
2302 787 2502 852 aureis,
2531 796 2842 842 sanctorum
2868 803 3094 856 corpora
3144 797 3272 844 sunt
3310 800 3520 844 evecta.

1949 874 2079 929 Erat
2110 877 2396 931 distributa
2434 888 2744 932 sanctorum
2771 880 2915 933 acies
2944 880 2993 932 in
3028 881 3273 934 tentoriis
3297 893 3349 934 et
3373 883 3528 951 papi-

1951 965 2204 1034 lionibus,
2241 969 2293 1022 in
2333 979 2489 1038 prato
2535 971 2708 1024 sancti
2763 969 2971 1034 Felicis,
3021 973 3162 1042 quod
3218 974 3533 1043 disparatur,

1950 1059 2016 1112 ab
2056 1057 2186 1112 urbe
2225 1060 2380 1130 quasi
2417 1076 2522 1114 uno
2561 1071 2767 1115 tantum
2825 1063 3096 1117 tnilliario.
3143 1063 3295 1119 Hunc
3346 1064 3535 1139 locum

1949 1145 2220 1216 prmcipuc
2247 1150 2419 1202 sancti
2451 1148 2601 1203 Marii
2631 1149 2960 1207 confessoris
2986 1169 3145 1209 aurea
3170 1155 3444 1225 majestas,
3477 1165 3532 1209 et

1950 1240 2119 1293 sancti
2148 1242 2384 1295 Amantii
2415 1258 2568 1312 teque
2606 1243 2936 1300 confessoris
2980 1255 3034 1299 et
3078 1248 3313 1318 episcopi
3364 1265 3524 1303 aurea

1950 1329 2228 1398 majestas,
2258 1341 2311 1386 et
2341 1334 2517 1386 sancti
2548 1334 2830 1389 Saturnini
2865 1340 3118 1408 martyris
3146 1356 3310 1395 aurea
3336 1357 3526 1412 capsa,

1950 1429 2006 1474 et
2029 1432 2234 1476 sancta:
2272 1421 2453 1477 .‘llaria-
2480 1440 2642 1495 aurea
2674 1425 2868 1497 imago,
2899 1437 2954 1481 et
2976 1439 3177 1484 sanctze
3210 1431 3398 1487 Crucis
3428 1449 3524 1486 an-

1955 1525 2043 1566 rea
2082 1528 2238 1574 crux,
2268 1522 2321 1567 et
2357 1525 2561 1568 sanctae
2614 1515 2766 1570 Fidis
2806 1533 2968 1572 aurea
3013 1511 3269 1590 majestas
3309 1522 3527 1577 decora-

1951 1604 2103 1656 bant.
2138 1603 2305 1658 Erant
2335 1613 2533 1674 prmter
2575 1607 2688 1661 lucc
2739 1619 3048 1664 sanctorum
3092 1611 3255 1666 multa
3285 1613 3528 1684 pignora,-

1950 1709 2182 1764 qnorum
2217 1712 2476 1752 numerus
2522 1713 2626 1751 non
2680 1702 3148 1757 conuuendabitnr
3178 1705 3227 1757 in
3277 1709 3528 1774 praesenti

1953 1785 2168 1854 pagina.
2216 1785 2293 1840 lbi
2335 1787 2474 1840 inter
2506 1797 2722 1849 uetera,
2757 1790 2991 1858 quodam
3033 1793 3226 1864 insigni
3263 1795 3530 1850 mirabili-

259 1909 352 1962 per
377 1891 676 1946 fenestram
711 1889 874 1943 vestis
917 1903 1088 1958 usque
1115 1889 1181 1942 ad
1232 1888 1454 1942 barbam
1492 1887 1845 1958 promineret.

1953 1889 2060 1943 que
2105 1875 2492 1944 omnipotentis
2525 1877 2745 1948 dignata
2774 1888 2858 1933 est
2884 1878 3139 1936 famulam
3183 1899 3333 1938 suam
3364 1874 3528 1956 glori-

259 1979 464 2036 Verum
515 1979 732 2050 superni
789 1978 1145 2048 speculatoris
1193 1978 1385 2032 vindev
1433 1977 1847 2048 omnipotentia,

261 2087 363 2125 non
416 2060 545 2122 tulit
600 2065 828 2122 ulterius
880 2068 1113 2138 raptoris
1157 2067 1326 2122 latere
1375 2066 1678 2122 audaciam.
1712 2066 1846 2120 Nam

233 2158 459 2216 ‘cereus
481 2177 641 2231 quem
667 2160 802 2224 dixi,
833 2159 973 2228 ignis
1017 2158 1184 2214 divini
1222 2159 1505 2228 repentino
1552 2174 1848 2214 succensus

259 2252 498 2316 fervore,
557 2251 794 2306 claustra
840 2251 952 2321 ipsa
1005 2250 1204 2320 quibus
1255 2249 1498 2304 inclusus
1562 2249 1850 2304 tenebatur

262 2347 428 2414 erepit
485 2345 834 2399 vehementer
874 2345 1125 2405 adurere,
1177 2356 1512 2412 vaporesquc
1548 2341 1848 2396 flammivo-

257 2452 370 2490 nios
402 2453 512 2490 una
541 2452 663 2490 cum
685 2435 972 2506 fumiganti
1004 2433 1220 2489 turbine
1250 2432 1394 2488 foras
1417 2433 1681 2494 emittere,
1714 2435 1848 2490 adeo

258 2539 315 2580 nt
350 2527 672 2581 mirantium
707 2527 1064 2582 scintillarum
1109 2525 1268 2598 globo
1318 2526 1591 2589 vibrante,
1626 2525 1714 2579 illa
1763 2526 1847 2580 in-

256 2636 385 2686 gens
409 2619 581 2673 barba
611 2618 898 2684 reluceret,
947 2622 1303 2690 superiusque
1343 2620 1626 2692 capucium
1674 2621 1850 2690 crepi-

257 2714 388 2766 tanti
423 2712 842 2767 co.nbureretur
867 2712 1070 2766 sonitu.
1109 2712 1217 2768 Nec
1243 2712 1381 2768 linea
1432 2714 1482 2767 in
1531 2711 1691 2768 telam
1716 2727 1846 2766 ven-

255 2802 352 2856 tris
381 2801 625 2872 protexit
659 2812 895 2872 tergora,
929 2817 1048 2856 cum
1077 2803 1242 2856 etiam
1287 2803 1617 2873 posteriores
1645 2819 1844 2874 gyran.

256 2893 400 2948 tibus
442 2891 676 2946 flammis
701 2891 974 2946 arderent.
1013 2894 1271 2964 Stnpcres
1317 2894 1636 2948 insanientis
1664 2895 1848 2948 borri-

253 2985 388 3039 biles
413 2984 676 3055 mugitus,
709 2982 1044 3039 calcitrantis
1070 2985 1395 3054 strepitum,
1439 2985 1676 3039 dentium
1719 2987 1843 3040 stri-

254 3076 472 3148 dorem,
502 3074 783 3130 oculorum
826 3070 1183 3146 vertiginem,
1214 3078 1487 3146 totiusque
1521 3078 1849 3131 immodera-

255 3177 360 3220 tam
403 3167 656 3238 corporis
695 3166 1095 3232 distortionem,
1142 3183 1264 3222 cum
1308 3168 1490 3232 miser,
1537 3169 1846 3222 intolerabi-

1953 1966 2117 2020 licare
2148 1966 2380 2023 bonitas.
2417 1967 2557 2022 Puer
2584 1986 2612 2022 a
2645 1970 2929 2026 nativitate
2969 1989 3143 2028 czecus
3179 1985 3233 2030 et
3271 1977 3529 2036 ('lattdttS.

1951 2058 2148 2114 surdus
2170 2069 2222 2114 et
2254 2058 2454 2123 mutus,
2481 2076 2512 2114 a
2549 2064 2868 2131 parentibus
2919 2064 3207 2133 bajnlatns,
3239 2061 3533 2140 subterque

1953 2147 2240 2218 imaginem
2269 2165 2387 2218 qua“:
2429 2150 2482 2202 in
2522 2152 2737 2206 sublimi
2771 2153 3164 2209 honorabiliter
3201 2157 3529 2223 habebatur,

1950 2241 2182 2318 positus,
2206 2243 2364 2310 quasi
2395 2243 2542 2297 liora:
2592 2244 2753 2298 ttnius
2793 2245 3074 2301 intervallo
3116 2247 3310 2304 ibidem
3351 2252 3533 2305 demo-

1953 2313 2390 2399 t'atu’gdivinam
2422 2337 2618 2390 meruit
2643 2337 2995 2403 medicinam;
3029 2351 3208 2409 atque,
3246 2337 3530 2414 integerri-

1952 2442 2051 2480 ma:
2078 2428 2352 2497 sospitatis
2398 2429 2626 2484 donatus
2669 2431 2864 2498 gratia,
2913 2433 3218 2486 essurrcxit
3273 2433 3529 2503 loquens.

1951 2519 2195 2584 audiens,
2232 2520 2445 2585 videns,
2490 2530 2546 2574 et
2594 2522 2756 2575 etiam
2823 2521 3087 2577 inoffenso
3137 2526 3269 2595 pede
3304 2526 3534 2582 feliciter

1951 2607 2326 2663 deambulans.
2359 2610 2603 2680 Cumque
2631 2613 2890 2681 strepitus
2920 2613 3062 2684 vulgi
3105 2630 3270 2685 super
3320 2617 3409 2672 tali
3444 2635 3531 2673 red

1952 2711 2168 2755 sonaret
2193 2703 2456 2773 prodigio,
2489 2706 2734 2760 seniores
2755 2707 2989 2771 concilii,
3039 2708 3128 2778 qui
3178 2710 3536 2765 considebant

1883 2794 1890 2801 '
1951 2791 2110 2860 paulo
2135 2793 2476 2854 retnotiores.
2502 2803 2780 2863 coeperunt
2820 2795 2958 2850 inter
2995 2812 3054 2852 se
3084 2800 3424 2867 eunquirere,
3455 2803 3535 2854 di-

1950 2889 2138 2936 centes
2172 2900 2183 2934 :
2221 2903 2237 2931 ‹
2270 2881 2405 2949 Quid
2439 2884 2540 2939 sibi
2595 2883 2712 2939 vult
2768 2886 2867 2939 ista
2925 2887 3198 2957 popularis
3222 2890 3529 2946 conclama-

1953 2973 2057 3026 tio!
2085 2993 2102 3024 ι
2132 2974 2337 3040 Quibus
2361 2975 2596 3031 Bertillis
2619 2979 2894 3032 comitissa
2917 2980 3280 3049 respondens:
3316 2999 3333 3032 ι
3364 2981 3524 3049 Quid,

1951 3066 2143 3136 inquit,
2174 3066 2318 3120 aliud
2347 3068 2449 3122 hoc
2469 3078 2632 3134 esset,
2662 3070 2763 3123 nisi
2794 3071 2919 3141 quia
2957 3083 3143 3127 sancta
3187 3074 3345 3129 Fides
3375 3074 3517 3144 jocaa

1951 3165 2054 3221 tur,
2090 3169 2148 3212 ut
2177 3159 2349 3213 solet?
2386 3180 2404 3212 ι
2443 3161 2594 3216 Tunc
2616 3178 2836 3229 omnes,
2867 3180 2924 3219 re
2954 3166 3242 3234 exquisita,
3279 3178 3387 3220 tam
3411 3178 3530 3222 stn-

254 3253 375 3312 liter
405 3273 622 3328 passus,
657 3258 758 3313 hac
803 3255 1034 3328 illaeque
1087 3275 1328 3330 praeceps
1376 3258 1672 3320 ferebatur,
1711 3275 1772 3313 ac.
1800 3261 1842 3313 si

1951 3263 2080 3317 pore
2111 3264 2272 3318 quam
2301 3251 2499 3320 gaudio
2524 3252 2734 3322 repleti,
2771 3264 2934 3309 totam
2965 3259 3278 3312 concionem
3309 3259 3374 3312 ad
3405 3261 3533 3314 divi-

253 3348 318 3403 de
342 3348 645 3418 improviso
677 3363 968 3419 percussus
994 3346 1234 3413 coluber,
1285 3351 1375 3420 qui
1429 3352 1646 3404 sinuato
1687 3349 1844 3420 globo

254 3455 396 3495 nunc
453 3454 516 3494 se
568 3440 620 3492 in
679 3433 946 3510 sphzcram
995 3438 1220 3510 colligit,
1259 3456 1401 3494 nunc
1438 3439 1842 3510 pernicitractu

254 3529 537 3596 fulminat,
582 3547 646 3586 ac
677 3527 854 3586 tortile
879 3529 1073 3586 collum
1109 3532 1360 3603 porrigit,
1385 3543 1612 3602 captans
1642 3531 1842 3602 fugam.

252 3617 357 3674 Sel
397 3622 737 3688 debilitatus,
782 3637 889 3678 non
922 3620 1109 3677 valens
1133 3662 1149 3689 ,
1185 3639 1374 3678 rursus
1420 3624 1724 3694 percussori
1761 3625 1845 3678 in-

254 3712 459 3776 festus,
493 3713 766 3782 intorquet
801 3714 1127 3786 sanguineos
1170 3711 1359 3769 oculos
1403 3724 1458 3769 et
1502 3715 1684 3768 sibilat
1729 3731 1842 3769 ore.

250 3801 403 3855 Ilaul
445 3818 606 3857 secus
657 3804 756 3858 iste
805 3803 996 3868 miser,
1035 3805 1138 3858 huc
1181 3802 1414 3874 illucque
1464 3804 1755 3866 cursitans,
1789 3820 1845 3859 se

250 3891 485 3961 inuellit
523 3902 579 3946 et.
615 3893 844 3964 repellit,
869 3895 1030 3948 modo
1071 3910 1299 3964 pronus,
1342 3896 1500 3949 modo
1538 3895 1842 3964 resupinus,

248 3999 346 4038 rei:
370 3983 486 4037 ullo
511 3985 668 4037 modo
692 3986 962 4054 respirare
984 3994 1220 4055 poterat,
1242 4000 1401 4055 quem
1428 3986 1508 4039 vis
1531 3985 1702 4053 major
1720 4002 1846 4041 esa-

249 4077 485 4147 gitabat.
554 4075 660 4132 Sed
714 4085 893 4132 tamen
946 4077 1166 4132 humani
1211 4093 1400 4132 sensus
1451 4078 1661 4132 residua
1712 4094 1845 4133 vena

251 4170 526 4221 miserunt
572 4168 778 4242 redegit
805 4169 870 4224 ad
902 4169 1295 4239 paenitentiam.
1325 4169 1424 4237 Qui
1458 4170 1638 4224 statim
1670 4172 1734 4223 ad
1762 4163 1842 4224 se¥

247 4261 506 4328 pulcrum
567 4261 820 4330 piissima:
866 4261 1120 4333 martyris
1172 4277 1294 4317 cum
1349 4262 1547 4334 ingenti
1613 4263 1847 4318 clamore

243 4365 505 4415 currens,
531 4351 842 4405 universam
867 4351 996 4406 inibi
1029 4367 1211 4407 ceram
1238 4367 1343 4406 non
1395 4352 1624 4406 Celerius
1648 4352 1847 4407 refudit

244 4455 416 4510 quam
451 4441 670 4510 pmnale
704 4441 1015 4496 incendium
1048 4443 1288 4506 evanuit,
1315 4458 1492 4512 neque
1519 4443 1680 4497 homo
1717 4460 1845 4512 quc-

245 4532 394 4585 ritur
421 4532 492 4585 de
515 4534 713 4586 damno
737 4534 995 4603 pecuniae,
1024 4534 1316 4588 dummodo
1364 4550 1393 4586 a
1446 4542 1714 4588 tormento
1755 4551 1846 4604 μου

248 4623 356 4676 tuit
387 4622 644 4676 evadere.
677 4621 771 4677 llis
793 4624 974 4692 itaque
1000 4624 1186 4694 gestis,
1207 4637 1545 4693 nequaquam
1569 4620 1846 4678 offendere

243 4712 588 4783 putaverint,
629 4714 672 4768 si
723 4715 1020 4769 bonitatem
1074 4723 1276 4770 saneta:
1329 4714 1476 4769 Fidis
1520 4714 1844 4770 laudabilem

245 4803 674 4874 tnirahilcmqnc
706 4805 758 4858 in
790 4806 892 4862 hoc
918 4822 1132 4876 quoque
1161 4805 1414 4877 prtedico,
1441 4807 1582 4876 quod
1613 4823 1678 4861 ne
1701 4823 1848 4862 com-

243 4896 446 4950 niercii
511 4896 689 4951 vilitas
742 4897 1000 4954 deficeret
1045 4899 1387 4971 peregrinis,
1445 4898 1845 4968 improbitatem

244 4990 505 5044 avaritize
533 4992 839 5062 castigavit.
1700 4990 1712 5000 γ’

855 5083 1082 5142 CAPUT
1121 5085 1250 5140 VIII.

244 5171 324 5226 De
359 5189 530 5242 puero
569 5173 623 5228 in
654 5191 757 5246 quo
788 5178 1142 5248 quadruplum
1174 5191 1369 5249 gestum
1413 5191 1487 5236 est
1512 5181 1844 5237 miraculum.

317 5265 442 5319 Nec
465 5265 592 5319 illud
617 5271 1047 5336 praaterenndum
1072 5273 1308 5326 arbitror
1337 5275 1479 5344 quod
1510 5276 1650 5329 inter
1680 5275 1844 5330 multa

242 5367 576 5412 sanctorum
625 5361 890 5415 miracula
946 5377 1064 5431 qua:
1107 5367 1402 5419 secundum
1450 5381 1654 5420 morem
1705 5367 1846 5422 illius

244 5449 554 5518 provincize
584 5449 831 5504 feruntur
851 5451 917 5505 ad
950 5454 1203 5518 concilia,
1241 5464 1426 5509 sancta
1467 5447 1657 5520 Fides,
1684 5459 1838 5526 quasi

244 5538 627 5608 principatum
659 5548 866 5604 tenens,
920 5542 1302 5598 miraculorum
1358 5543 1574 5615 effulget
1621 5547 1835 5616 gloria:

243 5646 517 5698 quorum,
567 5647 689 5684 cum
748 5633 856 5687 sint
921 5632 1106 5697 multa,
1160 5635 1264 5689 (luo
1310 5646 1518 5690 tantum
1566 5638 1655 5707 (ne
1682 5639 1841 5694 nimis

241 5725 496 5777 otiosum
528 5722 773 5779 volumen
814 5735 1107 5782 contexere
1133 5726 1432 5795 videamur)
1473 5729 1731 5785 adnotare
1754 5747 1842 5784 sa-

247 5814 325 5866 tis
368 5826 494 5866 esse
521 5806 1326 5883 putamus.Reverentissimns
1376 5818 1538 5887 igitur
1578 5818 1842 5873 Aruallus

1949 3338 2256 3395 nasIandes
2292 3343 2724 3410 concitaverunt,
2773 3346 2900 3401 illud
2941 3347 3256 3418 frequenter
3297 3367 3408 3421 prze
3451 3353 3531 3406 ni~

1949 3431 2055 3485 mia
2087 3431 2272 3487 laetitia
2300 3435 2618 3503 recolentes,
2669 3439 2812 3508 quod
2847 3439 3019 3508 jocari
3066 3453 3310 3496 sanetam
3346 3443 3532 3498 Fidem

1948 3525 2271 3580 venerabilis
2301 3537 2542 3583 matrona
2581 3532 2825 3587 dixisset.

2549 3645 2777 3704 CAPUT
2818 3649 2910 3703 IX;

2393 3737 2526 3792 Item
2555 3740 2620 3793 de
2641 3757 2776 3795 careo
2801 3753 2847 3796 et
2877 3742 3085 3797 claudo.

2021 3825 2228 3882 Itursus
2264 3828 2482 3898 quidam
2505 3845 2682 3885 eiectis
2701 3841 2756 3885 et
2777 3831 3020 3895 claudus,
3053 3842 3111 3886 ut
3141 3833 3426 3888 sanitatem
3451 3851 3526 3888 rm

1949 3919 2173 3988 ciperet,
2203 3929 2330 3974 ante
2356 3921 2640 3991 imaginem
2667 3923 2840 3976 sancti
2865 3923 3019 3978 alarii
3043 3924 3374 3982 confessoris
3401 3943 3528 3996 pcr-

1951 4011 2230 4074 noctabat,
2261 4010 2416 4078 cujus
2441 4013 2689 4077 virtutes,
2721 4015 2949 4069 mirifice
3002 4017 3222 4086 lateque
3249 4019 3530 4088 dispersw,

1950 4113 1978 4150 a
2031 4099 2216 4154 multis
2258 4101 2470 4170 p0pulis
2517 4103 2784 4157 habentur
2841 4105 3235 4160 ItilthSlSSlttm‘.
3284 4108 3531 4181 Cuntqm

1944 4190 2052 4261 jam
2070 4191 2446 4256 dilucesceret,
2473 4195 2784 4262 repentinus
2805 4197 2854 4249 ei
2883 4211 3046 4266 sopor
3065 4197 3239 4262 irruit,
3271 4201 3532 4270 visusque

1949 4293 2034 4338 est
2061 4283 2163 4353 sibi
2190 4300 2374 4339 vocem
2401 4287 2588 4342 audire
2615 4289 2842 4343 dicentis
2874 4310 2888 4343 :
2917 4310 2934 4341 ι
2973 4290 3118 4346 Vade
3165 4293 3231 4347 ad
3283 4305 3529 4349 sanctam

1951 4372 2168 4438 Fidem;
2199 4390 2300 4429 non
2343 4375 2487 4430 enim
2549 4378 2732 4431 datum
2788 4388 2871 4434 est
2923 4389 2981 4433 ut
3016 4397 3043 4432 a
3075 4391 3161 4434 tua
3218 4381 3531 4438 infirmitate

1951 4466 2054 4520 nisi
2078 4481 2175 4536 per
2201 4468 2393 4521 merita
2441 4468 2584 4523 illius
2623 4469 2819 4524 salvari
2851 4473 3046 4540 possis.
3085 4492 3103 4524 ι
3137 4471 3246 4528 lloc
3273 4489 3532 4544 responso

1881 4599 1924 4656 ο
1951 4562 2218 4616 excitatus
2243 4577 2408 4633 aeger,
2441 4564 2564 4621 illuc
2586 4580 2689 4634 qua
2713 4575 2928 4634 poterat
2971 4567 3171 4620 virtute
3201 4583 3391 4637 repere
3420 4583 3531 4622 cos-

1952 4653 2049 4722 pit.
2100 4653 2232 4708 Cum
2280 4657 2620 4724 pervenisset
2653 4658 2719 4710 ad
2769 4657 2964 4720 locum,
3014 4658 3284 4727 extemplo
3326 4669 3530 4712 sanctm

1953 4744 2206 4815 martyris
2231 4745 2506 4799 dilationis
2527 4746 2699 4800 aliena
2725 4746 2949 4802 adfuere
2971 4746 3260 4816 suffragia;
3284 4763 3406 4801 nam
3437 4749 3526 4802 ubi

1953 4833 2114 4888 homo
2148 4835 2199 4888 in
2227 4835 2399 4903 ipsum
2422 4837 2625 4889 aditum
2651 4837 2938 4906 papilionis
2963 4854 3084 4893 sese
3115 4839 3358 4908 ingessit,
3385 4838 3525 4892 illico

1952 4923 2350 4978 virescentibns
2395 4925 2548 4979 venis
2593 4941 2655 4980 ac
2705 4929 2966 4996 vegetatis
3012 4929 3192 4981 nervis
3231 4928 3426 4982 meruit
3462 4929 3525 4980 de

1953 5028 2121 5068 curvo
2147 5013 2259 5067 fieri
2305 5023 2564 5070 erectus:
2601 5033 2724 5070 nam
2771 5027 2827 5072 et
2870 5017 3168 5071 velamento
3203 5018 3524 5088 pupillarnm

1953 5103 2215 5174 disrupta,
2245 5107 2633 5174 praecedentem
2656 5109 2933 5179 sanguinis
2956 5109 3292 5178 eruptionem
3324 5110 3516 5164 subse-

1950 5194 2134 5261 quitur
2164 5194 2251 5247 lnv
2302 5196 2680 5262 serenissima;
2736 5213 2832 5252 nec
2873 5199 2920 5252 ei
2977 5199 3230 5265 quiddam
3277 5201 3524 5254 sanitatis

1949 5287 2137 5350 defuit,
2183 5287 2336 5356 cujus
2362 5291 2604 5344 membra
2643 5291 2879 5346 cmlcstis
2913 5291 3105 5346 medici
3137 5294 3357 5347 dextera
3396 5308 3522 5362 per-

1952 5389 2119 5435 trecta
2129 5379 2221 5433 vit.

2561 5469 2787 5526 CAPUT
2825 5473 2892 5527 Χ.

1948 5562 2022 5618 De
2049 5580 2108 5617 eo
2131 5564 2218 5632 qui
2249 5579 2280 5616 a
2308 5563 2886 5685 snspettdiolfnrcarnm
2911 5575 3106 5620 sauctw
3145 5565 3292 5618 l’idis
3320 5550 3512 5618 tinxi/it

2547 5635 2794 5685 literatus
2821 5647 2914 5685 est.

2547 5635 2794 5686 liberatus
2821 5647 2914 5688 est.

2019 5725 2165 5780 Inter
2191 5735 2384 5780 cretera
2417 5740 2536 5793 qure
2570 5726 2699 5779 mihi
2727 5727 2792 5781 dc
2821 5736 3006 5780 sancta
3039 5726 3169 5781 Fide
3198 5726 3373 5780 adhuc
3405 5742 3500 5794 per

1955 5821 2122 5888 genti,
2153 5835 2179 5873 a
2211 5819 2439 5874 diversis
2464 5818 2786 5872 rclatoribus
2828 5819 2964 5872 sicut
3007 5833 3216 5870 summo
3260 5817 3488 5870 desidet"
3518 5875 3526 5883 ι
