  <div class='ocr_page' id='page_1' title='image "/cluster/home/n/w/nwhite01/storage/ocr_20150623/141/hvd.32044015471790/077.png"; bbox 0 0 4088 6422; ppageno 0'>
   <div class='ocr_carea' id='block_1_1' title="bbox 546 428 653 482">
    <p class='ocr_par' dir='ltr' id='par_1_1' title="bbox 546 428 653 482">
     <span class='ocr_line' id='line_1_1' title="bbox 546 428 653 482; baseline -0.009 0"><span class='ocrx_word' id='word_1_1' title='bbox 546 428 653 482; x_wconf 65' lang='grc' dir='ltr'>ηδ</span> 
     </span>
    </p>
   </div>
   <div class='ocr_carea' id='block_1_2' title="bbox 1591 410 2806 473">
    <p class='ocr_par' dir='ltr' id='par_1_2' title="bbox 1591 410 2806 473">
     <span class='ocr_line' id='line_1_2' title="bbox 1591 410 2806 473; baseline -0.006 0"><span class='ocrx_word' id='word_1_2' title='bbox 1591 413 1943 473; x_wconf 73' lang='lat' dir='ltr'><strong>BERNARDI</strong></span> <span class='ocrx_word' id='word_1_3' title='bbox 1981 410 2431 471; x_wconf 75' lang='lat' dir='ltr'><strong>SCiiOLASTlCl</strong></span> <span class='ocrx_word' id='word_1_4' title='bbox 2458 411 2806 471; x_wconf 74' lang='lat' dir='ltr'><strong>ANDEGAV.</strong></span> 
     </span>
    </p>
   </div>
   <div class='ocr_carea' id='block_1_3' title="bbox 3709 411 3820 470">
    <p class='ocr_par' dir='ltr' id='par_1_3' title="bbox 3709 411 3820 470">
     <span class='ocr_line' id='line_1_3' title="bbox 3709 411 3820 470; baseline 0 -1"><span class='ocrx_word' id='word_1_5' title='bbox 3709 411 3820 470; x_wconf 73' lang='grc' dir='ltr'><strong>ηι</strong></span> 
     </span>
    </p>
   </div>
   <div class='ocr_carea' id='block_1_4' title="bbox 545 523 3816 605">
    <p class='ocr_par' dir='ltr' id='par_1_4' title="bbox 545 523 3816 605">
     <span class='ocr_line' id='line_1_4' title="bbox 545 523 3816 605; baseline -0.002 -16"><span class='ocrx_word' id='word_1_6' title='bbox 545 532 831 605; x_wconf 81' lang='lat' dir='ltr'><strong>indaganti</strong></span> <span class='ocrx_word' id='word_1_7' title='bbox 860 531 1201 597; x_wconf 86' lang='lat' dir='ltr'><strong>dicebantur,</strong></span> <span class='ocrx_word' id='word_1_8' title='bbox 1246 529 1389 586; x_wconf 85' lang='lat' dir='ltr'><strong>istud</strong></span> <span class='ocrx_word' id='word_1_9' title='bbox 1437 527 1582 599; x_wconf 84' lang='lat' dir='ltr'><strong>quod</strong></span> <span class='ocrx_word' id='word_1_10' title='bbox 1634 543 1776 583; x_wconf 81' lang='lat' dir='ltr'><strong>nunc</strong></span> <span class='ocrx_word' id='word_1_11' title='bbox 1822 524 2130 598; x_wconf 79' lang='lat' dir='ltr'><strong>aggredior,</strong></span> <span class='ocrx_word' id='word_1_12' title='bbox 2161 529 2208 591; x_wconf 76' lang='grc' dir='ltr'><strong>Α</strong></span> <span class='ocrx_word' id='word_1_13' title='bbox 2240 543 2357 581; x_wconf 88' lang='lat' dir='ltr'><strong>rum</strong></span> <span class='ocrx_word' id='word_1_14' title='bbox 2404 526 2647 597; x_wconf 90' lang='lat' dir='ltr'><strong>elapsum</strong></span> <span class='ocrx_word' id='word_1_15' title='bbox 2717 525 2993 583; x_wconf 88' lang='lat' dir='ltr'><strong>hauriunt.</strong></span> <span class='ocrx_word' id='word_1_16' title='bbox 3047 523 3114 581; x_wconf 84' lang='lat' dir='ltr'><strong>Et</strong></span> <span class='ocrx_word' id='word_1_17' title='bbox 3170 523 3284 597; x_wconf 76' lang='lat' dir='ltr'><strong>jam</strong></span> <span class='ocrx_word' id='word_1_18' title='bbox 3335 525 3502 599; x_wconf 79' lang='lat' dir='ltr'><strong>aliqui</strong></span> <span class='ocrx_word' id='word_1_19' title='bbox 3558 527 3816 583; x_wconf 83' lang='lat' dir='ltr'><strong>virtutem</strong></span> 
     </span>
    </p>
   </div>
   <div class='ocr_carea' id='block_1_5' title="bbox 463 617 2132 700">
    <p class='ocr_par' dir='ltr' id='par_1_5' title="bbox 463 617 2132 700">
     <span class='ocr_line' id='line_1_5' title="bbox 463 617 2132 700; baseline -0.007 -19"><span class='ocrx_word' id='word_1_20' title='bbox 544 640 699 689; x_wconf 64' lang='lat' dir='ltr'><strong>more</strong></span> <span class='ocrx_word' id='word_1_21' title='bbox 737 624 903 682; x_wconf 85' lang='lat' dir='ltr'><strong>totius</strong></span> <span class='ocrx_word' id='word_1_22' title='bbox 933 623 1137 695; x_wconf 81' lang='lat' dir='ltr'><strong>populi,</strong></span> <span class='ocrx_word' id='word_1_23' title='bbox 1193 621 1393 678; x_wconf 84' lang='lat' dir='ltr'><strong>festivo</strong></span> <span class='ocrx_word' id='word_1_24' title='bbox 1439 629 1604 692; x_wconf 88' lang='lat' dir='ltr'><strong>atque</strong></span> <span class='ocrx_word' id='word_1_25' title='bbox 1654 617 2009 676; x_wconf 80' lang='lat' dir='ltr'><strong>celeberrime</strong></span> <span class='ocrx_word' id='word_1_26' title='bbox 2049 630 2132 670; x_wconf 87' lang='lat' dir='ltr'><strong>re-</strong></span> 
     </span>
    </p>
   </div>
   <div class='ocr_carea' id='block_1_6' title="bbox 456 706 2132 786">
    <p class='ocr_par' dir='ltr' id='par_1_6' title="bbox 456 706 2132 786">
     <span class='ocr_line' id='line_1_6' title="bbox 456 706 2132 786; baseline -0.007 -15"><span class='ocrx_word' id='word_1_27' title='bbox 456 714 475 779; x_wconf 67' lang='lat'>;</span> <span class='ocrx_word' id='word_1_28' title='bbox 543 718 777 772; x_wconf 76' lang='lat' dir='ltr'><strong>sonabat</strong></span> <span class='ocrx_word' id='word_1_29' title='bbox 802 730 1099 786; x_wconf 61' lang='lat' dir='ltr'><strong>praeconio.</strong></span> <span class='ocrx_word' id='word_1_30' title='bbox 1137 712 1289 781; x_wconf 83' lang='lat' dir='ltr'><strong>Quod</strong></span> <span class='ocrx_word' id='word_1_31' title='bbox 1320 720 1528 782; x_wconf 89' lang='lat' dir='ltr'><strong>postea,</strong></span> <span class='ocrx_word' id='word_1_32' title='bbox 1559 710 1770 767; x_wconf 77' lang='lat' dir='ltr'><strong>certius</strong></span> <span class='ocrx_word' id='word_1_33' title='bbox 1798 707 1867 763; x_wconf 91' lang='lat' dir='ltr'><strong>ab</strong></span> <span class='ocrx_word' id='word_1_34' title='bbox 1911 708 2000 764; x_wconf 90' lang='lat' dir='ltr'><strong>his</strong></span> <span class='ocrx_word' id='word_1_35' title='bbox 2040 706 2132 777; x_wconf 90' lang='lat' dir='ltr'><strong>qui</strong></span> 
     </span>
    </p>
   </div>
   <div class='ocr_carea' id='block_1_7' title="bbox 546 797 2133 880">
    <p class='ocr_par' dir='ltr' id='par_1_7' title="bbox 546 797 2133 880">
     <span class='ocr_line' id='line_1_7' title="bbox 546 797 2133 880; baseline -0.006 -21"><span class='ocrx_word' id='word_1_36' title='bbox 546 805 626 860; x_wconf 87' lang='lat' dir='ltr'><strong>rei</strong></span> <span class='ocrx_word' id='word_1_37' title='bbox 660 815 822 880; x_wconf 65' lang='lat' dir='ltr'><strong>gestae</strong></span> <span class='ocrx_word' id='word_1_38' title='bbox 865 804 1229 862; x_wconf 89' lang='lat' dir='ltr'><strong>interfuerant</strong></span> <span class='ocrx_word' id='word_1_39' title='bbox 1280 801 1636 873; x_wconf 75' lang='lat' dir='ltr'><strong>exquisitum,</strong></span> <span class='ocrx_word' id='word_1_40' title='bbox 1681 798 1805 854; x_wconf 64' lang='lat' dir='ltr'><strong>alta:</strong></span> <span class='ocrx_word' id='word_1_41' title='bbox 1857 797 2133 853; x_wconf 52' lang='lat' dir='ltr'><strong>memoria!</strong></span> 
     </span>
    </p>
   </div>
   <div class='ocr_carea' id='block_1_8' title="bbox 551 888 2136 963">
    <p class='ocr_par' dir='ltr' id='par_1_8' title="bbox 551 888 2136 963">
     <span class='ocr_line' id='line_1_8' title="bbox 551 888 2136 963; baseline -0.004 -12"><span class='ocrx_word' id='word_1_42' title='bbox 551 897 836 952; x_wconf 88' lang='lat' dir='ltr'><strong>tradimus.</strong></span> <span class='ocrx_word' id='word_1_43' title='bbox 869 893 1248 950; x_wconf 77' lang='lat' dir='ltr'><strong>Nobilissimus</strong></span> <span class='ocrx_word' id='word_1_44' title='bbox 1282 892 1524 963; x_wconf 91' lang='lat' dir='ltr'><strong>quidam,</strong></span> <span class='ocrx_word' id='word_1_45' title='bbox 1577 890 1797 947; x_wconf 83' lang='lat' dir='ltr'><strong>nomine</strong></span> <span class='ocrx_word' id='word_1_46' title='bbox 1845 888 2136 944; x_wconf 84' lang='lat' dir='ltr'><strong>Adimarus</strong></span> 
     </span>
    </p>
   </div>
   <div class='ocr_carea' id='block_1_9' title="bbox 551 980 2136 1059">
    <p class='ocr_par' dir='ltr' id='par_1_9' title="bbox 551 980 2136 1059">
     <span class='ocr_line' id='line_1_9' title="bbox 551 980 2136 1059; baseline -0.005 -15"><span class='ocrx_word' id='word_1_47' title='bbox 551 996 619 1057; x_wconf 83' lang='lat' dir='ltr'><strong>de</strong></span> <span class='ocrx_word' id='word_1_48' title='bbox 648 986 883 1042; x_wconf 68' lang='lat' dir='ltr'><strong>Atalena</strong></span> <span class='ocrx_word' id='word_1_49' title='bbox 906 985 1316 1059; x_wconf 85' lang='lat' dir='ltr'><strong>cognominatus</strong></span> <span class='ocrx_word' id='word_1_50' title='bbox 1347 984 1453 1058; x_wconf 91' lang='lat' dir='ltr'><strong>(est</strong></span> <span class='ocrx_word' id='word_1_51' title='bbox 1499 983 1643 1040; x_wconf 89' lang='lat' dir='ltr'><strong>enim</strong></span> <span class='ocrx_word' id='word_1_52' title='bbox 1692 982 1842 1053; x_wconf 87' lang='lat' dir='ltr'><strong>regio</strong></span> <span class='ocrx_word' id='word_1_53' title='bbox 1890 980 2136 1037; x_wconf 80' lang='lat' dir='ltr'><strong>Lemovi-</strong></span> 
     </span>
    </p>
   </div>
   <div class='ocr_carea' id='block_1_10' title="bbox 549 1074 2136 1151">
    <p class='ocr_par' dir='ltr' id='par_1_10' title="bbox 549 1074 2136 1151">
     <span class='ocr_line' id='line_1_10' title="bbox 549 1074 2136 1151; baseline -0.006 -15"><span class='ocrx_word' id='word_1_54' title='bbox 549 1081 729 1138; x_wconf 87' lang='lat' dir='ltr'><strong>eensis</strong></span> <span class='ocrx_word' id='word_1_55' title='bbox 755 1079 876 1151; x_wconf 85' lang='lat' dir='ltr'><strong>pagi</strong></span> <span class='ocrx_word' id='word_1_56' title='bbox 905 1087 1212 1143; x_wconf 82' lang='lat' dir='ltr'><strong>montuosa,</strong></span> <span class='ocrx_word' id='word_1_57' title='bbox 1240 1077 1313 1132; x_wconf 90' lang='lat' dir='ltr'><strong>ita</strong></span> <span class='ocrx_word' id='word_1_58' title='bbox 1337 1075 1693 1147; x_wconf 80' lang='lat' dir='ltr'><strong>nuncupata),</strong></span> <span class='ocrx_word' id='word_1_59' title='bbox 1721 1074 1862 1130; x_wconf 91' lang='lat' dir='ltr'><strong>inter</strong></span> <span class='ocrx_word' id='word_1_60' title='bbox 1888 1087 2136 1129; x_wconf 54' lang='lat' dir='ltr'><strong>numero</strong></span> 
     </span>
    </p>
   </div>
   <div class='ocr_carea' id='block_1_11' title="bbox 549 1162 2135 1237">
    <p class='ocr_par' dir='ltr' id='par_1_11' title="bbox 549 1162 2135 1237">
     <span class='ocr_line' id='line_1_11' title="bbox 549 1162 2135 1237; baseline -0.006 -10"><span class='ocrx_word' id='word_1_61' title='bbox 549 1185 667 1226; x_wconf 84' lang='lat' dir='ltr'><strong>sam</strong></span> <span class='ocrx_word' id='word_1_62' title='bbox 705 1170 964 1225; x_wconf 79' lang='lat' dir='ltr'><strong>familiam</strong></span> <span class='ocrx_word' id='word_1_63' title='bbox 992 1168 1249 1225; x_wconf 87' lang='lat' dir='ltr'><strong>clientem</strong></span> <span class='ocrx_word' id='word_1_64' title='bbox 1303 1166 1569 1222; x_wconf 79' lang='lat' dir='ltr'><strong>habuerat</strong></span> <span class='ocrx_word' id='word_1_65' title='bbox 1601 1165 1692 1237; x_wconf 90' lang='lat' dir='ltr'><strong>qui</strong></span> <span class='ocrx_word' id='word_1_66' title='bbox 1723 1178 1987 1236; x_wconf 90' lang='lat' dir='ltr'><strong>equorum</strong></span> <span class='ocrx_word' id='word_1_67' title='bbox 2033 1162 2135 1219; x_wconf 86' lang='lat' dir='ltr'><strong>sibi</strong></span> 
     </span>
    </p>
   </div>
   <div class='ocr_carea' id='block_1_12' title="bbox 555 1254 2136 1331">
    <p class='ocr_par' dir='ltr' id='par_1_12' title="bbox 555 1254 2136 1331">
     <span class='ocr_line' id='line_1_12' title="bbox 555 1254 2136 1331; baseline -0.005 -15"><span class='ocrx_word' id='word_1_68' title='bbox 555 1260 770 1330; x_wconf 86' lang='lat' dir='ltr'><strong>aliquos</strong></span> <span class='ocrx_word' id='word_1_69' title='bbox 803 1258 1013 1315; x_wconf 88' lang='lat' dir='ltr'><strong>furatus</strong></span> <span class='ocrx_word' id='word_1_70' title='bbox 1036 1257 1320 1331; x_wconf 86' lang='lat' dir='ltr'><strong>effugerat.</strong></span> <span class='ocrx_word' id='word_1_71' title='bbox 1367 1256 1524 1313; x_wconf 78' lang='lat' dir='ltr'><strong>Hunc</strong></span> <span class='ocrx_word' id='word_1_72' title='bbox 1558 1256 1790 1328; x_wconf 87' lang='lat' dir='ltr'><strong>denique</strong></span> <span class='ocrx_word' id='word_1_73' title='bbox 1839 1254 1946 1311; x_wconf 89' lang='lat' dir='ltr'><strong>alia</strong></span> <span class='ocrx_word' id='word_1_74' title='bbox 1998 1261 2136 1310; x_wconf 55' lang='lat' dir='ltr'><strong>tem-</strong></span> 
     </span>
    </p>
   </div>
   <div class='ocr_carea' id='block_1_13' title="bbox 554 1337 2134 1422">
    <p class='ocr_par' dir='ltr' id='par_1_13' title="bbox 554 1337 2134 1422">
     <span class='ocr_line' id='line_1_13' title="bbox 554 1337 2134 1422; baseline -0.003 -13"><span class='ocrx_word' id='word_1_75' title='bbox 554 1361 771 1422; x_wconf 89' lang='lat' dir='ltr'><strong>pestate</strong></span> <span class='ocrx_word' id='word_1_76' title='bbox 806 1368 929 1408; x_wconf 91' lang='lat' dir='ltr'><strong>cum</strong></span> <span class='ocrx_word' id='word_1_77' title='bbox 967 1366 1095 1408; x_wconf 87' lang='lat' dir='ltr'><strong>casu</strong></span> <span class='ocrx_word' id='word_1_78' title='bbox 1131 1351 1411 1422; x_wconf 91' lang='lat' dir='ltr'><strong>inopinato</strong></span> <span class='ocrx_word' id='word_1_79' title='bbox 1464 1348 1799 1417; x_wconf 75' lang='lat' dir='ltr'><strong>offendisset,</strong></span> <span class='ocrx_word' id='word_1_80' title='bbox 1843 1348 2028 1404; x_wconf 86' lang='lat' dir='ltr'><strong>statim</strong></span> <span class='ocrx_word' id='word_1_81' title='bbox 2084 1337 2134 1404; x_wconf 84' lang='lat' dir='ltr'><strong>ei</strong></span> 
     </span>
    </p>
   </div>
   <div class='ocr_carea' id='block_1_14' title="bbox 546 1438 2137 1513">
    <p class='ocr_par' dir='ltr' id='par_1_14' title="bbox 546 1438 2137 1513">
     <span class='ocr_line' id='line_1_14' title="bbox 546 1438 2137 1513; baseline -0.001 -15"><span class='ocrx_word' id='word_1_82' title='bbox 546 1442 795 1513; x_wconf 89' lang='lat' dir='ltr'><strong>prunuiis</strong></span> <span class='ocrx_word' id='word_1_83' title='bbox 824 1442 1117 1499; x_wconf 89' lang='lat' dir='ltr'><strong>oculorum</strong></span> <span class='ocrx_word' id='word_1_84' title='bbox 1156 1441 1409 1509; x_wconf 83' lang='lat' dir='ltr'><strong>revulsis,</strong></span> <span class='ocrx_word' id='word_1_85' title='bbox 1441 1440 1669 1497; x_wconf 90' lang='lat' dir='ltr'><strong>liberum</strong></span> <span class='ocrx_word' id='word_1_86' title='bbox 1706 1440 1958 1512; x_wconf 85' lang='lat' dir='ltr'><strong>deinceps</strong></span> <span class='ocrx_word' id='word_1_87' title='bbox 1987 1438 2137 1496; x_wconf 88' lang='lat' dir='ltr'><strong>abire</strong></span> 
     </span>
    </p>
   </div>
   <div class='ocr_carea' id='block_1_15' title="bbox 546 1530 2136 1607">
    <p class='ocr_par' dir='ltr' id='par_1_15' title="bbox 546 1530 2136 1607">
     <span class='ocr_line' id='line_1_15' title="bbox 546 1530 2136 1607; baseline -0.004 -15"><span class='ocrx_word' id='word_1_88' title='bbox 546 1536 819 1607; x_wconf 85' lang='lat' dir='ltr'><strong>permisit.</strong></span> <span class='ocrx_word' id='word_1_89' title='bbox 844 1532 1395 1604; x_wconf 84' lang='lat' dir='ltr'><strong>Alterum&#39;verojure</strong></span> <span class='ocrx_word' id='word_1_90' title='bbox 1419 1532 1726 1589; x_wconf 80' lang='lat' dir='ltr'><strong>sodalitatis</strong></span> <span class='ocrx_word' id='word_1_91' title='bbox 1781 1531 1905 1588; x_wconf 84' lang='lat' dir='ltr'><strong>huic</strong></span> <span class='ocrx_word' id='word_1_92' title='bbox 1955 1530 2136 1586; x_wconf 79' lang='lat' dir='ltr'><strong>adhae-</strong></span> 
     </span>
    </p>
   </div>
   <div class='ocr_carea' id='block_1_16' title="bbox 546 1622 2135 1695">
    <p class='ocr_par' dir='ltr' id='par_1_16' title="bbox 546 1622 2135 1695">
     <span class='ocr_line' id='line_1_16' title="bbox 546 1622 2135 1695; baseline -0.004 -14"><span class='ocrx_word' id='word_1_93' title='bbox 546 1635 781 1691; x_wconf 86' lang='lat' dir='ltr'><strong>rentem,</strong></span> <span class='ocrx_word' id='word_1_94' title='bbox 811 1641 913 1682; x_wconf 91' lang='lat' dir='ltr'><strong>nec</strong></span> <span class='ocrx_word' id='word_1_95' title='bbox 954 1633 1133 1681; x_wconf 89' lang='lat' dir='ltr'><strong>tamen</strong></span> <span class='ocrx_word' id='word_1_96' title='bbox 1166 1624 1375 1695; x_wconf 69' lang='lat' dir='ltr'><strong>prmfati</strong></span> <span class='ocrx_word' id='word_1_97' title='bbox 1408 1622 1677 1679; x_wconf 84' lang='lat' dir='ltr'><strong>latrocinii</strong></span> <span class='ocrx_word' id='word_1_98' title='bbox 1706 1631 2135 1692; x_wconf 89' lang='lat' dir='ltr'><strong>cooperatorem,</strong></span> 
     </span>
    </p>
   </div>
   <div class='ocr_carea' id='block_1_17' title="bbox 545 1712 2133 1788">
    <p class='ocr_par' dir='ltr' id='par_1_17' title="bbox 545 1712 2133 1788">
     <span class='ocr_line' id='line_1_17' title="bbox 545 1712 2133 1788; baseline -0.002 -17"><span class='ocrx_word' id='word_1_99' title='bbox 545 1732 611 1773; x_wconf 86' lang='lat' dir='ltr'><strong>ac</strong></span> <span class='ocrx_word' id='word_1_100' title='bbox 638 1718 684 1773; x_wconf 89' lang='lat' dir='ltr'><strong>si</strong></span> <span class='ocrx_word' id='word_1_101' title='bbox 724 1732 877 1773; x_wconf 88' lang='lat' dir='ltr'><strong>reum</strong></span> <span class='ocrx_word' id='word_1_102' title='bbox 905 1717 1052 1788; x_wconf 87' lang='lat' dir='ltr'><strong>paris</strong></span> <span class='ocrx_word' id='word_1_103' title='bbox 1080 1714 1360 1781; x_wconf 83' lang='lat' dir='ltr'><strong>facinoris,</strong></span> <span class='ocrx_word' id='word_1_104' title='bbox 1385 1713 1543 1771; x_wconf 90' lang='lat' dir='ltr'><strong>nodis</strong></span> <span class='ocrx_word' id='word_1_105' title='bbox 1575 1712 1979 1769; x_wconf 88' lang='lat' dir='ltr'><strong>miserabilibus</strong></span> <span class='ocrx_word' id='word_1_106' title='bbox 2005 1726 2133 1768; x_wconf 82' lang='lat' dir='ltr'><strong>ncc-</strong></span> 
     </span>
    </p>
   </div>
   <div class='ocr_carea' id='block_1_18' title="bbox 548 1801 2128 1876">
    <p class='ocr_par' dir='ltr' id='par_1_18' title="bbox 548 1801 2128 1876">
     <span class='ocr_line' id='line_1_18' title="bbox 548 1801 2128 1876; baseline -0.003 -15"><span class='ocrx_word' id='word_1_107' title='bbox 548 1807 639 1865; x_wconf 75' lang='lat' dir='ltr'><strong>tit.</strong></span> <span class='ocrx_word' id='word_1_108' title='bbox 662 1805 759 1864; x_wconf 86' lang='lat' dir='ltr'><strong>Cui</strong></span> <span class='ocrx_word' id='word_1_109' title='bbox 791 1806 1237 1876; x_wconf 86' lang='lat' dir='ltr'><strong>renitenti-atque</strong></span> <span class='ocrx_word' id='word_1_110' title='bbox 1265 1804 1526 1861; x_wconf 85' lang='lat' dir='ltr'><strong>inficianti</strong></span> <span class='ocrx_word' id='word_1_111' title='bbox 1553 1803 1947 1859; x_wconf 84' lang='lat' dir='ltr'><strong>conscientiam</strong></span> <span class='ocrx_word' id='word_1_112' title='bbox 1973 1801 2128 1869; x_wconf 87' lang='lat' dir='ltr'><strong>furti,</strong></span> 
     </span>
    </p>
   </div>
   <div class='ocr_carea' id='block_1_19' title="bbox 2234 619 3825 687">
    <p class='ocr_par' dir='ltr' id='par_1_19' title="bbox 2234 619 3825 687">
     <span class='ocr_line' id='line_1_19' title="bbox 2234 619 3825 687; baseline 0.003 -12"><span class='ocrx_word' id='word_1_113' title='bbox 2234 629 2436 676; x_wconf 58' lang='lat' dir='ltr'><strong>sanctae</strong></span> <span class='ocrx_word' id='word_1_114' title='bbox 2463 619 2613 676; x_wconf 82' lang='lat' dir='ltr'><strong>Fidis</strong></span> <span class='ocrx_word' id='word_1_115' title='bbox 2640 634 2761 677; x_wconf 88' lang='lat' dir='ltr'><strong>esse</strong></span> <span class='ocrx_word' id='word_1_116' title='bbox 2786 619 3062 687; x_wconf 82' lang='lat' dir='ltr'><strong>dicebant,</strong></span> <span class='ocrx_word' id='word_1_117' title='bbox 3087 635 3208 675; x_wconf 84' lang='lat' dir='ltr'><strong>cum</strong></span> <span class='ocrx_word' id='word_1_118' title='bbox 3238 620 3473 678; x_wconf 81' lang='lat' dir='ltr'><strong>crudelis</strong></span> <span class='ocrx_word' id='word_1_119' title='bbox 3503 621 3679 679; x_wconf 80' lang='lat' dir='ltr'><strong>bellua</strong></span> <span class='ocrx_word' id='word_1_120' title='bbox 3721 637 3825 680; x_wconf 82' lang='lat' dir='ltr'><strong>eos</strong></span> 
     </span>
    </p>
   </div>
   <div class='ocr_carea' id='block_1_20' title="bbox 2236 713 3822 786">
    <p class='ocr_par' dir='ltr' id='par_1_20' title="bbox 2236 713 3822 786">
     <span class='ocr_line' id='line_1_20' title="bbox 2236 713 3822 786; baseline 0.001 -17"><span class='ocrx_word' id='word_1_121' title='bbox 2236 715 2525 770; x_wconf 85' lang='lat' dir='ltr'><strong>minaciter</strong></span> <span class='ocrx_word' id='word_1_122' title='bbox 2547 729 2670 770; x_wconf 89' lang='lat' dir='ltr'><strong>eum</strong></span> <span class='ocrx_word' id='word_1_123' title='bbox 2718 713 3139 785; x_wconf 81' lang='lat' dir='ltr'><strong>exprobratione</strong></span> <span class='ocrx_word' id='word_1_124' title='bbox 3183 714 3538 786; x_wconf 83' lang='lat' dir='ltr'><strong>increpitans,</strong></span> <span class='ocrx_word' id='word_1_125' title='bbox 3588 715 3822 771; x_wconf 85' lang='lat' dir='ltr'><strong>reticere</strong></span> 
     </span>
    </p>
   </div>
   <div class='ocr_carea' id='block_1_21' title="bbox 2235 802 3824 875">
    <p class='ocr_par' dir='ltr' id='par_1_21' title="bbox 2235 802 3824 875">
     <span class='ocr_line' id='line_1_21' title="bbox 2235 802 3824 875; baseline -0.001 -16"><span class='ocrx_word' id='word_1_126' title='bbox 2235 804 2495 875; x_wconf 81' lang='lat' dir='ltr'><strong>coegerit.</strong></span> <span class='ocrx_word' id='word_1_127' title='bbox 2528 804 2664 859; x_wconf 91' lang='lat' dir='ltr'><strong>Tum</strong></span> <span class='ocrx_word' id='word_1_128' title='bbox 2693 803 2871 859; x_wconf 63' lang='lat' dir='ltr'><strong>multo.</strong></span> <span class='ocrx_word' id='word_1_129' title='bbox 2896 802 3084 858; x_wconf 85' lang='lat' dir='ltr'><strong>durius</strong></span> <span class='ocrx_word' id='word_1_130' title='bbox 3118 811 3280 874; x_wconf 89' lang='lat' dir='ltr'><strong>atque</strong></span> <span class='ocrx_word' id='word_1_131' title='bbox 3328 802 3618 859; x_wconf 86' lang='lat' dir='ltr'><strong>immanius</strong></span> <span class='ocrx_word' id='word_1_132' title='bbox 3651 802 3824 859; x_wconf 60' lang='lat' dir='ltr'><strong>homi.</strong></span> 
     </span>
    </p>
   </div>
   <div class='ocr_carea' id='block_1_22' title="bbox 2240 893 3822 967">
    <p class='ocr_par' dir='ltr' id='par_1_22' title="bbox 2240 893 3822 967">
     <span class='ocr_line' id='line_1_22' title="bbox 2240 893 3822 967; baseline 0 -16"><span class='ocrx_word' id='word_1_133' title='bbox 2240 895 2328 951; x_wconf 90' lang='lat' dir='ltr'><strong>nis</strong></span> <span class='ocrx_word' id='word_1_134' title='bbox 2374 902 2582 962; x_wconf 73' lang='lat' dir='ltr'><strong>guttur,</strong></span> <span class='ocrx_word' id='word_1_135' title='bbox 2638 903 2699 949; x_wconf 91' lang='lat' dir='ltr'><strong>ut</strong></span> <span class='ocrx_word' id='word_1_136' title='bbox 2746 893 2939 960; x_wconf 85' lang='lat' dir='ltr'><strong>fertur,</strong></span> <span class='ocrx_word' id='word_1_137' title='bbox 2996 894 3274 950; x_wconf 76' lang='lat' dir='ltr'><strong>renovatis</strong></span> <span class='ocrx_word' id='word_1_138' title='bbox 3321 909 3529 967; x_wconf 80' lang='lat' dir='ltr'><strong>angens</strong></span> <span class='ocrx_word' id='word_1_139' title='bbox 3573 896 3822 961; x_wconf 81' lang='lat' dir='ltr'><strong>retortis,</strong></span> 
     </span>
    </p>
   </div>
   <div class='ocr_carea' id='block_1_23' title="bbox 2237 986 3820 1059">
    <p class='ocr_par' dir='ltr' id='par_1_23' title="bbox 2237 986 3820 1059">
     <span class='ocr_line' id='line_1_23' title="bbox 2237 986 3820 1059; baseline -0.001 -17"><span class='ocrx_word' id='word_1_140' title='bbox 2237 988 2421 1042; x_wconf 89' lang='lat' dir='ltr'><strong>taudiu</strong></span> <span class='ocrx_word' id='word_1_141' title='bbox 2446 990 2766 1058; x_wconf 83' lang='lat' dir='ltr'><strong>pendentem</strong></span> <span class='ocrx_word' id='word_1_142' title='bbox 2795 986 3122 1052; x_wconf 77' lang='lat' dir='ltr'><strong>observavit,</strong></span> <span class='ocrx_word' id='word_1_143' title='bbox 3148 986 3386 1057; x_wconf 86' lang='lat' dir='ltr'><strong>quandiu</strong></span> <span class='ocrx_word' id='word_1_144' title='bbox 3426 986 3820 1059; x_wconf 69' lang='lat' dir='ltr'><strong>strangulatae:</strong></span> 
     </span>
    </p>
   </div>
   <div class='ocr_carea' id='block_1_24' title="bbox 2236 1076 3823 1149">
    <p class='ocr_par' dir='ltr' id='par_1_24' title="bbox 2236 1076 3823 1149">
     <span class='ocr_line' id='line_1_24' title="bbox 2236 1076 3823 1149; baseline -0.002 -15"><span class='ocrx_word' id='word_1_145' title='bbox 2236 1078 2615 1135; x_wconf 87' lang='lat' dir='ltr'><strong>incunctanter</strong></span> <span class='ocrx_word' id='word_1_146' title='bbox 2643 1077 2936 1149; x_wconf 77' lang='lat' dir='ltr'><strong>putaverit.</strong></span> <span class='ocrx_word' id='word_1_147' title='bbox 2981 1076 3049 1132; x_wconf 83' lang='lat' dir='ltr'><strong>Et</strong></span> <span class='ocrx_word' id='word_1_148' title='bbox 3097 1088 3278 1134; x_wconf 90' lang='lat' dir='ltr'><strong>tamen</strong></span> <span class='ocrx_word' id='word_1_149' title='bbox 3308 1093 3429 1134; x_wconf 92' lang='lat' dir='ltr'><strong>cum</strong></span> <span class='ocrx_word' id='word_1_150' title='bbox 3476 1092 3577 1148; x_wconf 91' lang='lat' dir='ltr'><strong>per</strong></span> <span class='ocrx_word' id='word_1_151' title='bbox 3623 1076 3823 1132; x_wconf 88' lang='lat' dir='ltr'><strong>clivum</strong></span> 
     </span>
    </p>
   </div>
   <div class='ocr_carea' id='block_1_25' title="bbox 2236 1168 3822 1241">
    <p class='ocr_par' dir='ltr' id='par_1_25' title="bbox 2236 1168 3822 1241">
     <span class='ocr_line' id='line_1_25' title="bbox 2236 1168 3822 1241; baseline -0.001 -14"><span class='ocrx_word' id='word_1_152' title='bbox 2236 1171 2439 1228; x_wconf 68' lang='lat' dir='ltr'><strong>montis</strong></span> <span class='ocrx_word' id='word_1_153' title='bbox 2454 1168 2567 1240; x_wconf 87' lang='lat' dir='ltr'><strong>jam</strong></span> <span class='ocrx_word' id='word_1_154' title='bbox 2604 1178 2963 1236; x_wconf 83' lang='lat' dir='ltr'><strong>revertentes,</strong></span> <span class='ocrx_word' id='word_1_155' title='bbox 3012 1169 3342 1226; x_wconf 80' lang='lat' dir='ltr'><strong>descendere</strong></span> <span class='ocrx_word' id='word_1_156' title='bbox 3392 1171 3665 1241; x_wconf 73' lang='lat' dir='ltr'><strong>cmpisset,</strong></span> <span class='ocrx_word' id='word_1_157' title='bbox 3713 1184 3822 1225; x_wconf 86' lang='lat' dir='ltr'><strong>non</strong></span> 
     </span>
    </p>
   </div>
   <div class='ocr_carea' id='block_1_26' title="bbox 2236 1260 3825 1338">
    <p class='ocr_par' dir='ltr' id='par_1_26' title="bbox 2236 1260 3825 1338">
     <span class='ocr_line' id='line_1_26' title="bbox 2236 1260 3825 1338; baseline -0.003 -17"><span class='ocrx_word' id='word_1_158' title='bbox 2236 1264 2418 1338; x_wconf 92' lang='lat' dir='ltr'><strong>potuit</strong></span> <span class='ocrx_word' id='word_1_159' title='bbox 2442 1263 2554 1334; x_wconf 89' lang='lat' dir='ltr'><strong>pati</strong></span> <span class='ocrx_word' id='word_1_160' title='bbox 2587 1261 2727 1319; x_wconf 89' lang='lat' dir='ltr'><strong>male</strong></span> <span class='ocrx_word' id='word_1_161' title='bbox 2755 1262 3021 1319; x_wconf 89' lang='lat' dir='ltr'><strong>sollicitus</strong></span> <span class='ocrx_word' id='word_1_162' title='bbox 3042 1262 3173 1333; x_wconf 89' lang='lat' dir='ltr'><strong>quin</strong></span> <span class='ocrx_word' id='word_1_163' title='bbox 3218 1272 3370 1318; x_wconf 91' lang='lat' dir='ltr'><strong>torva</strong></span> <span class='ocrx_word' id='word_1_164' title='bbox 3418 1260 3620 1317; x_wconf 88' lang='lat' dir='ltr'><strong>lumina</strong></span> <span class='ocrx_word' id='word_1_165' title='bbox 3651 1270 3825 1317; x_wconf 85' lang='lat' dir='ltr'><strong>retor-</strong></span> 
     </span>
    </p>
   </div>
   <div class='ocr_carea' id='block_1_27' title="bbox 2237 1351 3821 1426">
    <p class='ocr_par' dir='ltr' id='par_1_27' title="bbox 2237 1351 3821 1426">
     <span class='ocr_line' id='line_1_27' title="bbox 2237 1351 3821 1426; baseline 0.001 -21"><span class='ocrx_word' id='word_1_166' title='bbox 2237 1362 2464 1426; x_wconf 84' lang='lat' dir='ltr'><strong>queret,</strong></span> <span class='ocrx_word' id='word_1_167' title='bbox 2511 1353 2740 1424; x_wconf 88' lang='lat' dir='ltr'><strong>visoque</strong></span> <span class='ocrx_word' id='word_1_168' title='bbox 2793 1351 3056 1407; x_wconf 88' lang='lat' dir='ltr'><strong>miraculo</strong></span> <span class='ocrx_word' id='word_1_169' title='bbox 3105 1351 3377 1417; x_wconf 87' lang='lat' dir='ltr'><strong>recurrit,</strong></span> <span class='ocrx_word' id='word_1_170' title='bbox 3432 1352 3821 1422; x_wconf 71' lang='lat' dir='ltr'><strong>reperiens-quo</strong></span> 
     </span>
    </p>
   </div>
   <div class='ocr_carea' id='block_1_28' title="bbox 2237 1442 3823 1513">
    <p class='ocr_par' dir='ltr' id='par_1_28' title="bbox 2237 1442 3823 1513">
     <span class='ocr_line' id='line_1_28' title="bbox 2237 1442 3823 1513; baseline -0.003 -11"><span class='ocrx_word' id='word_1_171' title='bbox 2237 1446 2513 1502; x_wconf 78' lang='lat' dir='ltr'><strong>hominem</strong></span> <span class='ocrx_word' id='word_1_172' title='bbox 2550 1444 2786 1500; x_wconf 87' lang='lat' dir='ltr'><strong>solutum</strong></span> <span class='ocrx_word' id='word_1_173' title='bbox 2848 1452 2905 1498; x_wconf 91' lang='lat' dir='ltr'><strong>et</strong></span> <span class='ocrx_word' id='word_1_174' title='bbox 2959 1442 3305 1506; x_wconf 87' lang='lat' dir='ltr'><strong>incolumem,</strong></span> <span class='ocrx_word' id='word_1_175' title='bbox 3358 1442 3643 1498; x_wconf 70' lang='lat' dir='ltr'><strong>btesitabat</strong></span> <span class='ocrx_word' id='word_1_176' title='bbox 3691 1443 3823 1513; x_wconf 68' lang='lat' dir='ltr'><strong>quid</strong></span> 
     </span>
    </p>
   </div>
   <div class='ocr_carea' id='block_1_29' title="bbox 2235 1532 3827 1591">
    <p class='ocr_par' dir='ltr' id='par_1_29' title="bbox 2235 1532 3827 1591">
     <span class='ocr_line' id='line_1_29' title="bbox 2235 1532 3827 1591; baseline -0.002 -1"><span class='ocrx_word' id='word_1_177' title='bbox 2235 1534 2462 1591; x_wconf 86' lang='lat' dir='ltr'><strong>faceret.</strong></span> <span class='ocrx_word' id='word_1_178' title='bbox 2512 1534 2704 1590; x_wconf 73' lang='lat' dir='ltr'><strong>Cmtcri</strong></span> <span class='ocrx_word' id='word_1_179' title='bbox 2748 1547 2878 1588; x_wconf 74' lang='lat' dir='ltr'><strong>vero</strong></span> <span class='ocrx_word' id='word_1_180' title='bbox 2930 1540 3037 1588; x_wconf 86' lang='lat' dir='ltr'><strong>tam</strong></span> <span class='ocrx_word' id='word_1_181' title='bbox 3082 1532 3373 1588; x_wconf 81' lang='lat' dir='ltr'><strong>manifeste</strong></span> <span class='ocrx_word' id='word_1_182' title='bbox 3428 1540 3628 1587; x_wconf 73' lang='lat' dir='ltr'><strong>sanctae</strong></span> <span class='ocrx_word' id='word_1_183' title='bbox 3675 1532 3827 1588; x_wconf 83' lang='lat' dir='ltr'><strong>Fidis</strong></span> 
     </span>
    </p>
   </div>
   <div class='ocr_carea' id='block_1_30' title="bbox 2234 1624 3818 1697">
    <p class='ocr_par' dir='ltr' id='par_1_30' title="bbox 2234 1624 3818 1697">
     <span class='ocr_line' id='line_1_30' title="bbox 2234 1624 3818 1697; baseline -0.003 -12"><span class='ocrx_word' id='word_1_184' title='bbox 2234 1628 2492 1685; x_wconf 76' lang='lat' dir='ltr'><strong>virtutem</strong></span> <span class='ocrx_word' id='word_1_185' title='bbox 2528 1628 2809 1683; x_wconf 86' lang='lat' dir='ltr'><strong>unanimes</strong></span> <span class='ocrx_word' id='word_1_186' title='bbox 2837 1625 3220 1697; x_wconf 66' lang='lat' dir='ltr'><strong>prmdicantes,</strong></span> <span class='ocrx_word' id='word_1_187' title='bbox 3265 1624 3641 1679; x_wconf 82' lang='lat' dir='ltr'><strong>scelestissiuti</strong></span> <span class='ocrx_word' id='word_1_188' title='bbox 3690 1624 3818 1680; x_wconf 88' lang='lat' dir='ltr'><strong>facti</strong></span> 
     </span>
    </p>
   </div>
   <div class='ocr_carea' id='block_1_31' title="bbox 2238 1713 3821 1777">
    <p class='ocr_par' dir='ltr' id='par_1_31' title="bbox 2238 1713 3821 1777">
     <span class='ocr_line' id='line_1_31' title="bbox 2238 1713 3821 1777; baseline -0.006 -2"><span class='ocrx_word' id='word_1_189' title='bbox 2238 1719 2513 1775; x_wconf 84' lang='lat' dir='ltr'><strong>dominum</strong></span> <span class='ocrx_word' id='word_1_190' title='bbox 2553 1733 2709 1773; x_wconf 89' lang='lat' dir='ltr'><strong>suum</strong></span> <span class='ocrx_word' id='word_1_191' title='bbox 2738 1731 2889 1772; x_wconf 88' lang='lat' dir='ltr'><strong>reum</strong></span> <span class='ocrx_word' id='word_1_192' title='bbox 2916 1730 3036 1771; x_wconf 86' lang='lat' dir='ltr'><strong>esse</strong></span> <span class='ocrx_word' id='word_1_193' title='bbox 3066 1713 3425 1777; x_wconf 74' lang='lat' dir='ltr'><strong>conclamant,</strong></span> <span class='ocrx_word' id='word_1_194' title='bbox 3461 1728 3561 1768; x_wconf 86' lang='lat' dir='ltr'><strong>nec</strong></span> <span class='ocrx_word' id='word_1_195' title='bbox 3590 1728 3648 1768; x_wconf 89' lang='lat' dir='ltr'><strong>se</strong></span> <span class='ocrx_word' id='word_1_196' title='bbox 3680 1714 3821 1767; x_wconf 86' lang='lat' dir='ltr'><strong>ultra</strong></span> 
     </span>
    </p>
   </div>
   <div class='ocr_carea' id='block_1_32' title="bbox 2240 1804 3825 1881">
    <p class='ocr_par' dir='ltr' id='par_1_32' title="bbox 2240 1804 3825 1881">
     <span class='ocr_line' id='line_1_32' title="bbox 2240 1804 3825 1881; baseline -0.004 -16"><span class='ocrx_word' id='word_1_197' title='bbox 2240 1818 2349 1865; x_wconf 91' lang='lat' dir='ltr'><strong>tam</strong></span> <span class='ocrx_word' id='word_1_198' title='bbox 2373 1810 2654 1881; x_wconf 81' lang='lat' dir='ltr'><strong>indignum</strong></span> <span class='ocrx_word' id='word_1_199' title='bbox 2689 1809 2898 1865; x_wconf 79' lang='lat' dir='ltr'><strong>facinus</strong></span> <span class='ocrx_word' id='word_1_200' title='bbox 2922 1822 3202 1880; x_wconf 88' lang='lat' dir='ltr'><strong>passuros.</strong></span> <span class='ocrx_word' id='word_1_201' title='bbox 3236 1805 3436 1860; x_wconf 80' lang='lat' dir='ltr'><strong>Videas</strong></span> <span class='ocrx_word' id='word_1_202' title='bbox 3472 1819 3600 1876; x_wconf 87' lang='lat' dir='ltr'><strong>ergo</strong></span> <span class='ocrx_word' id='word_1_203' title='bbox 3641 1804 3825 1859; x_wconf 84' lang='lat' dir='ltr'><strong>senior</strong></span> 
     </span>
    </p>
   </div>
   <div class='ocr_carea' id='block_1_33' title="bbox 478 1883 2138 1973">
    <p class='ocr_par' dir='ltr' id='par_1_33' title="bbox 478 1892 2127 1968">
     <span class='ocr_line' id='line_1_33' title="bbox 478 1892 2127 1968; baseline -0.003 -15"><span class='ocrx_word' id='word_1_204' title='bbox 478 1950 487 1960; x_wconf 72' lang='grc'>,</span> <span class='ocrx_word' id='word_1_205' title='bbox 543 1898 680 1953; x_wconf 89' lang='lat' dir='ltr'><strong>nihil</strong></span> <span class='ocrx_word' id='word_1_206' title='bbox 705 1896 910 1968; x_wconf 87' lang='lat' dir='ltr'><strong>profuit</strong></span> <span class='ocrx_word' id='word_1_207' title='bbox 951 1916 965 1952; x_wconf 90' lang='lat'><strong>:</strong></span> <span class='ocrx_word' id='word_1_208' title='bbox 1000 1898 1109 1952; x_wconf 92' lang='lat' dir='ltr'><strong>imo</strong></span> <span class='ocrx_word' id='word_1_209' title='bbox 1142 1911 1241 1967; x_wconf 90' lang='lat' dir='ltr'><strong>per</strong></span> <span class='ocrx_word' id='word_1_210' title='bbox 1275 1904 1523 1951; x_wconf 87' lang='lat' dir='ltr'><strong>sanctam</strong></span> <span class='ocrx_word' id='word_1_211' title='bbox 1557 1894 1744 1951; x_wconf 86' lang='lat' dir='ltr'><strong>Fidem</strong></span> <span class='ocrx_word' id='word_1_212' title='bbox 1783 1892 2127 1960; x_wconf 88' lang='lat' dir='ltr'><strong>reclamanti,</strong></span> 
     </span>
    </p>
   </div>
   <div class='ocr_carea' id='block_1_34' title="bbox 2240 1883 3818 1973">
    <p class='ocr_par' dir='ltr' id='par_1_34' title="bbox 2240 1896 3818 1973">
     <span class='ocr_line' id='line_1_34' title="bbox 2240 1896 3818 1973; baseline -0.005 -15"><span class='ocrx_word' id='word_1_213' title='bbox 2240 1903 2559 1959; x_wconf 86' lang='lat' dir='ltr'><strong>miraculum</strong></span> <span class='ocrx_word' id='word_1_214' title='bbox 2596 1900 2739 1973; x_wconf 91' lang='lat' dir='ltr'><strong>quod</strong></span> <span class='ocrx_word' id='word_1_215' title='bbox 2764 1908 2911 1958; x_wconf 89' lang='lat' dir='ltr'><strong>esset</strong></span> <span class='ocrx_word' id='word_1_216' title='bbox 2946 1899 3201 1972; x_wconf 85' lang='lat' dir='ltr'><strong>dignum,</strong></span> <span class='ocrx_word' id='word_1_217' title='bbox 3240 1898 3435 1954; x_wconf 90' lang='lat' dir='ltr'><strong>ductus</strong></span> <span class='ocrx_word' id='word_1_218' title='bbox 3466 1896 3818 1968; x_wconf 67' lang='lat' dir='ltr'><strong>paenitudine,</strong></span> 
     </span>
    </p>
   </div>
   <div class='ocr_carea' id='block_1_35' title="bbox 546 1985 2136 2060">
    <p class='ocr_par' dir='ltr' id='par_1_35' title="bbox 546 1985 2136 2060">
     <span class='ocr_line' id='line_1_35' title="bbox 546 1985 2136 2060; baseline -0.001 -16"><span class='ocrx_word' id='word_1_219' title='bbox 546 1989 657 2046; x_wconf 85' lang='lat' dir='ltr'><strong>tale</strong></span> <span class='ocrx_word' id='word_1_220' title='bbox 724 2004 1044 2060; x_wconf 88' lang='lat' dir='ltr'><strong>responsum</strong></span> <span class='ocrx_word' id='word_1_221' title='bbox 1088 1989 1174 2045; x_wconf 82' lang='lat' dir='ltr'><strong>vir</strong></span> <span class='ocrx_word' id='word_1_222' title='bbox 1220 1988 1455 2045; x_wconf 90' lang='lat' dir='ltr'><strong>crudelis</strong></span> <span class='ocrx_word' id='word_1_223' title='bbox 1495 1986 1707 2044; x_wconf 88' lang='lat' dir='ltr'><strong>edidit:</strong></span> <span class='ocrx_word' id='word_1_224' title='bbox 1739 2006 1757 2040; x_wconf 75' lang='grc' dir='ltr'>ι</span> <span class='ocrx_word' id='word_1_225' title='bbox 1804 1985 1943 2057; x_wconf 83' lang='lat' dir='ltr'><strong>Quid</strong></span> <span class='ocrx_word' id='word_1_226' title='bbox 1989 1985 2136 2043; x_wconf 77' lang='lat' dir='ltr'><strong>ultra</strong></span> 
     </span>
    </p>
   </div>
   <div class='ocr_carea' id='block_1_36' title="bbox 547 2078 2135 2151">
    <p class='ocr_par' dir='ltr' id='par_1_36' title="bbox 547 2078 2135 2151">
     <span class='ocr_line' id='line_1_36' title="bbox 547 2078 2135 2151; baseline -0.003 -12"><span class='ocrx_word' id='word_1_227' title='bbox 547 2084 693 2139; x_wconf 86' lang='lat' dir='ltr'><strong>aliud</strong></span> <span class='ocrx_word' id='word_1_228' title='bbox 717 2083 965 2140; x_wconf 83' lang='lat' dir='ltr'><strong>scelerati</strong></span> <span class='ocrx_word' id='word_1_229' title='bbox 990 2083 1213 2148; x_wconf 89' lang='lat' dir='ltr'><strong>faciant,</strong></span> <span class='ocrx_word' id='word_1_230' title='bbox 1238 2082 1341 2138; x_wconf 90' lang='lat' dir='ltr'><strong>nisi</strong></span> <span class='ocrx_word' id='word_1_231' title='bbox 1365 2080 1434 2148; x_wconf 90' lang='lat' dir='ltr'><strong>si,</strong></span> <span class='ocrx_word' id='word_1_232' title='bbox 1461 2097 1582 2137; x_wconf 91' lang='lat' dir='ltr'><strong>cum</strong></span> <span class='ocrx_word' id='word_1_233' title='bbox 1607 2078 1810 2136; x_wconf 82' lang='lat' dir='ltr'><strong>fuerint</strong></span> <span class='ocrx_word' id='word_1_234' title='bbox 1830 2078 2135 2151; x_wconf 74' lang='lat' dir='ltr'><strong>deprehen-</strong></span> 
     </span>
    </p>
   </div>
   <div class='ocr_carea' id='block_1_37' title="bbox 545 2172 2139 2242">
    <p class='ocr_par' dir='ltr' id='par_1_37' title="bbox 545 2172 2139 2242">
     <span class='ocr_line' id='line_1_37' title="bbox 545 2172 2139 2242; baseline -0.004 -9"><span class='ocrx_word' id='word_1_235' title='bbox 545 2178 609 2240; x_wconf 80' lang='lat' dir='ltr'><strong>si,</strong></span> <span class='ocrx_word' id='word_1_236' title='bbox 638 2178 821 2233; x_wconf 83' lang='lat' dir='ltr'><strong>statim</strong></span> <span class='ocrx_word' id='word_1_237' title='bbox 846 2188 1092 2232; x_wconf 87' lang='lat' dir='ltr'><strong>sanctam</strong></span> <span class='ocrx_word' id='word_1_238' title='bbox 1122 2173 1311 2230; x_wconf 87' lang='lat' dir='ltr'><strong>Fidem</strong></span> <span class='ocrx_word' id='word_1_239' title='bbox 1361 2173 1462 2230; x_wconf 85' lang='lat' dir='ltr'><strong>sibi</strong></span> <span class='ocrx_word' id='word_1_240' title='bbox 1492 2173 1759 2229; x_wconf 87' lang='lat' dir='ltr'><strong>advocent</strong></span> <span class='ocrx_word' id='word_1_241' title='bbox 1809 2180 2090 2242; x_wconf 67' lang='lat' dir='ltr'><strong>patronam</strong></span> <span class='ocrx_word' id='word_1_242' title='bbox 2109 2172 2139 2227; x_wconf 84' lang='lat'><strong>?</strong></span> 
     </span>
    </p>
   </div>
   <div class='ocr_carea' id='block_1_38' title="bbox 547 2263 2133 2341">
    <p class='ocr_par' dir='ltr' id='par_1_38' title="bbox 547 2263 2133 2341">
     <span class='ocr_line' id='line_1_38' title="bbox 547 2263 2133 2341; baseline -0.003 -16"><span class='ocrx_word' id='word_1_243' title='bbox 547 2270 655 2325; x_wconf 84' lang='lat' dir='ltr'><strong>Sed</strong></span> <span class='ocrx_word' id='word_1_244' title='bbox 677 2269 863 2341; x_wconf 84' lang='lat' dir='ltr'><strong>procul</strong></span> <span class='ocrx_word' id='word_1_245' title='bbox 904 2270 1068 2326; x_wconf 90' lang='lat' dir='ltr'><strong>dubio</strong></span> <span class='ocrx_word' id='word_1_246' title='bbox 1115 2268 1326 2326; x_wconf 88' lang='lat' dir='ltr'><strong>clamor</strong></span> <span class='ocrx_word' id='word_1_247' title='bbox 1374 2267 1477 2323; x_wconf 89' lang='lat' dir='ltr'><strong>iste</strong></span> <span class='ocrx_word' id='word_1_248' title='bbox 1515 2265 1780 2338; x_wconf 85' lang='lat' dir='ltr'><strong>supplicio</strong></span> <span class='ocrx_word' id='word_1_249' title='bbox 1827 2263 2133 2337; x_wconf 85' lang='lat' dir='ltr'><strong>puniendus</strong></span> 
     </span>
    </p>
   </div>
   <div class='ocr_carea' id='block_1_39' title="bbox 546 2357 2129 2434">
    <p class='ocr_par' dir='ltr' id='par_1_39' title="bbox 546 2357 2129 2434">
     <span class='ocr_line' id='line_1_39' title="bbox 546 2357 2129 2434; baseline -0.004 -16"><span class='ocrx_word' id='word_1_250' title='bbox 546 2363 671 2418; x_wconf 89' lang='lat' dir='ltr'><strong>erit.</strong></span> <span class='ocrx_word' id='word_1_251' title='bbox 704 2381 721 2414; x_wconf 77' lang='grc' dir='ltr'><strong><em>ι</em></strong></span> <span class='ocrx_word' id='word_1_252' title='bbox 756 2361 1009 2418; x_wconf 77' lang='lat' dir='ltr'><strong>Junctum</strong></span> <span class='ocrx_word' id='word_1_253' title='bbox 1039 2376 1170 2434; x_wconf 87' lang='lat' dir='ltr'><strong>ergo</strong></span> <span class='ocrx_word' id='word_1_254' title='bbox 1201 2359 1384 2417; x_wconf 88' lang='lat' dir='ltr'><strong>cursui</strong></span> <span class='ocrx_word' id='word_1_255' title='bbox 1417 2357 1686 2416; x_wconf 87' lang='lat' dir='ltr'><strong>caballino</strong></span> <span class='ocrx_word' id='word_1_256' title='bbox 1730 2357 1843 2430; x_wconf 91' lang='lat' dir='ltr'><strong>agit</strong></span> <span class='ocrx_word' id='word_1_257' title='bbox 1885 2357 2129 2423; x_wconf 92' lang='lat' dir='ltr'><strong>domum,</strong></span> 
     </span>
    </p>
   </div>
   <div class='ocr_carea' id='block_1_40' title="bbox 545 2448 2134 2525">
    <p class='ocr_par' dir='ltr' id='par_1_40' title="bbox 545 2448 2134 2525">
     <span class='ocr_line' id='line_1_40' title="bbox 545 2448 2134 2525; baseline -0.002 -17"><span class='ocrx_word' id='word_1_258' title='bbox 545 2455 715 2525; x_wconf 88' lang='lat' dir='ltr'><strong>inque</strong></span> <span class='ocrx_word' id='word_1_259' title='bbox 756 2453 1113 2510; x_wconf 88' lang='lat' dir='ltr'><strong>subterraneo</strong></span> <span class='ocrx_word' id='word_1_260' title='bbox 1161 2467 1225 2508; x_wconf 89' lang='lat' dir='ltr'><strong>ac</strong></span> <span class='ocrx_word' id='word_1_261' title='bbox 1276 2450 1563 2507; x_wconf 88' lang='lat' dir='ltr'><strong>tenebroso</strong></span> <span class='ocrx_word' id='word_1_262' title='bbox 1607 2448 1857 2520; x_wconf 89' lang='lat' dir='ltr'><strong>profundi</strong></span> <span class='ocrx_word' id='word_1_263' title='bbox 1914 2448 2134 2519; x_wconf 90' lang='lat' dir='ltr'><strong>penoris</strong></span> 
     </span>
    </p>
   </div>
   <div class='ocr_carea' id='block_1_41' title="bbox 544 2537 2129 2613">
    <p class='ocr_par' dir='ltr' id='par_1_41' title="bbox 544 2537 2129 2613">
     <span class='ocr_line' id='line_1_41' title="bbox 544 2537 2129 2613; baseline -0.004 -15"><span class='ocrx_word' id='word_1_264' title='bbox 544 2542 820 2613; x_wconf 85' lang='lat' dir='ltr'><strong>ergastulo</strong></span> <span class='ocrx_word' id='word_1_265' title='bbox 854 2542 1117 2598; x_wconf 78' lang='lat' dir='ltr'><strong>custodia:</strong></span> <span class='ocrx_word' id='word_1_266' title='bbox 1169 2540 1469 2611; x_wconf 90' lang='lat' dir='ltr'><strong>mancipat,</strong></span> <span class='ocrx_word' id='word_1_267' title='bbox 1530 2539 1771 2595; x_wconf 90' lang='lat' dir='ltr'><strong>futurum</strong></span> <span class='ocrx_word' id='word_1_268' title='bbox 1825 2552 1959 2594; x_wconf 89' lang='lat' dir='ltr'><strong>sane</strong></span> <span class='ocrx_word' id='word_1_269' title='bbox 1986 2546 2045 2592; x_wconf 93' lang='lat' dir='ltr'><strong>ut</strong></span> <span class='ocrx_word' id='word_1_270' title='bbox 2076 2537 2129 2592; x_wconf 92' lang='lat' dir='ltr'><strong>in</strong></span> 
     </span>
    </p>
   </div>
   <div class='ocr_carea' id='block_1_42' title="bbox 545 2628 2132 2701">
    <p class='ocr_par' dir='ltr' id='par_1_42' title="bbox 545 2628 2132 2701">
     <span class='ocr_line' id='line_1_42' title="bbox 545 2628 2132 2701; baseline -0.004 -13"><span class='ocrx_word' id='word_1_271' title='bbox 545 2633 845 2688; x_wconf 72' lang='lat' dir='ltr'><strong>crastinum</strong></span> <span class='ocrx_word' id='word_1_272' title='bbox 884 2631 1050 2689; x_wconf 88' lang='lat' dir='ltr'><strong>furcis</strong></span> <span class='ocrx_word' id='word_1_273' title='bbox 1078 2631 1489 2701; x_wconf 85' lang='lat' dir='ltr'><strong>appendeudum</strong></span> <span class='ocrx_word' id='word_1_274' title='bbox 1536 2631 1739 2685; x_wconf 89' lang='lat' dir='ltr'><strong>tradat.</strong></span> <span class='ocrx_word' id='word_1_275' title='bbox 1790 2628 1931 2696; x_wconf 85' lang='lat' dir='ltr'><strong>Quid</strong></span> <span class='ocrx_word' id='word_1_276' title='bbox 1966 2628 2132 2700; x_wconf 82' lang='lat' dir='ltr'><strong>igitur</strong></span> 
     </span>
    </p>
   </div>
   <div class='ocr_carea' id='block_1_43' title="bbox 545 2718 2166 2777">
    <p class='ocr_par' dir='ltr' id='par_1_43' title="bbox 545 2718 2166 2777">
     <span class='ocr_line' id='line_1_43' title="bbox 545 2718 2166 2777; baseline -0.002 -1"><span class='ocrx_word' id='word_1_277' title='bbox 545 2720 751 2777; x_wconf 85' lang='lat' dir='ltr'><strong>faceret</strong></span> <span class='ocrx_word' id='word_1_278' title='bbox 776 2720 973 2776; x_wconf 88' lang='lat' dir='ltr'><strong>miser?</strong></span> <span class='ocrx_word' id='word_1_279' title='bbox 996 2719 1130 2777; x_wconf 89' lang='lat' dir='ltr'><strong>Tota</strong></span> <span class='ocrx_word' id='word_1_280' title='bbox 1145 2729 1303 2776; x_wconf 89' lang='lat' dir='ltr'><strong>nocte</strong></span> <span class='ocrx_word' id='word_1_281' title='bbox 1330 2720 1383 2776; x_wconf 93' lang='lat' dir='ltr'><strong>in</strong></span> <span class='ocrx_word' id='word_1_282' title='bbox 1412 2719 1503 2775; x_wconf 87' lang='lat' dir='ltr'><strong>illo</strong></span> <span class='ocrx_word' id='word_1_283' title='bbox 1530 2719 1757 2774; x_wconf 88' lang='lat' dir='ltr'><strong>horrore</strong></span> <span class='ocrx_word' id='word_1_284' title='bbox 1786 2718 2131 2774; x_wconf 88' lang='lat' dir='ltr'><strong>tenebrarum</strong></span> <span class='ocrx_word' id='word_1_285' title='bbox 2163 2764 2166 2773; x_wconf 46' lang='grc' dir='ltr'>ς</span> 
     </span>
    </p>
   </div>
   <div class='ocr_carea' id='block_1_44' title="bbox 547 2807 2130 2882">
    <p class='ocr_par' dir='ltr' id='par_1_44' title="bbox 547 2807 2130 2882">
     <span class='ocr_line' id='line_1_44' title="bbox 547 2807 2130 2882; baseline -0.002 -17"><span class='ocrx_word' id='word_1_286' title='bbox 547 2812 771 2867; x_wconf 87' lang='lat' dir='ltr'><strong>timidus</strong></span> <span class='ocrx_word' id='word_1_287' title='bbox 795 2821 1187 2882; x_wconf 86' lang='lat' dir='ltr'><strong>suspectusque</strong></span> <span class='ocrx_word' id='word_1_288' title='bbox 1212 2825 1241 2864; x_wconf 91' lang='lat' dir='ltr'><strong>a</strong></span> <span class='ocrx_word' id='word_1_289' title='bbox 1265 2824 1477 2866; x_wconf 88' lang='lat' dir='ltr'><strong>sommo</strong></span> <span class='ocrx_word' id='word_1_290' title='bbox 1506 2808 1707 2864; x_wconf 87' lang='lat' dir='ltr'><strong>mansit</strong></span> <span class='ocrx_word' id='word_1_291' title='bbox 1744 2807 1978 2875; x_wconf 90' lang='lat' dir='ltr'><strong>alienus,</strong></span> <span class='ocrx_word' id='word_1_292' title='bbox 2005 2823 2130 2864; x_wconf 83' lang='lat' dir='ltr'><strong>ver-</strong></span> 
     </span>
    </p>
   </div>
   <div class='ocr_carea' id='block_1_45' title="bbox 548 2897 2133 2973">
    <p class='ocr_par' dir='ltr' id='par_1_45' title="bbox 548 2897 2133 2973">
     <span class='ocr_line' id='line_1_45' title="bbox 548 2897 2133 2973; baseline -0.001 -17"><span class='ocrx_word' id='word_1_293' title='bbox 548 2903 633 2957; x_wconf 86' lang='lat' dir='ltr'><strong>bis</strong></span> <span class='ocrx_word' id='word_1_294' title='bbox 663 2903 862 2972; x_wconf 85' lang='lat' dir='ltr'><strong>quibus</strong></span> <span class='ocrx_word' id='word_1_295' title='bbox 911 2901 1160 2973; x_wconf 89' lang='lat' dir='ltr'><strong>sapiebat</strong></span> <span class='ocrx_word' id='word_1_296' title='bbox 1200 2901 1367 2956; x_wconf 90' lang='lat' dir='ltr'><strong>Deum</strong></span> <span class='ocrx_word' id='word_1_297' title='bbox 1415 2907 1768 2970; x_wconf 84' lang='lat' dir='ltr'><strong>sanctamque</strong></span> <span class='ocrx_word' id='word_1_298' title='bbox 1813 2897 1933 2969; x_wconf 88' lang='lat' dir='ltr'><strong>ejus</strong></span> <span class='ocrx_word' id='word_1_299' title='bbox 1972 2899 2133 2954; x_wconf 83' lang='lat' dir='ltr'><strong>inter-</strong></span> 
     </span>
    </p>
   </div>
   <div class='ocr_carea' id='block_1_46' title="bbox 548 2992 2132 3065">
    <p class='ocr_par' dir='ltr' id='par_1_46' title="bbox 548 2992 2132 3065">
     <span class='ocr_line' id='line_1_46' title="bbox 548 2992 2132 3065; baseline 0.001 -18"><span class='ocrx_word' id='word_1_300' title='bbox 548 2996 754 3065; x_wconf 76' lang='lat' dir='ltr'><strong>pellere</strong></span> <span class='ocrx_word' id='word_1_301' title='bbox 782 3010 885 3050; x_wconf 92' lang='lat' dir='ltr'><strong>non</strong></span> <span class='ocrx_word' id='word_1_302' title='bbox 908 3009 1147 3051; x_wconf 89' lang='lat' dir='ltr'><strong>cessans.</strong></span> <span class='ocrx_word' id='word_1_303' title='bbox 1172 2993 1329 3050; x_wconf 88' lang='lat' dir='ltr'><strong>Circa</strong></span> <span class='ocrx_word' id='word_1_304' title='bbox 1359 2994 1597 3051; x_wconf 88' lang='lat' dir='ltr'><strong>medium</strong></span> <span class='ocrx_word' id='word_1_305' title='bbox 1637 2994 1813 3049; x_wconf 89' lang='lat' dir='ltr'><strong>noctis</strong></span> <span class='ocrx_word' id='word_1_306' title='bbox 1844 2992 2039 3064; x_wconf 88' lang='lat' dir='ltr'><strong>aspicit</strong></span> <span class='ocrx_word' id='word_1_307' title='bbox 2065 2993 2132 3049; x_wconf 89' lang='lat' dir='ltr'><strong>de</strong></span> 
     </span>
    </p>
   </div>
   <div class='ocr_carea' id='block_1_47' title="bbox 551 3081 2129 3155">
    <p class='ocr_par' dir='ltr' id='par_1_47' title="bbox 551 3081 2129 3155">
     <span class='ocr_line' id='line_1_47' title="bbox 551 3081 2129 3155; baseline -0.001 -16"><span class='ocrx_word' id='word_1_308' title='bbox 551 3093 713 3155; x_wconf 87' lang='lat' dir='ltr'><strong>parte</strong></span> <span class='ocrx_word' id='word_1_309' title='bbox 737 3085 864 3141; x_wconf 89' lang='lat' dir='ltr'><strong>ostii</strong></span> <span class='ocrx_word' id='word_1_310' title='bbox 919 3081 1208 3140; x_wconf 77' lang='lat' dir='ltr'><strong>ineffabilis</strong></span> <span class='ocrx_word' id='word_1_311' title='bbox 1240 3083 1439 3154; x_wconf 88' lang='lat' dir='ltr'><strong>speciei</strong></span> <span class='ocrx_word' id='word_1_312' title='bbox 1497 3084 1683 3139; x_wconf 86' lang='lat' dir='ltr'><strong>venire</strong></span> <span class='ocrx_word' id='word_1_313' title='bbox 1703 3084 1807 3138; x_wconf 88' lang='lat' dir='ltr'><strong>sibi</strong></span> <span class='ocrx_word' id='word_1_314' title='bbox 1870 3083 2129 3155; x_wconf 88' lang='lat' dir='ltr'><strong>puellam.</strong></span> 
     </span>
    </p>
   </div>
   <div class='ocr_carea' id='block_1_48' title="bbox 550 3172 2126 3245">
    <p class='ocr_par' dir='ltr' id='par_1_48' title="bbox 550 3172 2126 3245">
     <span class='ocr_line' id='line_1_48' title="bbox 550 3172 2126 3245; baseline 0.001 -18"><span class='ocrx_word' id='word_1_315' title='bbox 550 3173 726 3230; x_wconf 73' lang='lat' dir='ltr'><strong>Batus</strong></span> <span class='ocrx_word' id='word_1_316' title='bbox 752 3174 986 3244; x_wconf 90' lang='lat' dir='ltr'><strong>denique</strong></span> <span class='ocrx_word' id='word_1_317' title='bbox 1005 3187 1127 3229; x_wconf 90' lang='lat' dir='ltr'><strong>esse</strong></span> <span class='ocrx_word' id='word_1_318' title='bbox 1152 3172 1564 3241; x_wconf 87' lang='lat' dir='ltr'><strong>eubiculariam,</strong></span> <span class='ocrx_word' id='word_1_319' title='bbox 1581 3173 1683 3228; x_wconf 89' lang='lat' dir='ltr'><strong>nisi</strong></span> <span class='ocrx_word' id='word_1_320' title='bbox 1714 3173 1837 3244; x_wconf 87' lang='lat' dir='ltr'><strong>quia</strong></span> <span class='ocrx_word' id='word_1_321' title='bbox 1867 3188 1988 3245; x_wconf 71' lang='lat' dir='ltr'><strong>quae</strong></span> <span class='ocrx_word' id='word_1_322' title='bbox 2007 3183 2126 3229; x_wconf 88' lang='lat' dir='ltr'><strong>erat</strong></span> 
     </span>
    </p>
   </div>
   <div class='ocr_carea' id='block_1_49' title="bbox 2235 1987 3826 2067">
    <p class='ocr_par' dir='ltr' id='par_1_49' title="bbox 2235 1987 3826 2067">
     <span class='ocr_line' id='line_1_49' title="bbox 2235 1987 3826 2067; baseline -0.005 -16"><span class='ocrx_word' id='word_1_323' title='bbox 2235 1994 2402 2067; x_wconf 65' lang='lat' dir='ltr'><strong>carpit</strong></span> <span class='ocrx_word' id='word_1_324' title='bbox 2431 1994 2579 2050; x_wconf 90' lang='lat' dir='ltr'><strong>illum</strong></span> <span class='ocrx_word' id='word_1_325' title='bbox 2605 1996 2897 2050; x_wconf 89' lang='lat' dir='ltr'><strong>obsecrare</strong></span> <span class='ocrx_word' id='word_1_326' title='bbox 2938 2000 2996 2048; x_wconf 91' lang='lat' dir='ltr'><strong>ut</strong></span> <span class='ocrx_word' id='word_1_327' title='bbox 3024 1992 3130 2047; x_wconf 78' lang='lat' dir='ltr'><strong>sibi</strong></span> <span class='ocrx_word' id='word_1_328' title='bbox 3158 1991 3482 2062; x_wconf 80' lang='lat' dir='ltr'><strong>ignosceret.</strong></span> <span class='ocrx_word' id='word_1_329' title='bbox 3513 1987 3604 2044; x_wconf 86' lang='lat' dir='ltr'><strong>llle</strong></span> <span class='ocrx_word' id='word_1_330' title='bbox 3625 2004 3826 2060; x_wconf 83' lang='lat' dir='ltr'><strong>nequa-</strong></span> 
     </span>
    </p>
   </div>
   <div class='ocr_carea' id='block_1_50' title="bbox 2233 2081 3821 2157">
    <p class='ocr_par' dir='ltr' id='par_1_50' title="bbox 2233 2081 3821 2157">
     <span class='ocr_line' id='line_1_50' title="bbox 2233 2081 3821 2157; baseline -0.003 -19"><span class='ocrx_word' id='word_1_331' title='bbox 2233 2099 2398 2156; x_wconf 78' lang='lat' dir='ltr'><strong>quam</strong></span> <span class='ocrx_word' id='word_1_332' title='bbox 2427 2086 2798 2157; x_wconf 88' lang='lat' dir='ltr'><strong>acquiescens,</strong></span> <span class='ocrx_word' id='word_1_333' title='bbox 2814 2084 2880 2140; x_wconf 86' lang='lat' dir='ltr'><strong>ad</strong></span> <span class='ocrx_word' id='word_1_334' title='bbox 2909 2092 3153 2140; x_wconf 86' lang='lat' dir='ltr'><strong>sanctam</strong></span> <span class='ocrx_word' id='word_1_335' title='bbox 3172 2083 3357 2139; x_wconf 84' lang='lat' dir='ltr'><strong>Fidem</strong></span> <span class='ocrx_word' id='word_1_336' title='bbox 3375 2081 3703 2152; x_wconf 84' lang='lat' dir='ltr'><strong>potiusitum</strong></span> <span class='ocrx_word' id='word_1_337' title='bbox 3721 2082 3821 2147; x_wconf 87' lang='lat' dir='ltr'><strong>ire,</strong></span> 
     </span>
    </p>
   </div>
   <div class='ocr_carea' id='block_1_51' title="bbox 2234 2171 3823 2248">
    <p class='ocr_par' dir='ltr' id='par_1_51' title="bbox 2234 2171 3823 2248">
     <span class='ocr_line' id='line_1_51' title="bbox 2234 2171 3823 2248; baseline -0.004 -17"><span class='ocrx_word' id='word_1_338' title='bbox 2234 2175 2556 2248; x_wconf 80' lang='lat' dir='ltr'><strong>utinjuria-m</strong></span> <span class='ocrx_word' id='word_1_339' title='bbox 2580 2177 2719 2232; x_wconf 86' lang='lat' dir='ltr'><strong>hanc</strong></span> <span class='ocrx_word' id='word_1_340' title='bbox 2738 2190 3037 2247; x_wconf 83' lang='lat' dir='ltr'><strong>exponens,</strong></span> <span class='ocrx_word' id='word_1_341' title='bbox 3069 2175 3168 2229; x_wconf 90' lang='lat' dir='ltr'><strong>ait.</strong></span> <span class='ocrx_word' id='word_1_342' title='bbox 3188 2174 3325 2230; x_wconf 85' lang='lat' dir='ltr'><strong>Tum</strong></span> <span class='ocrx_word' id='word_1_343' title='bbox 3351 2171 3823 2244; x_wconf 72' lang='lat' dir='ltr'><strong>prmfatusAdima—</strong></span> 
     </span>
    </p>
   </div>
   <div class='ocr_carea' id='block_1_52' title="bbox 2234 2263 3820 2333">
    <p class='ocr_par' dir='ltr' id='par_1_52' title="bbox 2234 2263 3820 2333">
     <span class='ocr_line' id='line_1_52' title="bbox 2234 2263 3820 2333; baseline -0.004 -10"><span class='ocrx_word' id='word_1_344' title='bbox 2234 2281 2606 2333; x_wconf 71' lang='lat' dir='ltr'><strong>rus,ceruens</strong></span> <span class='ocrx_word' id='word_1_345' title='bbox 2628 2266 2730 2321; x_wconf 88' lang='lat' dir='ltr'><strong>viri</strong></span> <span class='ocrx_word' id='word_1_346' title='bbox 2761 2264 3208 2325; x_wconf 85' lang='lat' dir='ltr'><strong>obstinationem.</strong></span> <span class='ocrx_word' id='word_1_347' title='bbox 3232 2272 3283 2318; x_wconf 87' lang='lat' dir='ltr'><strong>et</strong></span> <span class='ocrx_word' id='word_1_348' title='bbox 3313 2263 3429 2333; x_wconf 89' lang='lat' dir='ltr'><strong>ipse</strong></span> <span class='ocrx_word' id='word_1_349' title='bbox 3449 2277 3664 2333; x_wconf 89' lang='lat' dir='ltr'><strong>quoque</strong></span> <span class='ocrx_word' id='word_1_350' title='bbox 3697 2276 3820 2317; x_wconf 88' lang='lat' dir='ltr'><strong>cum</strong></span> 
     </span>
    </p>
   </div>
   <div class='ocr_carea' id='block_1_53' title="bbox 2234 2354 3824 2431">
    <p class='ocr_par' dir='ltr' id='par_1_53' title="bbox 2234 2354 3824 2431">
     <span class='ocr_line' id='line_1_53' title="bbox 2234 2354 3824 2431; baseline -0.003 -18"><span class='ocrx_word' id='word_1_351' title='bbox 2234 2357 2543 2431; x_wconf 71' lang='lat' dir='ltr'><strong>quindecim</strong></span> <span class='ocrx_word' id='word_1_352' title='bbox 2570 2373 2680 2413; x_wconf 71' lang='lat' dir='ltr'><strong>sua:</strong></span> <span class='ocrx_word' id='word_1_353' title='bbox 2702 2357 2895 2413; x_wconf 87' lang='lat' dir='ltr'><strong>domus</strong></span> <span class='ocrx_word' id='word_1_354' title='bbox 2912 2356 3161 2427; x_wconf 85' lang='lat' dir='ltr'><strong>ephebis,</strong></span> <span class='ocrx_word' id='word_1_355' title='bbox 3181 2354 3340 2411; x_wconf 90' lang='lat' dir='ltr'><strong>nudis</strong></span> <span class='ocrx_word' id='word_1_356' title='bbox 3361 2354 3586 2425; x_wconf 85' lang='lat' dir='ltr'><strong>pedibus</strong></span> <span class='ocrx_word' id='word_1_357' title='bbox 3609 2364 3661 2409; x_wconf 91' lang='lat' dir='ltr'><strong>et</strong></span> <span class='ocrx_word' id='word_1_358' title='bbox 3684 2354 3824 2409; x_wconf 88' lang='lat' dir='ltr'><strong>iner-</strong></span> 
     </span>
    </p>
   </div>
   <div class='ocr_carea' id='block_1_54' title="bbox 2234 2443 3826 2519">
    <p class='ocr_par' dir='ltr' id='par_1_54' title="bbox 2234 2443 3826 2519">
     <span class='ocr_line' id='line_1_54' title="bbox 2234 2443 3826 2519; baseline -0.004 -15"><span class='ocrx_word' id='word_1_359' title='bbox 2234 2450 2338 2505; x_wconf 90' lang='lat' dir='ltr'><strong>mis</strong></span> <span class='ocrx_word' id='word_1_360' title='bbox 2377 2450 2445 2505; x_wconf 86' lang='lat' dir='ltr'><strong>ad</strong></span> <span class='ocrx_word' id='word_1_361' title='bbox 2478 2458 2725 2504; x_wconf 89' lang='lat' dir='ltr'><strong>sanctam</strong></span> <span class='ocrx_word' id='word_1_362' title='bbox 2747 2448 3010 2519; x_wconf 82' lang='lat' dir='ltr'><strong>virginem</strong></span> <span class='ocrx_word' id='word_1_363' title='bbox 3031 2445 3326 2503; x_wconf 89' lang='lat' dir='ltr'><strong>festinavit.</strong></span> <span class='ocrx_word' id='word_1_364' title='bbox 3344 2446 3609 2502; x_wconf 80' lang='lat' dir='ltr'><strong>Cerneres</strong></span> <span class='ocrx_word' id='word_1_365' title='bbox 3633 2443 3826 2500; x_wconf 87' lang='lat' dir='ltr'><strong>ambos</strong></span> 
     </span>
    </p>
   </div>
   <div class='ocr_carea' id='block_1_55' title="bbox 2233 2539 3821 2612">
    <p class='ocr_par' dir='ltr' id='par_1_55' title="bbox 2233 2539 3821 2612">
     <span class='ocr_line' id='line_1_55' title="bbox 2233 2539 3821 2612; baseline -0.004 -16"><span class='ocrx_word' id='word_1_366' title='bbox 2233 2541 2524 2596; x_wconf 81' lang='lat' dir='ltr'><strong>Adimaros</strong></span> <span class='ocrx_word' id='word_1_367' title='bbox 2551 2539 2699 2612; x_wconf 90' lang='lat' dir='ltr'><strong>(nam</strong></span> <span class='ocrx_word' id='word_1_368' title='bbox 2725 2540 2945 2610; x_wconf 82' lang='lat' dir='ltr'><strong>utrique</strong></span> <span class='ocrx_word' id='word_1_369' title='bbox 2976 2539 3027 2593; x_wconf 89' lang='lat' dir='ltr'><strong>id</strong></span> <span class='ocrx_word' id='word_1_370' title='bbox 3060 2553 3260 2592; x_wconf 89' lang='lat' dir='ltr'><strong>nomen</strong></span> <span class='ocrx_word' id='word_1_371' title='bbox 3292 2540 3431 2605; x_wconf 88' lang='lat' dir='ltr'><strong>erat)</strong></span> <span class='ocrx_word' id='word_1_372' title='bbox 3458 2546 3583 2590; x_wconf 84' lang='lat' dir='ltr'><strong>ante</strong></span> <span class='ocrx_word' id='word_1_373' title='bbox 3609 2551 3821 2591; x_wconf 85' lang='lat' dir='ltr'><strong>sacram</strong></span> 
     </span>
    </p>
   </div>
   <div class='ocr_carea' id='block_1_56' title="bbox 2234 2627 3824 2701">
    <p class='ocr_par' dir='ltr' id='par_1_56' title="bbox 2234 2627 3824 2701">
     <span class='ocr_line' id='line_1_56' title="bbox 2234 2627 3824 2701; baseline -0.001 -16"><span class='ocrx_word' id='word_1_374' title='bbox 2234 2631 2548 2701; x_wconf 67' lang='lat' dir='ltr'><strong>imaginem,</strong></span> <span class='ocrx_word' id='word_1_375' title='bbox 2582 2639 2839 2700; x_wconf 89' lang='lat' dir='ltr'><strong>tanquam</strong></span> <span class='ocrx_word' id='word_1_376' title='bbox 2869 2639 2996 2684; x_wconf 88' lang='lat' dir='ltr'><strong>ante</strong></span> <span class='ocrx_word' id='word_1_377' title='bbox 3035 2628 3272 2683; x_wconf 89' lang='lat' dir='ltr'><strong>tribunal</strong></span> <span class='ocrx_word' id='word_1_378' title='bbox 3297 2636 3654 2682; x_wconf 89' lang='lat' dir='ltr'><strong>concertare:</strong></span> <span class='ocrx_word' id='word_1_379' title='bbox 3680 2627 3824 2683; x_wconf 86' lang='lat' dir='ltr'><strong>hunc</strong></span> 
     </span>
    </p>
   </div>
   <div class='ocr_carea' id='block_1_57' title="bbox 2235 2720 3827 2792">
    <p class='ocr_par' dir='ltr' id='par_1_57' title="bbox 2235 2720 3827 2792">
     <span class='ocr_line' id='line_1_57' title="bbox 2235 2720 3827 2792; baseline -0.003 -14"><span class='ocrx_word' id='word_1_380' title='bbox 2235 2733 2604 2789; x_wconf 85' lang='lat' dir='ltr'><strong>accusantem,</strong></span> <span class='ocrx_word' id='word_1_381' title='bbox 2648 2723 2797 2778; x_wconf 87' lang='lat' dir='ltr'><strong>illum</strong></span> <span class='ocrx_word' id='word_1_382' title='bbox 2840 2738 2996 2777; x_wconf 90' lang='lat' dir='ltr'><strong>suum</strong></span> <span class='ocrx_word' id='word_1_383' title='bbox 3044 2729 3324 2792; x_wconf 89' lang='lat' dir='ltr'><strong>peccatum</strong></span> <span class='ocrx_word' id='word_1_384' title='bbox 3361 2720 3731 2785; x_wconf 80' lang='lat' dir='ltr'><strong>confitentem,</strong></span> <span class='ocrx_word' id='word_1_385' title='bbox 3767 2728 3827 2775; x_wconf 88' lang='lat' dir='ltr'><strong>et</strong></span> 
     </span>
    </p>
   </div>
   <div class='ocr_carea' id='block_1_58' title="bbox 2233 2809 3825 2884">
    <p class='ocr_par' dir='ltr' id='par_1_58' title="bbox 2233 2809 3825 2884">
     <span class='ocr_line' id='line_1_58' title="bbox 2233 2809 3825 2884; baseline -0.004 -14"><span class='ocrx_word' id='word_1_386' title='bbox 2233 2814 2662 2870; x_wconf 83' lang='lat' dir='ltr'><strong>emendationem</strong></span> <span class='ocrx_word' id='word_1_387' title='bbox 2678 2809 3136 2884; x_wconf 63' lang='lat' dir='ltr'><strong>proferentemAt</strong></span> <span class='ocrx_word' id='word_1_388' title='bbox 3154 2824 3281 2866; x_wconf 89' lang='lat' dir='ltr'><strong>vero</strong></span> <span class='ocrx_word' id='word_1_389' title='bbox 3291 2810 3535 2866; x_wconf 90' lang='lat' dir='ltr'><strong>seniores</strong></span> <span class='ocrx_word' id='word_1_390' title='bbox 3549 2809 3645 2865; x_wconf 85' lang='lat' dir='ltr'><strong>loci</strong></span> <span class='ocrx_word' id='word_1_391' title='bbox 3662 2809 3825 2864; x_wconf 82' lang='lat' dir='ltr'><strong>inter-</strong></span> 
     </span>
    </p>
   </div>
   <div class='ocr_carea' id='block_1_59' title="bbox 2234 2900 3822 2977">
    <p class='ocr_par' dir='ltr' id='par_1_59' title="bbox 2234 2900 3822 2977">
     <span class='ocr_line' id='line_1_59' title="bbox 2234 2900 3822 2977; baseline -0.005 -15"><span class='ocrx_word' id='word_1_392' title='bbox 2234 2907 2399 2962; x_wconf 88' lang='lat' dir='ltr'><strong>eedeu</strong></span> <span class='ocrx_word' id='word_1_393' title='bbox 2410 2919 2420 2958; x_wconf 81' lang='grc' dir='ltr'><em>ι</em></span> <span class='ocrx_word' id='word_1_394' title='bbox 2431 2906 2717 2972; x_wconf 90' lang='lat' dir='ltr'><strong>es,dictata</strong></span> <span class='ocrx_word' id='word_1_395' title='bbox 2731 2921 2827 2977; x_wconf 91' lang='lat' dir='ltr'><strong>pro</strong></span> <span class='ocrx_word' id='word_1_396' title='bbox 2844 2904 2989 2960; x_wconf 87' lang='lat' dir='ltr'><strong>letho</strong></span> <span class='ocrx_word' id='word_1_397' title='bbox 3004 2903 3241 2959; x_wconf 84' lang='lat' dir='ltr'><strong>hominis</strong></span> <span class='ocrx_word' id='word_1_398' title='bbox 3254 2900 3822 2969; x_wconf 74' lang='lat' dir='ltr'><strong>legaliemendatione,</strong></span> 
     </span>
    </p>
   </div>
   <div class='ocr_carea' id='block_1_60' title="bbox 2235 2992 3829 3063">
    <p class='ocr_par' dir='ltr' id='par_1_60' title="bbox 2235 2992 3829 3063">
     <span class='ocr_line' id='line_1_60' title="bbox 2235 2992 3829 3063; baseline -0.002 -11"><span class='ocrx_word' id='word_1_399' title='bbox 2235 2999 2381 3054; x_wconf 85' lang='lat' dir='ltr'><strong>inter</strong></span> <span class='ocrx_word' id='word_1_400' title='bbox 2409 3013 2503 3054; x_wconf 88' lang='lat' dir='ltr'><strong>eos</strong></span> <span class='ocrx_word' id='word_1_401' title='bbox 2533 2997 2878 3053; x_wconf 88' lang='lat' dir='ltr'><strong>concordiam</strong></span> <span class='ocrx_word' id='word_1_402' title='bbox 2903 2996 3169 3051; x_wconf 89' lang='lat' dir='ltr'><strong>fecerunt.</strong></span> <span class='ocrx_word' id='word_1_403' title='bbox 3205 2993 3318 3050; x_wconf 90' lang='lat' dir='ltr'><strong>lloc</strong></span> <span class='ocrx_word' id='word_1_404' title='bbox 3348 2993 3669 3049; x_wconf 88' lang='lat' dir='ltr'><strong>miraculum</strong></span> <span class='ocrx_word' id='word_1_405' title='bbox 3714 2992 3829 3063; x_wconf 84' lang='lat' dir='ltr'><strong>ple.</strong></span> 
     </span>
    </p>
   </div>
   <div class='ocr_carea' id='block_1_61' title="bbox 2234 3084 3831 3157">
    <p class='ocr_par' dir='ltr' id='par_1_61' title="bbox 2234 3084 3831 3157">
     <span class='ocr_line' id='line_1_61' title="bbox 2234 3084 3831 3157; baseline -0.004 -13"><span class='ocrx_word' id='word_1_406' title='bbox 2234 3090 2356 3144; x_wconf 88' lang='lat' dir='ltr'><strong>beio</strong></span> <span class='ocrx_word' id='word_1_407' title='bbox 2371 3090 2562 3153; x_wconf 90' lang='lat' dir='ltr'><strong>relatu,</strong></span> <span class='ocrx_word' id='word_1_408' title='bbox 2591 3098 2648 3143; x_wconf 92' lang='lat' dir='ltr'><strong>ut</strong></span> <span class='ocrx_word' id='word_1_409' title='bbox 2675 3086 2928 3156; x_wconf 77' lang='lat' dir='ltr'><strong>dixi,jam</strong></span> <span class='ocrx_word' id='word_1_410' title='bbox 2953 3087 3153 3157; x_wconf 80' lang='lat' dir='ltr'><strong>passim</strong></span> <span class='ocrx_word' id='word_1_411' title='bbox 3180 3084 3831 3149; x_wconf 85' lang='lat' dir='ltr'><strong>relatum,concordimo-</strong></span> 
     </span>
    </p>
   </div>
   <div class='ocr_carea' id='block_1_62' title="bbox 2237 3174 3829 3249">
    <p class='ocr_par' dir='ltr' id='par_1_62' title="bbox 2237 3174 3829 3249">
     <span class='ocr_line' id='line_1_62' title="bbox 2237 3174 3829 3249; baseline -0.003 -15"><span class='ocrx_word' id='word_1_412' title='bbox 2237 3180 2537 3235; x_wconf 89' lang='lat' dir='ltr'><strong>naehorum</strong></span> <span class='ocrx_word' id='word_1_413' title='bbox 2570 3178 2836 3235; x_wconf 89' lang='lat' dir='ltr'><strong>sententia</strong></span> <span class='ocrx_word' id='word_1_414' title='bbox 2868 3186 3051 3249; x_wconf 90' lang='lat' dir='ltr'><strong>postea</strong></span> <span class='ocrx_word' id='word_1_415' title='bbox 3084 3175 3312 3232; x_wconf 88' lang='lat' dir='ltr'><strong>relatum</strong></span> <span class='ocrx_word' id='word_1_416' title='bbox 3328 3174 3632 3247; x_wconf 82' lang='lat' dir='ltr'><strong>est.thne</strong></span> <span class='ocrx_word' id='word_1_417' title='bbox 3665 3175 3829 3231; x_wconf 88' lang='lat' dir='ltr'><strong>dictis</strong></span> 
     </span>
    </p>
   </div>
   <div class='ocr_carea' id='block_1_63' title="bbox 551 3240 3832 3339">
    <p class='ocr_par' dir='ltr' id='par_1_63' title="bbox 551 3240 3832 3339">
     <span class='ocr_line' id='line_1_63' title="bbox 551 3240 3832 3339; baseline 0.001 -20"><span class='ocrx_word' id='word_1_418' title='bbox 551 3262 892 3319; x_wconf 84' lang='lat' dir='ltr'><strong>circumdata</strong></span> <span class='ocrx_word' id='word_1_419' title='bbox 951 3278 1056 3317; x_wconf 89' lang='lat' dir='ltr'><strong>non</strong></span> <span class='ocrx_word' id='word_1_420' title='bbox 1124 3263 1370 3330; x_wconf 89' lang='lat' dir='ltr'><strong>candela,</strong></span> <span class='ocrx_word' id='word_1_421' title='bbox 1438 3280 1548 3320; x_wconf 88' lang='lat' dir='ltr'><strong>non</strong></span> <span class='ocrx_word' id='word_1_422' title='bbox 1625 3263 1843 3335; x_wconf 90' lang='lat' dir='ltr'><strong>aliquod</strong></span> <span class='ocrx_word' id='word_1_423' title='bbox 1896 3264 2130 3321; x_wconf 75' lang='lat' dir='ltr'><strong>lucerna:</strong></span> <span class='ocrx_word' id='word_1_424' title='bbox 2157 3240 2203 3304; x_wconf 68' lang='grc' dir='ltr'>θ</span> <span class='ocrx_word' id='word_1_425' title='bbox 2237 3270 2397 3326; x_wconf 80' lang='lat' dir='ltr'><strong>ﬁdem</strong></span> <span class='ocrx_word' id='word_1_426' title='bbox 2440 3269 2705 3334; x_wconf 76' lang='lat' dir='ltr'><strong>facerent,</strong></span> <span class='ocrx_word' id='word_1_427' title='bbox 2731 3267 3050 3339; x_wconf 84' lang='lat' dir='ltr'><strong>ampliorem</strong></span> <span class='ocrx_word' id='word_1_428' title='bbox 3087 3268 3374 3339; x_wconf 86' lang='lat' dir='ltr'><strong>quemdam</strong></span> <span class='ocrx_word' id='word_1_429' title='bbox 3410 3268 3687 3339; x_wconf 85' lang='lat' dir='ltr'><strong>juvenem,</strong></span> <span class='ocrx_word' id='word_1_430' title='bbox 3712 3281 3832 3322; x_wconf 86' lang='lat' dir='ltr'><strong>me-</strong></span> 
     </span>
    </p>
   </div>
   <div class='ocr_carea' id='block_1_64' title="bbox 556 3352 2134 3427">
    <p class='ocr_par' dir='ltr' id='par_1_64' title="bbox 556 3352 2134 3427">
     <span class='ocr_line' id='line_1_64' title="bbox 556 3352 2134 3427; baseline -0.001 -14"><span class='ocrx_word' id='word_1_431' title='bbox 556 3355 981 3413; x_wconf 86' lang='lat' dir='ltr'><strong>instrumcntum</strong></span> <span class='ocrx_word' id='word_1_432' title='bbox 1033 3352 1209 3410; x_wconf 86' lang='lat' dir='ltr'><strong>lucem</strong></span> <span class='ocrx_word' id='word_1_433' title='bbox 1284 3354 1622 3427; x_wconf 66' lang='lat' dir='ltr'><strong>praeferebat.</strong></span> <span class='ocrx_word' id='word_1_434' title='bbox 1683 3355 1809 3410; x_wconf 83' lang='lat' dir='ltr'><strong>llaec</strong></span> <span class='ocrx_word' id='word_1_435' title='bbox 1871 3356 2134 3413; x_wconf 88' lang='lat' dir='ltr'><strong>accedens</strong></span> 
     </span>
    </p>
   </div>
   <div class='ocr_carea' id='block_1_65' title="bbox 553 3447 2134 3521">
    <p class='ocr_par' dir='ltr' id='par_1_65' title="bbox 553 3447 2134 3521">
     <span class='ocr_line' id='line_1_65' title="bbox 553 3447 2134 3521; baseline 0 -17"><span class='ocrx_word' id='word_1_436' title='bbox 553 3449 725 3521; x_wconf 87' lang='lat' dir='ltr'><strong>coepit</strong></span> <span class='ocrx_word' id='word_1_437' title='bbox 747 3448 918 3516; x_wconf 90' lang='lat' dir='ltr'><strong>illum,</strong></span> <span class='ocrx_word' id='word_1_438' title='bbox 948 3447 1113 3505; x_wconf 88' lang='lat' dir='ltr'><strong>veluti</strong></span> <span class='ocrx_word' id='word_1_439' title='bbox 1162 3448 1373 3520; x_wconf 83' lang='lat' dir='ltr'><strong>ignara,</strong></span> <span class='ocrx_word' id='word_1_440' title='bbox 1397 3462 1504 3518; x_wconf 90' lang='lat' dir='ltr'><strong>qua</strong></span> <span class='ocrx_word' id='word_1_441' title='bbox 1541 3447 1608 3503; x_wconf 89' lang='lat' dir='ltr'><strong>de</strong></span> <span class='ocrx_word' id='word_1_442' title='bbox 1637 3462 1799 3504; x_wconf 87' lang='lat' dir='ltr'><strong>causa</strong></span> <span class='ocrx_word' id='word_1_443' title='bbox 1823 3457 2134 3504; x_wconf 89' lang='lat' dir='ltr'><strong>carceratus</strong></span> 
     </span>
    </p>
   </div>
   <div class='ocr_carea' id='block_1_66' title="bbox 553 3539 2136 3613">
    <p class='ocr_par' dir='ltr' id='par_1_66' title="bbox 553 3539 2136 3613">
     <span class='ocr_line' id='line_1_66' title="bbox 553 3539 2136 3613; baseline 0 -18"><span class='ocrx_word' id='word_1_444' title='bbox 553 3541 840 3596; x_wconf 88' lang='lat' dir='ltr'><strong>tenebatur</strong></span> <span class='ocrx_word' id='word_1_445' title='bbox 864 3541 1122 3613; x_wconf 83' lang='lat' dir='ltr'><strong>rogitare.</strong></span> <span class='ocrx_word' id='word_1_446' title='bbox 1154 3540 1252 3596; x_wconf 87' lang='lat' dir='ltr'><strong>Cui</strong></span> <span class='ocrx_word' id='word_1_447' title='bbox 1274 3539 1458 3595; x_wconf 89' lang='lat' dir='ltr'><strong>omnia</strong></span> <span class='ocrx_word' id='word_1_448' title='bbox 1480 3541 1772 3610; x_wconf 79' lang='lat' dir='ltr'><strong>exponenti</strong></span> <span class='ocrx_word' id='word_1_449' title='bbox 1805 3556 1870 3597; x_wconf 90' lang='lat' dir='ltr'><strong>ac</strong></span> <span class='ocrx_word' id='word_1_450' title='bbox 1900 3550 2136 3612; x_wconf 71' lang='lat' dir='ltr'><strong>postmo-</strong></span> 
     </span>
    </p>
   </div>
   <div class='ocr_carea' id='block_1_67' title="bbox 553 3629 2136 3703">
    <p class='ocr_par' dir='ltr' id='par_1_67' title="bbox 553 3629 2136 3703">
     <span class='ocr_line' id='line_1_67' title="bbox 553 3629 2136 3703; baseline -0.001 -17"><span class='ocrx_word' id='word_1_451' title='bbox 553 3631 683 3686; x_wconf 91' lang='lat' dir='ltr'><strong>dum</strong></span> <span class='ocrx_word' id='word_1_452' title='bbox 714 3633 1016 3689; x_wconf 89' lang='lat' dir='ltr'><strong>vocitamen</strong></span> <span class='ocrx_word' id='word_1_453' title='bbox 1046 3629 1414 3703; x_wconf 89' lang='lat' dir='ltr'><strong>percontanti,</strong></span> <span class='ocrx_word' id='word_1_454' title='bbox 1441 3639 1683 3687; x_wconf 86' lang='lat' dir='ltr'><strong>sanctam</strong></span> <span class='ocrx_word' id='word_1_455' title='bbox 1706 3630 1895 3687; x_wconf 89' lang='lat' dir='ltr'><strong>Fidem</strong></span> <span class='ocrx_word' id='word_1_456' title='bbox 1932 3647 1991 3687; x_wconf 90' lang='lat' dir='ltr'><strong>se</strong></span> <span class='ocrx_word' id='word_1_457' title='bbox 2016 3644 2136 3688; x_wconf 89' lang='lat' dir='ltr'><strong>esse</strong></span> 
     </span>
    </p>
   </div>
   <div class='ocr_carea' id='block_1_68' title="bbox 551 3720 2134 3793">
    <p class='ocr_par' dir='ltr' id='par_1_68' title="bbox 551 3720 2134 3793">
     <span class='ocr_line' id='line_1_68' title="bbox 551 3720 2134 3793; baseline 0.001 -17"><span class='ocrx_word' id='word_1_458' title='bbox 551 3722 669 3793; x_wconf 89' lang='lat' dir='ltr'><strong>ipsa</strong></span> <span class='ocrx_word' id='word_1_459' title='bbox 702 3722 1000 3793; x_wconf 90' lang='lat' dir='ltr'><strong>respondit.</strong></span> <span class='ocrx_word' id='word_1_460' title='bbox 1031 3739 1053 3774; x_wconf 78' lang='grc' dir='ltr'>ι</span> <span class='ocrx_word' id='word_1_461' title='bbox 1085 3721 1151 3783; x_wconf 86' lang='grc' dir='ltr'><strong>Ει</strong></span> <span class='ocrx_word' id='word_1_462' title='bbox 1194 3720 1325 3787; x_wconf 87' lang='lat' dir='ltr'><strong>noli,</strong></span> <span class='ocrx_word' id='word_1_463' title='bbox 1356 3721 1559 3791; x_wconf 90' lang='lat' dir='ltr'><strong>inquit,</strong></span> <span class='ocrx_word' id='word_1_464' title='bbox 1616 3722 1813 3791; x_wconf 72' lang='lat' dir='ltr'><strong>emptis</strong></span> <span class='ocrx_word' id='word_1_465' title='bbox 1851 3722 2134 3789; x_wconf 87' lang='lat' dir='ltr'><strong>desistere,</strong></span> 
     </span>
    </p>
   </div>
   <div class='ocr_carea' id='block_1_69' title="bbox 550 3805 2138 3885">
    <p class='ocr_par' dir='ltr' id='par_1_69' title="bbox 550 3805 2138 3885">
     <span class='ocr_line' id='line_1_69' title="bbox 550 3805 2138 3885; baseline 0 -16"><span class='ocrx_word' id='word_1_466' title='bbox 550 3827 656 3870; x_wconf 84' lang='lat' dir='ltr'><strong>nec</strong></span> <span class='ocrx_word' id='word_1_467' title='bbox 681 3805 1217 3870; x_wconf 82' lang='lat' dir='ltr'><strong>dillidentiamullam</strong></span> <span class='ocrx_word' id='word_1_468' title='bbox 1249 3814 1480 3876; x_wconf 86' lang='lat' dir='ltr'><strong>habere;</strong></span> <span class='ocrx_word' id='word_1_469' title='bbox 1537 3814 1630 3869; x_wconf 90' lang='lat' dir='ltr'><strong>sed</strong></span> <span class='ocrx_word' id='word_1_470' title='bbox 1679 3828 1893 3885; x_wconf 81' lang='lat' dir='ltr'><strong>semper</strong></span> <span class='ocrx_word' id='word_1_471' title='bbox 1942 3823 2000 3869; x_wconf 93' lang='lat' dir='ltr'><strong>et</strong></span> <span class='ocrx_word' id='word_1_472' title='bbox 2044 3830 2138 3871; x_wconf 84' lang='lat' dir='ltr'><strong>no-</strong></span> 
     </span>
    </p>
   </div>
   <div class='ocr_carea' id='block_1_70' title="bbox 551 3902 2141 3965">
    <p class='ocr_par' dir='ltr' id='par_1_70' title="bbox 551 3902 2141 3965">
     <span class='ocr_line' id='line_1_70' title="bbox 551 3902 2141 3965; baseline 0 -3"><span class='ocrx_word' id='word_1_473' title='bbox 551 3923 677 3964; x_wconf 87' lang='lat' dir='ltr'><strong>men</strong></span> <span class='ocrx_word' id='word_1_474' title='bbox 704 3916 759 3963; x_wconf 90' lang='lat' dir='ltr'><strong>et</strong></span> <span class='ocrx_word' id='word_1_475' title='bbox 783 3908 1077 3964; x_wconf 83' lang='lat' dir='ltr'><strong>clamorem</strong></span> <span class='ocrx_word' id='word_1_476' title='bbox 1102 3917 1306 3964; x_wconf 64' lang='lat' dir='ltr'><strong>sanctte</strong></span> <span class='ocrx_word' id='word_1_477' title='bbox 1347 3905 1497 3965; x_wconf 84' lang='lat' dir='ltr'><strong>Fidis</strong></span> <span class='ocrx_word' id='word_1_478' title='bbox 1540 3905 1740 3961; x_wconf 90' lang='lat' dir='ltr'><strong>habeto</strong></span> <span class='ocrx_word' id='word_1_479' title='bbox 1782 3905 1834 3960; x_wconf 92' lang='lat' dir='ltr'><strong>in</strong></span> <span class='ocrx_word' id='word_1_480' title='bbox 1876 3920 1993 3962; x_wconf 89' lang='lat' dir='ltr'><strong>ore.</strong></span> <span class='ocrx_word' id='word_1_481' title='bbox 2042 3902 2141 3962; x_wconf 71' lang='lat' dir='ltr'><strong>Ve-</strong></span> 
     </span>
    </p>
   </div>
   <div class='ocr_carea' id='block_1_71' title="bbox 552 3999 2139 4070">
    <p class='ocr_par' dir='ltr' id='par_1_71' title="bbox 552 3999 2139 4070">
     <span class='ocr_line' id='line_1_71' title="bbox 552 3999 2139 4070; baseline 0.003 -18"><span class='ocrx_word' id='word_1_482' title='bbox 552 4009 859 4061; x_wconf 74' lang='lat' dir='ltr'><strong>rumtamen</strong></span> <span class='ocrx_word' id='word_1_483' title='bbox 888 4000 1029 4070; x_wconf 89' lang='lat' dir='ltr'><strong>quod</strong></span> <span class='ocrx_word' id='word_1_484' title='bbox 1080 3999 1177 4055; x_wconf 89' lang='lat' dir='ltr'><strong>tibi</strong></span> <span class='ocrx_word' id='word_1_485' title='bbox 1210 3999 1543 4055; x_wconf 85' lang='lat' dir='ltr'><strong>interminati</strong></span> <span class='ocrx_word' id='word_1_486' title='bbox 1591 4007 1739 4064; x_wconf 90' lang='lat' dir='ltr'><strong>sunt,</strong></span> <span class='ocrx_word' id='word_1_487' title='bbox 1767 4014 1890 4055; x_wconf 89' lang='lat' dir='ltr'><strong>cras</strong></span> <span class='ocrx_word' id='word_1_488' title='bbox 1929 3999 2139 4057; x_wconf 86' lang='lat' dir='ltr'><strong>subibis</strong></span> 
     </span>
    </p>
   </div>
   <div class='ocr_carea' id='block_1_72' title="bbox 550 4090 2141 4165">
    <p class='ocr_par' dir='ltr' id='par_1_72' title="bbox 550 4090 2141 4165">
     <span class='ocr_line' id='line_1_72' title="bbox 550 4090 2141 4165; baseline 0.005 -22"><span class='ocrx_word' id='word_1_489' title='bbox 550 4092 875 4165; x_wconf 73' lang='lat' dir='ltr'><strong>patibulum.</strong></span> <span class='ocrx_word' id='word_1_490' title='bbox 903 4092 1011 4148; x_wconf 88' lang='lat' dir='ltr'><strong>Sed</strong></span> <span class='ocrx_word' id='word_1_491' title='bbox 1054 4092 1187 4148; x_wconf 87' lang='lat' dir='ltr'><strong>vivit</strong></span> <span class='ocrx_word' id='word_1_492' title='bbox 1224 4091 1597 4164; x_wconf 83' lang='lat' dir='ltr'><strong>Omnipotens,</strong></span> <span class='ocrx_word' id='word_1_493' title='bbox 1651 4092 1743 4163; x_wconf 80' lang='lat' dir='ltr'><strong>qui</strong></span> <span class='ocrx_word' id='word_1_494' title='bbox 1792 4102 1846 4148; x_wconf 85' lang='lat' dir='ltr'><strong>te</strong></span> <span class='ocrx_word' id='word_1_495' title='bbox 1900 4090 1971 4149; x_wconf 84' lang='lat' dir='ltr'><strong>ab</strong></span> <span class='ocrx_word' id='word_1_496' title='bbox 2011 4092 2141 4164; x_wconf 87' lang='lat' dir='ltr'><strong>ipsis</strong></span> 
     </span>
    </p>
   </div>
   <div class='ocr_carea' id='block_1_73' title="bbox 558 4174 2159 4257">
    <p class='ocr_par' dir='ltr' id='par_1_73' title="bbox 558 4174 2159 4257">
     <span class='ocr_line' id='line_1_73' title="bbox 558 4174 2159 4257; baseline 0.004 -19"><span class='ocrx_word' id='word_1_497' title='bbox 558 4184 812 4240; x_wconf 67' lang='lat' dir='ltr'><strong>faucibus</strong></span> <span class='ocrx_word' id='word_1_498' title='bbox 833 4185 1038 4241; x_wconf 88' lang='lat' dir='ltr'><strong>hiantis</strong></span> <span class='ocrx_word' id='word_1_499' title='bbox 1058 4186 1251 4241; x_wconf 89' lang='lat' dir='ltr'><strong>mortis</strong></span> <span class='ocrx_word' id='word_1_500' title='bbox 1307 4186 1604 4242; x_wconf 85' lang='lat' dir='ltr'><strong>revocabit.</strong></span> <span class='ocrx_word' id='word_1_501' title='bbox 1642 4205 1661 4240; x_wconf 82' lang='grc'>›</span> <span class='ocrx_word' id='word_1_502' title='bbox 1698 4185 1824 4243; x_wconf 76' lang='lat' dir='ltr'><strong>ﬂzee</strong></span> <span class='ocrx_word' id='word_1_503' title='bbox 1867 4194 1923 4243; x_wconf 89' lang='lat' dir='ltr'><strong>et</strong></span> <span class='ocrx_word' id='word_1_504' title='bbox 1962 4174 2159 4257; x_wconf 41' lang='lat' dir='ltr'><strong>hujus--</strong></span> 
     </span>
    </p>
   </div>
   <div class='ocr_carea' id='block_1_74' title="bbox 560 4274 2145 4346">
    <p class='ocr_par' dir='ltr' id='par_1_74' title="bbox 560 4274 2145 4346">
     <span class='ocr_line' id='line_1_74' title="bbox 560 4274 2145 4346; baseline 0.001 -17"><span class='ocrx_word' id='word_1_505' title='bbox 560 4275 707 4331; x_wconf 83' lang='lat' dir='ltr'><strong>modi</strong></span> <span class='ocrx_word' id='word_1_506' title='bbox 740 4276 1248 4346; x_wconf 88' lang='lat' dir='ltr'><strong>prosecuta,virtus</strong></span> <span class='ocrx_word' id='word_1_507' title='bbox 1277 4275 1515 4332; x_wconf 78' lang='lat' dir='ltr'><strong>ccelestis</strong></span> <span class='ocrx_word' id='word_1_508' title='bbox 1538 4276 1719 4333; x_wconf 89' lang='lat' dir='ltr'><strong>rediit.</strong></span> <span class='ocrx_word' id='word_1_509' title='bbox 1743 4275 1836 4333; x_wconf 88' lang='lat' dir='ltr'><strong>Ille</strong></span> <span class='ocrx_word' id='word_1_510' title='bbox 1859 4291 1990 4333; x_wconf 90' lang='lat' dir='ltr'><strong>vero</strong></span> <span class='ocrx_word' id='word_1_511' title='bbox 2020 4274 2145 4334; x_wconf 87' lang='lat' dir='ltr'><strong>reli-</strong></span> 
     </span>
    </p>
   </div>
   <div class='ocr_carea' id='block_1_75' title="bbox 556 4349 2140 4436">
    <p class='ocr_par' dir='ltr' id='par_1_75' title="bbox 556 4349 2140 4436">
     <span class='ocr_line' id='line_1_75' title="bbox 556 4349 2140 4436; baseline 0.004 -16"><span class='ocrx_word' id='word_1_512' title='bbox 556 4382 729 4436; x_wconf 88' lang='lat' dir='ltr'><strong>quum</strong></span> <span class='ocrx_word' id='word_1_513' title='bbox 795 4365 971 4422; x_wconf 87' lang='lat' dir='ltr'><strong>noctis</strong></span> <span class='ocrx_word' id='word_1_514' title='bbox 1025 4367 1094 4422; x_wconf 88' lang='lat' dir='ltr'><strong>ob</strong></span> <span class='ocrx_word' id='word_1_515' title='bbox 1158 4349 1429 4422; x_wconf 64' lang='lat' dir='ltr'><strong>insolitam</strong></span> <span class='ocrx_word' id='word_1_516' title='bbox 1487 4367 1727 4422; x_wconf 87' lang='lat' dir='ltr'><strong>numinis</strong></span> <span class='ocrx_word' id='word_1_517' title='bbox 1769 4368 2031 4424; x_wconf 89' lang='lat' dir='ltr'><strong>visionem</strong></span> <span class='ocrx_word' id='word_1_518' title='bbox 2087 4368 2140 4427; x_wconf 81' lang='lat' dir='ltr'><strong>in</strong></span> 
     </span>
    </p>
   </div>
   <div class='ocr_carea' id='block_1_76' title="bbox 558 4455 2146 4528">
    <p class='ocr_par' dir='ltr' id='par_1_76' title="bbox 558 4455 2146 4528">
     <span class='ocr_line' id='line_1_76' title="bbox 558 4455 2146 4528; baseline 0.003 -19"><span class='ocrx_word' id='word_1_519' title='bbox 558 4456 750 4526; x_wconf 84' lang='lat' dir='ltr'><strong>grandi</strong></span> <span class='ocrx_word' id='word_1_520' title='bbox 784 4467 1017 4511; x_wconf 87' lang='lat' dir='ltr'><strong>tremore</strong></span> <span class='ocrx_word' id='word_1_521' title='bbox 1045 4457 1329 4527; x_wconf 86' lang='lat' dir='ltr'><strong>transegit.</strong></span> <span class='ocrx_word' id='word_1_522' title='bbox 1360 4455 1466 4513; x_wconf 91' lang='lat' dir='ltr'><strong>Sed</strong></span> <span class='ocrx_word' id='word_1_523' title='bbox 1490 4472 1653 4528; x_wconf 90' lang='lat' dir='ltr'><strong>quem</strong></span> <span class='ocrx_word' id='word_1_524' title='bbox 1675 4457 1813 4513; x_wconf 91' lang='lat' dir='ltr'><strong>bona</strong></span> <span class='ocrx_word' id='word_1_525' title='bbox 1853 4472 1980 4527; x_wconf 85' lang='lat' dir='ltr'><strong>pars</strong></span> <span class='ocrx_word' id='word_1_526' title='bbox 2020 4458 2146 4513; x_wconf 85' lang='lat' dir='ltr'><strong>visi-</strong></span> 
     </span>
    </p>
   </div>
   <div class='ocr_carea' id='block_1_77' title="bbox 563 4548 2142 4622">
    <p class='ocr_par' dir='ltr' id='par_1_77' title="bbox 563 4548 2142 4622">
     <span class='ocr_line' id='line_1_77' title="bbox 563 4548 2142 4622; baseline 0.003 -19"><span class='ocrx_word' id='word_1_527' title='bbox 563 4558 794 4615; x_wconf 83' lang='lat' dir='ltr'><strong>tavcrat,</strong></span> <span class='ocrx_word' id='word_1_528' title='bbox 833 4563 986 4605; x_wconf 90' lang='lat' dir='ltr'><strong>mens</strong></span> <span class='ocrx_word' id='word_1_529' title='bbox 1012 4548 1086 4604; x_wconf 92' lang='lat' dir='ltr'><strong>illi</strong></span> <span class='ocrx_word' id='word_1_530' title='bbox 1134 4550 1341 4605; x_wconf 87' lang='lat' dir='ltr'><strong>turbari</strong></span> <span class='ocrx_word' id='word_1_531' title='bbox 1394 4565 1501 4607; x_wconf 91' lang='lat' dir='ltr'><strong>nou</strong></span> <span class='ocrx_word' id='word_1_532' title='bbox 1541 4550 1738 4622; x_wconf 89' lang='lat' dir='ltr'><strong>potuit.</strong></span> <span class='ocrx_word' id='word_1_533' title='bbox 1780 4550 1948 4607; x_wconf 85' lang='lat' dir='ltr'><strong>Facto</strong></span> <span class='ocrx_word' id='word_1_534' title='bbox 1984 4567 2142 4607; x_wconf 89' lang='lat' dir='ltr'><strong>mane</strong></span> 
     </span>
    </p>
   </div>
   <div class='ocr_carea' id='block_1_78' title="bbox 561 4640 2141 4712">
    <p class='ocr_par' dir='ltr' id='par_1_78' title="bbox 561 4640 2141 4712">
     <span class='ocr_line' id='line_1_78' title="bbox 561 4640 2141 4712; baseline -0.001 -14"><span class='ocrx_word' id='word_1_535' title='bbox 561 4644 789 4698; x_wconf 86' lang='lat' dir='ltr'><strong>eductus</strong></span> <span class='ocrx_word' id='word_1_536' title='bbox 811 4642 959 4708; x_wconf 89' lang='lat' dir='ltr'><strong>inde,</strong></span> <span class='ocrx_word' id='word_1_537' title='bbox 982 4640 1194 4696; x_wconf 88' lang='lat' dir='ltr'><strong>sistitur</strong></span> <span class='ocrx_word' id='word_1_538' title='bbox 1214 4649 1342 4697; x_wconf 88' lang='lat' dir='ltr'><strong>ante</strong></span> <span class='ocrx_word' id='word_1_539' title='bbox 1374 4641 1631 4697; x_wconf 92' lang='lat' dir='ltr'><strong>tribunal.</strong></span> <span class='ocrx_word' id='word_1_540' title='bbox 1658 4640 1765 4696; x_wconf 85' lang='lat' dir='ltr'><strong>Sed</strong></span> <span class='ocrx_word' id='word_1_541' title='bbox 1791 4650 1997 4712; x_wconf 86' lang='lat' dir='ltr'><strong>quanto</strong></span> <span class='ocrx_word' id='word_1_542' title='bbox 2024 4658 2141 4698; x_wconf 85' lang='lat' dir='ltr'><strong>ere-</strong></span> 
     </span>
    </p>
   </div>
   <div class='ocr_carea' id='block_1_79' title="bbox 564 4732 2144 4799">
    <p class='ocr_par' dir='ltr' id='par_1_79' title="bbox 564 4732 2144 4799">
     <span class='ocr_line' id='line_1_79' title="bbox 564 4732 2144 4799; baseline 0 -10"><span class='ocrx_word' id='word_1_543' title='bbox 564 4734 719 4789; x_wconf 89' lang='lat' dir='ltr'><strong>brius</strong></span> <span class='ocrx_word' id='word_1_544' title='bbox 748 4735 910 4789; x_wconf 85' lang='lat' dir='ltr'><strong>homo</strong></span> <span class='ocrx_word' id='word_1_545' title='bbox 934 4741 1179 4788; x_wconf 88' lang='lat' dir='ltr'><strong>sanctam</strong></span> <span class='ocrx_word' id='word_1_546' title='bbox 1215 4732 1401 4789; x_wconf 85' lang='lat' dir='ltr'><strong>Fidem</strong></span> <span class='ocrx_word' id='word_1_547' title='bbox 1451 4734 1787 4799; x_wconf 88' lang='lat' dir='ltr'><strong>nominabat,</strong></span> <span class='ocrx_word' id='word_1_548' title='bbox 1814 4741 1962 4791; x_wconf 85' lang='lat' dir='ltr'><strong>tanto</strong></span> <span class='ocrx_word' id='word_1_549' title='bbox 1991 4734 2144 4790; x_wconf 81' lang='lat' dir='ltr'><strong>festi—</strong></span> 
     </span>
    </p>
   </div>
   <div class='ocr_carea' id='block_1_80' title="bbox 562 4824 2145 4896">
    <p class='ocr_par' dir='ltr' id='par_1_80' title="bbox 562 4824 2145 4896">
     <span class='ocr_line' id='line_1_80' title="bbox 562 4824 2145 4896; baseline 0 -16"><span class='ocrx_word' id='word_1_550' title='bbox 562 4829 785 4882; x_wconf 89' lang='lat' dir='ltr'><strong>nantius</strong></span> <span class='ocrx_word' id='word_1_551' title='bbox 821 4841 974 4882; x_wconf 86' lang='lat' dir='ltr'><strong>mens</strong></span> <span class='ocrx_word' id='word_1_552' title='bbox 1007 4824 1277 4880; x_wconf 89' lang='lat' dir='ltr'><strong>malitiosa</strong></span> <span class='ocrx_word' id='word_1_553' title='bbox 1310 4824 1610 4896; x_wconf 87' lang='lat' dir='ltr'><strong>patibulum</strong></span> <span class='ocrx_word' id='word_1_554' title='bbox 1644 4824 2000 4882; x_wconf 88' lang='lat' dir='ltr'><strong>aceelerabat.</strong></span> <span class='ocrx_word' id='word_1_555' title='bbox 2033 4825 2145 4880; x_wconf 89' lang='lat' dir='ltr'><strong>ltur</strong></span> 
     </span>
    </p>
   </div>
   <div class='ocr_carea' id='block_1_81' title="bbox 559 4915 2145 4987">
    <p class='ocr_par' dir='ltr' id='par_1_81' title="bbox 559 4915 2145 4987">
     <span class='ocr_line' id='line_1_81' title="bbox 559 4915 2145 4987; baseline 0.001 -16"><span class='ocrx_word' id='word_1_556' title='bbox 559 4932 690 4987; x_wconf 85' lang='lat' dir='ltr'><strong>ergo</strong></span> <span class='ocrx_word' id='word_1_557' title='bbox 720 4920 786 4972; x_wconf 87' lang='lat' dir='ltr'><strong>ad</strong></span> <span class='ocrx_word' id='word_1_558' title='bbox 814 4916 992 4972; x_wconf 90' lang='lat' dir='ltr'><strong>locum</strong></span> <span class='ocrx_word' id='word_1_559' title='bbox 1019 4916 1289 4987; x_wconf 82' lang='lat' dir='ltr'><strong>supplicii.</strong></span> <span class='ocrx_word' id='word_1_560' title='bbox 1319 4915 1430 4971; x_wconf 80' lang='lat' dir='ltr'><strong>Nec</strong></span> <span class='ocrx_word' id='word_1_561' title='bbox 1455 4916 1592 4971; x_wconf 88' lang='lat' dir='ltr'><strong>satis</strong></span> <span class='ocrx_word' id='word_1_562' title='bbox 1614 4915 1714 4971; x_wconf 89' lang='lat' dir='ltr'><strong>fuit</strong></span> <span class='ocrx_word' id='word_1_563' title='bbox 1738 4916 1938 4972; x_wconf 91' lang='lat' dir='ltr'><strong>seniori</strong></span> <span class='ocrx_word' id='word_1_564' title='bbox 1961 4917 2145 4973; x_wconf 87' lang='lat' dir='ltr'><strong>servis</strong></span> 
     </span>
    </p>
   </div>
   <div class='ocr_carea' id='block_1_82' title="bbox 564 5007 2145 5080">
    <p class='ocr_par' dir='ltr' id='par_1_82' title="bbox 564 5007 2145 5080">
     <span class='ocr_line' id='line_1_82' title="bbox 564 5007 2145 5080; baseline -0.001 -17"><span class='ocrx_word' id='word_1_565' title='bbox 564 5009 681 5063; x_wconf 80' lang='lat' dir='ltr'><strong>suis</strong></span> <span class='ocrx_word' id='word_1_566' title='bbox 705 5009 977 5078; x_wconf 86' lang='lat' dir='ltr'><strong>imperare</strong></span> <span class='ocrx_word' id='word_1_567' title='bbox 999 5008 1151 5075; x_wconf 87' lang='lat' dir='ltr'><strong>solis,</strong></span> <span class='ocrx_word' id='word_1_568' title='bbox 1179 5007 1279 5062; x_wconf 91' lang='lat' dir='ltr'><strong>nisi</strong></span> <span class='ocrx_word' id='word_1_569' title='bbox 1313 5016 1369 5063; x_wconf 91' lang='lat' dir='ltr'><strong>et</strong></span> <span class='ocrx_word' id='word_1_570' title='bbox 1390 5009 1620 5080; x_wconf 87' lang='lat' dir='ltr'><strong>ipsemet</strong></span> <span class='ocrx_word' id='word_1_571' title='bbox 1654 5022 1849 5079; x_wconf 87' lang='lat' dir='ltr'><strong>magno</strong></span> <span class='ocrx_word' id='word_1_572' title='bbox 1879 5008 2145 5063; x_wconf 85' lang='lat' dir='ltr'><strong>comitan-</strong></span> 
     </span>
    </p>
   </div>
   <div class='ocr_carea' id='block_1_83' title="bbox 457 5090 2138 5171">
    <p class='ocr_par' dir='ltr' id='par_1_83' title="bbox 457 5090 2138 5171">
     <span class='ocr_line' id='line_1_83' title="bbox 457 5090 2138 5171; baseline -0.001 -15"><span class='ocrx_word' id='word_1_573' title='bbox 457 5090 470 5101; x_wconf 81' lang='grc'><strong>’</strong></span> <span class='ocrx_word' id='word_1_574' title='bbox 567 5111 620 5156; x_wconf 88' lang='lat' dir='ltr'><strong>te</strong></span> <span class='ocrx_word' id='word_1_575' title='bbox 649 5100 894 5170; x_wconf 88' lang='lat' dir='ltr'><strong>equitatu</strong></span> <span class='ocrx_word' id='word_1_576' title='bbox 912 5099 1133 5156; x_wconf 88' lang='lat' dir='ltr'><strong>abisset.</strong></span> <span class='ocrx_word' id='word_1_577' title='bbox 1163 5098 1275 5156; x_wconf 84' lang='lat' dir='ltr'><strong>Nec</strong></span> <span class='ocrx_word' id='word_1_578' title='bbox 1310 5115 1546 5170; x_wconf 88' lang='lat' dir='ltr'><strong>unquam</strong></span> <span class='ocrx_word' id='word_1_579' title='bbox 1573 5099 1668 5171; x_wconf 87' lang='lat' dir='ltr'><strong>qui</strong></span> <span class='ocrx_word' id='word_1_580' title='bbox 1709 5115 1880 5156; x_wconf 72' lang='lat' dir='ltr'><strong>nexus</strong></span> <span class='ocrx_word' id='word_1_581' title='bbox 1900 5099 2138 5155; x_wconf 88' lang='lat' dir='ltr'><strong>duceba-</strong></span> 
     </span>
    </p>
   </div>
   <div class='ocr_carea' id='block_1_84' title="bbox 562 5189 2147 5261">
    <p class='ocr_par' dir='ltr' id='par_1_84' title="bbox 562 5189 2147 5261">
     <span class='ocr_line' id='line_1_84' title="bbox 562 5189 2147 5261; baseline 0.002 -16"><span class='ocrx_word' id='word_1_582' title='bbox 562 5201 672 5254; x_wconf 86' lang='lat' dir='ltr'><strong>tur,</strong></span> <span class='ocrx_word' id='word_1_583' title='bbox 700 5206 898 5247; x_wconf 84' lang='lat' dir='ltr'><strong>nomen</strong></span> <span class='ocrx_word' id='word_1_584' title='bbox 926 5200 1126 5246; x_wconf 67' lang='lat' dir='ltr'><strong>sanctaa</strong></span> <span class='ocrx_word' id='word_1_585' title='bbox 1146 5189 1319 5256; x_wconf 87' lang='lat' dir='ltr'><strong>Fidis,</strong></span> <span class='ocrx_word' id='word_1_586' title='bbox 1350 5199 1411 5246; x_wconf 90' lang='lat' dir='ltr'><strong>ut</strong></span> <span class='ocrx_word' id='word_1_587' title='bbox 1431 5199 1552 5248; x_wconf 87' lang='lat' dir='ltr'><strong>erat</strong></span> <span class='ocrx_word' id='word_1_588' title='bbox 1578 5191 1952 5261; x_wconf 64' lang='lat' dir='ltr'><strong>praemonitus,</strong></span> <span class='ocrx_word' id='word_1_589' title='bbox 1990 5190 2147 5248; x_wconf 88' lang='lat' dir='ltr'><strong>dese-</strong></span> 
     </span>
    </p>
   </div>
   <div class='ocr_carea' id='block_1_85' title="bbox 567 5282 2145 5356">
    <p class='ocr_par' dir='ltr' id='par_1_85' title="bbox 567 5282 2145 5356">
     <span class='ocr_line' id='line_1_85' title="bbox 567 5282 2145 5356; baseline 0.001 -18"><span class='ocrx_word' id='word_1_590' title='bbox 567 5285 700 5349; x_wconf 87' lang='lat' dir='ltr'><strong>ruit,</strong></span> <span class='ocrx_word' id='word_1_591' title='bbox 729 5285 901 5339; x_wconf 86' lang='lat' dir='ltr'><strong>donec</strong></span> <span class='ocrx_word' id='word_1_592' title='bbox 928 5284 1016 5339; x_wconf 92' lang='lat' dir='ltr'><strong>via</strong></span> <span class='ocrx_word' id='word_1_593' title='bbox 1041 5283 1215 5350; x_wconf 90' lang='lat' dir='ltr'><strong>vocis,</strong></span> <span class='ocrx_word' id='word_1_594' title='bbox 1241 5284 1437 5356; x_wconf 87' lang='lat' dir='ltr'><strong>ligneis</strong></span> <span class='ocrx_word' id='word_1_595' title='bbox 1464 5291 1741 5340; x_wconf 88' lang='lat' dir='ltr'><strong>coarctata</strong></span> <span class='ocrx_word' id='word_1_596' title='bbox 1769 5282 2000 5356; x_wconf 85' lang='lat' dir='ltr'><strong>laqueis,</strong></span> <span class='ocrx_word' id='word_1_597' title='bbox 2031 5282 2145 5340; x_wconf 87' lang='lat' dir='ltr'><strong>suf-</strong></span> 
     </span>
    </p>
   </div>
   <div class='ocr_carea' id='block_1_86' title="bbox 564 5374 2147 5447">
    <p class='ocr_par' dir='ltr' id='par_1_86' title="bbox 564 5374 2147 5447">
     <span class='ocr_line' id='line_1_86' title="bbox 564 5374 2147 5447; baseline 0 -17"><span class='ocrx_word' id='word_1_598' title='bbox 564 5377 749 5431; x_wconf 86' lang='lat' dir='ltr'><strong>focan</strong></span> <span class='ocrx_word' id='word_1_599' title='bbox 780 5383 998 5446; x_wconf 84' lang='lat' dir='ltr'><strong>gutture</strong></span> <span class='ocrx_word' id='word_1_600' title='bbox 1018 5374 1496 5443; x_wconf 88' lang='lat' dir='ltr'><strong>intercluderetur,</strong></span> <span class='ocrx_word' id='word_1_601' title='bbox 1537 5389 1664 5430; x_wconf 74' lang='lat' dir='ltr'><strong>mox</strong></span> <span class='ocrx_word' id='word_1_602' title='bbox 1692 5374 1885 5431; x_wconf 87' lang='lat' dir='ltr'><strong>deinde</strong></span> <span class='ocrx_word' id='word_1_603' title='bbox 1910 5374 2147 5447; x_wconf 84' lang='lat' dir='ltr'><strong>penden-</strong></span> 
     </span>
    </p>
   </div>
   <div class='ocr_carea' id='block_1_87' title="bbox 563 5464 2146 5537">
    <p class='ocr_par' dir='ltr' id='par_1_87' title="bbox 563 5464 2146 5537">
     <span class='ocr_line' id='line_1_87' title="bbox 563 5464 2146 5537; baseline 0.001 -17"><span class='ocrx_word' id='word_1_604' title='bbox 563 5479 673 5523; x_wconf 86' lang='lat' dir='ltr'><strong>tem</strong></span> <span class='ocrx_word' id='word_1_605' title='bbox 703 5467 981 5524; x_wconf 87' lang='lat' dir='ltr'><strong>deseruut.</strong></span> <span class='ocrx_word' id='word_1_606' title='bbox 1018 5467 1087 5522; x_wconf 89' lang='lat' dir='ltr'><strong>Et</strong></span> <span class='ocrx_word' id='word_1_607' title='bbox 1111 5482 1237 5523; x_wconf 91' lang='lat' dir='ltr'><strong>cum</strong></span> <span class='ocrx_word' id='word_1_608' title='bbox 1257 5466 1371 5536; x_wconf 81' lang='lat' dir='ltr'><strong>jam</strong></span> <span class='ocrx_word' id='word_1_609' title='bbox 1410 5464 1690 5537; x_wconf 88' lang='lat' dir='ltr'><strong>paululum</strong></span> <span class='ocrx_word' id='word_1_610' title='bbox 1734 5466 1792 5521; x_wconf 91' lang='lat' dir='ltr'><strong>in</strong></span> <span class='ocrx_word' id='word_1_611' title='bbox 1827 5468 2146 5523; x_wconf 86' lang='lat' dir='ltr'><strong>revertendo</strong></span> 
     </span>
    </p>
   </div>
   <div class='ocr_carea' id='block_1_88' title="bbox 565 5556 2144 5630">
    <p class='ocr_par' dir='ltr' id='par_1_88' title="bbox 565 5556 2144 5630">
     <span class='ocr_line' id='line_1_88' title="bbox 565 5556 2144 5630; baseline 0.001 -17"><span class='ocrx_word' id='word_1_612' title='bbox 565 5559 978 5629; x_wconf 75' lang='lat' dir='ltr'><strong>elongareutur,</strong></span> <span class='ocrx_word' id='word_1_613' title='bbox 1038 5558 1380 5630; x_wconf 88' lang='lat' dir='ltr'><strong>respiciunt,</strong></span> <span class='ocrx_word' id='word_1_614' title='bbox 1431 5556 1613 5613; x_wconf 91' lang='lat' dir='ltr'><strong>furcas</strong></span> <span class='ocrx_word' id='word_1_615' title='bbox 1642 5572 1843 5613; x_wconf 89' lang='lat' dir='ltr'><strong>vacuas</strong></span> <span class='ocrx_word' id='word_1_616' title='bbox 1892 5566 2144 5615; x_wconf 84' lang='lat' dir='ltr'><strong>cernunt.</strong></span> 
     </span>
    </p>
   </div>
   <div class='ocr_carea' id='block_1_89' title="bbox 566 5649 2147 5725">
    <p class='ocr_par' dir='ltr' id='par_1_89' title="bbox 566 5649 2147 5725">
     <span class='ocr_line' id='line_1_89' title="bbox 566 5649 2147 5725; baseline -0.003 -15"><span class='ocrx_word' id='word_1_617' title='bbox 566 5655 722 5710; x_wconf 82' lang='lat' dir='ltr'><strong>Tunc</strong></span> <span class='ocrx_word' id='word_1_618' title='bbox 747 5671 870 5710; x_wconf 91' lang='lat' dir='ltr'><strong>cum</strong></span> <span class='ocrx_word' id='word_1_619' title='bbox 893 5668 1087 5725; x_wconf 81' lang='lat' dir='ltr'><strong>magno</strong></span> <span class='ocrx_word' id='word_1_620' title='bbox 1106 5653 1340 5722; x_wconf 88' lang='lat' dir='ltr'><strong>strepitu</strong></span> <span class='ocrx_word' id='word_1_621' title='bbox 1367 5649 1631 5720; x_wconf 81' lang='lat' dir='ltr'><strong>regressi,</strong></span> <span class='ocrx_word' id='word_1_622' title='bbox 1654 5650 1928 5706; x_wconf 89' lang='lat' dir='ltr'><strong>hominem</strong></span> <span class='ocrx_word' id='word_1_623' title='bbox 1960 5651 2147 5706; x_wconf 83' lang='lat' dir='ltr'><strong>durius</strong></span> 
     </span>
    </p>
   </div>
   <div class='ocr_carea' id='block_1_90' title="bbox 568 5741 2150 5818">
    <p class='ocr_par' dir='ltr' id='par_1_90' title="bbox 568 5741 2150 5818">
     <span class='ocr_line' id='line_1_90' title="bbox 568 5741 2150 5818; baseline -0.001 -17"><span class='ocrx_word' id='word_1_624' title='bbox 568 5746 791 5818; x_wconf 86' lang='lat' dir='ltr'><strong>ligatum</strong></span> <span class='ocrx_word' id='word_1_625' title='bbox 826 5746 1071 5807; x_wconf 84' lang='lat' dir='ltr'><strong>relevant</strong></span> <span class='ocrx_word' id='word_1_626' title='bbox 1107 5759 1347 5800; x_wconf 86' lang='lat' dir='ltr'><strong>sursum.</strong></span> <span class='ocrx_word' id='word_1_627' title='bbox 1398 5741 1610 5799; x_wconf 78' lang='lat' dir='ltr'><strong>Rursus</strong></span> <span class='ocrx_word' id='word_1_628' title='bbox 1654 5757 1871 5814; x_wconf 88' lang='lat' dir='ltr'><strong>quoque</strong></span> <span class='ocrx_word' id='word_1_629' title='bbox 1912 5757 2034 5798; x_wconf 92' lang='lat' dir='ltr'><strong>cum</strong></span> <span class='ocrx_word' id='word_1_630' title='bbox 2070 5758 2150 5799; x_wconf 84' lang='lat' dir='ltr'><strong>re-</strong></span> 
     </span>
    </p>
   </div>
   <div class='ocr_carea' id='block_1_91' title="bbox 568 5832 2151 5910">
    <p class='ocr_par' dir='ltr' id='par_1_91' title="bbox 568 5832 2151 5910">
     <span class='ocr_line' id='line_1_91' title="bbox 568 5832 2151 5910; baseline -0.001 -18"><span class='ocrx_word' id='word_1_631' title='bbox 568 5846 842 5895; x_wconf 85' lang='lat' dir='ltr'><strong>vertentes</strong></span> <span class='ocrx_word' id='word_1_632' title='bbox 895 5837 1338 5910; x_wconf 88' lang='lat' dir='ltr'><strong>retrospicerent,</strong></span> <span class='ocrx_word' id='word_1_633' title='bbox 1386 5834 1540 5893; x_wconf 86' lang='lat' dir='ltr'><strong>humi</strong></span> <span class='ocrx_word' id='word_1_634' title='bbox 1591 5833 1886 5897; x_wconf 81' lang='lat' dir='ltr'><strong>secundum</strong></span> <span class='ocrx_word' id='word_1_635' title='bbox 1933 5832 2151 5893; x_wconf 76' lang='lat' dir='ltr'><strong>furcife-</strong></span> 
     </span>
    </p>
   </div>
   <div class='ocr_carea' id='block_1_92' title="bbox 2237 3357 3829 3423">
    <p class='ocr_par' dir='ltr' id='par_1_92' title="bbox 2237 3357 3829 3423">
     <span class='ocr_line' id='line_1_92' title="bbox 2237 3357 3829 3423; baseline -0.001 -8"><span class='ocrx_word' id='word_1_636' title='bbox 2237 3360 2434 3415; x_wconf 77' lang='lat' dir='ltr'><strong>Itorati</strong></span> <span class='ocrx_word' id='word_1_637' title='bbox 2466 3359 2707 3415; x_wconf 85' lang='lat' dir='ltr'><strong>Adimari</strong></span> <span class='ocrx_word' id='word_1_638' title='bbox 2754 3359 3161 3423; x_wconf 87' lang='lat' dir='ltr'><strong>consobrinum,</strong></span> <span class='ocrx_word' id='word_1_639' title='bbox 3212 3357 3266 3412; x_wconf 90' lang='lat' dir='ltr'><strong>in</strong></span> <span class='ocrx_word' id='word_1_640' title='bbox 3321 3357 3691 3413; x_wconf 88' lang='lat' dir='ltr'><strong>testimonium</strong></span> <span class='ocrx_word' id='word_1_641' title='bbox 3732 3372 3829 3413; x_wconf 82' lang='lat' dir='ltr'><strong>ar-</strong></span> 
     </span>
    </p>
   </div>
   <div class='ocr_carea' id='block_1_93' title="bbox 2239 3449 3824 3521">
    <p class='ocr_par' dir='ltr' id='par_1_93' title="bbox 2239 3449 3824 3521">
     <span class='ocr_line' id='line_1_93' title="bbox 2239 3449 3824 3521; baseline -0.003 -13"><span class='ocrx_word' id='word_1_642' title='bbox 2239 3461 2481 3517; x_wconf 84' lang='lat' dir='ltr'><strong>cessunt,</strong></span> <span class='ocrx_word' id='word_1_643' title='bbox 2533 3450 2625 3521; x_wconf 91' lang='lat' dir='ltr'><strong>qui</strong></span> <span class='ocrx_word' id='word_1_644' title='bbox 2671 3467 2793 3506; x_wconf 90' lang='lat' dir='ltr'><strong>cum</strong></span> <span class='ocrx_word' id='word_1_645' title='bbox 2826 3450 2917 3507; x_wconf 87' lang='lat' dir='ltr'><strong>illo</strong></span> <span class='ocrx_word' id='word_1_646' title='bbox 2954 3451 3020 3505; x_wconf 87' lang='lat' dir='ltr'><strong>ad</strong></span> <span class='ocrx_word' id='word_1_647' title='bbox 3048 3449 3297 3508; x_wconf 84' lang='lat' dir='ltr'><strong>Couchas</strong></span> <span class='ocrx_word' id='word_1_648' title='bbox 3326 3460 3451 3521; x_wconf 89' lang='lat' dir='ltr'><strong>post</strong></span> <span class='ocrx_word' id='word_1_649' title='bbox 3485 3449 3824 3521; x_wconf 90' lang='lat' dir='ltr'><strong>creptiouem</strong></span> 
     </span>
    </p>
   </div>
   <div class='ocr_carea' id='block_1_94' title="bbox 2239 3542 3829 3616">
    <p class='ocr_par' dir='ltr' id='par_1_94' title="bbox 2239 3542 3829 3616">
     <span class='ocr_line' id='line_1_94' title="bbox 2239 3542 3829 3616; baseline -0.001 -17"><span class='ocrx_word' id='word_1_650' title='bbox 2239 3561 2268 3599; x_wconf 88' lang='lat' dir='ltr'><strong>a</strong></span> <span class='ocrx_word' id='word_1_651' title='bbox 2301 3545 2593 3616; x_wconf 88' lang='lat' dir='ltr'><strong>suspendio</strong></span> <span class='ocrx_word' id='word_1_652' title='bbox 2638 3552 2863 3600; x_wconf 84' lang='lat' dir='ltr'><strong>venerat</strong></span> <span class='ocrx_word' id='word_1_653' title='bbox 2890 3545 3025 3599; x_wconf 86' lang='lat' dir='ltr'><strong>:scd</strong></span> <span class='ocrx_word' id='word_1_654' title='bbox 3067 3554 3123 3600; x_wconf 88' lang='lat' dir='ltr'><strong>et</strong></span> <span class='ocrx_word' id='word_1_655' title='bbox 3175 3543 3352 3615; x_wconf 90' lang='lat' dir='ltr'><strong>ipsum</strong></span> <span class='ocrx_word' id='word_1_656' title='bbox 3398 3542 3740 3609; x_wconf 82' lang='lat' dir='ltr'><strong>Adiutarum,</strong></span> <span class='ocrx_word' id='word_1_657' title='bbox 3780 3543 3829 3597; x_wconf 87' lang='lat' dir='ltr'><strong>si</strong></span> 
     </span>
    </p>
   </div>
   <div class='ocr_carea' id='block_1_95' title="bbox 2240 3635 3831 3708">
    <p class='ocr_par' dir='ltr' id='par_1_95' title="bbox 2240 3635 3831 3708">
     <span class='ocr_line' id='line_1_95' title="bbox 2240 3635 3831 3708; baseline -0.003 -15"><span class='ocrx_word' id='word_1_658' title='bbox 2240 3638 2373 3693; x_wconf 75' lang='lat' dir='ltr'><strong>mihi</strong></span> <span class='ocrx_word' id='word_1_659' title='bbox 2402 3635 2597 3692; x_wconf 88' lang='lat' dir='ltr'><strong>fuisset</strong></span> <span class='ocrx_word' id='word_1_660' title='bbox 2627 3638 2887 3707; x_wconf 86' lang='lat' dir='ltr'><strong>spatium,</strong></span> <span class='ocrx_word' id='word_1_661' title='bbox 2935 3636 3021 3694; x_wconf 89' lang='lat' dir='ltr'><strong>vel</strong></span> <span class='ocrx_word' id='word_1_662' title='bbox 3064 3652 3163 3708; x_wconf 81' lang='lat' dir='ltr'><strong>per</strong></span> <span class='ocrx_word' id='word_1_663' title='bbox 3207 3635 3412 3708; x_wconf 88' lang='lat' dir='ltr'><strong>legatos</strong></span> <span class='ocrx_word' id='word_1_664' title='bbox 3453 3636 3703 3690; x_wconf 81' lang='lat' dir='ltr'><strong>vocatum</strong></span> <span class='ocrx_word' id='word_1_665' title='bbox 3732 3650 3831 3691; x_wconf 68' lang='lat' dir='ltr'><strong>ex-</strong></span> 
     </span>
    </p>
   </div>
   <div class='ocr_carea' id='block_1_96' title="bbox 2239 3725 3826 3798">
    <p class='ocr_par' dir='ltr' id='par_1_96' title="bbox 2239 3725 3826 3798">
     <span class='ocr_line' id='line_1_96' title="bbox 2239 3725 3826 3798; baseline -0.001 -16"><span class='ocrx_word' id='word_1_666' title='bbox 2239 3737 2508 3798; x_wconf 85' lang='lat' dir='ltr'><strong>spectare,</strong></span> <span class='ocrx_word' id='word_1_667' title='bbox 2536 3726 2617 3782; x_wconf 84' lang='lat' dir='ltr'><strong>vel</strong></span> <span class='ocrx_word' id='word_1_668' title='bbox 2644 3727 2750 3782; x_wconf 88' lang='lat' dir='ltr'><strong>iter</strong></span> <span class='ocrx_word' id='word_1_669' title='bbox 2778 3727 2846 3782; x_wconf 91' lang='lat' dir='ltr'><strong>ad</strong></span> <span class='ocrx_word' id='word_1_670' title='bbox 2882 3727 3058 3798; x_wconf 83' lang='lat' dir='ltr'><strong>ipsum</strong></span> <span class='ocrx_word' id='word_1_671' title='bbox 3076 3728 3391 3792; x_wconf 78' lang='lat' dir='ltr'><strong>extendere,</strong></span> <span class='ocrx_word' id='word_1_672' title='bbox 3408 3725 3705 3796; x_wconf 89' lang='lat' dir='ltr'><strong>potuissem</strong></span> <span class='ocrx_word' id='word_1_673' title='bbox 3742 3726 3826 3780; x_wconf 87' lang='lat' dir='ltr'><strong>vi-</strong></span> 
     </span>
    </p>
   </div>
   <div class='ocr_carea' id='block_1_97' title="bbox 2244 3818 3832 3892">
    <p class='ocr_par' dir='ltr' id='par_1_97' title="bbox 2244 3818 3832 3892">
     <span class='ocr_line' id='line_1_97' title="bbox 2244 3818 3832 3892; baseline -0.003 -17"><span class='ocrx_word' id='word_1_674' title='bbox 2244 3819 2393 3886; x_wconf 87' lang='lat' dir='ltr'><strong>dere,</strong></span> <span class='ocrx_word' id='word_1_675' title='bbox 2453 3836 2554 3875; x_wconf 86' lang='lat' dir='ltr'><strong>nec</strong></span> <span class='ocrx_word' id='word_1_676' title='bbox 2608 3829 2819 3892; x_wconf 87' lang='lat' dir='ltr'><strong>tempus</strong></span> <span class='ocrx_word' id='word_1_677' title='bbox 2874 3819 2994 3891; x_wconf 90' lang='lat' dir='ltr'><strong>plus</strong></span> <span class='ocrx_word' id='word_1_678' title='bbox 3036 3819 3413 3892; x_wconf 83' lang='lat' dir='ltr'><strong>quinquennio</strong></span> <span class='ocrx_word' id='word_1_679' title='bbox 3462 3818 3719 3874; x_wconf 87' lang='lat' dir='ltr'><strong>dicebant</strong></span> <span class='ocrx_word' id='word_1_680' title='bbox 3760 3830 3832 3871; x_wconf 71' lang='lat' dir='ltr'><strong>ex</strong></span> 
     </span>
    </p>
   </div>
   <div class='ocr_carea' id='block_1_98' title="bbox 2240 3912 3831 3986">
    <p class='ocr_par' dir='ltr' id='par_1_98' title="bbox 2240 3912 3831 3986">
     <span class='ocr_line' id='line_1_98' title="bbox 2240 3912 3831 3986; baseline 0 -20"><span class='ocrx_word' id='word_1_681' title='bbox 2240 3928 2350 3985; x_wconf 74' lang='lat' dir='ltr'><strong>quo</strong></span> <span class='ocrx_word' id='word_1_682' title='bbox 2363 3913 2413 3968; x_wconf 91' lang='lat' dir='ltr'><strong>id</strong></span> <span class='ocrx_word' id='word_1_683' title='bbox 2429 3924 2691 3970; x_wconf 86' lang='lat' dir='ltr'><strong>evenerat</strong></span> <span class='ocrx_word' id='word_1_684' title='bbox 2704 3914 3013 3982; x_wconf 79' lang='lat' dir='ltr'><strong>deﬂuxisse,</strong></span> <span class='ocrx_word' id='word_1_685' title='bbox 3028 3915 3311 3985; x_wconf 81' lang='lat' dir='ltr'><strong>ipsumque</strong></span> <span class='ocrx_word' id='word_1_686' title='bbox 3327 3912 3669 3986; x_wconf 84' lang='lat' dir='ltr'><strong>superstitem</strong></span> <span class='ocrx_word' id='word_1_687' title='bbox 3686 3926 3831 3968; x_wconf 88' lang='lat' dir='ltr'><strong>esse.</strong></span> 
     </span>
    </p>
   </div>
   <div class='ocr_carea' id='block_1_99' title="bbox 2845 4004 3205 4062">
    <p class='ocr_par' dir='ltr' id='par_1_99' title="bbox 2845 4004 3205 4062">
     <span class='ocr_line' id='line_1_99' title="bbox 2845 4004 3205 4062; baseline -0.003 0"><span class='ocrx_word' id='word_1_688' title='bbox 2845 4004 3075 4062; x_wconf 85' lang='lat' dir='ltr'><strong>CAPUT</strong></span> <span class='ocrx_word' id='word_1_689' title='bbox 3115 4005 3205 4062; x_wconf 76' lang='lat' dir='ltr'><strong>XI.</strong></span> 
     </span>
    </p>
   </div>
   <div class='ocr_carea' id='block_1_100' title="bbox 2241 4094 3827 4166">
    <p class='ocr_par' dir='ltr' id='par_1_100' title="bbox 2241 4094 3827 4166">
     <span class='ocr_line' id='line_1_100' title="bbox 2241 4094 3827 4166; baseline -0.004 -14"><span class='ocrx_word' id='word_1_690' title='bbox 2241 4095 2320 4152; x_wconf 83' lang='lat' dir='ltr'><strong>De</strong></span> <span class='ocrx_word' id='word_1_691' title='bbox 2350 4113 2409 4152; x_wconf 73' lang='lat' dir='ltr'><strong>eo</strong></span> <span class='ocrx_word' id='word_1_692' title='bbox 2439 4100 2525 4151; x_wconf 84' lang='lat' dir='ltr'><strong>cui</strong></span> <span class='ocrx_word' id='word_1_693' title='bbox 2553 4098 2623 4151; x_wconf 87' lang='lat' dir='ltr'><strong>ad</strong></span> <span class='ocrx_word' id='word_1_694' title='bbox 2651 4098 3023 4151; x_wconf 72' lang='lat' dir='ltr'><strong>conferendum</strong></span> <span class='ocrx_word' id='word_1_695' title='bbox 3071 4096 3268 4166; x_wconf 78' lang='lat' dir='ltr'><strong>ferreos</strong></span> <span class='ocrx_word' id='word_1_696' title='bbox 3321 4094 3589 4166; x_wconf 74' lang='lat' dir='ltr'><strong>compedes</strong></span> <span class='ocrx_word' id='word_1_697' title='bbox 3635 4103 3827 4147; x_wconf 65' lang='lat' dir='ltr'><strong>satum</strong></span> 
     </span>
    </p>
   </div>
   <div class='ocr_carea' id='block_1_101' title="bbox 2670 4166 3394 4222">
    <p class='ocr_par' dir='ltr' id='par_1_101' title="bbox 2670 4166 3394 4222">
     <span class='ocr_line' id='line_1_101' title="bbox 2670 4166 3394 4222; baseline 0.003 -2"><span class='ocrx_word' id='word_1_698' title='bbox 2670 4166 2833 4222; x_wconf 77' lang='lat' dir='ltr'><strong>Fides</strong></span> <span class='ocrx_word' id='word_1_699' title='bbox 2861 4166 3163 4222; x_wconf 77' lang='lat' dir='ltr'><strong>martelfum</strong></span> <span class='ocrx_word' id='word_1_700' title='bbox 3194 4167 3394 4222; x_wconf 76' lang='lat' dir='ltr'><strong>attulit.</strong></span> 
     </span>
    </p>
   </div>
   <div class='ocr_carea' id='block_1_102' title="bbox 2315 4279 3831 4351">
    <p class='ocr_par' dir='ltr' id='par_1_102' title="bbox 2315 4279 3831 4351">
     <span class='ocr_line' id='line_1_102' title="bbox 2315 4279 3831 4351; baseline -0.003 -13"><span class='ocrx_word' id='word_1_701' title='bbox 2315 4282 2523 4338; x_wconf 79' lang='lat' dir='ltr'><strong>Rursus</strong></span> <span class='ocrx_word' id='word_1_702' title='bbox 2551 4282 2618 4338; x_wconf 90' lang='lat' dir='ltr'><strong>de</strong></span> <span class='ocrx_word' id='word_1_703' title='bbox 2646 4280 2753 4337; x_wconf 92' lang='lat' dir='ltr'><strong>alio</strong></span> <span class='ocrx_word' id='word_1_704' title='bbox 2798 4280 3019 4337; x_wconf 91' lang='lat' dir='ltr'><strong>homine</strong></span> <span class='ocrx_word' id='word_1_705' title='bbox 3068 4295 3184 4336; x_wconf 92' lang='lat' dir='ltr'><strong>rem</strong></span> <span class='ocrx_word' id='word_1_706' title='bbox 3234 4279 3369 4335; x_wconf 90' lang='lat' dir='ltr'><strong>mihi</strong></span> <span class='ocrx_word' id='word_1_707' title='bbox 3397 4279 3831 4351; x_wconf 86' lang='lat' dir='ltr'><strong>opinatissimam</strong></span> 
     </span>
    </p>
   </div>
   <div class='ocr_carea' id='block_1_103' title="bbox 2244 4371 3839 4444">
    <p class='ocr_par' dir='ltr' id='par_1_103' title="bbox 2244 4371 3839 4444">
     <span class='ocr_line' id='line_1_103' title="bbox 2244 4371 3839 4444; baseline -0.003 -12"><span class='ocrx_word' id='word_1_708' title='bbox 2244 4375 2529 4432; x_wconf 85' lang='lat' dir='ltr'><strong>unanimes</strong></span> <span class='ocrx_word' id='word_1_709' title='bbox 2556 4372 2827 4428; x_wconf 89' lang='lat' dir='ltr'><strong>retulere:</strong></span> <span class='ocrx_word' id='word_1_710' title='bbox 2861 4371 2952 4444; x_wconf 89' lang='lat' dir='ltr'><strong>qui</strong></span> <span class='ocrx_word' id='word_1_711' title='bbox 2979 4387 3104 4429; x_wconf 90' lang='lat' dir='ltr'><strong>cum</strong></span> <span class='ocrx_word' id='word_1_712' title='bbox 3140 4371 3345 4428; x_wconf 90' lang='lat' dir='ltr'><strong>diutina</strong></span> <span class='ocrx_word' id='word_1_713' title='bbox 3374 4373 3611 4427; x_wconf 88' lang='lat' dir='ltr'><strong>carceris</strong></span> <span class='ocrx_word' id='word_1_714' title='bbox 3644 4384 3839 4427; x_wconf 79' lang='lat' dir='ltr'><strong>cuSto-</strong></span> 
     </span>
    </p>
   </div>
   <div class='ocr_carea' id='block_1_104' title="bbox 2245 4460 3835 4537">
    <p class='ocr_par' dir='ltr' id='par_1_104' title="bbox 2245 4460 3835 4537">
     <span class='ocr_line' id='line_1_104' title="bbox 2245 4460 3835 4537; baseline -0.004 -16"><span class='ocrx_word' id='word_1_715' title='bbox 2245 4467 2332 4522; x_wconf 83' lang='lat' dir='ltr'><strong>dia</strong></span> <span class='ocrx_word' id='word_1_716' title='bbox 2356 4465 2704 4537; x_wconf 82' lang='lat' dir='ltr'><strong>aﬂligeretur,</strong></span> <span class='ocrx_word' id='word_1_717' title='bbox 2729 4475 2892 4535; x_wconf 90' lang='lat' dir='ltr'><strong>atque</strong></span> <span class='ocrx_word' id='word_1_718' title='bbox 2919 4463 3256 4519; x_wconf 90' lang='lat' dir='ltr'><strong>incessanter</strong></span> <span class='ocrx_word' id='word_1_719' title='bbox 3278 4462 3344 4516; x_wconf 90' lang='lat' dir='ltr'><strong>ad</strong></span> <span class='ocrx_word' id='word_1_720' title='bbox 3373 4470 3613 4517; x_wconf 89' lang='lat' dir='ltr'><strong>sanctam</strong></span> <span class='ocrx_word' id='word_1_721' title='bbox 3636 4460 3835 4517; x_wconf 86' lang='lat' dir='ltr'><strong>Fidem</strong></span> 
     </span>
    </p>
   </div>
   <div class='ocr_carea' id='block_1_105' title="bbox 2246 4552 3832 4624">
    <p class='ocr_par' dir='ltr' id='par_1_105' title="bbox 2246 4552 3832 4624">
     <span class='ocr_line' id='line_1_105' title="bbox 2246 4552 3832 4624; baseline -0.004 -11"><span class='ocrx_word' id='word_1_722' title='bbox 2246 4556 2594 4620; x_wconf 81' lang='lat' dir='ltr'><strong>exclamaret,</strong></span> <span class='ocrx_word' id='word_1_723' title='bbox 2625 4570 2748 4610; x_wconf 82' lang='lat' dir='ltr'><strong>mox</strong></span> <span class='ocrx_word' id='word_1_724' title='bbox 2789 4555 2836 4610; x_wconf 92' lang='lat' dir='ltr'><strong>ei</strong></span> <span class='ocrx_word' id='word_1_725' title='bbox 2867 4564 3056 4610; x_wconf 88' lang='lat' dir='ltr'><strong>sancta</strong></span> <span class='ocrx_word' id='word_1_726' title='bbox 3083 4552 3243 4608; x_wconf 89' lang='lat' dir='ltr'><strong>Fides</strong></span> <span class='ocrx_word' id='word_1_727' title='bbox 3284 4553 3526 4624; x_wconf 88' lang='lat' dir='ltr'><strong>vigilanti</strong></span> <span class='ocrx_word' id='word_1_728' title='bbox 3557 4554 3832 4623; x_wconf 85' lang='lat' dir='ltr'><strong>apparuit.</strong></span> 
     </span>
    </p>
   </div>
   <div class='ocr_carea' id='block_1_106' title="bbox 2249 4642 3839 4714">
    <p class='ocr_par' dir='ltr' id='par_1_106' title="bbox 2249 4642 3839 4714">
     <span class='ocr_line' id='line_1_106' title="bbox 2249 4642 3839 4714; baseline -0.001 -14"><span class='ocrx_word' id='word_1_729' title='bbox 2249 4644 2382 4714; x_wconf 69' lang='lat' dir='ltr'><strong>Qua:</strong></span> <span class='ocrx_word' id='word_1_730' title='bbox 2413 4661 2539 4701; x_wconf 83' lang='lat' dir='ltr'><strong>cum</strong></span> <span class='ocrx_word' id='word_1_731' title='bbox 2568 4654 2754 4700; x_wconf 85' lang='lat' dir='ltr'><strong>sancta</strong></span> <span class='ocrx_word' id='word_1_732' title='bbox 2783 4642 2946 4699; x_wconf 89' lang='lat' dir='ltr'><strong>Fides</strong></span> <span class='ocrx_word' id='word_1_733' title='bbox 2975 4642 3236 4699; x_wconf 89' lang='lat' dir='ltr'><strong>vocabulo</strong></span> <span class='ocrx_word' id='word_1_734' title='bbox 3261 4658 3321 4699; x_wconf 90' lang='lat' dir='ltr'><strong>se</strong></span> <span class='ocrx_word' id='word_1_735' title='bbox 3353 4645 3671 4705; x_wconf 81' lang='lat' dir='ltr'><strong>nominaret,</strong></span> <span class='ocrx_word' id='word_1_736' title='bbox 3707 4658 3839 4714; x_wconf 76' lang='lat' dir='ltr'><strong>pro-</strong></span> 
     </span>
    </p>
   </div>
   <div class='ocr_carea' id='block_1_107' title="bbox 2248 4734 3837 4806">
    <p class='ocr_par' dir='ltr' id='par_1_107' title="bbox 2248 4734 3837 4806">
     <span class='ocr_line' id='line_1_107' title="bbox 2248 4734 3837 4806; baseline -0.001 -14"><span class='ocrx_word' id='word_1_737' title='bbox 2248 4738 2393 4793; x_wconf 90' lang='lat' dir='ltr'><strong>tinus</strong></span> <span class='ocrx_word' id='word_1_738' title='bbox 2424 4736 2724 4793; x_wconf 89' lang='lat' dir='ltr'><strong>marculum</strong></span> <span class='ocrx_word' id='word_1_739' title='bbox 2751 4736 3201 4800; x_wconf 87' lang='lat' dir='ltr'><strong>vetustissimum,</strong></span> <span class='ocrx_word' id='word_1_740' title='bbox 3245 4736 3548 4805; x_wconf 86' lang='lat' dir='ltr'><strong>scabraque</strong></span> <span class='ocrx_word' id='word_1_741' title='bbox 3584 4734 3837 4806; x_wconf 84' lang='lat' dir='ltr'><strong>rubigine</strong></span> 
     </span>
    </p>
   </div>
   <div class='ocr_carea' id='block_1_108' title="bbox 2242 4826 3831 4898">
    <p class='ocr_par' dir='ltr' id='par_1_108' title="bbox 2242 4826 3831 4898">
     <span class='ocr_line' id='line_1_108' title="bbox 2242 4826 3831 4898; baseline -0.002 -13"><span class='ocrx_word' id='word_1_742' title='bbox 2242 4830 2536 4885; x_wconf 88' lang='lat' dir='ltr'><strong>obductum</strong></span> <span class='ocrx_word' id='word_1_743' title='bbox 2590 4827 2872 4898; x_wconf 57' lang='lat' dir='ltr'><strong>praebens,</strong></span> <span class='ocrx_word' id='word_1_744' title='bbox 2888 4826 3044 4897; x_wconf 89' lang='lat' dir='ltr'><strong>jubet</strong></span> <span class='ocrx_word' id='word_1_745' title='bbox 3085 4827 3232 4882; x_wconf 90' lang='lat' dir='ltr'><strong>illum</strong></span> <span class='ocrx_word' id='word_1_746' title='bbox 3282 4827 3571 4896; x_wconf 67' lang='lat' dir='ltr'><strong>compedes</strong></span> <span class='ocrx_word' id='word_1_747' title='bbox 3621 4826 3831 4891; x_wconf 84' lang='lat' dir='ltr'><strong>ferire;</strong></span> 
     </span>
    </p>
   </div>
   <div class='ocr_carea' id='block_1_109' title="bbox 2248 4915 3835 4988">
    <p class='ocr_par' dir='ltr' id='par_1_109' title="bbox 2248 4915 3835 4988">
     <span class='ocr_line' id='line_1_109' title="bbox 2248 4915 3835 4988; baseline -0.003 -13"><span class='ocrx_word' id='word_1_748' title='bbox 2248 4919 2397 4987; x_wconf 88' lang='lat' dir='ltr'><strong>dein,</strong></span> <span class='ocrx_word' id='word_1_749' title='bbox 2420 4917 2549 4974; x_wconf 90' lang='lat' dir='ltr'><strong>ferri</strong></span> <span class='ocrx_word' id='word_1_750' title='bbox 2576 4916 2936 4988; x_wconf 80' lang='lat' dir='ltr'><strong>fragminibus</strong></span> <span class='ocrx_word' id='word_1_751' title='bbox 2963 4925 3254 4982; x_wconf 88' lang='lat' dir='ltr'><strong>onustum,</strong></span> <span class='ocrx_word' id='word_1_752' title='bbox 3295 4915 3362 4970; x_wconf 88' lang='lat' dir='ltr'><strong>ad</strong></span> <span class='ocrx_word' id='word_1_753' title='bbox 3399 4915 3645 4970; x_wconf 87' lang='lat' dir='ltr'><strong>Conchas</strong></span> <span class='ocrx_word' id='word_1_754' title='bbox 3685 4917 3835 4971; x_wconf 79' lang='lat' dir='ltr'><strong>cele-</strong></span> 
     </span>
    </p>
   </div>
   <div class='ocr_carea' id='block_1_110' title="bbox 2248 5006 3838 5081">
    <p class='ocr_par' dir='ltr' id='par_1_110' title="bbox 2248 5006 3838 5081">
     <span class='ocr_line' id='line_1_110' title="bbox 2248 5006 3838 5081; baseline -0.003 -16"><span class='ocrx_word' id='word_1_755' title='bbox 2248 5011 2383 5065; x_wconf 83' lang='lat' dir='ltr'><strong>riter</strong></span> <span class='ocrx_word' id='word_1_756' title='bbox 2412 5008 2704 5081; x_wconf 85' lang='lat' dir='ltr'><strong>proficisci.</strong></span> <span class='ocrx_word' id='word_1_757' title='bbox 2739 5007 2909 5078; x_wconf 87' lang='lat' dir='ltr'><strong>Cujus</strong></span> <span class='ocrx_word' id='word_1_758' title='bbox 2941 5008 3147 5063; x_wconf 88' lang='lat' dir='ltr'><strong>monita</strong></span> <span class='ocrx_word' id='word_1_759' title='bbox 3188 5007 3277 5063; x_wconf 91' lang='lat' dir='ltr'><strong>ille</strong></span> <span class='ocrx_word' id='word_1_760' title='bbox 3310 5006 3618 5078; x_wconf 86' lang='lat' dir='ltr'><strong>perficiens,</strong></span> <span class='ocrx_word' id='word_1_761' title='bbox 3645 5008 3838 5077; x_wconf 89' lang='lat' dir='ltr'><strong>pervio</strong></span> 
     </span>
    </p>
   </div>
   <div class='ocr_carea' id='block_1_111' title="bbox 2250 5097 3835 5170">
    <p class='ocr_par' dir='ltr' id='par_1_111' title="bbox 2250 5097 3835 5170">
     <span class='ocr_line' id='line_1_111' title="bbox 2250 5097 3835 5170; baseline -0.003 -13"><span class='ocrx_word' id='word_1_762' title='bbox 2250 5101 2489 5157; x_wconf 83' lang='lat' dir='ltr'><strong>carceris</strong></span> <span class='ocrx_word' id='word_1_763' title='bbox 2532 5098 2833 5164; x_wconf 85' lang='lat' dir='ltr'><strong>obstaculo,</strong></span> <span class='ocrx_word' id='word_1_764' title='bbox 2881 5098 3088 5170; x_wconf 88' lang='lat' dir='ltr'><strong>absque</strong></span> <span class='ocrx_word' id='word_1_765' title='bbox 3137 5097 3378 5153; x_wconf 88' lang='lat' dir='ltr'><strong>humano</strong></span> <span class='ocrx_word' id='word_1_766' title='bbox 3425 5097 3835 5167; x_wconf 88' lang='lat' dir='ltr'><strong>impedimento,</strong></span> 
     </span>
    </p>
   </div>
   <div class='ocr_carea' id='block_1_112' title="bbox 2251 5188 3839 5256">
    <p class='ocr_par' dir='ltr' id='par_1_112' title="bbox 2251 5188 3839 5256">
     <span class='ocr_line' id='line_1_112' title="bbox 2251 5188 3839 5256; baseline -0.003 -8"><span class='ocrx_word' id='word_1_767' title='bbox 2251 5192 2434 5248; x_wconf 85' lang='lat' dir='ltr'><strong>divino</strong></span> <span class='ocrx_word' id='word_1_768' title='bbox 2485 5189 2658 5247; x_wconf 88' lang='lat' dir='ltr'><strong>fretus</strong></span> <span class='ocrx_word' id='word_1_769' title='bbox 2691 5189 3010 5256; x_wconf 89' lang='lat' dir='ltr'><strong>munimine,</strong></span> <span class='ocrx_word' id='word_1_770' title='bbox 3054 5189 3123 5244; x_wconf 90' lang='lat' dir='ltr'><strong>ad</strong></span> <span class='ocrx_word' id='word_1_771' title='bbox 3168 5197 3414 5245; x_wconf 81' lang='lat' dir='ltr'><strong>sanetam</strong></span> <span class='ocrx_word' id='word_1_772' title='bbox 3454 5188 3642 5247; x_wconf 86' lang='lat' dir='ltr'><strong>Fidem</strong></span> <span class='ocrx_word' id='word_1_773' title='bbox 3681 5198 3839 5245; x_wconf 88' lang='lat' dir='ltr'><strong>recto</strong></span> 
     </span>
    </p>
   </div>
   <div class='ocr_carea' id='block_1_113' title="bbox 2251 5280 3845 5354">
    <p class='ocr_par' dir='ltr' id='par_1_113' title="bbox 2251 5280 3845 5354">
     <span class='ocr_line' id='line_1_113' title="bbox 2251 5280 3845 5354; baseline -0.001 -16"><span class='ocrx_word' id='word_1_774' title='bbox 2251 5284 2480 5340; x_wconf 83' lang='lat' dir='ltr'><strong>tetendit</strong></span> <span class='ocrx_word' id='word_1_775' title='bbox 2531 5282 2771 5348; x_wconf 90' lang='lat' dir='ltr'><strong>tramite,</strong></span> <span class='ocrx_word' id='word_1_776' title='bbox 2811 5289 2869 5337; x_wconf 88' lang='lat' dir='ltr'><strong>et</strong></span> <span class='ocrx_word' id='word_1_777' title='bbox 2906 5296 3008 5352; x_wconf 88' lang='lat' dir='ltr'><strong>pro</strong></span> <span class='ocrx_word' id='word_1_778' title='bbox 3051 5295 3250 5352; x_wconf 85' lang='lat' dir='ltr'><strong>magno</strong></span> <span class='ocrx_word' id='word_1_779' title='bbox 3300 5280 3564 5337; x_wconf 87' lang='lat' dir='ltr'><strong>beneficio</strong></span> <span class='ocrx_word' id='word_1_780' title='bbox 3605 5294 3845 5354; x_wconf 77' lang='lat' dir='ltr'><strong>magnas</strong></span> 
     </span>
    </p>
   </div>
   <div class='ocr_carea' id='block_1_114' title="bbox 2251 5370 3837 5446">
    <p class='ocr_par' dir='ltr' id='par_1_114' title="bbox 2251 5370 3837 5446">
     <span class='ocr_line' id='line_1_114' title="bbox 2251 5370 3837 5446; baseline -0.001 -18"><span class='ocrx_word' id='word_1_781' title='bbox 2251 5372 2603 5446; x_wconf 84' lang='lat' dir='ltr'><strong>gratias-Deo</strong></span> <span class='ocrx_word' id='word_1_782' title='bbox 2646 5381 2956 5442; x_wconf 77' lang='lat' dir='ltr'><strong>sanctzeque</strong></span> <span class='ocrx_word' id='word_1_783' title='bbox 2984 5370 3101 5441; x_wconf 84' lang='lat' dir='ltr'><strong>ejus</strong></span> <span class='ocrx_word' id='word_1_784' title='bbox 3141 5388 3248 5427; x_wconf 90' lang='lat' dir='ltr'><strong>non</strong></span> <span class='ocrx_word' id='word_1_785' title='bbox 3302 5372 3544 5443; x_wconf 86' lang='lat' dir='ltr'><strong>ingratus</strong></span> <span class='ocrx_word' id='word_1_786' title='bbox 3582 5371 3837 5427; x_wconf 88' lang='lat' dir='ltr'><strong>reddidit.</strong></span> 
     </span>
    </p>
   </div>
   <div class='ocr_carea' id='block_1_115' title="bbox 2252 5462 3845 5536">
    <p class='ocr_par' dir='ltr' id='par_1_115' title="bbox 2252 5462 3845 5536">
     <span class='ocr_line' id='line_1_115' title="bbox 2252 5462 3845 5536; baseline -0.002 -13"><span class='ocrx_word' id='word_1_787' title='bbox 2252 5466 2376 5526; x_wconf 83' lang='lat' dir='ltr'><strong>Fuit</strong></span> <span class='ocrx_word' id='word_1_788' title='bbox 2413 5465 2610 5521; x_wconf 82' lang='lat' dir='ltr'><strong>ibidem</strong></span> <span class='ocrx_word' id='word_1_789' title='bbox 2646 5462 2921 5519; x_wconf 86' lang='lat' dir='ltr'><strong>rnarculus</strong></span> <span class='ocrx_word' id='word_1_790' title='bbox 2953 5464 3174 5520; x_wconf 87' lang='lat' dir='ltr'><strong>circiter</strong></span> <span class='ocrx_word' id='word_1_791' title='bbox 3201 5474 3313 5520; x_wconf 90' lang='lat' dir='ltr'><strong>tres</strong></span> <span class='ocrx_word' id='word_1_792' title='bbox 3337 5480 3508 5520; x_wconf 88' lang='lat' dir='ltr'><strong>annos</strong></span> <span class='ocrx_word' id='word_1_793' title='bbox 3534 5480 3845 5536; x_wconf 81' lang='lat' dir='ltr'><strong>appensus,</strong></span> 
     </span>
    </p>
   </div>
   <div class='ocr_carea' id='block_1_116' title="bbox 2251 5553 3844 5626">
    <p class='ocr_par' dir='ltr' id='par_1_116' title="bbox 2251 5553 3844 5626">
     <span class='ocr_line' id='line_1_116' title="bbox 2251 5553 3844 5626; baseline -0.001 -14"><span class='ocrx_word' id='word_1_794' title='bbox 2251 5567 2313 5613; x_wconf 90' lang='lat' dir='ltr'><strong>ut</strong></span> <span class='ocrx_word' id='word_1_795' title='bbox 2338 5556 2548 5626; x_wconf 89' lang='lat' dir='ltr'><strong>insigne</strong></span> <span class='ocrx_word' id='word_1_796' title='bbox 2579 5554 2711 5609; x_wconf 87' lang='lat' dir='ltr'><strong>tanti</strong></span> <span class='ocrx_word' id='word_1_797' title='bbox 2742 5553 2990 5609; x_wconf 89' lang='lat' dir='ltr'><strong>miraculi</strong></span> <span class='ocrx_word' id='word_1_798' title='bbox 3021 5556 3494 5626; x_wconf 81' lang='lat' dir='ltr'><strong>peregrinantibus</strong></span> <span class='ocrx_word' id='word_1_799' title='bbox 3532 5570 3638 5609; x_wconf 90' lang='lat' dir='ltr'><strong>non</strong></span> <span class='ocrx_word' id='word_1_800' title='bbox 3681 5554 3844 5611; x_wconf 77' lang='lat' dir='ltr'><strong>dees-</strong></span> 
     </span>
    </p>
   </div>
   <div class='ocr_carea' id='block_1_117' title="bbox 2256 5646 3845 5718">
    <p class='ocr_par' dir='ltr' id='par_1_117' title="bbox 2256 5646 3845 5718">
     <span class='ocr_line' id='line_1_117' title="bbox 2256 5646 3845 5718; baseline -0.003 -13"><span class='ocrx_word' id='word_1_801' title='bbox 2256 5657 2361 5705; x_wconf 88' lang='lat' dir='ltr'><strong>set.</strong></span> <span class='ocrx_word' id='word_1_802' title='bbox 2392 5647 2450 5702; x_wconf 83' lang='lat' dir='ltr'><strong>ld</strong></span> <span class='ocrx_word' id='word_1_803' title='bbox 2496 5646 2658 5702; x_wconf 83' lang='lat' dir='ltr'><strong>nimis</strong></span> <span class='ocrx_word' id='word_1_804' title='bbox 2689 5646 2999 5712; x_wconf 89' lang='lat' dir='ltr'><strong>succensui,</strong></span> <span class='ocrx_word' id='word_1_805' title='bbox 3025 5648 3167 5718; x_wconf 90' lang='lat' dir='ltr'><strong>quod</strong></span> <span class='ocrx_word' id='word_1_806' title='bbox 3196 5647 3249 5701; x_wconf 92' lang='lat' dir='ltr'><strong>in</strong></span> <span class='ocrx_word' id='word_1_807' title='bbox 3282 5655 3640 5701; x_wconf 87' lang='lat' dir='ltr'><strong>memoratum</strong></span> <span class='ocrx_word' id='word_1_808' title='bbox 3677 5660 3845 5717; x_wconf 91' lang='lat' dir='ltr'><strong>opus,</strong></span> 
     </span>
    </p>
   </div>
   <div class='ocr_carea' id='block_1_118' title="bbox 2257 5728 3841 5797">
    <p class='ocr_par' dir='ltr' id='par_1_118' title="bbox 2257 5728 3841 5797">
     <span class='ocr_line' id='line_1_118' title="bbox 2257 5728 3841 5797; baseline 0.001 -1"><span class='ocrx_word' id='word_1_809' title='bbox 2257 5740 2559 5796; x_wconf 83' lang='lat' dir='ltr'><strong>marculum</strong></span> <span class='ocrx_word' id='word_1_810' title='bbox 2590 5739 2756 5795; x_wconf 89' lang='lat' dir='ltr'><strong>etiam</strong></span> <span class='ocrx_word' id='word_1_811' title='bbox 2792 5728 3194 5795; x_wconf 75' lang='lat' dir='ltr'><strong>destruxerant.</strong></span> <span class='ocrx_word' id='word_1_812' title='bbox 3228 5737 3422 5793; x_wconf 85' lang='lat' dir='ltr'><strong>Mirum</strong></span> <span class='ocrx_word' id='word_1_813' title='bbox 3460 5738 3636 5794; x_wconf 87' lang='lat' dir='ltr'><strong>dictu!</strong></span> <span class='ocrx_word' id='word_1_814' title='bbox 3673 5738 3841 5797; x_wconf 89' lang='lat' dir='ltr'><strong>unde.</strong></span> 
     </span>
    </p>
   </div>
   <div class='ocr_carea' id='block_1_119' title="bbox 2258 5828 3848 5904">
    <p class='ocr_par' dir='ltr' id='par_1_119' title="bbox 2258 5828 3848 5904">
     <span class='ocr_line' id='line_1_119' title="bbox 2258 5828 3848 5904; baseline -0.001 -19"><span class='ocrx_word' id='word_1_815' title='bbox 2258 5841 2442 5904; x_wconf 85' lang='lat' dir='ltr'><strong>putas,</strong></span> <span class='ocrx_word' id='word_1_816' title='bbox 2472 5840 2659 5888; x_wconf 84' lang='lat' dir='ltr'><strong>sancta</strong></span> <span class='ocrx_word' id='word_1_817' title='bbox 2686 5828 2847 5890; x_wconf 83' lang='lat' dir='ltr'><strong>Fides</strong></span> <span class='ocrx_word' id='word_1_818' title='bbox 2869 5843 3191 5902; x_wconf 86' lang='lat' dir='ltr'><strong>corporeum</strong></span> <span class='ocrx_word' id='word_1_819' title='bbox 3221 5828 3521 5884; x_wconf 84' lang='lat' dir='ltr'><strong>marculnm</strong></span> <span class='ocrx_word' id='word_1_820' title='bbox 3550 5829 3848 5885; x_wconf 76' lang='lat' dir='ltr'><strong>habuerit?</strong></span> 
     </span>
    </p>
   </div>
  </div>
