4088 6378
286 375 400 434 183

1251 371 1380 428 ιω.
1407 372 1496 429 ΒΕ
1520 371 1897 431 ωιιιλευιιδ
1935 375 2227 433 ΞΑΝΟΤᾸΞ
2268 376 2460 433 FlDlS.

3461 385 3563 444 ησ

284 489 400 547 Sed
449 501 556 544 non
603 485 868 542 debemus
898 481 1113 540 ratione
1163 484 1399 539 humana
1455 485 1697 540 divinum
1742 501 1880 557 opus
1909 495 1953 553 Α
1986 489 2254 559 apparuit.
2282 490 2414 556 Quae
2446 506 2570 546 cum
2621 502 2810 564 rogata
2854 495 2923 552 ab
2959 495 3048 554 illo
3093 513 3342 572 quamam
3394 513 3563 562 esset.

283 586 580 650 aestimare,
602 583 699 640 sed
727 582 930 638 factum
959 579 1191 636 ﬁdeliter
1215 583 1458 637 credere.

886 689 1116 747 CAPUT
1156 688 1268 746 ΧΠ.

281 784 364 841 De
403 801 464 840 eo
492 783 608 854 qui,
637 782 978 854 praemonitus
1008 799 1038 835 α
1065 792 1249 854 sancta
1287 779 1332 854 F
1337 780 1455 854 ide,
1467 799 1560 852 per
1589 782 1871 852 fenestram

475 851 643 908 turris
670 854 810 906 saltu
839 853 1022 907 erasit.
1058 852 1124 905 Et
1157 851 1219 906 de
1249 853 1477 906 mirabili
1506 854 1678 907 asino.

353 946 492 1002 Rem
521 945 828 1000 mirabilem
858 945 1173 1015 cunctisque
1203 944 1416 1000 sarculis
1438 945 1868 1012 memorabilem,

277 1048 335 1094 et
373 1039 541 1096 etiam
571 1037 869 1092 fastidiosis
902 1037 1196 1092 lectoribus
1238 1037 1572 1092 succinctam
1618 1046 1870 1091 narratu-

277 1146 400 1196 rus,
440 1129 610 1186 Deum
637 1128 843 1185 fontem
889 1128 1169 1199 sapientia:
1197 1129 1375 1183 vivum
1418 1127 1652 1184 ﬁdeliter
1681 1129 1872 1199 depre-

273 1238 377 1281 cor
428 1231 488 1278 ut
519 1221 720 1278 divinze
762 1219 1044 1290 sapientia:
1085 1218 1412 1274 alllucntiam
1455 1220 1596 1274 intra
1632 1220 1869 1290 pectoris

274 1315 387 1370 mei
429 1329 630 1370 arcana
671 1310 978 1379 infundere,
1014 1311 1298 1381 sanctique
1325 1310 1560 1382 Spiritus
1589 1327 1711 1366 rore
1751 1326 1870 1366 sen-

271 1423 370 1464 sus
401 1406 511 1462 mei
551 1406 860 1461 ariditatem
887 1405 1142 1476 dignetur
1189 1403 1458 1474 irrigare;
1489 1413 1758 1474 quatenus
1803 1418 1868 1460 ea

271 1517 399 1572 qua:
429 1515 558 1555 vera
597 1508 748 1566 sunt,
772 1498 842 1554 ad
869 1498 1160 1553 utilitatem
1203 1511 1444 1569 congruo
1471 1504 1729 1566 rectoque
1757 1511 1869 1550 ser-

271 1607 441 1649 mone
471 1591 681 1648 valeam
706 1603 1054 1659 expromere,
1085 1603 1185 1644 nec
1211 1588 1482 1644 sententia
1506 1602 1626 1642 mea
1657 1603 1686 1641 a
1718 1595 1868 1642 recto

274 1682 498 1736 tramite
537 1679 922 1746 cxorbitando,
971 1695 1070 1750 per
1106 1679 1296 1734 inanes
1360 1693 1472 1743 res,
1513 1693 1673 1734 secus
1703 1693 1865 1748 qumn

271 1775 482 1829 veritas
513 1772 698 1836 habet,
747 1772 962 1827 deviare
991 1772 1244 1841 inceptet.
1291 1770 1442 1827 Miles
1472 1771 1730 1842 quidam,
1771 1771 1863 1842 qui

1974 587 2219 635 sanctam
2262 581 2448 638 Fidem
2490 597 2550 638 se
2595 597 2717 640 esse
2766 587 3148 655 responderet,
3195 589 3440 660 protinus
3481 591 3564 645 in-

1972 671 2169 724 stantia
2199 686 2421 740 precum
2458 672 2601 729 illius
2640 690 2699 730 se
2721 690 2843 732 esse
2881 675 3165 750 fatigatam
3195 679 3412 748 adjecit,
3451 683 3560 736 iniu

1971 762 2133 816 etiam
2173 763 2382 820 diutino
2425 765 2662 822 clamore
2704 778 2979 836 coactam;
3009 787 3039 824 a
3071 771 3184 827 Deo
3212 781 3396 829 tamen
3428 776 3564 830 mis-

1973 872 2088 914 sam
2121 867 2180 912 ut
2217 873 2342 915 eum
2375 860 2616 917 absolvat
2648 863 2879 918 venisse.
2918 863 3098 932 Quare
3141 865 3326 937 igitur,
3359 867 3555 938 inquit,

1970 949 2158 1022 longas
2186 967 2367 1007 moras
2395 953 2664 1009 inuectis?
2707 953 3004 1028 Perrumpe
3044 973 3140 1028 per
3185 959 3423 1014 medium
3466 978 3557 1015 (τως

1971 1059 2170 1111 merae,
2222 1059 2285 1102 ac
2337 1061 2434 1117 per
2477 1062 2718 1104 summas
2774 1049 2942 1105 turris
3001 1048 3270 1107 fenestras
3317 1050 3558 1108 elabere.

1970 1133 2214 1204 Cumque
2256 1136 2324 1190 ad
2354 1151 2539 1191 vocem
2576 1137 2848 1193 monentis
2879 1147 3094 1209 reptare
3135 1141 3409 1210 coepisset,
3441 1144 3558 1196 evi-

1967 1223 2143 1296 gilans
2169 1226 2352 1282 senior
2379 1226 2517 1282 male
2537 1225 2826 1295 sollicitus,
2857 1228 2986 1285 ferri
3017 1230 3299 1288 tinnientis
3321 1219 3555 1288 advertit

1969 1326 2196 1373 motum.
2226 1316 2359 1372 Dein
2388 1318 2641 1374 excitatae
2667 1320 3040 1388 cubiculariae,
3073 1332 3134 1378 ut
3175 1322 3356 1379 tardos
3396 1335 3555 1394 cogat

1969 1409 2244 1476 custodes,
2293 1408 2490 1465 minaci
2536 1413 2858 1468 auctoritate
2879 1412 3052 1484 jubet.
3096 1413 3250 1482 Quod
3285 1432 3414 1474 cum
3460 1417 3552 1472 illa

1967 1499 2304 1570 perfecisset,
2342 1501 2530 1558 clauso
2569 1503 2784 1571 ostiolo,
2830 1504 2883 1559 in
2924 1506 3184 1563 conclave
3227 1523 3287 1564 se
3323 1513 3550 1581 recepit.

1965 1589 2096 1647 Post
2133 1591 2341 1661 aliquot
2394 1591 2652 1650 horarum
2700 1609 3012 1662 excursum,
3057 1610 3188 1654 ecce
3229 1599 3296 1655 de
3341 1599 3552 1672 integro

1965 1692 2152 1738 sancta
2177 1682 2340 1740 Fides
2378 1698 2644 1755 apparens
2675 1685 2924 1742 hortatur
2946 1687 3222 1744 hominem
3247 1698 3306 1744 ut
3323 1704 3434 1744 rem
3457 1705 3550 1760 ag-

1966 1771 2432 1844 grediatur.Quod
2456 1789 2577 1829 cum
2603 1773 2692 1829 ille
2713 1775 2899 1832 statim
2925 1775 3148 1846 faciens,
3168 1788 3383 1849 reperto
3407 1781 3548 1834 ostio

267 1874 390 1918 erat
434 1865 490 1918 in
535 1863 786 1933 captiosae
832 1862 884 1917 in
926 1877 1063 1933 pago
1094 1861 1418 1929 llothenico,
1464 1876 1644 1920 castro
1671 1863 1857 1932 Pcrso,
1893 1874 1937 1934 Β
1965 1865 2176 1933 clauso,
2208 1865 2262 1920 in
2295 1865 2494 1922 lectum
2533 1883 2702 1924 vacuo
2744 1878 2942 1925 conatu
2985 1871 3307 1940 regreditur.
3339 1871 3548 1927 Rursus

263 1958 372 2012 Sull
405 1956 648 2012 dominio
695 1954 972 2010 Amblardi
1021 1955 1304 2027 cujusdam
1350 1957 1672 2011 nobilissimi
1725 1957 1857 2023 viri,

268 2049 413 2104 datis
469 2062 567 2118 pro
608 2060 668 2102 se
711 2047 1014 2116 obsidibus,
1045 2047 1114 2103 ad
1153 2057 1398 2104 sanctam
1432 2047 1654 2116 Fidem,
1707 2051 1861 2119 quasi

265 2142 417 2196 aliud
453 2143 728 2210 negotium
773 2151 1018 2212 acturus,
1060 2156 1170 2213 quo
1205 2144 1381 2214 potuit
1412 2142 1659 2200 occultus
1690 2144 1858 2199 venit.

267 2233 480 2289 Deinde
505 2242 714 2288 statuto
747 2233 968 2304 placito,
1006 2250 1128 2290 sese
1173 2235 1228 2291 in
1277 2235 1584 2306 captionem
1633 2235 1857 2305 recepit.

268 2323 427 2381 Unde
477 2325 709 2395 qualiter
746 2334 871 2394 post
921 2325 1314 2396 aliquantulum
1369 2325 1632 2396 temporis
1679 2325 1859 2380 divina

264 2417 584 2473 visitatione
637 2417 906 2484 evaserit,
957 2417 1246 2473 dicendum
1288 2417 1414 2473 erit.
1467 2417 1572 2473 Sed
1625 2417 1858 2488 primum

266 2519 428 2567 term-
454 2509 597 2564 illius
624 2509 761 2566 situs
781 2519 836 2565 et
859 2509 1096 2580 qualitas
1123 2510 1313 2579 paucis
1334 2510 1514 2566 verbis
1540 2509 1854 2579 repetenda.

262 2601 357 2656 Est
388 2601 570 2671 patria
612 2615 710 2670 per
748 2601 930 2656 omnia
970 2609 1278 2668 montuosa,
1319 2611 1375 2658 et
1405 2601 1568 2658 etiam
1599 2615 1697 2672 per
1740 2599 1858 2656 loca

263 2695 508 2750 horridis
561 2694 802 2764 scopulis
857 2695 994 2751 adeo
1042 2695 1211 2762 edita,
1253 2705 1314 2750 ut
1360 2694 1511 2751 visus
1557 2694 1859 2750 altitudinis

261 2786 527 2843 vastitate
570 2787 658 2840 vix
713 2795 873 2856 queat
918 2787 1246 2842 exsaturari.
1286 2786 1394 2843 Sed
1441 2787 1582 2843 inter
1630 2788 1743 2842 lucc
1781 2786 1855 2843 ibi

263 2877 406 2932 forte
455 2877 709 2948 planities
755 2879 1024 2946 occurrit,
1062 2879 1279 2950 frugum
1328 2880 1684 2950 proventibus
1718 2880 1856 2936 adeo

259 2967 522 3033 fecunda,
553 2979 612 3023 ut
645 2969 858 3041 pinguis
889 2969 1108 3024 Cereris
1134 2971 1440 3042 Bacchique
1467 2971 1654 3040 optimi
1711 2969 1854 3025 nulla

263 3070 414 3115 terra
452 3060 689 3116 feracior
717 3061 846 3116 mihi
871 3060 1035 3117 fuisse
1069 3062 1364 3117 videretur.
1406 3061 1557 3116 llanc
1595 3061 1670 3116 illi
1702 3062 1852 3133 inge-

262 3152 532 3206 nuitatem
563 3167 629 3207 ex
655 3167 723 3207 eo
743 3152 1006 3206 accidisse
1031 3151 1224 3221 opinor
1256 3151 1398 3221 quod
1426 3151 1496 3205 sit
1527 3151 1611 3206 his
1653 3151 1852 3207 nostris

1963 1973 2180 2029 quoque
2195 1957 2412 2026 senior,
2439 1957 2617 2015 ferrea
2655 1959 2933 2016 collisione
2964 1969 3335 2032 experrectus,
3394 1963 3543 2034 pedi-

1961 2065 2188 2121 scquam
2218 2060 2275 2106 ut
2296 2051 2447 2121 prius
2472 2051 2701 2107 remisit.
2723 2051 2818 2107 llla
2843 2061 3065 2124 peracto
3093 2053 3251 2109 herili
3277 2066 3547 2124 pra3ccpm

1962 2157 2229 2213 regressa,
2275 2141 2474 2196 ostium
2505 2141 2698 2198 cubilis
2746 2159 2844 2213 per
2880 2143 3215 2200 voluntatem
3251 2144 3348 2199 Dei
3387 2161 3544 2214 aper-

1963 2246 2073 2291 tum
2106 2236 2332 2293 dimisit.
2363 2237 2493 2292 Post
2523 2237 2662 2303 haec,
2687 2238 2941 2294 omnibus
2986 2238 3158 2295 multo
3187 2241 3420 2310 graviori
3459 2257 3546 2294 so-

1959 2341 2089 2396 pore
2114 2328 2406 2398 oppressis,
2438 2343 2565 2385 ecce
2591 2336 2780 2384 sancta
2806 2327 2966 2383 Fides
2991 2330 3150 2385 tertio
3175 2330 3540 2392 manifestata,

1959 2417 2147 2474 durius
2175 2419 2529 2489 severiusque
2563 2418 2797 2474 hominis
2831 2419 3009 2491 arguit
3048 2420 3340 2492 ignaviam.
3381 2420 3544 2477 Cum-

1958 2525 2064 2581 que
2092 2511 2536 2582 impedimentum
2565 2511 2687 2567 ostii
2730 2511 3010 2582 obiiceret,
3053 2526 3280 2583 seseque
3303 2514 3415 2582 jam
3459 2515 3544 2570 bis

1958 2602 2204 2658 delusum
2245 2618 2408 2674 quam
2462 2603 2700 2673 graviter
2745 2601 2910 2660 ferret
2945 2622 2958 2659 :
2995 2623 3012 2658 ι
3042 2603 3183 2672 Noli,
3216 2606 3390 2676 inquit
3428 2607 3539 2671 illa,

1957 2694 2228 2761 dubitare,
2270 2694 2398 2766 quia
2429 2695 2655 2750 habebis
2687 2695 2932 2765 pervium
2968 2685 3096 2762 iter,
3131 2707 3186 2753 et
3217 2698 3360 2753 Deus
3396 2699 3546 2768 adjua

1959 2784 2104 2838 vabit
2136 2793 2208 2839 te.
2230 2803 2248 2838 ι
2283 2784 2377 2840 llle
2397 2801 2528 2842 vero
2551 2786 2829 2842 confidens
2859 2785 2913 2841 in
2944 2784 3194 2856 Domino,
3220 2804 3406 2858 gressu
3435 2807 3542 2860 quo

1956 2887 2170 2949 poterat
2197 2877 2365 2947 coepit
2392 2884 2601 2931 motare
2629 2891 2709 2932 se.
2738 2876 2806 2930 Et
2827 2869 2911 2932 Sic
2947 2879 3163 2933 tandem
3186 2894 3309 2935 cum
3341 2895 3540 2952 magna

1955 2968 2273 3024 difficultate
2299 2975 2582 3040 penetrato
2615 2965 2804 3034 cubili,
2830 2968 2896 3022 ad
2928 2969 3072 3038 ipsas
3106 2968 3377 3027 fenestras
3415 2972 3544 3027 sub-

1953 3059 2120 3125 stitit,
2162 3073 2324 3114 casus
2373 3057 2714 3114 altitudinem
2758 3059 3110 3116 vehementer
3148 3074 3538 3131 expavescens.

1955 3150 2108 3208 Tunc
2132 3161 2318 3208 sancta
2354 3150 2516 3206 Fides
2561 3151 2737 3206 adhuc
2777 3150 3013 3208 labantis
3056 3153 3220 3209 animi
3267 3153 3540 3211 hominem

262 3241 579 3310 regionibus
606 3241 824 3307 editior,
854 3249 910 3296 et
940 3241 1060 3296 ideo
1097 3240 1310 3295 hiberni
1353 3239 1570 3311 frigoris
1601 3241 1852 3296 immani-
1880 3233 1924 3296 C
1955 3243 2233 3307 comitata,
2257 3250 2312 3298 et
2338 3241 2490 3313 quasi
2525 3241 2666 3296 viam
2691 3239 2992 3298 affectando
3020 3246 3349 3316 prmccdens,
3391 3246 3540 3304 illum

260 3345 368 3388 tate
411 3333 660 3405 rigidior,
690 3333 868 3403 sitque
897 3331 996 3387 soli
1032 3332 1281 3396 vicinior,
1317 3340 1502 3402 utpote
1540 3331 1608 3386 ad
1639 3342 1849 3386 austra-

260 3428 365 3481 lem
404 3426 622 3497 plagam
667 3426 790 3492 sita,
817 3435 869 3479 et
895 3425 1016 3480 ideo
1043 3426 1230 3480 aestivo
1261 3423 1473 3479 fervore
1516 3423 1762 3478 calidior.
1794 3423 1849 3478 lu

254 3528 451 3573 aestate
478 3517 746 3584 videlicet,
776 3525 998 3588 propter
1043 3515 1380 3571 vicinitatem
1419 3515 1572 3581 solis,
1623 3515 1847 3569 torrenti

255 3611 446 3668 calore
485 3611 649 3667 nimis
693 3619 974 3665 exaestuat.
1008 3608 1066 3664 ln
1111 3609 1289 3664 hieme
1315 3621 1444 3662 vero
1468 3616 1693 3679 pr0pter
1722 3606 1849 3660 alti-

258 3705 506 3758 tudinem
553 3711 713 3758 terra:
772 3703 955 3758 nimiis
1000 3700 1297 3773 frigoribus
1344 3699 1511 3772 riget,
1568 3700 1710 3755 sicut
1757 3698 1846 3754 ubi

252 3796 462 3850 Auster
487 3793 830 3850 liberioribus
863 3793 1092 3850 habenis
1122 3801 1332 3865 regnat.
1358 3791 1524 3863 Igitur
1550 3806 1849 3862 repugnan-

253 3889 344 3944 tiis
376 3889 614 3946 diversa
647 3897 856 3942 natura:
884 3896 1090 3957 quanto
1128 3887 1302 3958 magis
1346 3884 1506 3941 tellus
1550 3883 1641 3940 illa
1683 3898 1845 3955 urge-

261 3991 369 4045 tur,
425 3989 576 4036 tauto
608 3979 777 4050 ttiagis
817 3979 1140 4049 excoquitur
1177 3977 1368 4033 vitium
1410 3989 1574 4047 atque
1618 3977 1848 4032 exsudat

255 4073 469 4128 inutilis
502 4073 715 4128 humor.
743 4073 821 4128 Ae
852 4087 946 4141 per
974 4072 1075 4126 hoc
1103 4069 1244 4127 facta
1271 4082 1356 4125 est
1384 4069 1608 4126 laetioris
1641 4069 1846 4126 dulcio-

255 4171 447 4238 risque
485 4165 746 4239 germinis
787 4174 931 4219 terra
956 4163 1224 4236 fgenitrix.
1272 4163 1380 4219 Sed
1416 4164 1574 4232 quia,
1621 4173 1680 4218 ut
1709 4163 1849 4217 dixi-

253 4275 396 4324 mus,
439 4256 704 4313 montium
735 4255 1192 4327 scopulorumque
1220 4254 1660 4310 dissimilitudine
1687 4268 1716 4308 a
1747 4271 1844 4308 no-

251 4363 368 4407 stm
403 4348 521 4405 solo
570 4348 863 4417 discrepat,
914 4346 1040 4403 ideo
1085 4346 1313 4418 contigit
1358 4357 1414 4400 ιιι
1467 4347 1843 4418 przcnominati

247 4442 439 4514 oppidi
483 4449 779 4505 structura,
801 4453 964 4508 super
985 4437 1454 4494 excellentissima
1486 4437 1634 4507 rupis
1662 4437 1846 4493 solidi-

252 4543 364 4590 tate
396 4531 644 4597 fundata,
673 4548 771 4602 per
808 4532 1109 4602 spatiosum
1150 4533 1294 4588 aeris
1336 4532 1496 4588 inane
1524 4531 1683 4600 longe
1709 4531 1846 4587 emi-

253 4626 477 4681 nentior
531 4631 808 4693 exsurgat.
865 4622 1036 4678 Porro
1074 4621 1471 4693 oppidanorum
1521 4622 1730 4676 mansio
1775 4593 1894 4675 del

253 4729 412 4789 parte
460 4716 546 4772 illa
589 4717 815 4770 habetur
852 4729 972 4787 qum
1000 4715 1214 4786 planior
1255 4714 1708 4784 habitabiliorque
1761 4715 1840 4768 vi-

252 4810 437 4865 detur.
1120 4868 1126 4873 ,

280 4929 295 4945 ·
325 4903 551 4957 [labens
578 4915 759 4955 arcem
798 4910 1039 4957 erectam
1085 4899 1346 4954 mediocri
1400 4899 1537 4963 loco,
1577 4899 1644 4954 ad
1699 4898 1840 4953 illaut

253 4995 510 5051 videlicet
537 4991 752 5064 plagam
796 5009 920 5064 qua:
965 4993 1159 5047 altiore
1205 4990 1380 5045 ruitur
1407 4990 1726 5060 praecipitio.
1769 4990 1843 5044 De

253 5106 359 5160 qua
391 5088 558 5145 etiam
588 5098 742 5156 parte
771 5087 824 5142 in
854 5102 1067 5143 summo
1102 5086 1267 5141 turris
1298 5085 1499 5140 salario
1538 5085 1726 5140 herilis
1753 5102 1840 5140 ca-

255 5197 405 5235 mera
429 5188 574 5245 crat,
606 5179 697 5233 ubi
731 5179 846 5249 ipse
876 5179 1039 5234 heros
1065 5193 1189 5234 cum
1219 5177 1580 5232 familiaribus
1613 5178 1838 5247 sopitus,

253 5279 526 5348 placidum
574 5278 833 5350 carpebat
880 5287 1098 5348 pectore
1146 5290 1417 5332 somnum.
1463 5275 1629 5329 Extra
1679 5289 1839 5344 quam

255 5387 532 5428 cameram
561 5372 614 5427 in
642 5371 830 5426 eodem
857 5368 1056 5426 solario
1087 5368 1152 5423 de
1199 5375 1354 5438 parte
1393 5366 1609 5436 reliquii
1656 5365 1838 5421 muni-

253 5463 406 5533 cipii,
451 5463 720 5533 captivus,
763 5475 924 5532 quem
973 5459 1107 5526 dixi,
1161 5457 1466 5529 ponderosa
1517 5455 1656 5512 mole
1705 5454 1834 5510 ferri

254 5557 508 5611 cruribus
536 5557 786 5620 innexus,
819 5554 980 5608 trium
1013 5551 1429 5607 vcrnaculorum
1453 5548 1696 5605 custodia
1723 5561 1840 5603 ser-

259 5651 504 5705 vabatur.
538 5647 674 5704 liuic
705 5657 894 5704 sancta
922 5645 1083 5703 Fides
1107 5643 1426 5714 jamdudum
1461 5640 1526 5697 ad
1555 5657 1613 5697 se
1647 5656 1839 5712 quere-

259 5739 386 5796 losis
416 5739 639 5796 vocibus
679 5738 1004 5796 exclamanti
1025 5777 1039 5802 ,
1069 5736 1290 5806 jamque
1336 5750 1473 5804 pene
1505 5731 1836 5803 despcranti,

257 5835 446 5905 sopitis
499 5836 843 5906 custodibus,
897 5830 1164 5904 corporali
1227 5829 1404 5899 specie
1451 5825 1841 5903 conspicabilis

1957 3335 2183 3391 viriliter
2226 3333 2505 3391 exhortari
2531 3334 2700 3404 cmpit
2733 3352 2746 3388 :
2782 3354 2800 3388 α
2829 3335 2962 3404 Age,
3003 3336 3275 3409 inquiens,
3318 3337 3542 3393 fiducia-

1952 3428 2104 3492 liter;
2133 3439 2239 3481 non
2267 3426 2374 3481 alio
2403 3427 2564 3482 modo
2597 3425 2712 3494 jam
2745 3425 2978 3481 evadere
3007 3428 3234 3497 poteris.
3272 3427 3550 3484 Similiter

1950 3519 2078 3574 olim
2101 3517 2428 3575 lsraeliticus
2451 3512 2702 3590 pepulus,
2732 3518 2786 3573 in
2828 3518 3092 3576 ultionem
3135 3519 3360 3576 sceleris
3389 3521 3538 3576 urbis

1950 3608 2156 3676 Gzibaa,
2183 3607 2382 3664 tribum
2408 3607 2686 3679 Beniamin
2711 3608 3012 3675 debellans,
3035 3619 3324 3680 antequam
3350 3611 3538 3665 trium-

1952 3701 2118 3772 phum
2141 3699 2486 3768 obtinuisset,
2520 3699 2706 3756 divino
2730 3710 2983 3756 mouente
3006 3701 3248 3767 oraculo,
3276 3717 3446 3772 usque
3470 3705 3537 3757 ad

1951 3795 2151 3849 trinum
2182 3802 2439 3850 conatum
2471 3791 2748 3850 laborasse
2789 3793 3003 3863 legitur.
3027 3813 3045 3847 ι
3089 3793 3170 3849 Ad
3206 3805 3531 3858 extremum,

1951 3887 2040 3942 ille
2075 3885 2130 3943 in
2174 3885 2468 3942 miserabili
2502 3885 2712 3958 positus
2753 3885 3089 3956 discrimine,
3123 3899 3398 3960 assumpta
3440 3905 3539 3944 au-

1947 3981 2126 4047 dacia,
2165 3995 2230 4037 ac
2266 3980 2443 4051 posito
2476 3980 2638 4037 corde
2681 3979 2736 4036 in
2777 3979 3040 4051 periculo,
3087 3981 3251 4052 pedes
3292 3981 3547 4052 prinum

1947 4091 2044 4146 per
2071 4073 2340 4131 fenestras
2376 4074 2631 4130 emittens
2661 4073 2826 4140 foras,
2868 4088 2927 4128 se
2959 4082 3130 4128 totum
3162 4083 3319 4129 vasto
3351 4075 3531 4130 credit

1945 4166 2286 4238 principitio:
2326 4165 2421 4222 sed
2463 4180 2742 4236 nunquam
2797 4163 3013 4219 mollius
3060 4164 3390 4235 suaviusque
3434 4180 3532 4220 sua

1947 4260 2172 4332 pensilis
2199 4258 2379 4330 pluma
2409 4256 2841 4328 Sardanapalum
2873 4256 3026 4322 fovit,
3059 4271 3220 4327 quam
3253 4257 3399 4313 hunc
3431 4257 3542 4312 dn-v

1951 4353 2164 4409 rissima
2197 4365 2360 4420 rupes
2385 4349 2617 4420 excepit.
2649 4349 2798 4413 Adeo
2830 4348 3007 4405 divina
3039 4350 3394 4420 subportante
3423 4349 3531 4403 vir-

1949 4453 2085 4511 tute,
2107 4452 2183 4510 ut,
2207 4445 2292 4500 cui
2320 4450 2512 4497 natura
2545 4451 2836 4512 negaverat
2863 4441 2999 4508 alas,
3023 4441 3110 4496 hic
3144 4441 3300 4512 plane
3326 4441 3528 4503 volare.

1949 4551 2056 4592 non
2084 4535 2274 4590 cadere
2300 4533 2594 4588 videretur.
2619 4531 2736 4600 Quo
2767 4533 3027 4588 miraculo
3059 4533 3234 4588 factus
3260 4533 3523 4596 securior,

1946 4627 2112 4681 etiam
2153 4623 2320 4680 multo
2356 4624 2722 4694 profundioris
2754 4624 3038 4695 praecipitii
3081 4623 3275 4680 saltum
3325 4623 3525 4678 audere

1946 4730 2053 4770 non
2081 4714 2366 4770 dubitavit.
2406 4713 2540 4767 Nam
2577 4714 2642 4768 de
2673 4713 2900 4769 summis
2927 4712 3163 4783 scopulis
3204 4728 3368 4781 super
3391 4727 3536 4782 quos

1947 4821 2046 4860 arx
2082 4805 2421 4860 innitebatur
2455 4816 2623 4872 super
2659 4801 2948 4858 inferiores
2977 4815 3158 4865 ruens,
3193 4801 3260 4855 ad
3295 4801 3531 4856 certissi-

1947 4913 2092 4952 mum
2143 4906 2300 4950 terra:
2347 4894 2522 4948 solum
2579 4893 2740 4949 tertio
2785 4891 2926 4948 saltu
2972 4886 3285 4963 perlabitur.
3334 4889 3532 4946 Mirum

1947 4989 2094 5045 dictu
2127 4997 2180 5042 et
2225 4985 2469 5041 terribile
2507 4985 2725 5051 auditu,
2769 4999 2876 5056 quo
2915 4999 3048 5039 ausu
3093 4998 3244 5038 mens
3293 4985 3530 5039 humana

1950 5089 2157 5134 tantum
2187 5076 2414 5148 periculi
2454 5076 2708 5131 invadere
2739 5089 2974 5146 unquam
3007 5072 3270 5144 potuerit!
3317 5088 3438 5128 nam
3476 5083 3531 5127 et

1947 5173 2061 5242 ipse
2114 5171 2238 5226 talia
2286 5170 2592 5230 narrando.
2647 5167 2840 5232 fateor,
2891 5166 3060 5220 nimio
3106 5165 3334 5220 horrore
3386 5172 3530 5219 totus

1943 5261 2327 5319 contremisco.
2374 5259 2481 5316 Sed
2517 5261 2608 5330 qui
2651 5267 2896 5314 sanctam
2939 5271 3090 5311 suam
3123 5255 3290 5314 voluit
3322 5254 3529 5327 gloriii«
3565 5303 3569 5308 .

1943 5372 2071 5412 care
2111 5355 2202 5410 tali
2253 5352 2548 5419 miraculo,
2592 5351 2738 5406 dedit
2792 5349 2918 5404 huic
2970 5365 3076 5404 non
3132 5348 3326 5405 terreri
3379 5349 3564 5402 tanto'

1945 5449 2268 5520 prmeipitio,
2318 5448 2369 5502 in
2420 5460 2551 5518 quo,
2599 5443 2727 5499 licet
2768 5441 2900 5497 nihil
2952 5441 3187 5498 laesionis
3231 5442 3554 5514 receperit,‘

1948 5543 2187 5614 crepitus
2241 5551 2418 5614 tamen
2485 5545 2832 5594 contusarum
2888 5535 3170 5592 bodiarum
3234 5536 3288 5589 iu
3352 5533 3526 5602 primo

1948 5639 2165 5708 quidem
2202 5634 2340 5691 saltu
2390 5645 2558 5701 usque
2599 5630 2664 5686 ad
2705 5643 2866 5683 aures
2907 5627 3222 5683 dormientis
3259 5624 3526 5696 pervenit.

1951 5731 2024 5785 De
2061 5744 2165 5797 qua
2196 5741 2252 5781 re
2300 5723 2452 5780 miles
2481 5722 2911 5793 expergefactus,
2955 5720 3123 5775 nimio
3171 5721 3352 5773 furore
3399 5731 3526 5770 suc-

1952 5837 2167 5888 census,
2211 5819 2379 5876 servis
2427 5819 2535 5875 suis
2588 5835 2698 5874 rem
2753 5813 3103 5889 praenuntiat,
3163 5827 3282 5867 reos
3324 5810 3528 5876 ςιιιυειι,
