4088 6412
566 417 663 479 ΗἹ

1627 419 1974 476 BERNARDI
2011 414 2457 476 SCIlOLASTlCt
2484 374 2851 471 noscar."

3722 398 3822 461 HS

547 512 1103 601 furciferosjmlicat,
1156 540 1428 601 pesti-emo
1474 531 1760 588 minaciter
1805 533 2035 603 imperat
2081 542 2139 585 ut
2166 552 2213 609 Α
2244 535 2355 583 tate
2387 526 2642 582 lzetificat.
2682 524 2813 579 Dein
2850 520 3143 576 amicorum
3186 518 3415 583 animos,
3464 517 3554 573 diu
3590 517 3644 573 in
3687 534 3823 572 incn-

562 626 963 697 qnamprimnnt
1010 622 1305 693 fugientem
1354 624 1724 694 insequantur.
1775 625 1876 690 llli,
1908 625 2140 681 senioris

564 717 770 773 monita
804 716 1032 771 ridiculo
1065 716 1345 778 habentes,
1377 717 1547 773 attriti
1574 717 1855 773 cadaveris
1885 716 2053 772 frusta
2081 732 2167 773 se-

546 814 609 879 in
646 810 945 885 crastinum
984 806 1219 861 lecturos
1259 809 1394 863 satis
1436 809 1489 863 in
1521 819 1758 878 tempore
1795 810 2135 877 promittunt.

555 903 667 957 illis
704 910 884 955 tatnen
933 914 1275 969 nequaquam
1322 901 1698 969 acquiescens,
1756 899 1900 955 faces
1936 899 2139 970 lampa—

556 997 767 1064 desque
795 993 1042 1058 accendi,
1076 1002 1236 1060 atque
1268 1007 1363 1061 per
1408 992 1568 1045 aliam
1599 1001 1825 1061 partem,
1857 1007 1961 1061 qua
2009 989 2040 1043 f.
2064 991 2139 1042 ci-

556 1085 660 1138 lior
700 1093 820 1140 erat
867 1084 1189 1145 descensus.
1236 1099 1485 1138 cursores
1537 1083 1792 1137 velociter
1839 1084 2139 1151 przecedcre

559 1174 946 1244 hominemque
987 1173 1451 1244 comprehendere
1500 1173 1775 1244 praecepit.
1834 1172 1923 1228 Ille
1974 1189 2134 1235 vero,

560 1266 823 1323 taedarum
879 1266 1136 1323 hauriens
1186 1265 1483 1334 fulgorem,
1528 1282 1742 1336 unaque
1779 1281 1901 1323 sese
1955 1280 2141 1335 perse-

560 1358 847 1429 quentium
893 1352 1335 1413 vociferationem
1365 1358 1479 1428 jam
1525 1358 1577 1412 in
1608 1359 1855 1427 proximo
1892 1357 2133 1420 audiens,

562 1448 801 1503 incertus
825 1447 954 1517 quid
982 1456 1189 1517 ageret,
1227 1457 1412 1517 utpote
1437 1458 1691 1520 gravatus
1721 1457 1950 1519 utraque
1980 1449 2140 1504 vesti-

558 1539 646 1609 gia
676 1537 915 1593 maxime
942 1538 1180 1607 pondere
1202 1537 1352 1603 ferri,
1379 1539 1445 1593 ad
1470 1536 1725 1607 effugium
1751 1547 1931 1594 tamen
1960 1553 2140 1607 parva:

541 1627 730 1692 silvaa,
774 1643 935 1698 quant
978 1644 1075 1699 per
1109 1628 1501 1699 providentiam
1550 1629 1642 1684 Dei
1686 1628 1867 1699 oppidi
1904 1629 2137 1684 vicinam

559 1726 755 1780 natura
779 1717 1128 1787 produxerat,
1155 1717 1204 1771 vi
1230 1733 1336 1788 qua
1364 1726 1575 1787 poterat
1604 1727 1844 1788 reptans,
1869 1733 1989 1773 sese
2013 1717 2139 1772 totis

557 1808 780 1868 annisus
816 1809 1021 1867 viribus
1045 1810 1367 1869 contrahere
1391 1811 1698 1872 contendit;
1731 1825 1829 1865 nec
1852 1811 1921 1865 ab
1954 1809 2138 1883 aliquo

2242 631 2366 671 rore
2405 629 2720 685 suspensos,
2760 612 2940 681 explet
2969 610 3203 680 inopina:
3233 608 3561 663 reversionis
3591 609 3790 677 gaudio

2240 724 2341 764 nec
2375 706 2577 777 aliquid
2608 705 2844 761 tristitiaz
2888 702 3174 772 captivitas
3203 700 3291 755 illa
3327 711 3447 770 post
3474 700 3588 755 haec
3617 699 3821 763 intulit,

2238 798 2325 853 cui
2362 813 2463 852 nec
2494 799 2750 853 damnum
2787 793 3028 864 pecuniae
3062 791 3345 855 successit,
3386 804 3487 845 nec
3525 788 3825 844 detrimen-

2242 897 2351 942 tum
2391 886 2657 958 corporis.
2689 884 2796 940 Sed
2836 883 2966 955 quid
3004 890 3163 952 putas
3206 881 3272 936 de
3310 879 3401 935 illo
3452 878 3608 934 asino
3646 875 3822 945 conji-

2238 980 2485 1033 ciendum
2521 992 2664 1042 esse,
2706 976 2806 1031 nisi
2840 974 3083 1045 benigna:
3108 972 3325 1027 virtutis
3352 971 3601 1043 angelum
3630 968 3820 1033 fuisse,

2240 1070 2292 1123 in
2326 1068 2551 1139 figuram
2581 1066 2885 1122 humilioris
2906 1063 3139 1133 jumenti
3177 1061 3615 1119 manifestatum?
3643 1059 3824 1129 Super

2239 1160 2382 1227 quod
2429 1159 2593 1213 etiam
2644 1157 2759 1227 ipse
2808 1155 3059 1211 Salvator
3109 1154 3385 1219 residens,
3430 1162 3492 1207 ut
3546 1150 3825 1206 saecularis

2238 1263 2447 1320 pompa:
2497 1246 2980 1303 contumacitatem
3027 1228 3372 1309 humiliaret,
3416 1240 3595 1297 viliori
3641 1248 3822 1310 gesta-

2238 1340 2386 1395 mine
2422 1338 2544 1394 vehi
2592 1339 2771 1411 potius
2801 1337 2988 1400 voluit,
3021 1350 3144 1391 cum
3184 1343 3366 1389 tamen
3413 1331 3688 1388 essetrllle
3728 1346 3823 1386 ex-

2239 1414 2428 1484 celsus
2443 1444 2607 1500 super
2631 1443 2821 1483 omnes
2842 1437 3029 1498 gentes
3052 1425 3310 1480 Dominus
3326 1431 3382 1480 et
3396 1436 3561 1493 super
3580 1419 3825 1476 excelsos

2237 1520 2408 1593 gloria
2432 1518 2569 1590 ejus.
2598 1519 2643 1575 0
2670 1534 2923 1591 maguum
2951 1518 3204 1574 meritum
3232 1515 3399 1571 unius
3421 1512 3637 1585 puellae!
3667 1528 3701 1568 ο
3732 1512 3826 1566 ad-

2238 1609 2487 1664 mirabile
2531 1609 2730 1664 donum
2761 1610 2850 1663 uni
2900 1606 3116 1663 femina;
3143 1606 3490 1662 concessure!
3521 1619 3555 1659 ο
3585 1604 3824 1659 admira-

2239 1701 2360 1757 bilis
2387 1712 2441 1757 et
2476 1701 2766 1757 inell'abilis
2794 1701 2967 1772 gratia
3008 1699 3100 1754 uni
3129 1698 3323 1767 virgini
3364 1697 3637 1768 praestita!
3670 1695 3823 1764 cujus

2237 1786 2469 1845 virtutes
2513 1805 2614 1845 nec
2652 1790 2864 1845 calamo
2903 1789 3113 1855 notari,
3154 1803 3254 1843 nec
3297 1787 3461 1841 etiam
3510 1785 3687 1855 lingua
3727 1785 3825 1838 hu-

558 1900 679 1970 cogi
716 1916 851 1977 opus
878 1910 1018 1977 erat,
1058 1902 1141 1957 cui
1178 1902 1290 1970 ipsa
1340 1903 1639 1959 necessitas
1667 1901 2003 1981 imperabat;
2038 1918 2134 1956 nec

2243 1898 2400 1937 mana
2428 1881 2539 1949 jattt
2571 1881 2809 1951 expediri
2861 1888 3134 1951 poterunt.
3180 1877 3297 1933 Non
3329 1876 3476 1931 enim
3519 1874 3593 1931 ibi
3636 1883 3823 1929 sancta

564 1992 1005 2061 reprehendenda
1025 1992 1467 2063 tarditas,qua,ut
1483 1993 1583 2047 sibi
1602 1991 1904 2057 videbatur,
1922 1991 2138 2062 segnior

557 2081 840 2139 incedebat
872 2083 1157 2139 testudine.
1186 2081 1426 2152 Cumque
1461 2083 1512 2137 in
1544 2082 1705 2153 hujus
1743 2082 2033 2136 auxietatis
2062 2081 2138 2135 la-

559 2171 778 2230 boraret
806 2171 1141 2236 discrimine,
1172 2181 1227 2227 et
1257 2170 1373 2240 jam
1406 2173 1549 2226 inter
1582 2172 1850 2226 comlensa
1880 2170 2138 2225 arbuseu-

561 2262 736 2316 larunt
763 2261 1153 2331 aliquantulum
1171 2259 1275 2335 [se]
1300 2262 1597 2333 colligeret,
1615 2263 1813 2316 mirum
1836 2261 1889 2315 in
1920 2262 2135 2315 modum

555 2350 779 2409 oﬂ‘endit
805 2354 1039 2419 asinum,
1072 2355 1122 2409 in
1153 2353 1305 2422 cujus
1346 2354 1590 2409 faucibus
1627 2354 1821 2409 nodata
1857 2369 1993 2407 zona
2039 2368 2137 2423 pro

557 2441 815 2512 capistro,
841 2443 1055 2497 asinino
1084 2451 1236 2514 tergo
1266 2459 1416 2498 more
1449 2443 1644 2497 insedit
1682 2442 1937 2509 femineo,
1964 2442 2139 2496 versis

557 2550 623 2597 ex
657 2550 764 2588 uno
790 2534 960 2589 latere
995 2535 1263 2601 cruribus,
1303 2534 1611 2605 propriique
1646 2535 1913 2590 commodi
1960 2534 2138 2604 potius

563 2626 828 2687 rationem
880 2625 1109 2690 ducens,
1161 2627 1471 2697 posthabuit
1522 2628 1858 2681 honestatem
1905 2625 2135 2683 virilem.

553 2715 752 2779 Actum
801 2725 922 2770 erat
960 2717 1145 2793 procul
1187 2717 1378 2783 dubio,
1422 2718 1465 2773 si
1519 2718 1679 2773 unius
1726 2718 1913 2788 puncti
1961 2719 2139 2788 spatio

558 2806 852 2877 fugientem
885 2808 974 2869 hic
1019 2809 1206 2867 asinus
1250 2808 1443 2869 fuisset
1492 2821 1818 2869 remoratus.
1850 2808 2136 2881 Nunquam

555 2897 891 2966 expeditiore
937 2898 1323 2975 blandiorcque
1369 2901 1661 2959 tolutatura
1706 2893 1918 2975 capitur
1964 2917 2138 2975 equus

557 3003 621 3047 ac
662 2989 858 3061 regalis
909 2989 1159 3054 incessit,
1210 3006 1373 3062 quam
1424 3007 1520 3069 per
1570 2992 1800 3047 mediam
1860 2992 2138 3062 regionem

564 3079 746 3142 asinus
788 3080 843 3135 in
892 3096 1012 3137 eam
1058 3093 1267 3152 partem
1313 3098 1418 3154 qua
1458 3082 1715 3153 fugitivus
1758 3082 1937 3138 minus
1984 3099 2134 3153 qua:-

528 3172 759 3255 ‘rendus
808 3179 1112 3241 putaretdr,
1166 3173 1468 3227 transabiit.
1526 3173 1736 3228 Interea
1787 3189 1968 3229 sessor
2027 3188 2134 3227 non

2241 1970 2400 2027 Fides
2429 1970 2822 2035 tantummodo,
2846 1969 2934 2024 ubi
2960 1982 3187 2038 corpore
3214 1966 3522 2036 requiescit,
3550 1963 3825 2018 miraculis

2240 2060 2434 2130 pollet;
2460 2060 2552 2115 sed
2586 2060 2751 2115 etiam
2797 2060 2958 2129 (sicut
2993 2058 3062 2113 ab
3091 2058 3176 2113 his
3209 2057 3298 2128 qui
3339 2055 3675 2126 quotidianis
3708 2053 3825 2122 ejus

2240 2142 2521 2210 intersunt.
2539 2154 2851 2220 virtutibus,
2881 2152 3067 2223 didici)
3098 2152 3152 2206 in
3204 2159 3370 2215 terra,
3413 2149 3468 2203 in
3506 2145 3719 2217 pelago,
3763 2147 3817 2200 iu

2239 2261 2479 2319 carcere,
2514 2247 2565 2300 in
2601 2242 3026 2307 infirmitatibus,
3060 2242 3111 2295 in
3143 2237 3400 2311 periculis
3430 2237 3631 2303 multis,
3659 2245 3716 2291 et
3742 2238 3822 2304 (ut

2241 2338 2355 2407 ipse
2377 2336 2490 2407 jam
2526 2351 2589 2392 ex
2622 2345 2775 2408 parte
2811 2334 3058 2406 probavi)
3087 2335 3139 2389 in
3173 2329 3591 2388 necessitatibus
3632 2323 3821 2392 variis,

2240 2431 2285 2485 si
2318 2431 2439 2499 quis
2478 2445 2597 2485 eam
2628 2439 2777 2484 recto
2804 2428 2969 2484 corde
3012 2424 3431 2495 interpellaverit
3451 2463 3469 2487 ,
3500 2432 3821 2493 prfeSentcm

2238 2522 2454 2577 sentiet“.
2483 2521 2550 2576 Et
2577 2522 2886 2591 ubicunque
2910 2527 3097 2575 sancta
3124 2517 3284 2574 Fides
3310 2517 3476 2572 habet
3502 2530 3718 2580 nomen,
3751 2513 3823 2571 ibi

2239 2631 2454 2687 quoque
2472 2616 2635 2671 habet
2659 2616 2940 2681 virtutem;
2965 2615 3032 2668 ad
3058 2614 3270 2669 laudem
3290 2623 3345 2668 et
3367 2611 3594 2683 gloriam
3616 2610 3819 2666 Christi

2237 2707 2658 2779 omnipotentis,
2706 2706 2797 2777 qui
2831 2705 3236 2775 omnipotentiae
3270 2718 3383 2783 sua:
3425 2701 3654 2756 habenis
3696 2715 3822 2755 cum

2238 2797 2397 2853 Patre
2418 2806 2472 2852 et
2501 2795 2706 2868 Spiritu
2734 2806 2922 2853 sancto
2950 2804 3219 2852 coaeterna
3248 2794 3457 2850 unitate
3495 2801 3689 2863 regnat
3726 2807 3825 2862 per

2239 2889 2432 2947 srecnla
2456 2889 2786 2945 aeternaliter
2811 2887 3101 2943 manentia.
3127 2886 3322 2941 Amen.

2835 3000 3063 3058 CAPUT
3101 2999 3237 3055 Xlll.

2237 3096 2313 3155 De
2338 3096 2565 3169 quodam
2599 3093 2915 3169 Raimtgtde,
2950 3090 3561 3169 qualiter_nattfragal_us
3587 3089 3745 3159 fuerit
3773 3099 3823 3144 et

2530 3175 2727 3220 sancta:
2757 3162 2909 3218 Fidi:
2936 3160 3137 3216 auxilio
3162 3160 3421 3216 liberatus
3450 3161 3538 3214 sit.

558 3263 693 3317 adeo
718 3263 1010 3318 securitate
1051 3264 1242 3328 frettts,
1275 3264 1502 3320 subinde
1536 3281 1721 3320 aurem
1757 3266 1981 3335 arrigit,
2019 3266 2138 3320 ani-
2163 3273 2209 3333 Ο
2310 3285 2500 3339 Dicere
2527 3282 2688 3337 etiam
2713 3286 3073 3351 ορροι-ιυηιιηι
3114 3276 3327 3331 videtur
3363 3275 3430 3330 de
3471 3275 3653 3344 aliqua
3690 3273 3826 3329 na].

563 3370 811 3425 mamqne
852 3356 1120 3426 reprimit.
1164 3357 1391 3413 subinde
1433 3367 1721 3429 respectat,
1769 3366 1823 3413 et
1859 3367 2136 3428 retorquet

560 3444 757 3513 aciem,
783 3446 825 3501 si
862 3444 1000 3502 forte
1022 3449 1256 3519 aliquem
1294 3448 1376 3504 vel
1401 3449 1590 3505 audire
1616 3450 1696 3503 vel
1725 3449 1907 3505 videre
1929 3458 2132 3519 posset,

556 3535 728 3597 donec
763 3537 875 3610 jam
902 3548 1026 3594 octo
1063 3556 1200 3618 pene
1238 3541 1476 3609 peractis
1535 3541 1769 3596 millibus
1810 3556 1869 3596 se
1907 3542 2039 3596 satis
2080 3542 2132 3596 in

555 3639 671 3694 tuto
687 3630 909 3689 videret.
928 3633 995 3688 Et
1018 3632 1128 3703 jam
1157 3634 1449 3702 diescebat,
1476 3645 1531 3691 et
1552 3634 1662 3703 jam
1690 3636 1942 3692 mortales
1962 3652 2134 3709 aegros

538 3734 754 3787 aurora
799 3728 1108 3796 promicans
1156 3728 1222 3783 ad
1284 3729 1484 3783 laboris
1527 3730 1845 3785 exercitium
1886 3731 2130 3803 cogebat.

521 3808 529 3815 ’
557 3814 710 3877 Tunc
740 3819 847 3885 ille,
876 3820 1096 3891 alligato
1122 3822 1188 3877 ad
1213 3805 1484 3892 quoddam
1515 3824 1803 3896 virgultum
1839 3826 2011 3890 asino,
2042 3825 2132 3880 uhi

555 3908 735 3963 silices
757 3910 1003 3966 duriores
1034 3912 1186 3977 vidit,
1218 3913 1493 3982 paululum
1517 3929 1545 3966 a
1571 3914 1761 3969 semita
1790 3930 1849 3970 se
1882 3915 2130 3971 detorsit.

554 3995 793 4071 Quorum
833 3997 994 4052 ictum
1049 3998 1254 4055 ferreus
1293 4002 1438 4069 rigor
1469 4003 1765 4072 excipiens,
1815 4004 1866 4058 itt
1911 4003 2129 4065 modum

555 4088 743 4157 glaciei
773 4087 982 4143 facibm
1016 4090 1097 4144 sui
1133 4090 1513 4154 resolutionem
1539 4092 1767 4148 dederit.
1801 4093 1944 4148 Inter
1970 4111 2135 4165 agen-

558 4179 684 4232 dum
715 4195 840 4239 vero
885 4180 1123 4239 coalesﬁs
1164 4183 1349 4243 asinus
1378 4185 1618 4239 evanuit.
1667 4184 1800 4238 Nam
1835 4185 2132 4255 respiciens

558 4268 649 4327 ille
678 4285 854 4340 neque
882 4272 1077 4336 animal
1104 4273 1276 4343 ipsum
1306 4274 1461 4339 vidit,
1490 4289 1665 4349 neque
1694 4262 1856 4329 etiam
1882 4276 2132 4331 animalis

560 4360 875 4432 vestigium,
920 4363 1258 4433 quantalibet
1300 4363 1710 4436 investigatione
1752 4365 2026 4431 insistens,
2073 4366 2127 4419 in

552 4451 739 4521 aliquo
778 4454 992 4523 penitus
1036 4455 1279 4511 invenire
1325 4457 1514 4526 potuit.
1563 4456 1847 4528 Cingulum
1880 4473 2009 4528 vero
2060 4459 2127 4512 ad
2172 4480 2177 4485 ν

552 4559 929 4615 argumentum
962 4546 1227 4613 miraculi,
1260 4548 1347 4603 ubi
1379 4560 1671 4615 nexuerat,
1722 4552 1944 4622 recepit.
1984 4551 2128 4622 Ergo

551 4635 618 4688 ad
652 4645 894 4692 sanctam
940 4637 1124 4693 Fidem
1169 4640 1401 4713 pedestri
1435 4641 1631 4698 itinere
1675 4652 1822 4697 recta
1874 4642 2123 4705 intendit.

552 4724 767 4783 Nullum
811 4726 1088 4807 pulchrius
1135 4727 1411 4795 basilicam
1468 4732 1641 4786 sancti
1691 4730 1989 4787 Salvatoris
2035 4742 2129 4789 aut

550 4817 847 4886 speciosius
896 4820 1261 4897 spectaculum
1310 4820 1532 4877 intravit
1584 4831 1708 4881 ante
1760 4825 1904 4886 hunc
1949 4825 2126 4890 diem,

553 4924 724 4978 neque
753 4909 955 4986 aliquid
1002 4910 1255 4966 libentius
1307 4916 1535 4985 pupulas
1579 4916 1982 4980 Conchacensis
2030 4917 2130 4969 alio

550 5005 771 5071 quando
811 5005 1042 5075 aspexit,
1086 5021 1246 5075 quam
1288 5008 1429 5076 quod
1461 5008 1657 5063 nobilis
1685 5010 1785 5063 viri
1823 5009 2125 5065 clarissima

549 5112 615 5150 ac
644 5110 867 5165 procera
897 5096 1245 5172 pulcherrimi
1269 5098 1515 5172 corporis
1527 5098 2125 5168 statura,ponderosam

459 5263 465 5269 .
552 5188 679 5242 ferri
710 5203 942 5243 massam
984 5198 1201 5260 gestans
1243 5190 1501 5255 humeris,
1532 5206 1628 5260 per
1654 5189 2014 5246 circumfusas
2040 5204 2126 5244 so-

550 5280 957 5339 lemnizantium
993 5290 1200 5347 turmas
1238 5283 1303 5337 ad
1348 5283 1654 5351 sepulcrum
1697 5284 1972 5353 prorupit;
2007 5292 2126 5337 tau-

550 5386 713 5441 quam
745 5370 829 5427 leo
858 5370 971 5441 qui,
1017 5371 1191 5427 fracto
1237 5387 1476 5435 carcere,
1514 5374 1701 5443 grandi
1731 5373 1873 5431 mole
1908 5381 2127 5428 catena-

552 5476 668 5515 rutn
696 5471 952 5517 oneratus
973 5463 1132 5528 colla,
1160 5464 1402 5517 nativum
1434 5464 1585 5527 silva:
1610 5464 1803 5533 repetit
1837 5461 2123 5533 refugium.

552 5551 704 5608 Tunc
758 5555 918 5609 homo
968 5569 1151 5609 coram
1183 5553 1329 5608 omni
1379 5554 1593 5624 populo,
1644 5554 1838 5609 ibidem
1884 5554 2129 5624 deposito

545 5658 733 5708 onere,
762 5644 1008 5699 hostilem
1052 5644 1344 5707 sarcinam,
1376 5658 1537 5712 quam
1565 5645 1832 5715 captivam
1861 5641 1999 5698 collo
2031 5644 2127 5696 ad-

551 5747 792 5802 vexerat,
844 5737 1095 5793 libertate
1143 5738 1327 5801 donat,
1379 5754 1442 5791 ac
1492 5737 1631 5793 felici
1682 5736 2010 5806 postliminio
2045 5752 2127 5791 re-

547 5827 676 5896 dux,
709 5828 949 5893 seniores
975 5841 1095 5883 cum
1125 5826 1270 5883 omni
1315 5828 1511 5908 populo
1541 5829 1674 5882 tanti
1705 5827 1948 5884 miraculi
1982 5828 2125 5882 novi-

2238 3377 2470 3440 mundo,
2509 3372 2763 3429 Tolosani
2804 3370 2925 3442 pagi
2970 3369 3232 3435 oriundo,
3272 3383 3470 3440 genere
3512 3366 3828 3437 divitiisque

2235 3465 2565 3529 clarissimo,
2593 3463 2684 3534 qui
2726 3460 3082 3532 municipium
3110 3459 3253 3534 quod
3295 3458 3606 3513 Boschitum
3634 3457 3825 3513 rustici

2236 3564 2435 3612 vocant
2462 3554 2515 3609 in
2555 3553 2742 3610 eodem
2780 3566 2916 3623 pago
2959 3549 3219 3620 possidet.
3253 3547 3353 3603 llic
3379 3546 3673 3619 aliquando
3699 3544 3826 3599 Hie-

2237 3647 2681 3718 rosolymitanum
2723 3643 2826 3698 iter
2873 3656 3180 3714 aggressus,
3207 3640 3321 3709 jam
3369 3639 3605 3694 maxima
3652 3636 3824 3692 Italia:

2235 3750 2388 3814 parte
2418 3753 2659 3803 emensa,
2706 3735 2845 3807 apud
2884 3734 3071 3789 urbem
3099 3733 3264 3788 Lume
3300 3732 3561 3787 vocabulo
3591 3731 3661 3786 ab
3682 3731 3824 3784 auti-

2234 3829 2357 3899 quis
2405 3826 2755 3890 celebratam,
2808 3824 3204 3879 Mediterranco
3244 3821 3435 3892 pelago
3483 3834 3603 3875 sese
3645 3819 3824 3874 classe

2235 3928 2491 3991 apparata
2541 3916 2795 3979 credidit,
2834 3924 2893 3968 ut
2939 3928 3036 3984 per
3081 3912 3351 3967 marinum
3397 3925 3614 3965 cursum
3660 3907 3824 3963 citius

2236 4010 2541 4086 rectiusque
2580 4007 2964 4076 llierosolynne
2994 4013 3178 4074 partes
3218 4002 3481 4057 accedere
3508 4009 3706 4071 posset.
3753 4002 3822 4054 At

2235 4115 2362 4153 vero
2409 4114 2531 4154 cum
2575 4097 2687 4168 jam
2743 4094 2978 4165 :cquoris
3031 4091 3320 4164 pergrandi
3380 4100 3534 4161 parte
3590 4090 3821 4161 trajecta

2233 4190 2507 4245 sulcarcnt
2536 4176 2753 4255 caerula,
2776 4195 2897 4242 orta
2934 4184 3114 4241 subito
3145 4191 3490 4253 tempestate,
3531 4180 3686 4239 navis
3729 4180 3820 4235 illa

2232 4283 2466 4353 scopulis
2511 4282 2646 4337 illisa
2691 4280 2880 4337 incidit
2908 4279 2960 4334 itt
2993 4275 3356 4347 naufragium,
3400 4274 3734 4345 disjectaque
3764 4274 3819 4327 in

2231 4389 2415 4447 partes
2446 4376 2618 4445 ipsum
2646 4375 3061 4445 gubernatorem
3095 4384 3216 4424 cum
3255 4367 3477 4438 reliquis
3517 4366 3819 4420 verticibus

2230 4469 2517 4537 absorptos
2542 4464 2781 4534 reliquit,
2814 4463 2903 4517 vix
2925 4460 3134 4516 duobus
3170 4458 3481 4521 reservatis,
3512 4456 3819 4510 Raimuudo

2231 4557 2482 4612 videlicet
2518 4570 2785 4624 servoque
2826 4568 2933 4608 uno
2960 4567 3121 4622 quem
3170 4551 3334 4605 ﬁdum
3381 4548 3685 4604 adduxerat
3726 4562 3817 4602 se-

2158 4624 2206 4684 D
2231 4663 2351 4702 cum
2372 4663 2386 4713 ;
2410 4661 2639 4717 quorum
2659 4660 2849 4699 servus
2873 4643 2977 4706 ille,
3014 4656 3293 4713 pcrparva:
3314 4640 3509 4709 navigii
3540 4638 3820 4710 particula:

2233 4736 2460 4800 haerens,
2519 4737 2586 4790 ad
2628 4735 2813 4791 Italica
2861 4733 3040 4787 littora
3084 4729 3356 4803 projectum
3398 4739 3514 4795 est;
3560 4737 3819 4798 ratusque

2231 4827 2507 4882 dominum
2552 4841 2708 4880 suum
2741 4824 2924 4897 procul
2954 4823 3118 4878 dubio
3160 4820 3387 4875 marinis
3417 4819 3668 4874 ﬂuctibus
3694 4833 3818 4873 esse

2230 4926 2496 4982 necatum,
2538 4915 2735 4987 repetit
2776 4914 3041 4985 hospitem
3083 4912 3172 4968 cui
3212 4911 3354 4966 idem
3394 4910 3646 4964 dominus
3685 4923 3819 4963 suus

2229 5011 2311 5081 (ut
2340 5026 2454 5065 mos
2479 5021 2562 5065 est
2607 5008 2931 5080 peregrinis)
2960 5017 3166 5079 partem
3207 5005 3452 5076 pecunia:
3485 5004 3814 5058 crediderat.

2199 5102 2205 5108 ’
2232 5102 2404 5168 Quam
2437 5112 2711 5171 receptam
2737 5102 2823 5156 cui
2847 5116 3009 5171 quam
3050 5099 3208 5154 herili
3240 5096 3457 5167 coujngi
3484 5096 3701 5167 dignius
3729 5112 3823 5150 re-

2232 5189 2435 5248 ferret?
2463 5192 2559 5248 Cui
2586 5208 2746 5248 casus
2787 5207 2915 5248 suos
2940 5205 3235 5261 exponens,
3269 5190 3431 5244 etiam
3471 5186 3691 5242 fatalem
3718 5187 3809 5244 ιΙυι

2233 5283 2363 5337 mini
2390 5280 2472 5338 sui
2499 5291 2701 5337 sortem
2729 5283 2957 5336 intimat.
2986 5282 3075 5335 Illa
3104 5297 3255 5345 vero,
3287 5279 3541 5336 snnulato
3566 5280 3814 5351 aliquan-

2231 5374 2320 5429 diu
2341 5373 2551 5438 dolore,
2592 5373 2774 5428 nonin
2804 5388 2998 5445 graves
3026 5373 3296 5445 lacrymas
3317 5381 3411 5425 aut
3448 5372 3606 5442 longa
3634 5375 3819 5441 suspi-

2231 5465 2309 5519 ria
2337 5464 2418 5536 (ut
2439 5480 2554 5520 mos
2583 5474 2667 5520 est
2691 5466 2951 5519 bonarum
2983 5462 3326 5535 feminarum)
3356 5479 3467 5518 rem
3497 5462 3685 5526 vertit,
3717 5465 3816 5519 sed

2228 5556 2372 5612 illico
2426 5558 2648 5628 elegans
2690 5557 2927 5612 virorum
2954 5592 2955 5595 η
2984 5557 3281 5627 spectatrix
3325 5554 3544 5617 elfecta,
3588 5555 3815 5609 inlidunt

2227 5648 2544 5719 variumque
2569 5661 2808 5703 amorem
2848 5647 3051 5703 eﬂrena
3086 5646 3338 5703 libertate
3359 5660 3455 5717 per
3476 5646 3659 5699 varias
3703 5642 3811 5698 for-

2228 5753 2435 5792 marum
2474 5738 2695 5806 injectat
2743 5739 2970 5808 species.
3019 5737 3087 5793 Et
3117 5739 3198 5794 sic
3239 5752 3400 5808 quem
3444 5753 3552 5807 pne
3598 5737 3814 5790 ueteris

2225 5828 2438 5897 egregie
2489 5829 2711 5898 reperit,
2761 5830 3095 5889 nanciscitur
3142 5831 3353 5894 virum,
3408 5827 3550 5900 quod
3600 5829 3812 5899 puniit.
