4088 6386
273 507 388 547 suae
444 489 651 546 libidini
703 496 1062 560 opportunum

277 584 400 649 dit,
488 591 544 636 et
633 581 898 652 reliquum
979 582 1242 658 honorem
1313 581 1392 635 sic
1457 579 1717 642 fecisset,
1803 587 1859 633 et.

273 676 442 729 etiam
499 673 664 740 filias,
712 689 848 744 quas
900 673 1200 729 liaitnundo
1265 682 1588 744 pepererat,
1652 673 1720 725 ab
1767 687 1859 742 pa-

279 777 436 822 terno
480 766 768 832 beneficio,
815 781 956 821 cazca
994 766 1246 835 cupidine
1287 765 1516 834 perdita,
1549 763 1858 827 alienasset,

277 857 384 912 nisi
429 855 646 932 quidam
711 855 1034 926 cognomine
1093 855 1415 910 Exeafridus
1466 854 1656 924 llngo,
1718 854 1859 907 anti-

272 963 420 1016 quus
474 946 681 1016 prmfati
723 945 1011 999 Raintundi
1053 944 1303 1008 amicus,
1353 959 1451 1014 pro
1501 943 1693 1013 puellis
1743 955 1866 997 sese

195 1092 204 1102 ,
275 1035 546 1091 nmternis
575 1033 787 1104 injuriis
815 1033 1162 1102 objectasset,
1195 1043 1380 1104 atque,
1412 1050 1480 1088 ne
1509 1033 1638 1104 ἱρείη
1659 1034 1866 1087 indota-

265 1135 352 1203 ta:
381 1124 450 1176 ad
491 1122 837 1194 ignominiam
871 1122 1268 1192 redigerentur,
1312 1123 1638 1177 auctoritate
1671 1124 1751 1176 sui
1787 1122 1866 1175 in-

273 1214 599 1283 dustriaque
631 1214 795 1268 totius
834 1212 1057 1270 honoris
1100 1213 1358 1278 medimn,
1399 1224 1596 1282 printer
1629 1220 1865 1266 castrqu

272 1304 542 1358 subsidiis
573 1313 791 1358 auctum
836 1312 1182 1374 recuperaret
1227 1317 1291 1356 ac
1345 1302 1601 1355 retineret
1626 1315 1640 1352 :
1669 1316 1765 1355 nec
1805 1301 1870 1354 de

274 1396 611 1451 maritandis
653 1395 952 1466 virginibus
997 1393 1152 1464 longa
1207 1404 1326 1448 erat
1368 1393 1712 1462 ambiguitas.
1748 1408 1869 1446 cutn

280 1498 580 1558 utramque
620 1503 934 1557 germanam
976 1486 1091 1540 suis
1123 1484 1305 1540 liberis
1339 1485 1540 1539 nubere
1576 1486 1869 1539 consensit.

273 1576 626 1630 llaimundus
668 1591 798 1630 vero
852 1575 931 1647 (ut
981 1574 1047 1628 ad
1096 1574 1377 1644 superiora
1430 1574 1666 1644 redeam)
1711 1589 1870 1626 uuam

270 1669 644 1736 disjectarum
696 1666 927 1720 trabium
986 1664 1238 1720 similiter
1287 1665 1597 1735 amplexus,
1651 1681 1755 1718 ncn
1808 1663 1874 1717 ad

269 1759 479 1824 taliae,
507 1759 600 1814 sed
639 1756 836 1812 Africa:
879 1767 1061 1828 partes
1101 1757 1291 1827 pulsus
1331 1766 1433 1823 est,
1481 1767 1681 1812 sancta:
1730 1757 1875 1811 Fidis

1208 449 1210 451 q
1271 373 1403 429 LIB.
1439 374 1526 430 DE
1557 371 1926 428 MIRACL'LIS
1963 370 2256 427 SANC'IA'S
2299 370 2494 426 FllllS.

1117 507 1129 542 :
1183 490 1268 544 cui
1313 499 1366 545 et
1423 488 1700 544 castellum
1755 487 1850 542 de-
1880 491 1929 550 Λ
1956 502 2078 541 eum
2123 487 2323 541 habere
2372 495 2673 556 eruperunt,
2719 485 3020 556 smpiusquc
3062 485 3113 539 in
3161 483 3396 552 pericula
3437 484 3536 535 du-

3431 369 3453 423 t
3469 369 3538 420 Mi

1961 592 2103 644 cere.
2153 577 2232 630 Ad
2275 587 2631 645 postremum,
2683 591 2712 629 a
2753 576 3048 630 Saracenis
3087 576 3350 630 Corduba:
3387 575 3539 638 victi,

1962 670 2135 739 ipsum
2169 687 2356 726 rursus
2393 670 2711 725 amiserunt.
2762 671 2829 723 At
2857 670 2951 724 ubi.
2983 680 3037 725 et
3082 672 3162 725 isti
3217 663 3540 725 acerrimum

1961 770 2350 826 strenuumque
2379 761 2600 815 militem
2631 760 2860 814 diversis
2883 760 3137 830 periculis
3163 759 3369 828 experti
3393 771 3541 821 sunt,

1961 849 2165 920 ingenti
2197 851 2378 905 hetitia
2425 851 2729 921 gaudioqne
2770 861 2920 906 tanto
2949 850 3544 921 milite‘congratulatn

1969 949 2074 1003 tttr,
2115 941 2368 995 nimirum
2413 941 2608 1011 quibus
2651 943 2832 996 omnia
2881 957 2947 996 ex
2997 951 3121 996 voto
3161 958 3261 996 nec
3307 957 3544 1010 unquam

1968 1033 2242 1088 incassmn
2299 1034 2400 1088 hoc
2450 1033 2598 1089 socio
2661 1033 3072 1104 contingebant.
3125 1033 3322 1088 Verum
3383 1033 3546 1086 subiti

1969 1124 2149 1194 gaudii
2203 1124 2493 1178 indiscreta
2544 1123 2728 1186 elatio,
2773 1124 2935 1178 subiti
2989 1123 3268 1178 infortunii
3315 1122 3549 1176 interru-

1969 1215 2153 1284 ptioue
2185 1213 2451 1268 interdum
2502 1215 2834 1283 castigatur;
2881 1230 3002 1268 nam
3033 1214 3214 1282 prielio
3256 1212 3548 1268 commiseo

1973 1309 2114 1360 inter
2143 1322 2201 1361 se
2225 1316 2280 1360 et
2319 1305 2578 1369 Alabitas,
2610 1306 2841 1360 victores
2873 1315 3022 1358 tanto
3072 1306 3240 1359 milite
3271 1318 3546 1357 remanse-

1974 1406 2100 1450 runt
2135 1396 2331 1457 orbati.
2380 1395 2662 1450 Postremo
2695 1393 2891 1450 bellum
2942 1395 3040 1448 fuit
3087 1394 3171 1448 bis
3219 1410 3338 1447 cum
3381 1392 3554 1446 Sanc-

1973 1489 2129 1543 cione
2154 1487 2350 1542 comite
2381 1487 2446 1542 de
2470 1486 2737 1551 Castellis,
2762 1486 2895 1539 .viroA
2923 1485 3298 1554 potentissimo
3329 1485 3555 1538 militia:-

1975 1595 2078 1648 que
2110 1577 2462 1648 peritissimo;
2493 1594 2520 1630 a
2551 1592 2656 1647 quo
2688 1576 2886 1631 Christi
2913 1576 3116 1630 auxilio
3146 1576 3406 1645 superati,
3445 1592 3553 1628 non

1979 1670 2137 1722 modo
2165 1666 2544 1738 liaiutundum,
2583 1667 2676 1721 sed
2712 1667 2876 1722 etiam
2906 1681 3181 1721 enormem
3213 1663 3553 1719 Christiano-

1981 1775 2096 1812 rum
2149 1757 2518 1830 captivitatem
2581 1758 2902 1812 amiserunt.
2973 1757 3078 1812 Sed
3145 1758 3260 1811 haec
3315 1755 3553 1810 barbara

272 1850 556 1904 auxilium
586 1848 928 1903 incessanter
962 1848 1242 1915 invocans,
1285 1864 1385 1903 nec
1418 1865 1651 1919 unquam
1680 1865 1874 1903 nan-.cn
1913 1869 1950 1923 υ
1983 1850 2222 1920 gentium
2250 1850 2508 1906 vocabula
2542 1867 2646 1904 non
2679 1851 2756 1905 sic
2788 1852 2854 1904 ab
2898 1850 3134 1920 antiquis
3163 1851 3357 1904 usitata
3392 1849 3559 1904 fuisse

275 1941 410 2011 ejus
443 1940 509 1994 ab
535 1955 626 1994 ore
655 1939 925 2010 rejieiens.
979 1937 1176 2008 Etjam
1222 1939 1378 1993 tertia
1417 1939 1505 1992 lux
1552 1940 1778 1994 tinxerat
1809 1956 1872 1992 ex

283 2047 402 2098 quo
432 2046 529 2083 nec
555 2030 826 2083 hominem
859 2043 959 2082 nec
996 2037 1297 2083 monstrum
1333 2030 1571 2096 vidisset,
1606 2029 1679 2084 ita
1712 2032 1874 2086 mari-

275 2121 381 2175 aiis
434 2119 949 2174 debaceliation.bus
1000 2119 1262 2174 attonitus
1297 2107 1771 2190 stupefactusqne,
1823 2131 1879 2176 ut

279 2221 493 2282 praeter
535 2210 830 2265 naturalem
863 2211 1098 2264 tutanda:
1139 2211 1258 2265 vita:
1297 2212 1672 2278 intentionem,
1706 2214 1878 2268 brutis

287 2302 467 2356 etiam
514 2301 836 2356 animalibus
876 2301 1119 2372 insitam,
1163 2302 1296 2356 nihil
1324 2301 1680 2373 prorsusjam
1723 2318 1879 2372 sape-

293 2407 422 2460 ret;
458 2409 580 2449 cum
625 2409 752 2449 ecce
787 2394 852 2449 de
885 2395 1177 2464 improviso
1213 2395 1402 2450 obvias
1449 2395 1636 2450 habuit
1681 2396 1882 2464 pirata-

284 2505 417 2541 rum
453 2485 762 2556 phalanges,
813 2486 877 2541 de
905 2484 1174 2541 Turlanda
1222 2487 1440 2557 regione
1469 2487 1765 2552 venientes,
1800 2503 1882 2541 sa-

283 2594 562 2648 .geuazum
593 2577 907 2632 hellicarunt
939 2577 1130 2643 classe,
1166 2577 1304 2642 telis,
1339 2578 1578 2648 spiculis,
1611 2578 1811 2648 clypeis
1831 2587 1884 2632 et

289 2669 472 2723 armis
499 2667 866 2737 multipliciter
903 2667 1226 2734 instructas;
1259 2679 1336 2733 et,
1363 2669 1474 2739 jam
1505 2669 1705 2722 dudum
1744 2684 1883 2738 pra:-

288 2761 426 2814 daat
455 2759 720 2825 sitientes,
758 2759 874 2828 ipso
896 2757 1204 2828 diejactata
1235 2774 1380 2812 sorc
1413 2759 1730 2812 invenerant
1763 2772 1884 2811 sese

294 2849 489 2903 statim
521 2849 755 2918 praedam
789 2849 1125 2902 inventuros.
1174 2846 1359 2916 Itaque
1402 2859 1671 2915 repertmn
1714 2847 1883 2900 homi-

298 2956 430 2996 nem
462 2949 785 3010 captumque
821 2939 1108 2994 barbarico
1140 2939 1356 2993 fremitu
1388 2939 1842 3008 circumstrtqiuat
1869 2955 1883 2992 :

297 3051 477 3106 genus
509 3035 984 3106 conditionemque
1025 3035 1380 3104 interrogant.
1429 3035 1504 3089 De
1538 3034 1750 3089 fortuna
1790 3051 1888 3088 au-

304 3138 420 3182 tem
469 3141 574 3181 non
619 3127 904 3197 quisquam
949 3127 1291 3193 movebatur,
1331 3127 1530 3198 quippe
1573 3142 1693 3182 cum
1741 3127 1888 3181 illum

1981 1943 2231 1996 videntur
2267 1961 2277 1996 :
2312 1959 2542 2012 quorum
2573 1941 2832 1997 industria
2873 1959 2968 2012 per
2997 1942 3376 2012 negligentiam
3411 1940 3560 2011 igna-

1983 2035 2081 2089 vize
2104 2035 2437 2105 posteritatis
2467 2043 2746 2104 pereunte,
2786 2035 2948 2088 etiam
2983 2033 3222 2104 gentium
3261 2031 3560 2102 plerarum-

1981 2145 2086 2196 que
2135 2128 2353 2182 nomina
2390 2135 2483 2180 aut
2516 2125 2729 2195 penitus
2755 2123 3257 2186 oblivione-deleta,
3307 2130 3399 2174 aut
3439 2121 3563 2174 bar-

1980 2221 2132 2276 harie
2163 2219 2447 2289 ingruente
2484 2224 2839 2272 transmutata
2873 2215 3159 2269 habentur.
3195 2212 3364 2283 Igitur
3389 2213 3561 2264 Saec-

1983 2312 2066 2366 eio
2104 2325 2286 2365 comes
2323 2325 2446 2364 cum
2494 2305 2794 2377 accepisset
2848 2307 2988 2359 hunc
3037 2320 3142 2358 noti
3179 2303 3350 2358 solum
3395 2299 3556 2353 Cln'i-

1983 2403 2219 2458 stianum
2262 2416 2399 2461 esse,
2435 2399 2529 2453 sed
2575 2397 2738 2452 etiam
2782 2395 3060 2450 nobilitate
3089 2391 3304 2463 generis
3336 2389 3557 2460 pollere.

1986 2493 2212 2547 miratus
2248 2489 2492 2545 fortunas
2523 2488 2683 2550 illius,
2715 2483 3043 2555 quibuslibet
3071 2483 3225 2536 donis
3257 2474 3564 2534 remunera-

1987 2592 2120 2645 tmn,
2152 2580 2404 2636 libertate
2429 2578 2594 2633 etiam
2622 2591 2744 2630 cum
2784 2573 3005 2644 reliquis
3038 2569 3359 2626 Christianis
3394 2569 3566 2621 duna-

1989 2675 2081 2728 vit.
2109 2672 2212 2727 Sed
2243 2680 2530 2740 antequam
2562 2667 2861 2722 eisccderet
2889 2664 2956 2718 ab
2978 2672 3298 2731 eo,.sancta
3327 2659 3484 2714 Fides
3513 2659 3564 2713 ei

1987 2761 2273 2819 dormienti
2323 2758 2608 2830 apparuit:
2648 2776 2665 2809 ι
2715 2755 2824 2826 Ego
2867 2769 3010 2818 sum,
3051 2752 3320 2821 inquiens,
3373 2760 3563 2804 sancta

1971 2853 2165 2914 'Fides,
2203 2851 2354 2920 cujus
2390 2865 2584 2903 nomen
2611 2846 2904 2917 naufragus
2929 2856 3034 2899 tam
3056 2853 3370 2899 constanter
3403 2843 3558 2896 invo-

1991 2946 2150 3001 casti.
2185 2943 2329 2998 Vade
2358 2958 2602 3008 securus,
2641 2941 2766 3011 quia
2795 2940 3052 2993 amissum
3099 2937 3358 2992 honorem
3407 2950 3563 2988 recu-

1992 3036 2226 3109 perabis.
2259 3055 2276 3088 »
2311 3034 2560 3090 Surrexit
2606 3048 2738 3102 ergo
2784 3043 2944 3100 atque
2997 3030 3048 3083 in
3091 3028 3323 3098 patriam
3376 3025 3584 3084 rediit._

1995 3137 2282 3196 castroque
2329 3125 2555 3194 suojam
2599 3123 2985 3193 propinquans,
3029 3119 3212 3173 audito
3261 3116 3403 3185 quod
3435 3131 3570 3169 con--

294 3215 473 3292 'plane
518 3219 836 3290 naufragum
883 3229 1187 3275 cernerent.
1237 3221 1306 3274 At
1343 3220 1429 3276 ille
1473 3219 1755 3274 insolentia
1796 3219 2088 3288 llu-Cjux
2136 3218 2224 3273 alii
2276 3216 2516 3287 nupserit
2557 3215 2770 3278 marito,
2819 3212 2928 3267 illic
2978 3209 3261 3265 manifeste
3311 3221 3586 3277 apparere

306 3322 517 3376 ctuum,
554 3320 611 3366 ut
647 3312 780 3378 dixi,
811 3312 892 3366 sui
923 3311 1141 3376 oblitus,
1170 3311 1488 3382 penitusque
1513 3311 1689 3381 rigore
1719 3326 1889 3366 inem-

310 3406 412 3458 bra
445 3414 747 3473 correptus,
787 3404 874 3458 vix
916 3419 973 3458 se
1009 3405 1282 3458 hominem
1326 3420 1447 3459 esse
1485 3404 1890 3468 recordabatur,

312 3496 513 3550 nedum
544 3497 611 3550 ad
649 3496 904 3566 inquisita
938 3497 1088 3550 daret
1117 3511 1464 3564 responsum;
1499 3511 1618 3550 cum
1669 3509 1893 3564 prmser-

313 3591 412 3641 tim
444 3604 540 3642 nec
580 3587 812 3659 linguam
837 3603 1044 3652 eorum,
1069 3603 1166 3641 nec
1192 3601 1368 3640 mores
1391 3600 1577 3640 eorum
1606 3584 1893 3653 aliquando

311 3680 611 3745 didicerat;
666 3689 850 3749 postea
895 3696 1021 3734 vero
1067 3690 1284 3750 peracto
1331 3695 1490 3734 cursu
1551 3679 1603 3734 in
1665 3679 1894 3750 patriam

315 3771 524 3826 reversi
581 3782 724 3826 sunt.
766 3773 968 3838 Quibus
1012 3773 1206 3827 itermu
1267 3771 1740 3842 interrogantibus,
1782 3769 1894 3840 jatx

315 3863 445 3916 cibo
488 3865 705 3933 otioque
750 3862 1020 3934 paululum
1072 3874 1364 3927 recreatus,
1415 3862 1783 3917 Christianum
1841 3877 1900 3917 se

317 3954 638 4023 respondit:
667 3955 828 4009 decus
873 3970 1001 4008 vero
1021 3954 1252 4024 generis,
1293 3952 1789 4024 professioncmque
1821 3953 1902 4008 of-

317 4044 434 4096 ticii
469 4058 687 4111 prorsus
727 4044 1024 4114 abuegans,
1061 4042 1350 4114 agricolnn
1402 4058 1460 4096 se
1501 4041 1670 4098 fuisse
1699 4044 1898 4098 menti-

318 4145 414 4187 tus
443 4142 544 4187 est.
571 4133 742 4199 Unde,
777 4133 877 4188 sibi
907 4134 1030 4188 dato
1066 4133 1117 4186 in
1151 4132 1399 4187 manibus
1423 4131 1675 4198 fossorio,
1719 4132 1903 4188 fudere

318 4224 376 4280 ei
429 4224 818 4294 imposuerunt.
870 4223 1022 4292 Quod
1069 4239 1190 4278 cum
1237 4238 1346 4292 prie
1395 4222 1559 4277 nitnia
1602 4223 1902 4278 llbcralium

325 4333 588 4372 manuum
631 4317 989 4371 teneritudine
1027 4314 1301 4386 ignotique
1332 4313 1531 4368 laboris
1571 4312 1903 4383 Impatientia

324 4407 512 4460 minus
547 4405 779 4474 pleniter
823 4405 1164 4474 perfecisret,
1217 4403 1388 4473 ipsum
1427 4401 1541 4472 jam
1590 4402 1752 4473 impie
1794 4411 1903 4456 tra-

326 4508 485 4551 ctare
535 4495 822 4567 “agrisque
850 4496 1140 4550 inhumane
1179 4495 1384 4551 ca'tlere
1424 4495 1603 4550 adorsi
1644 4505 1786 4550 sunt.
1832 4494 1906 4549 Ita

1997 3312 2211 3374 metuit,
2243 3318 2405 3379 atque
2435 3309 2504 3362 ob
2545 3307 2596 3361 id
2644 3306 2780 3360 intra
2811 3302 3166 3359 domesticum
3209 3298 3460 3370 pauperis
3490 3305 3570 3351 tc-

1972 3387 2172 3474 hgetcm
2199 3401 2510 3470 aliquandiu
2553 3397 2726 3461 latuit,
2764 3403 3086 3464 exspectans
3115 3392 3240 3462 quid
3271 3407 3367 3462 per
3397 3390 3573 3460 provio

1999 3494 2235 3547 dentiam
2267 3491 2358 3545 Dei
2407 3491 2474 3544 de
2515 3505 2573 3544 se
2623 3488 2860 3542 futurum
2903 3495 3038 3549 erat,
3064 3485 3258 3554 partim
3309 3482 3575 3552 peregrini

2001 3584 2208 3649 habitu,
2241 3583 2435 3653 partim
2458 3591 2618 3636 actate
2641 3580 2992 3653 deformatus.
3019 3576 3150 3630 Nam
3182 3575 3284 3629 tria
3313 3588 3574 3628 annOrmu

2001 3677 2168 3730 lustra
2196 3674 2441 3735 abierant
2463 3688 2526 3726 ex
2555 3685 2660 3740 quo
2689 3684 2718 3722 a
2746 3668 2916 3740 patria
2953 3666 3316 3728 exsulaverat,
3360 3671 3583 3732 propter

2003 3763 2144 3834 quod
2181 3763 2342 3816 etiam
2371 3762 2544 3831 ipsum
2591 3758 2731 3813 ultra
2774 3757 3068 3812 rediturum
3094 3769 3211 3809 esse
3241 3753 3420 3806 omnis
3457 3767 3616 3822 spes.

2005 3855 2302 3910 interierat.
2339 3849 2540 3904 Tamen
2569 3863 2692 3905 cnm
2719 3863 2823 3902 una
2850 3847 3055 3902 dierum
3083 3842 3325 3912 quaedam
3366 3840 3582 3894 mulier-

2006 3946 2149 4010 cula,
2179 3943 2296 4013 ejus
2323 3943 2453 3998 olim
2481 3939 2802 4005 concubina,
2836 3939 2886 3992 in
2919 3936 3294 4008 srqierfusione
3323 3933 3500 3988 balnei
3531 3931 3581 3984 ei

2008 4052 2136 4092 casu
2187 4035 2614 4105 obsequeretur,
2668 4031 2733 4084 ad
2781 4039 2936 4084 notas
2988 4027 3112 4081 nudi
3167 4023 3413 4095 corporis
3468 4023 3580 4091 ipsa

2009 4130 2183 4199 ipsum
2218 4139 2608 4197 recognoscens
2635 4142 2692 4178 ;‹
2732 4120 2884 4176 Tune
2928 4135 3006 4184 es,
3047 4118 3140 4182 ait,
3177 4116 3266 4172 ille
3320 4114 3583 4168 ltaimuu-

1978 4222 2143 4285 _dus,
2195 4218 2285 4288 qui
2340 4217 2561 4280 dudutn,
2618 4211 3044 4281 Hierosolymam
3094 4207 3338 4270 tendens,
3373 4219 3587 4275 tequore

2013 4324 2224 4364 mersus
2277 4305 2680 4363 credebaris?»
2741 4305 2858 4371 Quo
2907 4308 3157 4370 negante,
3212 4297 3300 4352 illa
3343 4295 3584 4366 adjecit:

2019 4422 2036 4454 ι
2070 4402 2199 4468 lloc,
2234 4399 2506 4470 inquiens,
2537 4413 2721 4452 verum
2760 4403 2864 4459 est,
2915 4407 3014 4447 nec
3065 4405 3148 4445 me
3187 4397 3332 4444 tuam
3354 4401 3603 4456 prsesen-i

2016 4495 2145 4548 tiam
2193 4491 2370 4548 celare
2405 4488 2630 4559 poteris,
2681 4501 2803 4542 cum
2861 4499 2963 4553 qua
3003 4481 3132 4534 olim
3187 4476 3622 4534 consuevisti._u-

328 4592 552 4644 demum
585 4566 784 4643 invitus
809 4598 1133 4656 coactusque
1173 4587 1406 4658 scipsum
1436 4595 1631 4658 apertt,
1671 4585 1909 4656 nihilque
1941 4583 1985 4642 ἰ)
2017 4585 2258 4653 Denique
2287 4579 2615 4644 clanculum,
2647 4587 2700 4633 et
2727 4592 2834 4646 quo
2869 4573 3042 4644 potuit
3069 4569 3331 4626 occultius
3371 4566 3592 4622 festina—

329 4693 533 4756 pr-.eter
575 4683 779 4739 militia:
822 4693 966 4738 artes
1022 4698 1079 4738 se
1121 4684 1247 4738 olim
1289 4684 1596 4738 exercuisse
1640 4684 1914 4752 professus

331 4789 440 4834 est.
474 4777 549 4835 De
573 4793 679 4849 qua
712 4792 767 4832 re
796 4777 937 4832 facto
984 4776 1125 4830 illico
1167 4777 1438 4841 examine,
1468 4790 1741 4829 armurmn
1779 4775 1917 4843 peri-

336 4871 610 4926 tissimqu
655 4868 1038 4938 experiuntur;
1073 4868 1182 4936 qui,
1235 4877 1429 4936 preter
1470 4875 1722 4921 caatcram
1761 4865 1867 4934 liuji
1893 4878 1918 4917 s

337 4962 478 5016 artis
507 4961 847 5024 industriam,
875 4959 944 5012 ita
972 4973 1031 5012 se
1053 4957 1152 5012 sub
1179 4973 1327 5010 arma
1355 4957 1607 5026 colligere
1627 4955 1920 5024 clypcoque

339 5063 628 5124 protegere
657 5052 966 5123 perhibetur
996 5050 1290 5122 ingeniose,
1333 5058 1389 5103 ut
1419 5047 1515 5102 abs
1548 5046 1787 5118 quolibet
1813 5045 1919 5098 dif-

342 5145 488 5202 ficile
514 5143 686 5216 possit
713 5141 884 5196 feriri.
929 5139 1048 5197 1am
1077 5155 1204 5211 ergo
1234 5140 1380 5194 illum
1422 5139 1473 5194 in
1501 5139 1744 5194 ordinem
1787 5137 1925 5191 mili-

345 5250 519 5296 tarem
557 5236 969 5300 constituentes,
1021 5233 1215 5302 smpius
1264 5233 1313 5286 ia
1356 5231 1788 5301 expeditionibus
1831 5230 1927 5281 du-

345 5340 501 5387 cunt.
549 5328 605 5384 ln
651 5344 758 5398 quo
805 5342 930 5382 cum
978 5325 1247 5396 egregiam
1297 5323 1470 5377 laudis
1507 5322 1729 5392 gloriam
1779 5319 1927 5372 brevi

346 5419 698 5484 obtinuisset,
743 5417 855 5487 jam
910 5416 963 5471 in
1007 5415 1400 5486 provectiorem
1441 5412 1660 5467 honoris
1705 5412 1927 5480 gradum

349 5519 692 5585 Irotiiovent.
721 5510 926 5564 Interea
957 5523 1086 5562 vero
1113 5507 1256 5562 inter
1286 5506 1385 5560 bos
1420 5515 1579 5574 atque
1602 5503 1929 5558 Balllal‘llltls

352 5617 476 5662 acto
499 5604 704 5676 przelio,
743 5600 1022 5656 Barbarini
1059 5598 1367 5670 superiores
1400 5593 1782 5656 liaimmtzlnm,
1827 5606 1931 5644 cae-
1985 5652 1990 5656 π

357 5696 489 5751 teris
511 5693 814 5749 interfectis
837 5690 1169 5762 sparsisque,
1202 5687 1488 5758 dupliciter
1522 5685 1790 5753 captivum
1820 5682 1935 5736 abi-

356 5799 508 5862 gunt.
559 5787 690 5843 Dein
730 5783 1042 5857 inquisitqu
1073 5794 1128 5839 et
1157 5782 1254 5854 ipsi
1293 5793 1504 5852 quoque
1550 5774 1938 5834 honorabiliter

2017 4679 2094 4730 vit
2122 4676 2188 4730 ad
2222 4673 2494 4729 dominam
2522 4668 2710 4733 castri,
2737 4665 2992 4720 nuntians
3023 4662 3250 4715 invisum
3296 4672 3588 4711 rumorem.

2017 4769 2096 4823 lla
2125 4767 2359 4836 primum
2393 4777 2490 4832 per
2520 4760 2625 4815 vile
2655 4766 2892 4813 scortum
2941 4755 3202 4808 adventus
3234 4750 3377 4809 illius
3418 4761 3594 4802 emer-

2022 4863 2109 4916 sit.
2145 4859 2233 4912 Illa
2277 4856 2490 4911 reducis
2516 4853 2616 4907 viri
2661 4849 2989 4921 postliminio
3021 4851 3400 4906 consternata,
3431 4841 3599 4909 coepit

2028 4960 2302 5005 maturare
2329 4943 2647 5016 quantocius
2672 4957 2776 5012 qua
2808 4940 2891 4994 via
2927 4938 3026 4993 sibi
3075 4943 3306 4998 mortem
3331 4931 3598 4988 occultam

2031 5058 2093 5096 ac
2121 5041 2236 5095 sine
2271 5037 2490 5092 infamia
2524 5033 2807 5089 inveniret.
2852 5031 2922 5084 At
2951 5043 3083 5082 vero
3105 5026 3230 5080 dum
3271 5037 3432 5078 causa
3471 5021 3600 5074 letlii

2032 5131 2394 5204 excogitando
2423 5129 2691 5192 differtur,
2724 5141 2822 5182 nec
2867 5123 2932 5182 ad
2963 5123 3014 5176 id
3041 5118 3263 5175 sceleris
3291 5114 3608 5187 opportuni-
3649 5135 3658 5168 θ

2035 5236 2117 5279 tas
2148 5223 2281 5279 satis
2309 5221 2496 5277 efﬁcax
2534 5218 2824 5289 reperitur,
2847 5213 3122 5281 voluntate
3167 5209 3376 5264 selicet
3405 5215 3460 5260 et
3503 5205 3604 5259 for-

2036 5324 2163 5370 tuna
2215 5305 3029 5376 discordantibus,,admonitus
3085 5302 3136 5354 in
3188 5299 3411 5361 somnis.
3449 5296 3610 5351 cessit

2034 5401 2274 5474 periculo
2304 5401 2533 5470 vita:th
2577 5404 2934 5454 tutamentum
2973 5392 3243 5464 quazsivit.
3270 5388 3420 5456 Quod
3453 5385 3610 5457 paulo

2037 5502 2153 5572 ipse
2196 5507 2318 5553 ante
2366 5497 2600 5561 fecisset,
2634 5493 2734 5549 nisi
2784 5501 2966 5548 sancta
3001 5490 3158 5545 Fides
3205 5487 3271 5542 ad
3315 5499 3470 5540 suum
3524 5499 3617 5537 ca-

2039 5605 2370 5648 smtmcnm-
2402 5587 2716 5642 nominatim
2754 5584 2936 5640 venire
2973 5583 3244 5653 jussisset.
3299 5577 3423 5634 Sed.
3452 5574 3614 5630 credo

2043 5683 2379 5738 divinonutu
2410 5679 2480 5732 ita
2528 5691 2647 5732 esse
2679 5675 2899 5738 factum,
2942 5683 3011 5726 'ut
3052 5671 3332 5745 perfidiam
3375 5663 3618 5733 conjugis

2045 5777 2108 5830 ad
2139 5771 2400 5845 liquidum
2427 5769 2874 5842 deprehenderet.
2907 5763 2976 5820 Ut
3019 5777 3139 5835 αῖς(
3176 5755 3439 5830 «reperit
3475 5753 3618 5812 tilia:
