4032 5416
487 271 576 341 l5l

1581 270 1927 328 BERNABDI
1967 267 2418 326 SCHOLASTJC’I
2454 266 2802 324 ANDI'ZCAY.

3631 266 3733 323 151

488 399 605 438 suas
649 382 798 439 claro
831 383 1178 441 matrimonio
1225 385 1493 456 nupsisse,
1543 401 1864 456 generorum
1904 385 2060 456 petiit
2086 390 2136 448 Α
2164 394 2374 450 actam,
2402 385 2544 442 inter
2581 386 2837 442 humeros
2865 383 3250 441 violentissime
3279 383 3545 439 revincire
3587 384 3732 439 fecit.
3789 443 3794 448 ,

486 474 815 544 genitorem,
867 487 1028 528 casus
1069 485 1275 538 narrat,
1337 477 1523 530 uxoris
1579 491 1775 531 noxam
1829 475 2050 546 detegit.

485 564 673 627 Porro,
695 561 848 633 Hugo
870 561 1192 619 Excafridus
1218 564 1453 620 lidelium
1480 566 1886 635 amicorumque
1907 562 2056 618 auxi-

485 656 584 715 lio,
637 652 968 718 liberorum,
1019 669 1333 710 socerorum
1387 656 1776 727 antiquumque
1822 656 2055 710 amicum

487 743 662 813 (pulso
701 761 824 798 mox
871 744 1048 816 rivali)
1087 745 1140 799 in
1189 746 1453 802 honorem
1494 747 1750 802 restituit.
1787 745 2059 800 Praeterea

487 835 760 889 decretum
791 843 876 888 est
910 835 986 888 uti
1022 835 1304 907 conjugem
1330 837 1587 908 recipiat;
1617 838 1697 893 sic
1728 838 1874 892 enim
1902 848 2060 907 posse

421 937 431 957 ἰ
489 925 604 978 lieri
650 926 802 994 juxta
841 923 1108 994 majorum
1157 927 1431 994 instituta,
1478 943 1580 984 nec
1618 943 1844 999 prorsus
1891 927 2061 983 ullum

489 1029 608 1068 esse
631 1015 896 1069 dedecus:
933 1030 1058 1070 nam
1097 1014 1186 1071 ille
1213 1017 1304 1086 qui
1335 1017 1476 1073 hanc
1513 1018 1767 1083 habebat,
1805 1017 1965 1074 simul
1997 1032 2062 1074 ac

493 1106 710 1160 vidisset
736 1121 1022 1162 commune
1045 1108 1146 1163 sibi
1167 1108 1430 1179 judicium
1459 1110 1794 1176 incumbere,
1824 1116 2066 1166 cesserat

491 1193 630 1260 justo
661 1204 933 1264 rectoque,
961 1197 1194 1252 alienum
1226 1199 1318 1267 jus
1354 1199 1605 1256 deserere
1633 1208 1877 1270 paratus.
1915 1198 2068 1254 Alter

493 1297 673 1340 tamen
720 1301 818 1355 pro
869 1297 995 1343 nota
1049 1289 1336 1344 homicidas
1386 1290 1716 1356 voluntatis,
1770 1291 1942 1361 ipsam
1997 1290 2067 1348 ab

493 1377 673 1431 animo
697 1379 920 1447 respuit,
947 1394 1172 1449 prorsus
1211 1379 1299 1435 cui
1326 1395 1493 1450 prava
1523 1381 1857 1436 conscientia
1896 1380 2071 1449 majus

493 1467 688 1522 vulnus
728 1468 995 1524 intulisset
1021 1486 1182 1540 quam
1217 1485 1491 1541 corporea:
1511 1472 1782 1527 castitatis
1819 1472 2065 1527 violatio.

495 1557 567 1612 Ut
601 1571 779 1615 autem
807 1561 860 1616 in
899 1563 1268 1632 superioribus
1300 1564 1487 1633 paucis
1531 1564 1832 1636 suppleam,
1867 1563 2073 1621 addunt

496 1651 658 1706 etiam
687 1651 833 1707 illum
866 1669 894 1706 a
926 1656 1113 1722 primis
1137 1657 1324 1726 piratis
1351 1657 1626 1728 potionem
1664 1659 1846 1714 herba:
1873 1668 2068 1728 poten-

2161 476 2362 547 Sicque
2405 477 2594 533 subter
2631 477 2857 532 ascellas
2909 475 3290 547 regyrantibus
3342 473 3733 545 ligaminibus,

2158 577 2402 624 ventrem
2428 569 2611 624 crudis
2634 568 2787 624 nodis
2812 567 3102 630 coarctari.
3132 566 3266 621 adeo
3292 574 3352 620 ut
3385 565 3555 634 ipsius
3581 563 3739 618 inau-

2163 662 2286 716 dita:
2313 661 2667 716 connexionis
2703 660 2864 715 modo
2899 659 2979 715 sic
3005 658 3171 714 miser
3207 658 3535 713 constrictus
3578 655 3744 710 sulfu-

2167 761 2404 816 caretur,
2433 760 2492 806 ut
2521 749 2791 806 anhelitus
2813 749 3000 822 gracili
3043 747 3316 819 spiraculo
3346 747 3434 801 vix
3462 745 3566 802 sibi
3600 736 3746 799 stilli-

2166 851 2316 898 ceret
2368 841 2498 896 vita.
2543 840 2641 896 Cui
2693 840 2765 895 ita
2828 840 2881 894 in
2944 837 3185 895 solitario
3237 835 3480 893 conclavi
3561 833 3747 890 clauso

2168 933 2447 988 duodecim
2476 931 2751 986 lanceatos
2778 931 2948 997 viros,
2976 944 3111 1000 quos
3137 943 3290 998 atque
3315 940 3529 982 vesana:
3552 924 3750 978 mentis

2169 1031 2424 1093 expertus
2451 1031 2594 1086 erat,
2649 1023 2917 1077 instanter
2949 1018 3320 1088 astarejubet.
3356 1017 3458 1085 Qui
3509 1015 3554 1071 si
3594 1015 3747 1069 vide-

2173 1123 2294 1170 rent
2325 1113 2475 1168 illum
2504 1113 2686 1169 divina
2716 1112 2848 1169 solvi
2874 1110 3095 1175 virtute,
3133 1108 3297 1175 illico,
3332 1122 3400 1163 ne
3439 1107 3596 1160 vivus
3623 1119 3751 1160 cva-

2173 1209 2312 1265 sisse
2341 1207 2681 1281 gloriaretur,
2718 1220 2907 1262 omnes
2943 1219 3052 1260 uno
3090 1205 3197 1260 ictu
3238 1203 3440 1275 pariter
3475 1211 3750 1255 transver-

2172 1297 2419 1353 beratum
2446 1295 2854 1352 obtruncarent.
2881 1295 2951 1348 At
2977 1301 3098 1364 post
3117 1293 3384 1348 modicum
3411 1289 3755 1346 intervallum

2175 1385 2264 1442 ille
2307 1385 2602 1441 miserabili
2644 1383 2891 1440 addictus
2940 1383 3218 1454 angustia,
3265 1381 3492 1448 sitiens,
3537 1381 3760 1436 dillicile

2175 1475 2355 1530 verbis
2379 1475 2430 1530 id
2454 1475 2761 1545 exprimere
2786 1474 2984 1544 potuit,
3016 1482 3163 1527 tanta
3195 1471 3532 1528 vinculorum
3559 1471 3758 1525 duritia

2174 1564 2460 1635 orgauales
2484 1565 2648 1620 libras
2675 1565 3045 1620 obstruxerat.
3077 1561 3230 1617 Tunc
3259 1577 3396 1618 unus
3415 1603 3429 1628 ,
3456 1577 3595 1632 quos
3627 1561 3758 1625 dixi,

2176 1653 2469 1710 satellitum
2507 1654 2673 1723 petita
2722 1669 2863 1724 aqua
2906 1668 3029 1709 cum
3069 1653 3399 1723 deprimeret
3431 1652 3759 1723 illaqueatos

500 1751 607 1794 tem
645 1745 1024 1814 assumpsisse,
1081 1755 1136 1800 et
1174 1747 1247 1802 ita
1293 1749 1519 1818 magicis
1559 1749 2075 1819 prtecantationibus
2105 1759 2149 1819 Β
2177 1742 2276 1799 sub
2305 1752 2522 1815 gutture
2562 1744 2804 1811 cubitos,
2845 1753 2906 1799 ut
2945 1744 3124 1799 laxato
3160 1753 3343 1799 mento
3378 1745 3634 1800 haustum
3681 1745 3760 1798 ori

501 1843 721 1899 tactam,
761 1845 820 1889 ut
847 1837 1014 1894 semel
1056 1853 1124 1894 ex
1163 1852 1226 1894 ea
1268 1841 1515 1897 bibentes
1559 1843 1696 1899 adeo
1729 1841 1908 1898 lethea
1938 1841 2078 1897 obli-

495 1924 660 1978 vione
697 1925 1043 1993 hebetentur,
1092 1936 1150 1983 ut
1192 1944 1292 1984 nec
1316 1945 1488 2000 genus
1534 1931 1676 1986 ultra
1721 1943 1821 1986 nec
1861 1931 2078 1986 domum

501 2015 813 2071 meminisse
854 2017 1080 2086 possint.
1129 2020 1263 2076 Dein
1313 2035 1545 2091 superna
1589 2021 1694 2076 sibi
1728 2021 2080 2076 miseratione

503 2119 748 2167 sanctam
782 2112 969 2169 Fidem
999 2116 1334 2185 apparuisse,
1373 2127 1427 2172 et
1470 2131 1498 2168 a
1529 2125 1748 2186 stupore
1777 2114 1922 2170 illius
1947 2113 2082 2168 obli-

504 2203 576 2256 vii
607 2204 895 2269 excitasse,
938 2215 1100 2274 atque
1131 2207 1182 2260 in
1215 2217 1452 2262 mentem
1484 2219 1790 2271 revocasse,
1821 2213 1875 2260 et
1903 2213 2084 2260 tamen

508 2305 631 2364 post
661 2295 745 2350 illa
774 2299 1088 2352 memoriam
1126 2298 1380 2353 habuisse
1409 2297 1704 2353 tardiorem
1728 2310 1744 2351 :
1769 2296 2085 2366 disponente

516 2387 622 2441 Deo
653 2388 882 2455 scilicet,
901 2399 980 2454 ut,
1005 2390 1238 2460 antiqua:
1267 2390 1624 2460 correptionis
1644 2388 1888 2459 vestigiis
1912 2388 2087 2442 adhuc

511 2477 944 2544 testiﬁcantibus,
969 2480 1304 2550 perpendant
1331 2481 1420 2537 alii
1447 2481 1665 2552 quantis
1687 2482 1755 2537 de
1781 2480 1939 2536 malis
1960 2495 2085 2536 eum

511 2570 770 2627 Dominus
793 2572 1105 2628 absolverit.

1098 2663 1326 2721 CAPUT
1364 2662 1502 2720 XIV.

551 2751 627 2809 De
654 2755 924 2824 peregrino
954 2765 1108 2827 capto
1141 2765 1190 2809 et
1229 2755 1520 2827 vinculum,
1558 2755 1830 2827 subitoque
1857 2766 2055 2813 sancta

973 2824 1126 2879 F’idis
1154 2825 1354 2880 auxilio
1383 2825 1626 2882 liberato.

585 2933 860 3005 Peregrini
895 2934 1113 3005 quidam
1135 2977 1149 2999 .
1193 2935 1597 2992 Lemovicensis
1633 2936 1753 3007 pagi
1797 2922 2092 3007 indigenae,

518 3031 779 3086 abeuntes
823 3030 889 3084 ad
936 3028 1193 3085 Sanctam
1240 3031 1447 3094 Fidem,
1501 3031 1830 3085 transierant
1875 3039 2097 3101 projitcr

518 3127 798 3182 castellum
846 3126 1060 3193 Oebali,
1107 3129 1253 3199 quod
1297 3128 1494 3184 dicitur
1539 3126 1790 3184 Torenna
1832 3137 1850 3184 :

523 3218 663 3272 forte
696 3217 795 3272 fuit
819 3218 1009 3274 obvius
1054 3219 1274 3289 quidam
1303 3219 1542 3289 ejusdem
1572 3221 1752 3292 oppidi
1789 3221 2096 3290 municeps,

521 3327 708 3366 eorum
733 3313 1005 3381 inimicus,
1031 3313 1249 3370 nomine
1271 3312 1596 3380 Gosbertus;
1631 3313 1861 3370 clericus
1884 3312 2098 3382 quidem

523 3402 637 3458 solo
664 3405 1002 3473 cognomine,
1030 3405 1124 3461 sed
1149 3415 1270 3462 actu
1304 3416 1550 3462 terrenus
1581 3407 1762 3474 miles;
1794 3406 1882 3478 qui
1915 3405 2098 3460 statim

524 3496 739 3549 inventa
769 3511 956 3561 causa,
988 3497 1193 3567 redegit
1212 3511 1400 3553 omnes
1429 3498 1482 3552 in
1513 3496 1835 3568 captionem.
1865 3495 2102 3551 Domnus

526 3585 777 3642 Oebalius
809 3586 945 3643 forte
980 3587 1212 3651 abierat,
1247 3588 1402 3657 cujus
1435 3587 1629 3657 conjux
1663 3597 1790 3642 tunc
1829 3586 1946 3655 (sed
1976 3601 2098 3641 mox

527 3690 626 3745 per
668 3678 956 3733 divortium
1005 3679 1073 3734 ab
1102 3679 1290 3734 eodem
1336 3679 1574 3749 deserta)
1613 3679 1808 3734 domua
1845 3677 2061 3732 Beatrix
2085 3716 2101 3742 ,

531 3766 632 3820 hoc
662 3767 845 3822 audito
868 3768 1088 3822 mandat
1119 3766 1276 3822 militi
1306 3777 1383 3833 ut,
1415 3768 1459 3822 si
1493 3782 1551 3824 se
1575 3782 1811 3836 unquam
1851 3765 1980 3821 velit
2008 3767 2107 3822 ba-

531 3857 659 3911 bere
703 3857 1051 3922 benevolam,
1097 3857 1332 3913 Romeos
1374 3858 1556 3912 statim
1600 3857 1751 3912 abire
1795 3855 1972 3919 sinat,
2005 3869 2104 3910 nec

531 3960 754 4015 prorsus
800 3946 961 4000 unius
1013 3947 1159 4000 hora:
1208 3946 1386 4016 spatio
1430 3946 1572 4002 intra
1621 3953 1770 4015 septa
1825 3943 2103 4015 municipii

531 4038 768 4092 detineat
789 4033 1026 4092 eoactos.
1053 4039 1123 4092 At
1147 4038 1233 4093 ille
1260 4054 1364 4093 non
1391 4039 1598 4093 audens
1626 4053 1693 4092 ex
1723 4046 1836 4093 toto
1875 4037 2107 4091 dominae

533 4128 802 4187 Illitnzlatis
832 4128 1103 4183 contraire
1131 4143 1145 4181 :
1183 4147 1201 4180 ι
1231 4127 1362 4194 Hos,
1399 4129 1591 4199 inquit,
1626 4143 1725 4198 pro
1757 4127 1985 4198 imperio
2011 4127 2107 4181 doc

537 4217 694 4269 minae
720 4217 987 4271 dimittam
1014 4258 1028 4280 ,
1067 4226 1280 4272 retento
1311 4219 1415 4273 hoc
1446 4218 1564 4273 solo
1593 4221 1683 4288 qui
1716 4219 1846 4272 mihi
1886 4216 2108 4286 injurio-

534 4307 646 4360 sior
690 4307 925 4371 exstitit,
971 4322 1130 4375 quem
1178 4308 1493 4377 impunitum
1541 4309 1694 4364 abire
1737 4307 1955 4362 dillicile
2003 4316 2107 4364 est.

535 4396 688 4464 Quod
715 4397 757 4451 si
797 4396 869 4452 ita
900 4397 1000 4452 sibi
1038 4412 1143 4452 non
1176 4396 1390 4463 snl'licit,
1423 4397 1631 4453 noverit
1656 4413 1762 4454 non
1789 4399 2109 4468 impetratu-

538 4505 653 4543 ram
701 4489 842 4559 quod
870 4489 1034 4544 etiam
1065 4504 1162 4560 pro
1203 4499 1385 4544 sancta
1427 4489 1556 4544 Fide
1590 4498 1772 4546 certus
1813 4505 1932 4545 sum
1971 4505 2108 4545 nun-

537 4597 701 4653 quam
733 4598 818 4638 me
846 4581 1136 4637 facturum.
1167 4603 1185 4635 ι
1213 4581 1280 4637 Et
1306 4582 1402 4648 ita,
1433 4581 1670 4638 dimissis
1697 4583 1931 4648 caeteris,
1960 4580 2107 4637 illum

537 4692 703 4729 unum
745 4673 900 4744 jubet
947 4675 1296 4745 compedibus
1337 4673 1668 4744 constringi,
1714 4689 1849 4743 quos
1905 4674 2109 4728 rustica

539 4771 720 4839 lingua
752 4768 937 4823 bodias
969 4776 1151 4831 vorat;
1189 4782 1417 4836 quorum
1445 4766 1606 4830 clavi,
1636 4765 1881 4820 martello
1907 4766 2112 4820 duriter

539 4860 716 4915 obtusi
773 4869 830 4913 ut
871 4857 1259 4913 inextricabilis
1314 4857 1401 4911 illa
1448 4857 1603 4911 ﬁeret
1639 4856 1941 4922 connexio,
1970 4857 2115 4912 ultro

541 4950 882 5019 franguntur.
926 4949 1057 5018 ipsis
1091 4949 1251 5002 etiam
1297 4947 1570 5004 frustatim
1599 4949 1945 5017 compedibus
1981 4963 2113 5002 con-

867 5039 904 5052 ἢ

2179 1835 2295 1905 ejus
2322 1843 2510 1906 aptare
2531 1845 2730 1906 posset,
2753 1835 2840 1890 illa
2861 1837 3123 1892 nodorum
3145 1834 3428 1891 diﬂicultas
3448 1851 3567 1890 sese
3590 1835 3768 1890 absol-

2180 1926 2258 1981 vit
2284 1925 2450 1992 ultro,
2472 1926 2606 1995 ipsis
2634 1934 2841 1981 tantum
2870 1926 3140 1982 resticulis
3171 1926 3500 1992 merentibus
3521 1925 3768 1981 brachiis

2182 2017 2313 2087 ipsis
2360 2017 2556 2089 quibus
2593 2017 2809 2074 fuerant
2849 2019 3130 2090 appositas.
3174 2017 3293 2088 Ipse
3330 2033 3482 2083 vero,
3523 2019 3769 2073 sentiens

2183 2125 2245 2164 se
2273 2109 2532 2166 divinitus
2561 2111 2832 2179 solutum,
2869 2112 3032 2180 ca'pit
3063 2110 3208 2166 illinc
3239 2120 3604 2182 pnestrenuus
3640 2109 3773 2165 cﬂ’u-

2184 2215 2332 2273 gere.
2367 2203 2438 2257 At
2463 2202 2540 2258 illi
2569 2204 2755 2259 statim
2788 2219 2854 2258 ex
2890 2213 3160 2274 praecepto
3186 2202 3417 2258 senioris
3445 2201 3623 2271 ipsum
3656 2216 3775 2255 mu.

2186 2291 2445 2348 cronibus
2493 2294 2674 2350 adorsi
2718 2294 3040 2360 confodere,
3081 2301 3235 2348 tanta
3266 2293 3527 2348 continuo
3573 2291 3776 2346 divinae

2187 2383 2401 2439 virtutis
2437 2386 2490 2440 vi
2521 2387 2768 2443 obstricti
2805 2387 2861 2443 in
2898 2387 3018 2444 loco
3056 2387 3296 2453 haesere,
3335 2395 3394 2442 ut
3433 2401 3534 2442 nec
3562 2387 3772 2441 moveri

2186 2475 2405 2544 quidem
2433 2480 2717 2550 quisquam
2757 2495 2943 2536 eorum
2984 2487 3191 2552 posset,
3234 2494 3333 2535 nec
3355 2478 3575 2549 penitus
3605 2478 3774 2532 verba

2191 2573 2258 2630 ad
2292 2574 2615 2628 alterutrum
2647 2571 2798 2627 dare.
2825 2572 3025 2640 Sicque
3054 2579 3272 2640 repente
3299 2568 3524 2639 angelus
3556 2567 3775 2623 Domini

2191 2663 2490 2721 coarctavit
2515 2677 2640 2728 eos,
2676 2671 2736 2716 ut
2764 2675 2829 2717 ac
2856 2663 2900 2717 si
2930 2660 3136 2730 lapidea
3171 2658 3428 2714 simulcra
3464 2657 3778 2713 immobiles

2190 2761 2594 2828 permanerent.
2633 2752 2784 2809 Unus
2811 2749 3201 2814 tantummodo,
3227 2749 3370 2804 inter
3403 2746 3780 2802 sulfocationis

2194 2846 2470 2920 angustias
2498 2845 2746 2900 obscena:
2772 2841 3166 2910 interjectionis
3192 2841 3326 2895 dans
3347 2839 3634 2908 mugitum,
3655 2853 3781 2891 cum

2194 2936 2383 3008 grandi
2423 2932 2736 2990 difﬁcultate
2782 2931 2836 2987 in
2884 2931 3025 2986 hanc
3068 2943 3257 2985 vocem
3298 2928 3480 2998 erupit
3518 2945 3532 2980 :
3570 2945 3589 2978 ς
3623 2925 3777 2982 Vah!

2190 3029 2299 3099 jam
2325 3025 2518 3097 pergit.
2540 3042 2559 3077 ι
2588 3022 2816 3087 Caetera,
2834 3021 2973 3077 lixus
2993 3021 3354 3090 immotusque
3379 3017 3783 3087 tandiupersti-

1900 3129 2097 3200 quibus
2121 3104 2167 3168 C
2199 3119 2263 3172 tit
2285 3114 2462 3187 quoad
2495 3112 2584 3169 ille
2609 3111 2750 3168 alter
2776 3111 2844 3166 ad
2865 3107 3439 3200 domnamiBeatricem
3464 3107 3785 3200 transfugit,

2199 3204 2304 3280 [ut]
2339 3219 2460 3262 sese
2499 3204 2554 3260 in
2593 3202 2719 3275 fuga
2774 3202 3060 3272 reciperet.
3111 3199 3208 3256 Cui
3245 3199 3334 3254 illa
3390 3199 3443 3253 in
3484 3199 3785 3253 crastinum

2203 3301 2370 3355 duces
2405 3295 2709 3368 delegavit,
2740 3295 2976 3365 quandiu
3010 3293 3145 3348 lines
3183 3291 3390 3347 castelli
3425 3290 3583 3360 longe
3625 3305 3788 3344 exce-

2201 3397 2373 3461 deret,
2403 3403 2686 3462 tutumque
2708 3390 2811 3444 iter
2840 3395 3114 3458 carperet;
3144 3386 3230 3442 cui
3259 3395 3380 3441 erat
3400 3383 3595 3439 Petrus
3623 3398 3788 3437 voca-

2203 3485 2406 3540 bulum.
2436 3481 2677 3550 Denique
2705 3493 2826 3534 cum
2853 3476 3018 3534 sociis
3042 3476 3109 3530 ad
3136 3474 3384 3530 Coucbas
3408 3473 3703 3541 attingens,
3735 3478 3792 3524 et

2201 3589 2300 3644 pro
2327 3570 2667 3627 absolutione
2693 3583 2788 3624 sua
2822 3574 3005 3637 grates
3032 3565 3160 3620 inibi
3189 3564 3418 3619 Domino
3445 3563 3789 3634 persolvens,

2203 3669 2324 3732 post
2351 3662 2475 3717 inde
2501 3661 2656 3715 laetus
2687 3668 2770 3713 est
2803 3659 2870 3714 ad
2898 3657 3113 3730 propria
3144 3669 3416 3720 reversus,
3441 3652 3792 3724 ligaminibus

2204 3752 2404 3806 relictis
2434 3752 2486 3805 in
2513 3749 2877 3806 testimonium
2907 3748 3154 3813 virtutis,
3187 3760 3307 3816 qua:
3331 3744 3659 3800 remansisse
3679 3741 3790 3796 dixi

2205 3841 2344 3896 laxis
2366 3841 2521 3896 nodis
2552 3840 2857 3910 pendentia‘
2876 3839 3133 3894 brachiis.
3174 3838 3332 3892 Anno
3381 3836 3496 3891 fere
3523 3845 3581 3890 et
3628 3835 3794 3889 dimi-

2206 3934 2293 3989 dio
2336 3941 2458 4004 post
2488 3933 2782 3988 secundam
2825 3948 2855 3988 a
2884 3931 3118 3988 Concbis
3150 3931 3548 4007 reversionem,
3591 3931 3795 3985 accidit

2206 4029 2336 4086 mihi
2358 4038 2508 4084 certo
2541 4027 2758 4098 negotio
2784 4027 2968 4083 domni
3019 4025 3276 4080 Willelmi
3319 4024 3669 4080 Pictavorum
3706 4037 3796 4077 co-

2209 4124 2356 4179 mitis
2380 4123 2529 4178 adire
2560 4122 2769 4177 curiam
2791 4161 2805 4185 ,
2833 4120 2886 4174 in
2916 4134 3020 4190 qua
3050 4134 3174 4174 cum
3208 4119 3459 4173 domnam
3493 4115 3796 4170 Beatricem

2210 4215 2478 4280 viderim,
2534 4229 2563 4268 a
2592 4211 2857 4267 Ricaredo
2906 4212 3078 4267 fratre
3132 4225 3232 4266 suo
3277 4209 3797 4278 Rothomagensium

2213 4308 2412 4364 comite
2471 4308 2578 4362 illic
2645 4305 2905 4370 missam,
2965 4305 3221 4359 ardenter
3285 4302 3403 4372 ejus
3469 4301 3798 4370 colloquium

2216 4413 2534 4470 aggressus,
2576 4397 2720 4452 illico
2754 4396 3057 4466 recogitare
3095 4394 3238 4463 οωρί
3279 4408 3442 4463 super
3483 4391 3590 4452 hoc
3636 4393 3806 4445 mira-

2218 4491 2340 4547 culo
2365 4507 2378 4544 :
2405 4487 2560 4556 cujus
2580 4487 2768 4551 verba,
2795 4501 2889 4556 per
2917 4485 3096 4540 omnia
3131 4483 3520 4539 monachorum
3551 4481 3808 4536 Concha-

2218 4579 2459 4635 ccnsium
2487 4575 2712 4649 [verbis]
2740 4573 3143 4636 concordantia,
3171 4586 3291 4626 esse
3320 4580 3571 4642 poterant
3605 4571 3808 4641 proba-

2217 4671 2325 4727 bile
2367 4677 2775 4741 argumentum,
2823 4667 2867 4721 si
2907 4665 3029 4736 quis
3063 4663 3337 4719 dubitaret
3376 4662 3430 4716 in
3465 4662 3590 4716 aliis
3637 4662 3806 4716 etiam

2220 4766 2351 4820 mihi
2399 4765 2466 4819 ab
2496 4763 2698 4818 eisdem
2722 4761 2981 4816 narratis.

2819 4849 3046 4906 CAPUT
3085 4848 3201 4905 XV.

2564 4946 2642 5000 De
2671 4942 3058 4999 adolescentulo
3089 4942 3416 4995 resuscilalo.

2297 5041 2356 5052 ..-
2603 5038 2636 5052 ο.
2719 5035 2734 5052 ι
2827 5043 2870 5052 ι-
2900 5049 2976 5052 κη,
3023 5031 3183 5052 ,_-I.-.:
3240 5047 3258 5052 ..
3287 5033 3301 5052 ι
3345 5030 3440 5052 _I:-
3500 5027 3809 5052 P--.2-.-._.l-
