4088 6380
265 377 386 435 153

1297 373 1408 432 UB
1465 375 1558 431 DE
1586 368 1964 450 MIRACUUS
1990 367 2288 428 SANCTE
2323 370 2521 434 FlDlS.

262 495 402 560 iter,
443 491 627 554 divina
679 489 879 562 pietate
930 471 1212 548 muliebris
1231 485 1234 488 ’
1252 471 1579 547 fecundatur
1629 495 1851 553 venter;
1879 484 1932 548 Α
1958 492 2206 542 nostrum
2231 485 2492 542 relatores
2511 466 3125 557 persaepecxstiterunt,
3146 504 3374 560 quorum
3398 492 3540 547 rela-

237 613 251 650 ξ
263 582 463 650 sicque
508 580 562 634 in
603 589 820 650 partum
863 578 1173 646 resolutus,
1221 579 1523 635 masculam
1577 580 1630 635 in
1679 578 1856 634 lucem

237 637 465 741 adfundit
510 637 745 741 prolem.
787 669 889 737 Qui
930 669 1073 727 ﬁlius
1111 637 1218 728 tria
1257 670 1406 738 fere,
1439 680 1502 727 ut
1538 671 1852 741 putabatur,

262 713 465 726 μη-..
551 713 745 726 ..........
838 713 889 725 ...
930 713 1073 727 ......-
1113 713 1218 728 .....
1257 713 1406 738 .-.η
1443 713 1502 727 ...
1539 713 1852 741 ..-ην-...η

239 713 445 834 flustra
487 713 714 830 g'erens,
754 713 937 817 invida
978 772 1158 818 morte
1189 762 1544 833 anticipatur,
1577 771 1744 834 atque
1785 760 1856 817 ad

240 825 579 935 gextremum
602 825 727 909 vitae
753 855 1110 912 maerentibus
1131 856 1448 926 parentibus
1468 855 1727 922 sortitur;
1761 852 1856 926 qui

261 953 330 1000 nt
377 944 623 1000 defuncti
657 946 771 1000 nati
817 946 1025 1001 exitum
1065 947 1349 1014 viderunt,
1391 955 1635 1003 sanctam
1668 945 1856 1002 Fidem

262 1036 438 1090 variis
471 1043 636 1106 atque
668 1036 974 1092 innumeris
1011 1037 1249 1108 querelis
1282 1037 1586 1104 lacessunt,
1625 1051 1856 1109 eamque

263 1126 374 1181 sibi
410 1127 674 1182 amissum
721 1129 916 1200 pignus
958 1130 1186 1186 reddere
1229 1130 1575 1202 deposcunt:
1637 1148 1656 1182 ι
1684 1129 1854 1198 Quid,

262 1216 530 1285 inquam,
567 1216 711 1272 illius
745 1218 908 1285 dono,
947 1233 982 1274 ο
1018 1228 1210 1276 sancta
1243 1229 1299 1275 et
1334 1219 1570 1292 gloriosa
1593 1219 1853 1288 Domina,

258 1322 368 1362 nos
392 1308 704 1364 exhilarare
732 1309 966 1377 voluisti,
1005 1325 1140 1381 quos
1164 1311 1233 1368 de
1259 1312 1377 1384 ejus
1397 1312 1682 1367 immatura
1707 1318 1857 1367 sorte

259 1398 594 1466 praescieras
637 1400 946 1462 n‘itestiores
979 1401 1131 1457 ﬁeri!
1175 1400 1351 1457 Tuum
1399 1403 1500 1457 fuit
1543 1402 1689 1474 quod
1727 1417 1855 1458 eum

252 1487 373 1558 jam
404 1491 678 1561 desperati
709 1491 1023 1559 habuimus,
1052 1509 1150 1565 pro
1187 1494 1308 1566 ejus
1334 1494 1730 1566 impetratione,
1763 1502 1854 1552 tua

259 1589 460 1636 sancta
503 1582 691 1637 limina
721 1583 1116 1653 expetivimus,
1152 1595 1280 1642 ante
1313 1579 1418 1642 tua
1442 1597 1629 1643 sancta
1665 1603 1858 1644 monu-

257 1681 451 1728 menta
485 1676 807 1744 corporibus
835 1677 982 1732 humi
1011 1681 1306 1748 prostrati,
1338 1680 1393 1735 in
1434 1679 1554 1750 ejus
1593 1682 1856 1751 petitione

257 1768 516 1823 exaudiri
548 1770 881 1836 meruimus,
911 1782 1268 1845 optatumque
1299 1776 1504 1833 diutius
1541 1786 1726 1833 votum
1756 1792 1856 1849 per

1959 574 2194 630 tionibus
2221 585 2280 630 ut
2300 576 2498 632 divinis
2518 577 2754 633 oraculis
2779 577 3072 635 credimus.
3099 577 3154 635 lu
3178 578 3538 652 Pctragoricis

1954 665 2201 736 partibus
2248 676 2486 723 castrum
2532 667 2954 740 Montagrerium
3011 670 3406 740 perliibcbant,
3445 673 3538 729 ubi

1954 769 2124 825 eques
2155 757 2398 828 quidam,
2429 761 2648 817 nomine
2671 759 2875 829 Helias,
2904 762 3186 820 nobilitate
3216 764 3421 834 pollens
3444 766 3540 822 dc-

1955 846 2140 917 gebat,
2166 848 2258 919 qui
2288 849 2406 907 sine
2426 850 2672 908 sobolum
2697 853 2869 925 gratia
2896 854 3164 911 connubia
3194 854 3348 910 irrita
3376 863 3540 926 atque

1955 937 2170 1008 ingrata
2190 939 2442 995 ducebat.
2466 941 2567 1010 Qui
2592 944 2804 999 tandem
2821 943 2888 1000 ad
2915 954 3119 1001 sanctae
3139 945 3392 1017 martyris
3410 961 3540 1016 pro-

1954 1039 2154 1096 perans
2175 1027 2388 1096 limina,
2400 1039 2580 1102 optata
2593 1032 2893 1104 conjugalis
2915 1035 3057 1090 uteri
3072 1035 3272 1092 meruit
3295 1037 3539 1108 recipere

1955 1119 2185 1174 semina.
2216 1119 2282 1174 Et
2311 1122 2452 1195 hanc
2476 1121 2729 1197 [prolem]
2753 1124 2880 1181 bino
2906 1141 3130 1182 munere
3150 1128 3375 1200 contigit
3395 1110 3539 1185 acci-

1905 1253 1908 1260 .
1954 1209 2119 1268 disse.
2151 1210 2299 1279 Quos
2321 1226 2518 1283 pueros
2548 1223 2699 1272 tanto
2720 1217 2926 1272 amoris
2953 1217 3234 1292 privilegio
3256 1220 3538 1291 diligebat,

1955 1309 2016 1356 ut
2035 1302 2202 1358 etiam
2233 1319 2340 1361 non
2365 1319 2494 1362 suos
2522 1307 2621 1364 sed
2649 1317 2850 1365 sanctae
2875 1308 3024 1367 Fidis
3047 1311 3186 1368 filios
3213 1311 3538 1384 appellabat.

1954 1391 2022 1448 Et
2048 1401 2108 1448 ut
2141 1393 2266 1450 inde
2316 1396 2744 1466 experimentum
2775 1399 2967 1467 daret,
3011 1416 3194 1457 coram
3241 1402 3542 1459 astantibus

1953 1489 2011 1536 et
2034 1482 2304 1540 instanter
2341 1485 2790 1556 prohibentibus,
2828 1490 3005 1546 media
3031 1491 3087 1547 in
3114 1492 3232 1564 ejus
3255 1493 3412 1564 phala
3443 1511 3542 1550 ac-

1953 1586 2122 1630 censo
2164 1590 2295 1647 rogo
2318 1616 2335 1642 ,
2380 1577 2539 1634 nudis
2576 1580 2829 1636 cruribus
2861 1595 2926 1635 ac
2952 1581 3181 1651 pedibus
3208 1597 3308 1653 per
3335 1585 3543 1640 medios

1952 1662 2291 1721 flammarum
2318 1665 2507 1739 globos
2534 1671 2766 1726 transire
2792 1670 3025 1728 faciebat
3053 1691 3068 1728 :
3100 1677 3244 1745 quod
3266 1685 3322 1733 et
3352 1677 3543 1746 (mira—

1952 1755 2063 1812 bile
2090 1757 2208 1813 visu
2228 1757 2268 1829 Ξ)
2294 1759 2448 1829 pueri
2477 1760 2596 1816 sine
2635 1760 2818 1832 aliqua
2847 1762 3081 1820 incendii
3112 1765 3331 1822 lzcsione
3373 1767 3542 1823 citato

259 1867 350 1921 ιε,
398 1874 434 1912 ο
480 1859 638 1914 beam
688 1870 884 1929 mater,
917 1865 1095 1936 adepti
1126 1842 1335 1922 su'mus.
1375 1867 1513 1936 Quid
1542 1842 1772 1939 motu“;
1815 1884 1850 1924 ο
1881 1842 1926 1900 B
1953 1850 2092 1906 saltu
2121 1850 2346 1922 implere
2375 1851 2725 1910 festinabant.
2753 1854 2978 1921 interea
3023 1873 3155 1913 vero
3194 1869 3373 1915 mente
3402 1861 3543 1916 sedit

256 1947 428 2002 beata
461 1958 516 2003 et
545 1948 780 2019 gloriosa
817 1964 1012 2020 mater,
1050 1956 1207 2012 nobis
1236 1960 1462 2029 quaesita
1501 1960 1777 2028 nancisci,
1801 1960 1851 2015 si

256 2048 658 2098 detrimentum
724 2045 1036 2104 amissionis
1085 2065 1228 2108 nunc
1289 2053 1536 2124 cogimur
1600 2057 1853 2127 perpeti?

253 2132 472 2188 Adesto
493 2149 636 2188 nunc
663 2135 822 2190 solita
843 2138 1066 2208 pietate,
1089 2155 1123 2194 ο
1143 2141 1346 2199 Christi
1370 2145 1522 2215 virgo
1543 2146 1850 2214 benedicta,

256 2223 618 2294 sobolemque
649 2226 803 2283 nobis
829 2230 1053 2285 restitue
1082 2232 1379 2289 redivivam
1401 2277 1416 2301 ,
1446 2251 1612 2306 quam
1636 2238 1852 2307 quidem

255 2330 362 2385 per
385 2325 440 2369 te
451 2318 813 2388 suscepimus.
829 2329 918 2374 tua
941 2323 1114 2392 gratia
1136 2333 1319 2380 nostra
1348 2327 1855 2385 fecundantevisce-

255 2423 342 2462 ra.
372 2405 746 2464 Nihilominus
759 2411 977 2480 quidem
998 2413 1156 2470 nobis
1177 2415 1414 2472 ablatam
1433 2427 1586 2488 potes
1603 2419 1849 2484 reddere,

254 2511 426 2566 quam
450 2497 676 2554 omnino
701 2497 855 2572 [non]
871 2510 1072 2568 natam,
1089 2514 1320 2575 negante
1339 2507 1538 2562 dudum
1554 2507 1852 2582 [Domino],

255 2586 595 2654 pracvaluisti
623 2590 936 2646 concedere.
951 2591 1006 2646 ln
1025 2602 1256 2664 utroque
1277 2595 1852 2668 liesomnipotentissi.

257 2691 373 2742 ma,
391 2679 448 2730 in
465 2688 698 2749 utroque
719 2683 1032 2751 agnosceris
1054 2694 1263 2756 martyr
1281 2687 1681 2745 eliicacissima.
1705 2709 1723 2742 ι
1754 2690 1849 2746 llis

254 2776 312 2822 et
347 2769 552 2825 talibus
588 2773 998 2843 quainpluribus
1042 2786 1303 2848 utrosque
1344 2791 1600 2851 parentes
1639 2784 1707 2838 ad
1753 2785 1852 2839 de-

255 2857 431 2915 functi
478 2861 573 2916 lilii
607 2863 866 2920 feretrum
891 2867 1312 2946 irremediabilis
1343 2874 1586 2929 torrebat
1613 2872 1810 2946 [dolor]
1832 2914 1848 2939 .

254 2951 625 3022 exanimeque
647 2970 842 3026 corpus
865 2957 1144 3028 amplexos
1187 2965 1446 3032 gravibus
1489 2967 1848 3035 suspiriorum

254 3043 591 3114 singultibus
613 3045 889 3118 fatigabat.
928 3050 1172 3121 Cumque
1189 3053 1304 3124 jam
1324 3055 1487 3127 bajuli
1511 3057 1848 3127 sandapilam

255 3136 590 3206 arriperent,
616 3146 674 3192 ut
692 3139 759 3195 ad
779 3139 1063 3197 ecclesiam
1088 3146 1347 3202 humandi
1367 3163 1529 3202 causa
1552 3147 1819 3205 deferrent

256 3235 521 3295 parentes
550 3227 988 3287 lamentabilibus
1014 3235 1188 3291 modis
1217 3246 1462 3294 sanctam
1495 3239 1678 3296 Fidem
1723 3256 1845 3310 pro-

259 3313 535 3380 clamant,
566 3326 706 3372 etut
740 3321 820 3376 eis
846 3322 1106 3379 amissum
1137 3326 1338 3382 donum
1375 3342 1566 3383 rursus
1597 3331 1848 3386 restituat

259 3406 415 3460 miris
463 3405 757 3464 ululatibus
801 3411 1107 3469 obsecrant.
1161 3415 1364 3483 Quibus
1413 3418 1484 3472 ita
1533 3420 1601 3474 ad
1646 3421 1846 3475 anhera

259 3516 435 3571 usque
471 3501 725 3560 funereos
754 3505 1025 3565 clamores
1067 3508 1400 3580 ferentibus,
1428 3528 1556 3570 ecce
1584 3515 1738 3584 quasi
1781 3516 1849 3570 de

258 3596 417 3664 gravi
443 3600 880 3676 somnorediens
906 3603 1224 3661 adolescens
1247 3605 1337 3662 ille
1357 3645 1372 3672 ,
1401 3616 1564 3677 caput
1587 3623 1617 3661 a
1646 3607 1850 3663 feretro

256 3686 476 3748 erexit,
526 3684 829 3759 faciemque
875 3692 1096 3749 sudario
1137 3694 1253 3764 jam
1292 3696 1609 3765 adopertam
1649 3711 1852 3752 concu-

259 3773 428 3839 tiens,
457 3776 752 3831 astantium
792 3781 1074 3852 strepitum
1106 3784 1292 3838 mirari
1318 3785 1504 3855 capit.
1538 3785 1708 3853 Quem
1740 3802 1852 3841 ma-

257 3872 370 3928 ter,
403 3863 666 3919 irremota
694 3864 898 3925 feretro
937 3870 1287 3938 incumbens,
1329 3889 1455 3929 mox
1499 3884 1558 3930 ut
1598 3875 1854 3932 vitalibus

255 3955 411 4009 auris
437 3956 710 4014 fruentem
743 3964 1029 4030 persensit,
1063 3979 1293 4035 propere
1316 3966 1527 4022 vultum
1552 3984 1853 4039 manusque

257 4046 488 4102 resolvit
511 4065 526 4108 ;
549 4050 828 4121 versisque
857 4054 1050 4120 modis,
1087 4071 1200 4126 prae
1227 4057 1392 4114 nimio
1417 4060 1616 4130 gaudio
1638 4058 1852 4116 fletibus

255 4155 357 4195 ora
401 4141 618 4211 rigavit.
657 4143 776 4211 Quo
805 4145 920 4201 viso
957 4148 1135 4204 omnis
1167 4160 1358 4206 astans
1393 4159 1578 4206 cintus
1598 4151 1850 4223 diriguit,

256 4247 527 4303 calorque
551 4237 792 4291 omnium
818 4252 939 4294 ossa
975 4240 1312 4312 relinquens,
1348 4242 1602 4299 iueﬂ‘ahili
1631 4253 1852 4316 stupore

253 4333 552 4380 cernentes
574 4330 886 4396 perterruit.
929 4330 1169 4402 Denique
1195 4347 1320 4388 eum
1347 4350 1376 4388 a
1414 4335 1608 4390 mortis
1634 4345 1853 4407 torpore

255 4414 564 4470 resolutum
612 4418 885 4488 genitores
927 4422 1045 4493 ejus
1087 4426 1398 4494 percontari
1437 4427 1764 4483 studuerunt
1803 4427 1848 4484 si

253 4507 407 4560 forte
453 4509 732 4578 corporeis
773 4515 1032 4570 membris
1078 4527 1277 4574 exutus
1322 4519 1468 4575 aliud
1510 4521 1578 4576 ad
1621 4537 1846 4592 regnum
1876 4554 1927 4617 υ

254 4599 587 4666 duceretur;
614 4616 704 4667 an,
734 4603 786 4656 in
815 4608 1014 4662 exstasi
1043 4611 1241 4665 mentis
1263 4612 1679 4680 positus,adhuc
1699 4614 1848 4669 vitali

253 4688 446 4744 calore
475 4693 734 4752 membris
759 4694 1024 4768 collapsus
1049 4699 1386 4772 fungeretur.
1416 4705 1520 4771 Qui
1545 4720 1670 4759 mox
1695 4720 1754 4760 se
1783 4706 1852 4761 ab

253 4779 366 4834 hoc
396 4786 650 4851 praesenti
692 4788 891 4844 saeculo
924 4807 1148 4862 prorsus
1181 4810 1486 4866 egressum,
1514 4808 1572 4855 ct
1598 4801 1666 4855 ad
1696 4809 1852 4858 tcne~

253 4870 424 4927 brosa
475 4873 592 4930 loca
639 4877 964 4950 deductum;
1007 4887 1152 4942 unde
1191 4899 1380 4945 sancta
1423 4891 1584 4948 Fides
1631 4908 1756 4948 eum
1796 4894 1848 4949 vi

254 4965 489 5057 eseinit,
513 4976 569 5022 et
598 4971 665 5025 ad
693 4977 1023 5032 resumenda
1047 4979 1207 5050 hujus
1228 4983 1358 5039 solis
1384 4986 1677 5057 spiramina
1703 4987 1850 5043 refu-

255 5054 361 5108 dit.
403 5057 490 5124 Et,
523 5064 972 5125 utcrcdibiliores
1007 5071 1058 5127 in
1106 5075 1241 5131 tanti
1289 5054 1537 5134 miraculi
1586 5079 1849 5135 relatione

254 5150 485 5219 utrique
528 5167 782 5223 parentes
815 5160 1036 5229 flerent,
1085 5179 1210 5220 eum
1257 5165 1501 5224 Virbium
1548 5171 1616 5226 ad
1643 5181 1848 5231 sancta:

255 5236 415 5294 Fidis
456 5243 736 5301 oraculum
767 5247 1141 5320 adduxerunt,
1189 5265 1433 5328 testeque
1461 5267 1575 5316 tota
1618 5262 1846 5328 vicinia,

259 5329 426 5384 nobis
451 5333 774 5392 mirantibus
798 5354 864 5394 ac
892 5355 1003 5410 pne
1030 5345 1226 5415 gaudio
1260 5347 1474 5404 ﬂetibus
1499 5366 1596 5406 ora
1627 5352 1850 5406 inadeno

261 5421 432 5486 tibus,
465 5429 714 5484 eumdem
745 5431 1032 5490 relatorem
1063 5451 1182 5495 csse
1205 5439 1469 5498 fecerunt.

847 5548 1075 5608 CAPUT
1110 5554 1248 5612 XVI.

265 5627 344 5684 De
373 5647 432 5686 eo
459 5634 550 5703 qui
580 5635 725 5723 ﬁlios
749 5657 890 5706 suos,
921 5647 1113 5724 virtute
1140 5659 1336 5724 sancire
1368 5649 1518 5706 Fiiiis
1545 5653 1726 5723 fretus,
1757 5672 1848 5724 per

707 5718 877 5782 ignem
913 5718 1138 5773 transire
1165 5721 1408 5788 faciebat.

337 5793 508 5867 Hujus
557 5801 630 5856 rei
686 5803 838 5874 cujus
882 5809 1249 5868 narrationem
1302 5817 1843 5884 aggredimur'inulti

1829 3189 1920 3252 ’C

1953 1952 2015 1998 ut
2040 1943 2260 1999 eosdem
2285 1959 2482 2014 pueros
2515 1947 2738 2002 deberet
2767 1947 3036 2005 adducere
3066 1959 3267 2005 sanctae
3293 1953 3539 2023 martyri.

1952 2032 2121 2088 veluti
2151 2049 2341 2089 eorum
2368 2034 2634 2104 spirituali
2664 2037 2935 2107 genitrici.
2987 2037 3092 2094 Sed
3139 2041 3267 2110 quia
3317 2040 3539 2096 horrida

1954 2124 2130 2180 hiems
2159 2124 2380 2180 ﬂumina
2407 2134 2600 2183 cuncta
2627 2143 2659 2182 a
2688 2128 2960 2186 littoribus
2987 2131 3289 2202 expulerat,
3315 2132 3544 2186 immcn-
3603 2135 3607 2138 ‘

1953 2215 2137 2286 sisque
2165 2219 2578 2288 tempestatibus
2617 2221 2819 2290 passim
2847 2222 3194 2289 destcviebat,
3241 2224 3451 2287 mulier,
3481 2233 3536 2278 et

1955 2307 2136 2362 caeteri
2163 2306 2280 2376 ejus
2309 2308 2621 2379 familiares.
2643 2311 2788 2366 aliud
2813 2311 2868 2366 in
2903 2321 3115 2384 tempus
3152 2315 3534 2369 reservandum

1953 2411 2274 2466 persuasum
2300 2398 2468 2455 ibant.
2501 2399 2744 2468 Quorum
2769 2402 3015 2457 omnium
3055 2402 3412 2458 hortamentis
3447 2419 3543 2472 pe-

1955 2486 2100 2542 nitus
2129 2487 2409 2554 resistens,
2438 2489 2772 2560 propositum
2803 2490 2906 2546 iter
2935 2506 2996 2547 se
3018 2490 3420 2547 celebraturum
3453 2508 3541 2546 as-

1955 2578 2192 2642 serebat,
2225 2577 2481 2650 nulloque
2511 2588 2657 2634 metu
2688 2580 2986 2652 ingruentis
3011 2582 3342 2652 tempestatis
3363 2599 3421 2638 se
3449 2584 3542 2638 de-

1954 2667 2185 2722 siturum
2211 2667 2450 2726 dicebat.
2475 2669 2615 2737 Quin
2638 2671 2803 2726 etiam
2826 2672 3183 2742 praesentibus
3212 2676 3393 2742 pueris
3415 2689 3542 2728 sail-

1953 2765 2056 2810 ctu:
2083 2757 2340 2829 martyris
2372 2759 2518 2813 nulla
2573 2773 2631 2815 se
2657 2759 2937 2832 naufragia
2972 2761 3163 2817 timere
3197 2762 3538 2832 perhibebat,

1953 2848 2046 2901 sed
2077 2862 2264 2903 eorum
2290 2850 2547 2904 comitatu
2579 2849 2778 2906 fretum
2815 2867 2980 2922 parva
3015 2853 3179 2909 lintre
3209 2854 3538 2924 procellosas

1952 2940 2221 3008 gurgitum
2268 2938 2532 2996 elationes
2567 2941 2902 2999 sulcaturum
2933 2957 2991 2999 se
3019 2945 3336 3014 spondebat.
3384 2944 3536 3012 Quod

1955 3037 2010 3082 et
2036 3028 2103 3083 ad
2127 3027 2377 3085 ell'ectum
2400 3047 2570 3102 usque
2593 3034 2915 3103 perducens,
2937 3045 3139 3091 sanctae
3158 3036 3380 3107 virginis
3407 3038 3542 3092 adiit

1954 3117 2165 3184 limina,
2200 3135 2514 3193 puerosque
2540 3125 2681 3178 v0tis
2705 3124 2971 3195 obligans,
3006 3123 3173 3178 multa
3199 3127 3264 3179 de
3300 3125 3381 3179 eis
3407 3140 3536 3179 sau-

1953 3219 2051 3263 ciae
2076 3213 2510 3283 congregationis
2548 3223 2748 3270 nostrae
2775 3213 3035 3270 fratribus
3065 3216 3336 3270 recensuit
3383 3216 3538 3270 valde

1951 3303 2298 3371 admiranda;
2344 3307 2686 3376 peractisque
2725 3309 3031 3363 orationum
3081 3308 3540 3376 solemnitatibus,

1953 3391 2108 3450 laetus
2132 3404 2187 3450 et
2220 3396 2507 3453 incolumis
2539 3399 2700 3454 rediit
2724 3400 2792 3455 ad
2823 3399 3062 3470 propria.

2538 3529 2771 3588 CAPUT
2807 3531 2967 3588 XVII.

2010 3644 2086 3700 De
2115 3645 2264 3701 oculo
2289 3647 2408 3719 equi
2433 3663 2526 3717 per
2550 3647 2791 3702 virtutem
2815 3656 3012 3702 sanch
3037 3645 3190 3702 Fidi:
3216 3648 3476 3704 restituta.

2021 3759 2318 3816 Arvernico
2347 3760 2400 3814 in
2433 3775 2568 3830 pago
2599 3758 2920 3814 Murmontis
2946 3766 3182 3813 castrum
3208 3757 3366 3827 vulgo
3394 3774 3531 3812 nun-

1951 3860 2202 3922 cupatur,
2232 3851 2286 3906 in
2317 3867 2425 3922 quo
2454 3851 2608 3906 miles
2645 3850 2886 3920 quidam,
2916 3863 3118 3919 equum
3147 3849 3325 3919 magni
3371 3848 3529 3918 pretii

1953 3942 2176 4006 habens,
2210 3942 2277 3998 de
2306 3956 2456 3998 more
2484 3940 2746 4011 sanguine
2779 3939 3008 4006 minuit,
3040 3953 3200 4010 quem
3231 3945 3351 4008 post
3390 3937 3542 4008 phle-

1952 4033 2374 4088 botomationem
2403 4031 2470 4086 ad
2491 4031 2674 4101 palum
2699 4029 2987 4100 quemdam
3011 4027 3248 4098 capistro
3271 4027 3431 4096 religa
3443 4027 3536 4080 vit.

1954 4125 2072 4194 Quo
2116 4125 2168 4180 in
2210 4124 2332 4194 palo
2375 4125 2444 4180 ad
2489 4138 2576 4179 res
2605 4121 3008 4192 suspendendas
3034 4120 3194 4176 sudes
3218 4119 3539 4173 acutissima

1953 4220 2353 4292 prominebant,
2403 4233 2540 4288 quas
2576 4216 2677 4289 ipsi
2721 4212 3012 4270 rainusculi
3056 4212 3298 4283 praecisae
3329 4208 3544 4264 arboris

1953 4313 2080 4368 olim
2099 4319 2507 4369 concesserant.
2527 4310 2607 4364 Ad
2629 4305 2782 4376 cujus
2802 4305 3040 4376 stipitem
3063 4302 3350 4375 praedictus
3371 4314 3544 4368 equus

1954 4405 2216 4469 adnexus,
2241 4403 2369 4458 dum
2393 4399 2632 4457 instabili
2659 4407 2805 4453 motu
2830 4397 3350 4466 circnmvagaretur,
3366 4389 3540 4458 cjecto

1954 4493 2116 4548 altius
2135 4493 2312 4564 capite
2333 4491 2519 4546 sudem
2542 4487 2788 4553 oll'endit,
2811 4501 2930 4557 qua:
2952 4483 3102 4556 gravi
3126 4483 3232 4537 ictu
3257 4477 3544 4534 confestim

1953 4589 2001 4645 ei
2032 4588 2246 4643 oculum
2285 4585 2546 4640 radicitus
2573 4580 2774 4639 evellit.
2820 4577 2975 4648 Quod.
3018 4575 3220 4630 factum
3251 4571 3543 4644 pnedietus

1955 4680 2111 4736 miles
2137 4694 2278 4747 aegre
2302 4677 2501 4740 ferens,
2525 4672 2738 4729 oculum
2770 4670 2838 4725 ad
2866 4666 3202 4723 inandihulas
3228 4677 3398 4733 usque
3423 4676 3538 4729 pcn-

1953 4771 2136 4828 dnlum
2174 4771 2227 4824 in
2259 4766 2478 4839 proprio
2503 4763 2772 4821 foramine
2817 4757 3096 4824 restituit,
3141 4772 3226 4820 ac,
3254 4753 3545 4852 multorum

1954 4862 2149 4920 ibidem
2197 4858 2529 4916 adstantium
2563 4850 3052 4914 cohortationibus,
3087 4855 3287 4902 sancta:
3321 4850 3545 4915 martyri

1952 4952 2071 5006 Fidi
2089 4951 2355 5005 luminare
2376 4947 2443 5003 ad
2465 4944 2708 5016 ejusdem
2735 4941 2860 5014 equi
2894 4939 3017 5013 [can
3039 4935 3128 5009 lae]
3156 4931 3548 5004 longitudinem

1951 5045 2120 5112 vovit,
2133 5043 2424 5113 lumenque
2435 5039 2690 5096 effossum
2704 5035 2908 5093 institis
2919 5033 3074 5104 alliga
3089 5046 3172 5096 ns,
3189 5028 3256 5084 ad
3269 5026 3548 5100 proprium

1950 5135 2224 5193 stabulum
2270 5141 2499 5190 muastus
2538 5129 2770 5186 reduxit.
2806 5127 2936 5182 Erat
2968 5136 3204 5192 namque
3251 5133 3422 5190 equus
3455 5116 3544 5172 ille

1951 5240 2008 5284 et
2029 5227 2318 5283 velocitate
2363 5219 2809 5292 incnmparabilis
2856 5225 2910 5271 et
2961 5216 3016 5270 in
3070 5213 3218 5270 omni
3272 5209 3539 5266 caballina

1951 5318 2273 5374 strenuitate
2297 5313 2614 5387 probabilis.
2660 5311 2860 5380 Sicque
2888 5306 3089 5362 factum
3119 5313 3204 5360 est
3243 5311 3302 5357 ut
3337 5308 3545 5355 sanctae

1956 5405 2104 5461 Fidis
2129 5403 2525 5460 medicantibus
2554 5400 2765 5456 meritis
2805 5397 2911 5468 piis
2931 5436 2946 5458 ,
2996 5403 3210 5465 postera
3262 5389 3350 5446 die
3380 5403 3552 5458 equus

1957 5496 2048 5552 ille
2089 5495 2166 5551 ita
2220 5490 2508 5550 incolumis
2563 5490 2855 5554 invenitur,
2900 5502 2964 5542 ac
3014 5486 3059 5541 si
3111 5495 3386 5552 nunquam
3436 5477 3548 5532 ullo
3571 5540 3599 5565 ξ’

1959 5588 2152 5643 morbo
2193 5584 2410 5656 gravari
2439 5583 2736 5638 videretur.
2779 5577 2946 5648 Cujus
2994 5575 3285 5630 virtutibus
3327 5567 3551 5670 praeclao

1957 5694 2076 5732 rum
2108 5674 2428 5732 miraculum
2461 5673 2631 5729 isdem
2663 5670 2819 5726 miles
2866 5678 2993 5723 ante
3038 5674 3243 5720 sanctae
3289 5669 3549 5731 martyris

1958 5768 2163 5836 retulit,
2192 5765 2403 5824 cunctis
2425 5763 2746 5828 ast-uitibus,
2776 5758 3096 5817 oratorium.

3286 5871 3363 5894 γ.-ηό
