4088 6384
527 335 635 406 25's
675 337 678 340 ’

1069 468 1296 525 CAPUT
1338 468 1518 525 XV”,

963 559 1036 615 De
1067 574 1269 615 mortuo
1301 564 1629 616 resuscitato.

583 651 818 721 Contigit
850 653 1160 721 quemdam,
1208 654 1424 706 nomine
1453 653 1781 713 llnualdum,
1815 651 2094 706 Tolosan’s

509 745 590 796 in‘
619 741 860 811 partibus
907 750 1108 795 sanctze
1155 741 1408 811 martyris
1457 741 1833 794 admirandum
1883 757 2095 810 promta

514 831 689 888 ruisse
723 831 1064 894 beneficium,
1093 833 1320 902 visuque
1346 841 1402 886 et
1435 847 1600 901 opere
1635 831 1909 901 inopinum
1934 847 2095 902 expe-

514 926 609 979 r.ri
663 923 781 992 cjus
826 923 1275 993 magnificentiam
1328 924 1609 978 virtutum.
1663 923 1903 978 Habebat
1949 924 2092 977 enim

514 1013 702 1075 tilimn,
729 1028 888 1083 quem
923 1013 988 1068 de
1025 1028 1173 1068 more
1198 1014 1344 1066 misit
1366 1004 1431 1065 ad
1461 1022 1768 1066 armentmn
1796 1013 1846 1066 in
1883 1013 2096 1082 pascuis

517 1105 866 1157 servandum.
890 1103 957 1156 At
986 1102 1097 1169 ille,
1126 1094 1385 1174 pastorali
1408 1117 1539 1156 cura
1566 1113 1833 1173 suscepta,
1860 1105 1944 1158 die
1965 1120 2100 1172 qna-

515 1191 662 1260 dat'n,
695 1205 948 1265 surgente
996 1184 1226 1266 hespero
1270 1209 1513 1249 armenta
1559 1197 1776 1250 domum
1811 1196 2096 1261 reducens,

515 1303 612 1357 per
643 1288 1000 1358 negligentem
1028 1288 1290 1342 incuriam
1315 1287 1508 1342 bovem
1533 1303 1696 1341 unum
1727 1288 1870 1342 inter
1898 1288 2097 1342 fruteta
2147 1299 2150 1302 '

515 1382 740 1447 dimisit,
775 1381 1012 1451 reliquos
1046 1395 1172 1435 vero
1207 1381 1444 1436 bostaris
1477 1381 1808 1450 praesepibus
1851 1381 2096 1435 inseruit.

513 1474 755 1528 Cet-nens
806 1475 968 1543 igitur
1019 1488 1190 1528 vacuo
1251 1472 1368 1528 loco
1425 1489 1588 1528 unum
1635 1473 1823 1527 abesse
1877 1471 2096 1534 animal,

514 1578 712 1632 pascua
738 1578 836 1632 per
859 1563 1040 1618 fni-vas
1067 1566 1243 1619 noctis
1273 1566 1525 1619 tenebras
1557 1563 1828 1634 Sclivagus
1856 1565 2095 1634 repetiit.

517 1654 622 1709 Sed
651 1671 847 1727 magna
873 1656 1232 1726 parte‘noctis
1257 1657 1398 1712 illius
1419 1655 1532 1724 jam
1577 1656 1783 1727 elapsa,
1831 1671 1987 1711 casso
2019 1656 2098 1708 la-

513 1746 646 1799 bore
677 1747 1020 1816 qua‘rilandi,
1060 1747 1177 1801 sine
1207 1745 1343 1802 hove
1373 1747 1540 1802 tristis
1562 1763 1627 1802 ac
1653 1762 1887 1802 intereas
1917 1746 2095 1800 rediit.

514 1835 655 1906 Quid
687 1846 896 1910 ageret,
919 1853 1028 1910 quo
1057 1854 1115 1894 se
1144 1849 1400 1904 verteret,
1426 1839 1572 1892 nulla
1600 1839 1646 1893 ei
1677 1839 1885 1893 ratione
1911 1847 2057 1909 patet
2082 1858 2093 1892 :
2132 1834 2174 1890 Il

517 1931 918 2000 improbissima
950 1931 1093 1985 enim
1135 1931 1303 2001 patris
1335 1931 1626 1986 severitate
1653 1930 2005 2000 perterritus,
2033 1947 2100 1984 eo

517 2025 722 2079 sciente
752 2033 954 2079 tectum
988 2041 1094 2079 non
1120 2026 1279 2079 audet
1305 2025 1506 2091 subire,
1542 2040 1716 2094 neque
1739 2024 1866 2094 quid
1887 2025 1934 2078 ei
1958 2023 2099 2078 acci-

518 2119 657 2172 derit
690 2117 954 2173 ullatenus
979 2119 1249 2173 intimare.
1281 2119 1519 2173 Tandem
1553 2134 1680 2173 vero
1712 2118 1902 2188 sopitis
1923 2117 2098 2172 omni-

517 2212 637 2269 bus,
665 2210 861 2264 lectulo
891 2226 948 2265 se
979 2210 1206 2266 contulit
1233 2208 1530 2264 clanculus.
1569 2210 1664 2264 Ubi
1699 2224 1822 2265 cum
1858 2210 2098 2263 membra

519 2301 700 2356 amissi
732 2301 884 2358 bovis
913 2303 1161 2375 indagine
1184 2304 1470 2358 admodum
1503 2302 1712 2358 defessa
1749 2303 2002 2373 jactaret,
2039 2301 2101 2356 il-

521 2391 624 2446 lico
663 2401 810 2446 tauto
840 2393 1022 2448 dolore
1052 2393 1342 2463 corripitur
1366 2435 1379 2457 ,
1429 2403 1487 2448 ut
1536 2408 1672 2463 pene
1710 2393 1856 2447 omni
1897 2393 2100 2448 ossium

521 2479 781 2554 compage
807 2485 1074 2539 resolutus
1116 2487 1450 2540 crederetur.
1487 2484 1604 2551 Quo
1644 2484 1831 2539 dolore
1876 2485 2101 2538 nimium

521 2575 909 2638 l.iv.ilescente,
945 2585 998 2630 et
1041 2586 1188 2630 motu
1228 2569 1440 2630 artuum
1470 2575 1767 2642 fraudatur,
1798 2583 1851 2631 et
1879 2577 2103 2632 rationis

519 2665 697 2721 ollieio
739 2666 1001 2736 privatur.
1049 2666 1203 2722 Mane
1252 2678 1432 2723 autem
1476 2668 1650 2732 facto,
1693 2677 1752 2722 ut
1796 2684 1918 2722 cum
1952 2677 2105 2738 pater

521 2767 674 2813 tanto
705 2759 987 2828 conspexit
1007 2769 1315 2828 correptum
1347 2759 1627 2831 languore,
1651 2759 1894 2829 deposito
1924 2759 2104 2814 furore

526 2867 648 2905 mox
703 2866 865 2920 super
916 2851 1285 2906 imminentem
1331 2854 1442 2907 nati
1505 2853 1785 2908 interitum
1838 2851 2105 2908 ﬂebilibus

521 2941 686 3011 cmpit
712 2941 997 3010 gemitibus
1027 2942 1236 3011 dolere,
1272 2959 1356 3009 ac,
1388 2945 1512 2998 dum
1543 2944 1710 2999 vastis
1745 2943 2104 3015 singultorxm
2143 2997 2150 3004 ,

520 3042 837 3103 quateretur
868 3034 1080 3100 ictibus,
1132 3044 1332 3091 sancta:
1379 3035 1525 3090 Fidis
1571 3034 1905 3094 salutiferam
1948 3051 2104 3105 opem

525 3127 735 3196 Magnis
763 3125 1015 3197 implorat
1049 3128 1398 3191 clamoribus,
1443 3137 1498 3181 ut
1543 3127 1782 3197 pristina:
1819 3127 2105 3182 incolumi-

1617 353 1970 412 BERNARDI
2010 356 2466 417 SCIIOLASTICI
2502 356 2848 419 ANDEGAV.

2125 479 2170 534 Α
2269 472 2498 537 Occidit,
2532 493 2632 530 una
2667 478 2770 532 mei
2799 492 2924 547 spes
2951 485 3007 533 et
3031 491 3185 531 amor
3213 477 3458 547 generis;
3503 510 3506 512 η
3573 494 3576 497 ·

3681 356 3777 413 136

2197 564 2314 632 Quo
2335 579 2595 638 pereunte
2624 569 2804 632 modo.
2835 571 2963 624 mihi
2993 579 3186 625 canora
3222 571 3326 623 vita
3349 578 3622 639 superstes

2265 659 2556 715 Protrahet
2586 661 2822 730 ingratas
2848 662 2952 716 line
2980 662 3216 716 carendo
3244 676 3443 714 moras.

2197 749 2300 806 Sed
2331 753 2399 815 si,
2430 752 2581 822 virgo
2611 754 2728 818 Dei,
2753 755 3074 808 miserorum
3101 754 3382 824 questibus
3407 753 3532 809 ullis

2267 841 2550 908 Flecteris,
2578 853 2634 898 et
2662 843 2919 914 lacryinis
2949 845 3183 900 vinceris
3212 844 3460 914 irriguis;

2196 931 2424 988 Munere
2452 935 2660 1003 sopitos
2685 936 2796 989 nati
2826 951 2964 1004 quos
2992 935 3268 991 cernimus
3291 946 3463 1001 artus,

2264 1022 2345 1074 Ad
2374 1023 2608 1092 priscam
2632 1024 2819 1090 vitam,
2859 1034 2910 1080 te
2941 1040 3098 1095 rogo,
3131 1041 3275 1079 nime
3311 1040 3525 1080 revoca.
3572 1043 3592 1078 ι
3760 1083 3762 1085 ,

2199 1112 2674 1182 Cumquehiset
2725 1115 3031 1186 hujusmodi
3080 1115 3496 1186 quamplurimis
3549 1115 3788 1186 querelis

2196 1219 2362 1274 super
2389 1205 2628 1261 defuncti
2665 1222 2864 1277 corpus
2897 1208 3213 1262 incumbens
3245 1215 3398 1276 pater
3435 1219 3557 1262 cum
3592 1222 3790 1276 magno

2197 1294 2399 1364 ejulatu
2431 1307 2808 1365 quereretur,
2857 1313 3045 1353 omnes
3089 1297 3181 1366 qui
3228 1296 3294 1351 ad
3340 1297 3585 1352 ultimum
3633 1312 3794 1352 exsc-

2199 1387 2447 1456 qniarnm
2487 1388 2807 1455 obsequium
2835 1388 3086 1452 aderant,
3117 1388 3364 1443 deﬂentis
3389 1388 3592 1457 pietate
3633 1388 3790 1450 moti.

2200 1475 2418 1532 ﬂetibus
2452 1491 2548 1532 ora
2583 1476 2870 1548 rigabant,
2917 1493 2982 1532 ac
3027 1477 3473 1550 gloriosissinnnn
3524 1478 3792 1547 virginem

2199 1564 2385 1620 Fidem
2411 1565 2594 1620 mixtis
2616 1566 2872 1639 lacrymis
2903 1567 3173 1636 precibus,
3207 1577 3266 1621 ut
3291 1568 3357 1620 ad
3389 1567 3791 1622 invocationem

2201 1656 2283 1711 sui
2313 1657 2484 1712 sancti
2511 1658 2750 1712 nominis
2776 1658 3010 1728 propitio
3036 1658 3183 1712 vultu
3216 1658 3486 1727 respicere
3516 1657 3789 1726 dignetur.

2203 1750 2490 1806 unanimes
2519 1760 2766 1805 exorant.

2276 1840 2367 1908 Sic
2394 1857 2609 1912 quoque
2631 1844 2908 1910 continuo,
2935 1843 3027 1898 sed
3054 1851 3110 1898 et
3143 1844 3198 1915 (0
3228 1841 3478 1898 mirabile
3503 1842 3647 1898 dictu
3665 1842 3704 1912 ε)

2274 1935 2420 1990 Mors
2453 1945 2588 1990 tetra
2624 1936 2736 1990 visa
2773 1944 2917 2007 retro
2940 1936 3176 2006 praedam
3207 1934 3428 2006 fugitiva
3459 1933 3696 2004 reliquit,

2277 2026 2635 2098 Evomuitque
2665 2043 2829 2082 vorax
2857 2027 3010 2081 avida
3042 2026 3109 2082 de
3135 2025 3292 2082 fauce
3318 2025 3586 2096 rapinam.

2273 2116 2528 2172 Protinus
2558 2127 2720 2188 atque
2748 2126 2910 2188 caput
2941 2116 3086 2172 lento
3117 2118 3398 2173 nutamine
3431 2117 3676 2182 functus,

2272 2205 2328 2262 lu
2363 2217 2546 2278 partes
2570 2217 2774 2272 versat,
2805 2206 3009 2277 gelidas
3041 2207 3312 2263 recalente
3349 2206 3610 2262 medullas

2277 2299 2486 2355 Foaiite
2515 2299 2728 2356 viviﬂco
2757 2317 2770 2354 :
2798 2299 3083 2370 subitoque
3105 2315 3202 2372 per
3219 2300 3392 2374 algida
3417 2299 3657 2357 membra

2278 2391 2518 2463 Spiritus
2555 2391 2765 2447 infusus
2797 2399 2967 2446 totum
2998 2391 3090 2448 dat
3119 2393 3302 2449 vivere
3329 2408 3546 2463 corpus,

2279 2485 2624 2553 Erigiturque
2649 2484 2857 2553 jacens,
2891 2482 3212 2553 trepidantia
3236 2481 3438 2537 lumina
3463 2483 3681 2538 vixdum

2275 2574 2564 2628 Attollens.
2593 2574 2663 2627 At
2690 2588 2811 2629 mox
2845 2581 2984 2628 totos
3012 2571 3173 2628 simul
3194 2573 3355 2644 erigit
3379 2581 3552 2639 artus,

2277 2665 2345 2718 Et
2370 2665 2522 2720 stetit
2555 2665 2607 2718 in
2633 2664 2866 2734 propriis
2895 2663 3261 2720 membrorum
3292 2664 3542 2720 machina
3572 2664 3798 2736 plantis.

2277 2757 2406 2812 Inde
2427 2757 2649 2810 domum
2675 2756 2872 2826 repetit
2899 2756 3082 2811 divino
3113 2755 3330 2811 tramite
3358 2756 3546 2826 patris.

2207 2848 2325 2916 Quo
2353 2848 2470 2902 viso
2509 2847 2715 2913 cuncti,
2749 2847 2802 2901 in
2836 2846 3131 2918 gratiarum
3172 2846 3441 2901 actionem
3469 2845 3632 2913 versi,
3685 2863 3804 2918 pra

2208 2941 2408 3014 gaudio
2440 2941 2576 2996 tanti
2607 2940 2848 2995 miraculi
2876 2939 3144 3010 lacrymas
3187 2938 3438 3007 fundunt,
3487 2951 3805 3011 sanctaique

2211 3034 2432 3103 virginis
2485 3047 2551 3086 ac
2597 3030 2857 3100 martyris
2908 3029 3058 3086 Fidis
3107 3030 3362 3086 virtutem
3408 3029 3801 3100 gloriﬁcantes,

2211 3123 2351 3178 votis
2375 3130 2430 3178 et
2454 3119 2770 3176 muneribus
2797 3135 2915 3175 sese
2943 3135 3008 3176 ac
3047 3135 3175 3175 suos
3212 3119 3262 3174 ci
3311 3121 3582 3191 supplices
3630 3121 3803 3176 devo-

524 3185 768 3286 tatiuejus
795 3185 1111 3272 restituatur
1158 3217 1317 3275 lilius.
1363 3220 1432 3273 At
1478 3185 1566 3274 ille
1599 3228 1709 3274 toto
1735 3233 1962 3289 corpore
1992 3235 2104 3272 ma-
2135 3185 2178 3246 Ο
2212 3224 2357 3270 vent.
2388 3215 2589 3284 Sicque
2621 3214 2690 3268 ab
2724 3212 2952 3268 ecclesia
3012 3212 3198 3268 Sancti
3252 3212 3504 3285 Georgii,
3554 3213 3643 3268 ubi
3697 3214 3806 3270 hu-

526 3323 661 3362 nens
703 3308 1020 3373 immobilis,
1071 3326 1282 3366 summo
1317 3311 1579 3365 duntaxat
1614 3311 1666 3364 in
1703 3320 1922 3381 pectore
1955 3310 2103 3365 vide-

526 3401 687 3455 bitur
713 3401 761 3455 ei
795 3401 943 3456 calor
974 3401 1172 3468 vitalis,
1200 3412 1359 3472 atque
1383 3403 1473 3456 tali
1498 3403 1550 3457 in
1587 3412 1806 3473 stupore
1838 3401 2107 3456 membro-

528 3508 644 3545 rmn
693 3491 808 3547 dies
853 3493 1060 3563 peregit
1103 3508 1317 3560 novem,
1348 3493 1633 3548 exstinctis
1662 3493 1898 3548 lucernis
1924 3492 2107 3547 oculo-

528 3583 911 3654 inm.Decimo
938 3594 1118 3639 aute.n
1148 3584 1254 3650 die,
1299 3601 1418 3655 quae
1459 3585 1738 3640 Dominiea
1782 3584 2105 3650 habebatur,

529 3687 586 3727 ut
615 3674 862 3729 viderunt
895 3676 1118 3746 pupulas
1147 3676 1409 3730 luminum
1442 3678 1493 3732 in
1522 3688 1696 3733 morte
1721 3679 2108 3734 contabescen-

527 3775 627 3828 tes,
675 3766 957 3836 gelidoque
1001 3759 1199 3822 sudore
1247 3766 1479 3822 frontem
1511 3784 1573 3822 ac
1618 3784 1784 3838 genus
1836 3776 2105 3830 rorantes,

527 3857 770 3927 apposita
819 3857 952 3914 ltevo
997 3860 1153 3914 lateri
1196 3875 1355 3913 manu
1387 3860 1517 3914 nihil
1549 3861 1722 3914 vivum
1773 3860 1933 3914 salire
1981 3873 2106 3912 sen-

529 3951 686 4016 tiunt,
725 3951 816 4004 sed
846 3952 1026 4005 omnia
1049 3963 1252 4006 materno
1283 3954 1462 4023 sopori
1488 3955 1664 4008 dedita
1691 3951 2110 4008 cvidenlissimis

527 4039 694 4109 signis
723 4051 1043 4111 agnoscunt.
1079 4043 1214 4109 Quid
1249 4043 1440 4114 plura?
1464 4044 1646 4098 Funus
1675 4051 1888 4114 parant,
1915 4043 2106 4096 exani-

527 4145 721 4198 meqne
747 4130 974 4186 cadaver
1002 4133 1294 4202 sandapila:
1320 4136 1627 4205 impositum
1671 4135 1998 4190 ululantibus
2032 4136 2109 4188 la-

527 4219 724 4273 mentis
753 4219 1046 4276 celebrant.
1095 4221 1199 4278 Scd
1246 4240 1367 4279 cum
1414 4224 1532 4280 luce
1569 4227 1803 4280 crastina
1837 4225 1902 4278 ad
1935 4225 2112 4278 δρίος-

532 4326 651 4364 ium
677 4310 963 4382 sepultura:
985 4314 1099 4383 ejus
1125 4314 1297 4370 locum
1320 4317 1627 4382 veheretur,
1652 4326 1802 4386 pater
1830 4316 2114 4387 impatien-

531 4400 599 4453 εἰς
624 4401 824 4456 amoris
854 4401 1072 4470 aﬂ'ectu,
1103 4405 1350 4460 exstincti
1375 4407 1607 4478 gelidum
1636 4407 1743 4461 nati
1771 4421 1965 4475 corpus
1995 4423 2111 4460 am-

525 4483 789 4562 plexatur,
823 4494 1116 4565 oculosque
1159 4512 1222 4551 ac
1268 4498 1468 4552 vultum
1516 4515 1730 4555 onmem
1791 4498 2006 4569 irriguis
2037 4499 2110 4552 la-

525 4583 727 4652 crymis
789 4582 1146 4648 humectans,
1195 4585 1367 4640 locmn
1411 4603 1622 4642 omnem
1667 4589 1869 4643 amaris
1925 4589 2111 4657 implet

527 4670 875 4726 clamoribus.
921 4671 1066 4726 inter
1094 4690 1229 4744 quos
1268 4675 1574 4731 insolubiles
1606 4680 1866 4750 gemitus,
1905 4679 2111 4734 crebris

529 4763 751 4820 vocibus
777 4776 1017 4820 sanctam
1041 4767 1132 4820 Dei
1163 4779 1452 4839 martyrem
1479 4769 1662 4825 Fidem
1689 4772 1907 4835 clamat,
1936 4788 1999 4826 ac
2024 4771 2105 4825 la-

528 4858 792 4926 crymosis
813 4860 1282 4915 obsecrationibus
1309 4872 1366 4915 ut
1390 4863 1489 4918 sibi
1521 4862 1687 4918 filium
1723 4864 1910 4919 reddat
1949 4875 2029 4919 ter
2055 4873 2108 4918 et

529 4959 721 5016 quater
745 4951 1039 5020 ingeminat
1065 4954 1283 5017 dicens;

535 5055 553 5089 ι
597 5037 756 5110 Virgo
785 5042 964 5108 Fides,
994 5044 1185 5099 dilecta
1215 5046 1342 5108 Deo,
1372 5045 1458 5099 lux
1488 5046 1686 5118 inclyta
1715 5049 1932 5113 mundi,

601 5131 873 5185 Auxilium
897 5135 1112 5191 miseris
1148 5152 1267 5207 qua:
1297 5137 1400 5190 cita
1431 5137 1573 5192 l'errc
1601 5138 1764 5203 soles,

529 5220 794 5292 Supplieis
819 5227 1012 5278 exaudi
1044 5239 1250 5298 martyr
1277 5227 1614 5282 sanctissima
1650 5245 1854 5294 vocem,

599 5318 880 5388 Quamque
903 5329 1073 5389 potes,
1104 5337 1288 5391 posco,
1316 5322 1465 5378 defer
1487 5339 1642 5393 opem
1675 5323 1892 5378 misero.

529 5410 747 5467 Munere
779 5428 936 5467 nemo
968 5424 1077 5479 tuo,
1107 5417 1258 5488 petiit
1279 5417 1321 5470 si
1349 5416 1487 5474 forte
1520 5429 1766 5482 coactus,

602 5503 858 5559 Discessit
888 5519 1108 5587 vacuus,
1140 5517 1190 5560 te
1222 5509 1506 5574 retinente,
1542 5525 1753 5563 manus.

525 5595 700 5651 Credo
725 5597 964 5665 quidem.
997 5612 1169 5666 neque
1199 5615 1327 5654 vana
1358 5601 1489 5654 lides
1509 5641 1522 5664 ,
1550 5611 1600 5656 te
1624 5618 1779 5671 posse
1809 5601 1949 5672 quod
1979 5610 2105 5670 apto

599 5686 823 5741 Coelitus
854 5705 880 5740 a
915 5687 1142 5742 Domino
1171 5691 1534 5758 promeruisse
1573 5700 1680 5745 tuo.

533 5771 732 5834 Unicus
759 5792 882 5832 ecce
913 5777 1039 5834 mihi
1074 5787 1252 5847 natus,
1286 5796 1401 5835 mea
1427 5781 1537 5857 sola
1569 5782 1826 5852 voluptas,

2209 3306 2388 3361 mandi
2409 3304 2628 3376 juvenis
2656 3303 2826 3374 gratia
2857 3314 3136 3369 venerant,
3189 3304 3422 3374 regressi
3459 3306 3525 3360 ad
3555 3306 3802 3375 propria,

2207 3411 2362 3472 pater
2413 3379 2688 3471 posthumi
2740 3399 2832 3454 lilii
2885 3415 2950 3452 ac
2984 3398 3175 3469 reliqui
3221 3398 3636 3454 contubernales
3671 3400 3805 3454 dili-

2209 3492 2354 3562 genti
2387 3491 2763 3562 persecutione
2789 3490 2875 3546 die
2900 3491 3134 3561 quadam
3161 3491 3229 3546 ab
3265 3505 3330 3546 eo
3373 3492 3642 3548 sciscitari
3675 3501 3802 3547 stu—

2211 3583 2466 3646 duerunt,
2492 3581 2621 3652 quid
2650 3583 2749 3636 sibi
2783 3581 2956 3636 visum
3005 3579 3182 3636 fuerat
3229 3581 3335 3636 illis
3385 3597 3576 3637 novem
3603 3583 3805 3638 diebus

2210 3673 2406 3743 quibus
2429 3674 2480 3728 in
2503 3688 2727 3729 excessu
2757 3673 2950 3728 animm
2980 3672 3185 3742 positus
3236 3673 3392 3743 quasi
3438 3685 3684 3730 mortuus
3713 3676 3803 3746 ja-

2211 3771 2422 3828 cuerat,
2451 3779 2515 3818 ac
2545 3764 2816 3833 quomodo
2840 3763 2924 3819 vel
2969 3761 3126 3829 cujus
3158 3763 3382 3828 auxilio,
3417 3764 3484 3819 ad
3531 3764 3805 3834 sepelien-

2211 3856 2335 3908 duai
2359 3854 2696 3922 postmodum
2730 3853 2962 3919 delatus,
3001 3855 3067 3909 ad
3115 3854 3306 3909 vitales
3333 3870 3496 3909 auras
3540 3857 3803 3911 redierat.

2212 3947 2282 4001 At
2336 3946 2424 4000 ille
2481 3946 2656 4001 adhuc
2690 3946 3011 4015 trepidantia
3065 3956 3283 4015 pectora
3329 3960 3544 4015 gerens,
3575 3946 3645 4001 ab
3690 3946 3805 4002 imo

2212 4037 2405 4106 spiritu
2441 4036 2598 4107 longa
2649 4037 2879 4106 suspiria
2935 4038 3160 4103 ducens,
3217 4037 3298 4092 sic
3351 4037 3807 4106 percontantibus

2214 4141 2454 4185 actutum
2487 4131 2814 4200 respondere
2840 4145 3069 4185 exorsus
3097 4139 3182 4185 est
3205 4149 3268 4185 τι(
3314 4130 3382 4186 Ut
3420 4139 3614 4185 uetera
3656 4147 3808 4186 nunc

2215 4222 2282 4276 ad
2309 4236 2552 4292 liirmsens
2573 4220 2786 4276 silentio
2812 4231 3200 4290 prietereantnr
3225 4236 3345 4290 qum
3395 4220 3524 4296 mihi
3559 4221 3667 4274 (ine
3699 4223 3806 4274 sub

2201 4326 2460 4372 extremo
2483 4315 2828 4386 contigerint,
2860 4315 3164 4370 certissimo
3191 4324 3239 4368 et
3267 4315 3384 4368 sine
3415 4309 3572 4367 ullius
3597 4311 3804 4367 falsita-

2218 4411 2285 4464 tis
2323 4410 2575 4480 ambiguo
2606 4407 2752 4463 brevi
2792 4407 3048 4476 expedire
3080 4423 3185 4461 non
3216 4404 3481 4462 diﬂeram.
3509 4406 3806 4476 Corporeis

2218 4502 2447 4557 vinculis
2472 4501 2700 4570 spiritus
2729 4515 2881 4555 meus
2929 4499 3218 4565 resolutus,
3268 4501 3558 4555 teterrimis
3585 4501 3808 4570 quibus-

2215 4593 2337 4648 dam
2367 4591 2633 4646 ministris
2664 4590 2915 4651 traditur,
2941 4606 3170 4659 quorum
3202 4591 3577 4646 crudelissimo
3602 4592 3803 4645 ducatu

2215 4685 2280 4739 ad
2314 4684 2521 4739 hiatum
2549 4696 2720 4752 usque
2769 4681 3063 4736 vastissimi
3116 4681 3399 4751 praecipitii
3442 4681 3800 4752 protrahitur.

2213 4777 2268 4831 In
2301 4773 2459 4843 cujus
2483 4775 2760 4830 horridam
2789 4772 3100 4843 voraginem
3132 4772 3269 4827 dum
3281 4771 3356 4840 jat
3375 4773 3477 4826 tari
3522 4773 3804 4828 inenarra-

2210 4870 2303 4925 bili
2333 4877 2478 4923 metu
2510 4867 2857 4922 formidarem
2893 4865 3142 4936 (eloquar
3163 4881 3230 4920 an
3260 4865 3446 4921 sileam
3461 4866 3527 4934 7),
3562 4880 3692 4921 ecce
3722 4867 3804 4920 \ir

2207 4957 2626 5030 Splendidissimi
2658 4958 2872 5012 decoris
2911 4957 3165 5023 advenit,
3193 4973 3353 5026 quem
3380 4959 3461 5028 (ut
3501 4965 3687 5026 postea
3714 4956 3795 5010 di-

2207 5052 2336 5123 dici)
2366 5049 2602 5122 paradisi
2639 5048 2984 5119 praapositum
3014 5047 3178 5104 fuisse
3203 5047 3520 5102 Michaelem
3565 5046 3803 5102 archani.-

2210 5141 2386 5212 gelnm
2431 5139 2636 5210 liquido
2683 5139 2876 5208 patuit.
2905 5137 3070 5208 Cujus
3119 5137 3310 5207 placidi
3365 5137 3575 5192 itineris
3602 5137 3803 5207 glorio»

2215 5233 2430 5288 sissima
2457 5231 2609 5302 virgo
2641 5228 2798 5284 Fides
2829 5244 3014 5284 comes
3061 5229 3264 5292 astitit;
3307 5243 3429 5298 quze
3472 5242 3636 5297 super
3669 5227 3802 5282 solis

2207 5323 2372 5392 jubar
2399 5321 2670 5377 emicabat
2695 5319 2984 5390 splendore
3032 5319 3289 5374 mirabili.
3343 5317 3442 5373 llic
3475 5334 3604 5372 vero
3635 5317 3802 5374 coelo-

2225 5431 2342 5467 rnm
2376 5413 2716 5484 praepositus,
2755 5420 2814 5464 ut
2851 5425 3000 5464 more
3029 5411 3346 5465 carnificum
3381 5425 3476 5464 eos
3503 5410 3698 5479 quibus
3732 5410 3802 5464 ad

2219 5505 2578 5574 torquendum
2631 5502 2919 5572 deputatus
2969 5517 3121 5556 cram
3177 5501 3455 5570 conspexit
3490 5503 3542 5554 in
3574 5503 3798 5556 verbera

2215 5615 2329 5654 mea
2363 5585 2835 5652 irremediabiliter
2874 5595 3095 5661 furere;
3137 5616 3153 5646 ‹
3195 5595 3354 5663 Quid,
3394 5595 3636 5664 inquam,
3683 5609 3796 5647 nia-

2221 5709 2238 5742 r
2285 5690 2457 5745 lorum
2499 5688 2760 5751 artiﬁces,
2795 5688 2844 5740 in
2877 5685 3036 5754 hujus
3082 5687 3273 5743 tironis
3323 5697 3594 5741 tormenta
3651 5696 3797 5740 tanta

2222 5804 2238 5836 ι
2287 5781 2554 5838 dcsa-vitis
2608 5778 2970 5836 crudelitate?
3017 5779 3156 5846 Quid
3210 5779 3446 5834 animam
3479 5795 3538 5843 ,ει
3585 5789 3796 5834 summo
