  <div class='ocr_page' id='page_1' title='image "/cluster/home/n/w/nwhite01/storage/ocr_20150623/141/hvd.32044015471790/084.png"; bbox 0 0 4032 5416; ppageno 0'>
   <div class='ocr_carea' id='block_1_1' title="bbox 221 330 2457 403">
    <p class='ocr_par' dir='ltr' id='par_1_1' title="bbox 221 330 2457 403">
     <span class='ocr_line' id='line_1_1' title="bbox 221 330 2457 403; baseline 0.008 -19"><span class='ocrx_word' id='word_1_1' title='bbox 221 330 312 385; x_wconf 74' lang='grc'><strong>157</strong></span> <span class='ocrx_word' id='word_1_2' title='bbox 1269 337 1396 393; x_wconf 81' lang='lat' dir='ltr'><strong>LIB.</strong></span> <span class='ocrx_word' id='word_1_3' title='bbox 1438 340 1526 396; x_wconf 85' lang='lat' dir='ltr'><strong>DE</strong></span> <span class='ocrx_word' id='word_1_4' title='bbox 1548 339 1919 396; x_wconf 63' lang='lat' dir='ltr'><strong>MIRMIITLIS</strong></span> <span class='ocrx_word' id='word_1_5' title='bbox 1941 342 2230 400; x_wconf 71' lang='lat' dir='ltr'><strong>SANC&#39;I‘:£</strong></span> <span class='ocrx_word' id='word_1_6' title='bbox 2265 346 2457 403; x_wconf 80' lang='lat' dir='ltr'><strong>FlUlS.</strong></span> 
     </span>
    </p>
   </div>
   <div class='ocr_carea' id='block_1_2' title="bbox 3365 353 3470 412">
    <p class='ocr_par' dir='ltr' id='par_1_2' title="bbox 3365 353 3470 412">
     <span class='ocr_line' id='line_1_2' title="bbox 3365 353 3470 412; baseline 0.01 -2"><span class='ocrx_word' id='word_1_7' title='bbox 3365 353 3470 412; x_wconf 70' lang='lat'><strong>158</strong></span> 
     </span>
    </p>
   </div>
   <div class='ocr_carea' id='block_1_3' title="bbox 221 429 3473 535">
    <p class='ocr_par' dir='ltr' id='par_1_3' title="bbox 221 429 3473 535">
     <span class='ocr_line' id='line_1_3' title="bbox 221 429 3473 535; baseline 0.008 -37"><span class='ocrx_word' id='word_1_8' title='bbox 221 468 239 498; x_wconf 71' lang='grc' dir='ltr'>ι</span> <span class='ocrx_word' id='word_1_9' title='bbox 284 449 389 502; x_wconf 89' lang='lat' dir='ltr'><strong>Deo</strong></span> <span class='ocrx_word' id='word_1_10' title='bbox 424 429 666 502; x_wconf 64' lang='lat' dir='ltr'><strong>creatam</strong></span> <span class='ocrx_word' id='word_1_11' title='bbox 697 447 959 515; x_wconf 83' lang='lat' dir='ltr'><strong>perditum</strong></span> <span class='ocrx_word' id='word_1_12' title='bbox 1008 449 1095 504; x_wconf 80' lang='lat' dir='ltr'><strong>itis</strong></span> <span class='ocrx_word' id='word_1_13' title='bbox 1143 451 1347 520; x_wconf 74' lang='lat' dir='ltr'><strong>absque</strong></span> <span class='ocrx_word' id='word_1_14' title='bbox 1402 453 1506 508; x_wconf 86' lang='lat' dir='ltr'><strong>ulla</strong></span> <span class='ocrx_word' id='word_1_15' title='bbox 1563 455 1789 508; x_wconf 88' lang='lat' dir='ltr'><strong>misera-</strong></span> <span class='ocrx_word' id='word_1_16' title='bbox 1820 462 1864 516; x_wconf 82' lang='grc' dir='ltr'><strong>Α</strong></span> <span class='ocrx_word' id='word_1_17' title='bbox 1895 457 1960 511; x_wconf 89' lang='lat' dir='ltr'><strong>ad</strong></span> <span class='ocrx_word' id='word_1_18' title='bbox 1993 460 2260 513; x_wconf 81' lang='lat' dir='ltr'><strong>exteriora</strong></span> <span class='ocrx_word' id='word_1_19' title='bbox 2291 471 2599 528; x_wconf 81' lang='lat' dir='ltr'><strong>penetrans,</strong></span> <span class='ocrx_word' id='word_1_20' title='bbox 2641 461 2828 518; x_wconf 80' lang='lat' dir='ltr'><strong>ferreis</strong></span> <span class='ocrx_word' id='word_1_21' title='bbox 2862 463 3126 535; x_wconf 71' lang='lat' dir='ltr'><strong>repagulis</strong></span> <span class='ocrx_word' id='word_1_22' title='bbox 3170 466 3241 520; x_wconf 90' lang='lat' dir='ltr'><strong>ita</strong></span> <span class='ocrx_word' id='word_1_23' title='bbox 3273 483 3300 521; x_wconf 86' lang='lat' dir='ltr'><strong>a</strong></span> <span class='ocrx_word' id='word_1_24' title='bbox 3337 466 3473 524; x_wconf 81' lang='lat' dir='ltr'><strong>furis</strong></span> 
     </span>
    </p>
   </div>
   <div class='ocr_carea' id='block_1_4' title="bbox 222 538 1786 610">
    <p class='ocr_par' dir='ltr' id='par_1_4' title="bbox 222 538 1786 610">
     <span class='ocr_line' id='line_1_4' title="bbox 222 538 1786 610; baseline 0.006 -21"><span class='ocrx_word' id='word_1_25' title='bbox 222 559 238 589; x_wconf 78' lang='grc' dir='ltr'>ι</span> <span class='ocrx_word' id='word_1_26' title='bbox 283 540 470 593; x_wconf 83' lang='lat' dir='ltr'><strong>tione?</strong></span> <span class='ocrx_word' id='word_1_27' title='bbox 497 538 672 594; x_wconf 87' lang='lat' dir='ltr'><strong>Sinite</strong></span> <span class='ocrx_word' id='word_1_28' title='bbox 690 540 803 609; x_wconf 89' lang='lat' dir='ltr'><strong>jam</strong></span> <span class='ocrx_word' id='word_1_29' title='bbox 829 556 966 594; x_wconf 87' lang='lat' dir='ltr'><strong>nunc</strong></span> <span class='ocrx_word' id='word_1_30' title='bbox 989 541 1056 594; x_wconf 89' lang='lat' dir='ltr'><strong>ab</strong></span> <span class='ocrx_word' id='word_1_31' title='bbox 1095 540 1210 610; x_wconf 80' lang='lat' dir='ltr'><strong>ejus</strong></span> <span class='ocrx_word' id='word_1_32' title='bbox 1251 546 1399 610; x_wconf 70' lang='lat' dir='ltr'><strong>gravi</strong></span> <span class='ocrx_word' id='word_1_33' title='bbox 1438 545 1786 609; x_wconf 82' lang='lat' dir='ltr'><strong>laceratione,</strong></span> 
     </span>
    </p>
   </div>
   <div class='ocr_carea' id='block_1_5' title="bbox 220 623 1788 707">
    <p class='ocr_par' dir='ltr' id='par_1_5' title="bbox 220 623 1788 707">
     <span class='ocr_line' id='line_1_5' title="bbox 220 623 1788 707; baseline 0.006 -27"><span class='ocrx_word' id='word_1_34' title='bbox 220 650 238 681; x_wconf 73' lang='grc' dir='ltr'>ι</span> <span class='ocrx_word' id='word_1_35' title='bbox 277 630 423 698; x_wconf 88' lang='lat' dir='ltr'><strong>quia,</strong></span> <span class='ocrx_word' id='word_1_36' title='bbox 454 630 565 683; x_wconf 90' lang='lat' dir='ltr'><strong>Deo</strong></span> <span class='ocrx_word' id='word_1_37' title='bbox 590 623 952 699; x_wconf 81' lang='lat' dir='ltr'><strong>permittente,</strong></span> <span class='ocrx_word' id='word_1_38' title='bbox 984 647 1078 699; x_wconf 88' lang='lat' dir='ltr'><strong>per</strong></span> <span class='ocrx_word' id='word_1_39' title='bbox 1103 636 1788 707; x_wconf 78' lang='lat' dir='ltr'><strong>sanctissimamvirginem</strong></span> 
     </span>
    </p>
   </div>
   <div class='ocr_carea' id='block_1_6' title="bbox 222 725 1791 796">
    <p class='ocr_par' dir='ltr' id='par_1_6' title="bbox 222 725 1791 796">
     <span class='ocr_line' id='line_1_6' title="bbox 222 725 1791 796; baseline 0.002 -20"><span class='ocrx_word' id='word_1_40' title='bbox 222 746 239 775; x_wconf 73' lang='grc' dir='ltr'>α</span> <span class='ocrx_word' id='word_1_41' title='bbox 282 726 419 780; x_wconf 90' lang='lat' dir='ltr'><strong>hanc</strong></span> <span class='ocrx_word' id='word_1_42' title='bbox 450 725 640 780; x_wconf 81' lang='lat' dir='ltr'><strong>Fidem</strong></span> <span class='ocrx_word' id='word_1_43' title='bbox 671 727 888 796; x_wconf 90' lang='lat' dir='ltr'><strong>proprio</strong></span> <span class='ocrx_word' id='word_1_44' title='bbox 916 726 1232 780; x_wconf 83' lang='lat' dir='ltr'><strong>refundetur</strong></span> <span class='ocrx_word' id='word_1_45' title='bbox 1255 727 1307 779; x_wconf 92' lang='lat' dir='ltr'><strong>in</strong></span> <span class='ocrx_word' id='word_1_46' title='bbox 1334 740 1589 794; x_wconf 87' lang='lat' dir='ltr'><strong>corpore,</strong></span> <span class='ocrx_word' id='word_1_47' title='bbox 1629 743 1660 779; x_wconf 89' lang='lat' dir='ltr'><strong>a</strong></span> <span class='ocrx_word' id='word_1_48' title='bbox 1699 741 1791 779; x_wconf 84' lang='lat' dir='ltr'><strong>ve-</strong></span> 
     </span>
    </p>
   </div>
   <div class='ocr_carea' id='block_1_7' title="bbox 221 815 1789 886">
    <p class='ocr_par' dir='ltr' id='par_1_7' title="bbox 221 815 1789 886">
     <span class='ocr_line' id='line_1_7' title="bbox 221 815 1789 886; baseline 0.001 -19"><span class='ocrx_word' id='word_1_49' title='bbox 221 837 238 866; x_wconf 76' lang='grc' dir='ltr'><strong><em>ι</em></strong></span> <span class='ocrx_word' id='word_1_50' title='bbox 278 825 385 868; x_wconf 86' lang='lat' dir='ltr'><strong>stra</strong></span> <span class='ocrx_word' id='word_1_51' title='bbox 417 826 611 885; x_wconf 89' lang='lat' dir='ltr'><strong>erepta</strong></span> <span class='ocrx_word' id='word_1_52' title='bbox 644 826 928 886; x_wconf 79' lang='lat' dir='ltr'><strong>potestate.</strong></span> <span class='ocrx_word' id='word_1_53' title='bbox 964 835 982 867; x_wconf 73' lang='grc' dir='ltr'><strong>ι</strong></span> <span class='ocrx_word' id='word_1_54' title='bbox 1035 816 1117 870; x_wconf 79' lang='lat' dir='ltr'><strong>Ad</strong></span> <span class='ocrx_word' id='word_1_55' title='bbox 1166 815 1306 869; x_wconf 89' lang='lat' dir='ltr'><strong>hanc</strong></span> <span class='ocrx_word' id='word_1_56' title='bbox 1334 830 1521 868; x_wconf 85' lang='lat' dir='ltr'><strong>vocem</strong></span> <span class='ocrx_word' id='word_1_57' title='bbox 1566 815 1789 868; x_wconf 89' lang='lat' dir='ltr'><strong>tartarei</strong></span> 
     </span>
    </p>
   </div>
   <div class='ocr_carea' id='block_1_8' title="bbox 219 906 1789 976">
    <p class='ocr_par' dir='ltr' id='par_1_8' title="bbox 219 906 1789 976">
     <span class='ocr_line' id='line_1_8' title="bbox 219 906 1789 976; baseline -0.001 -15"><span class='ocrx_word' id='word_1_58' title='bbox 219 909 439 962; x_wconf 77' lang='lat' dir='ltr'><strong>ttllltiSlri</strong></span> <span class='ocrx_word' id='word_1_59' title='bbox 476 907 804 963; x_wconf 82' lang='lat' dir='ltr'><strong>intolerabili</strong></span> <span class='ocrx_word' id='word_1_60' title='bbox 834 906 1120 962; x_wconf 80' lang='lat' dir='ltr'><strong>formidine</strong></span> <span class='ocrx_word' id='word_1_61' title='bbox 1147 907 1404 976; x_wconf 87' lang='lat' dir='ltr'><strong>correpti,</strong></span> <span class='ocrx_word' id='word_1_62' title='bbox 1429 921 1622 960; x_wconf 90' lang='lat' dir='ltr'><strong>manus</strong></span> <span class='ocrx_word' id='word_1_63' title='bbox 1643 921 1789 961; x_wconf 83' lang='lat' dir='ltr'><strong>sem-</strong></span> 
     </span>
    </p>
   </div>
   <div class='ocr_carea' id='block_1_9' title="bbox 218 997 1792 1070">
    <p class='ocr_par' dir='ltr' id='par_1_9' title="bbox 218 997 1792 1070">
     <span class='ocr_line' id='line_1_9' title="bbox 218 997 1792 1070; baseline -0.001 -18"><span class='ocrx_word' id='word_1_64' title='bbox 218 1017 304 1068; x_wconf 79' lang='lat' dir='ltr'><strong>per</strong></span> <span class='ocrx_word' id='word_1_65' title='bbox 336 999 388 1054; x_wconf 92' lang='lat' dir='ltr'><strong>in</strong></span> <span class='ocrx_word' id='word_1_66' title='bbox 437 999 644 1053; x_wconf 89' lang='lat' dir='ltr'><strong>malum</strong></span> <span class='ocrx_word' id='word_1_67' title='bbox 691 1015 889 1070; x_wconf 85' lang='lat' dir='ltr'><strong>pronas</strong></span> <span class='ocrx_word' id='word_1_68' title='bbox 919 999 1323 1063; x_wconf 88' lang='lat' dir='ltr'><strong>continuerunt,</strong></span> <span class='ocrx_word' id='word_1_69' title='bbox 1374 997 1792 1065; x_wconf 64' lang='lat' dir='ltr'><strong>coalescibusque</strong></span> 
     </span>
    </p>
   </div>
   <div class='ocr_carea' id='block_1_10' title="bbox 221 1092 1792 1164">
    <p class='ocr_par' dir='ltr' id='par_1_10' title="bbox 221 1092 1792 1164">
     <span class='ocr_line' id='line_1_10' title="bbox 221 1092 1792 1164; baseline 0.001 -20"><span class='ocrx_word' id='word_1_70' title='bbox 221 1093 409 1148; x_wconf 85' lang='lat' dir='ltr'><strong>muniis</strong></span> <span class='ocrx_word' id='word_1_71' title='bbox 437 1093 662 1148; x_wconf 83' lang='lat' dir='ltr'><strong>insolito</strong></span> <span class='ocrx_word' id='word_1_72' title='bbox 685 1095 874 1149; x_wconf 91' lang='lat' dir='ltr'><strong>timore</strong></span> <span class='ocrx_word' id='word_1_73' title='bbox 919 1095 1254 1150; x_wconf 85' lang='lat' dir='ltr'><strong>tremebundi</strong></span> <span class='ocrx_word' id='word_1_74' title='bbox 1303 1101 1613 1164; x_wconf 89' lang='lat' dir='ltr'><strong>paruerunt.</strong></span> <span class='ocrx_word' id='word_1_75' title='bbox 1681 1092 1792 1147; x_wconf 83' lang='lat' dir='ltr'><strong>Nec</strong></span> 
     </span>
    </p>
   </div>
   <div class='ocr_carea' id='block_1_11' title="bbox 218 1183 1793 1254">
    <p class='ocr_par' dir='ltr' id='par_1_11' title="bbox 218 1183 1793 1254">
     <span class='ocr_line' id='line_1_11' title="bbox 218 1183 1793 1254; baseline -0.001 -17"><span class='ocrx_word' id='word_1_76' title='bbox 218 1201 377 1247; x_wconf 75' lang='lat' dir='ltr'><strong>nmra,</strong></span> <span class='ocrx_word' id='word_1_77' title='bbox 403 1183 724 1240; x_wconf 85' lang='lat' dir='ltr'><strong>felicissima</strong></span> <span class='ocrx_word' id='word_1_78' title='bbox 751 1187 901 1253; x_wconf 73' lang='lat' dir='ltr'><strong>virgo</strong></span> <span class='ocrx_word' id='word_1_79' title='bbox 928 1186 1088 1240; x_wconf 79' lang='lat' dir='ltr'><strong>Fides</strong></span> <span class='ocrx_word' id='word_1_80' title='bbox 1119 1186 1332 1240; x_wconf 83' lang='lat' dir='ltr'><strong>concito</strong></span> <span class='ocrx_word' id='word_1_81' title='bbox 1359 1186 1558 1254; x_wconf 91' lang='lat' dir='ltr'><strong>impetu</strong></span> <span class='ocrx_word' id='word_1_82' title='bbox 1588 1184 1793 1238; x_wconf 86' lang='lat' dir='ltr'><strong>medios</strong></span> 
     </span>
    </p>
   </div>
   <div class='ocr_carea' id='block_1_12' title="bbox 220 1275 1790 1347">
    <p class='ocr_par' dir='ltr' id='par_1_12' title="bbox 220 1275 1790 1347">
     <span class='ocr_line' id='line_1_12' title="bbox 220 1275 1790 1347; baseline -0.001 -18"><span class='ocrx_word' id='word_1_83' title='bbox 220 1287 469 1331; x_wconf 84' lang='lat' dir='ltr'><strong>tortorum</strong></span> <span class='ocrx_word' id='word_1_84' title='bbox 501 1293 709 1333; x_wconf 87' lang='lat' dir='ltr'><strong>cuneos</strong></span> <span class='ocrx_word' id='word_1_85' title='bbox 731 1278 906 1342; x_wconf 87' lang='lat' dir='ltr'><strong>irruit,</strong></span> <span class='ocrx_word' id='word_1_86' title='bbox 935 1278 1282 1347; x_wconf 88' lang='lat' dir='ltr'><strong>animamque</strong></span> <span class='ocrx_word' id='word_1_87' title='bbox 1310 1292 1483 1331; x_wconf 89' lang='lat' dir='ltr'><strong>meam</strong></span> <span class='ocrx_word' id='word_1_88' title='bbox 1509 1275 1577 1330; x_wconf 88' lang='lat' dir='ltr'><strong>ab</strong></span> <span class='ocrx_word' id='word_1_89' title='bbox 1603 1291 1790 1330; x_wconf 89' lang='lat' dir='ltr'><strong>eorum</strong></span> 
     </span>
    </p>
   </div>
   <div class='ocr_carea' id='block_1_13' title="bbox 221 1366 1791 1437">
    <p class='ocr_par' dir='ltr' id='par_1_13' title="bbox 221 1366 1791 1437">
     <span class='ocr_line' id='line_1_13' title="bbox 221 1366 1791 1437; baseline -0.001 -18"><span class='ocrx_word' id='word_1_90' title='bbox 221 1368 457 1422; x_wconf 78' lang='lat' dir='ltr'><strong>inanibus</strong></span> <span class='ocrx_word' id='word_1_91' title='bbox 493 1368 761 1424; x_wconf 76' lang='lat' dir='ltr'><strong>violenter</strong></span> <span class='ocrx_word' id='word_1_92' title='bbox 789 1369 1085 1434; x_wconf 72' lang='lat' dir='ltr'><strong>abstraxit;</strong></span> <span class='ocrx_word' id='word_1_93' title='bbox 1123 1379 1286 1436; x_wconf 89' lang='lat' dir='ltr'><strong>atque</strong></span> <span class='ocrx_word' id='word_1_94' title='bbox 1329 1369 1400 1422; x_wconf 89' lang='lat' dir='ltr'><strong>ita</strong></span> <span class='ocrx_word' id='word_1_95' title='bbox 1433 1366 1646 1437; x_wconf 87' lang='lat' dir='ltr'><strong>corpori</strong></span> <span class='ocrx_word' id='word_1_96' title='bbox 1692 1366 1791 1418; x_wconf 80' lang='lat' dir='ltr'><strong>hu-</strong></span> 
     </span>
    </p>
   </div>
   <div class='ocr_carea' id='block_1_14' title="bbox 221 1455 1794 1523">
    <p class='ocr_par' dir='ltr' id='par_1_14' title="bbox 221 1455 1794 1523">
     <span class='ocr_line' id='line_1_14' title="bbox 221 1455 1794 1523; baseline -0.002 -11"><span class='ocrx_word' id='word_1_97' title='bbox 221 1474 298 1513; x_wconf 73' lang='lat' dir='ltr'><strong>nio</strong></span> <span class='ocrx_word' id='word_1_98' title='bbox 325 1459 613 1523; x_wconf 84' lang='lat' dir='ltr'><strong>tradendo,</strong></span> <span class='ocrx_word' id='word_1_99' title='bbox 645 1460 786 1514; x_wconf 86' lang='lat' dir='ltr'><strong>sicut</strong></span> <span class='ocrx_word' id='word_1_100' title='bbox 815 1461 1006 1523; x_wconf 86' lang='lat' dir='ltr'><strong>nostis,</strong></span> <span class='ocrx_word' id='word_1_101' title='bbox 1038 1459 1362 1514; x_wconf 88' lang='lat' dir='ltr'><strong>mirabiliter</strong></span> <span class='ocrx_word' id='word_1_102' title='bbox 1393 1457 1609 1512; x_wconf 89' lang='lat' dir='ltr'><strong>refudit.</strong></span> <span class='ocrx_word' id='word_1_103' title='bbox 1639 1455 1794 1510; x_wconf 83' lang='lat' dir='ltr'><strong>Post-</strong></span> 
     </span>
    </p>
   </div>
   <div class='ocr_carea' id='block_1_15' title="bbox 219 1548 1791 1618">
    <p class='ocr_par' dir='ltr' id='par_1_15' title="bbox 219 1548 1791 1618">
     <span class='ocr_line' id='line_1_15' title="bbox 219 1548 1791 1618; baseline -0.001 -17"><span class='ocrx_word' id='word_1_104' title='bbox 219 1565 367 1618; x_wconf 83' lang='lat' dir='ltr'><strong>quam</strong></span> <span class='ocrx_word' id='word_1_105' title='bbox 396 1565 531 1604; x_wconf 90' lang='lat' dir='ltr'><strong>vero</strong></span> <span class='ocrx_word' id='word_1_106' title='bbox 563 1549 724 1618; x_wconf 83' lang='lat' dir='ltr'><strong>hujus</strong></span> <span class='ocrx_word' id='word_1_107' title='bbox 759 1566 864 1604; x_wconf 90' lang='lat' dir='ltr'><strong>non</strong></span> <span class='ocrx_word' id='word_1_108' title='bbox 923 1559 1130 1604; x_wconf 87' lang='lat' dir='ltr'><strong>tantum</strong></span> <span class='ocrx_word' id='word_1_109' title='bbox 1171 1549 1395 1604; x_wconf 79' lang='lat' dir='ltr'><strong>visionis</strong></span> <span class='ocrx_word' id='word_1_110' title='bbox 1427 1564 1590 1618; x_wconf 86' lang='lat' dir='ltr'><strong>quam</strong></span> <span class='ocrx_word' id='word_1_111' title='bbox 1629 1548 1791 1602; x_wconf 82' lang='lat' dir='ltr'><strong>etiam</strong></span> 
     </span>
    </p>
   </div>
   <div class='ocr_carea' id='block_1_16' title="bbox 223 1627 1790 1710">
    <p class='ocr_par' dir='ltr' id='par_1_16' title="bbox 223 1627 1790 1710">
     <span class='ocr_line' id='line_1_16' title="bbox 223 1627 1790 1710; baseline -0.001 -16"><span class='ocrx_word' id='word_1_112' title='bbox 223 1641 288 1694; x_wconf 91' lang='lat' dir='ltr'><strong>rei</strong></span> <span class='ocrx_word' id='word_1_113' title='bbox 317 1650 480 1710; x_wconf 71' lang='lat' dir='ltr'><strong>gesta.-</strong></span> <span class='ocrx_word' id='word_1_114' title='bbox 507 1641 757 1694; x_wconf 89' lang='lat' dir='ltr'><strong>veritatis</strong></span> <span class='ocrx_word' id='word_1_115' title='bbox 783 1650 986 1695; x_wconf 71' lang='lat' dir='ltr'><strong>textum</strong></span> <span class='ocrx_word' id='word_1_116' title='bbox 1016 1641 1104 1694; x_wconf 86' lang='lat' dir='ltr'><strong>ille</strong></span> <span class='ocrx_word' id='word_1_117' title='bbox 1133 1640 1321 1694; x_wconf 80' lang='lat' dir='ltr'><strong>ordine</strong></span> <span class='ocrx_word' id='word_1_118' title='bbox 1343 1627 1424 1694; x_wconf 76' lang='lat' dir='ltr'><strong>est</strong></span> <span class='ocrx_word' id='word_1_119' title='bbox 1451 1648 1790 1707; x_wconf 79' lang='lat' dir='ltr'><strong>prosecutus,</strong></span> 
     </span>
    </p>
   </div>
   <div class='ocr_carea' id='block_1_17' title="bbox 221 1731 1793 1802">
    <p class='ocr_par' dir='ltr' id='par_1_17' title="bbox 221 1731 1793 1802">
     <span class='ocr_line' id='line_1_17' title="bbox 221 1731 1793 1802; baseline -0.001 -17"><span class='ocrx_word' id='word_1_120' title='bbox 221 1742 360 1802; x_wconf 86' lang='lat' dir='ltr'><strong>pater</strong></span> <span class='ocrx_word' id='word_1_121' title='bbox 387 1743 442 1786; x_wconf 83' lang='lat' dir='ltr'><strong>et</strong></span> <span class='ocrx_word' id='word_1_122' title='bbox 492 1732 659 1786; x_wconf 91' lang='lat' dir='ltr'><strong>vicini</strong></span> <span class='ocrx_word' id='word_1_123' title='bbox 712 1734 817 1787; x_wconf 87' lang='lat' dir='ltr'><strong>iter</strong></span> <span class='ocrx_word' id='word_1_124' title='bbox 863 1732 1154 1786; x_wconf 87' lang='lat' dir='ltr'><strong>instituunt</strong></span> <span class='ocrx_word' id='word_1_125' title='bbox 1200 1732 1266 1786; x_wconf 90' lang='lat' dir='ltr'><strong>ad</strong></span> <span class='ocrx_word' id='word_1_126' title='bbox 1318 1743 1559 1787; x_wconf 84' lang='lat' dir='ltr'><strong>sanctam</strong></span> <span class='ocrx_word' id='word_1_127' title='bbox 1605 1731 1793 1786; x_wconf 85' lang='lat' dir='ltr'><strong>Fidem</strong></span> 
     </span>
    </p>
   </div>
   <div class='ocr_carea' id='block_1_18' title="bbox 220 1823 790 1894">
    <p class='ocr_par' dir='ltr' id='par_1_18' title="bbox 220 1823 790 1894">
     <span class='ocr_line' id='line_1_18' title="bbox 220 1823 790 1894; baseline -0.002 -17"><span class='ocrx_word' id='word_1_128' title='bbox 220 1825 405 1894; x_wconf 80' lang='lat' dir='ltr'><strong>gratias</strong></span> <span class='ocrx_word' id='word_1_129' title='bbox 437 1823 732 1878; x_wconf 86' lang='lat' dir='ltr'><strong>reddituri.</strong></span> <span class='ocrx_word' id='word_1_130' title='bbox 770 1843 790 1876; x_wconf 72' lang='grc' dir='ltr'><strong><em>ι</em></strong></span> 
     </span>
    </p>
   </div>
   <div class='ocr_carea' id='block_1_19' title="bbox 789 1934 1197 1991">
    <p class='ocr_par' dir='ltr' id='par_1_19' title="bbox 789 1934 1197 1991">
     <span class='ocr_line' id='line_1_19' title="bbox 789 1934 1197 1991; baseline 0.002 -2"><span class='ocrx_word' id='word_1_131' title='bbox 789 1934 1016 1991; x_wconf 69' lang='lat' dir='ltr'><strong>CAPUT</strong></span> <span class='ocrx_word' id='word_1_132' title='bbox 1058 1936 1197 1990; x_wconf 75' lang='lat' dir='ltr'><strong>XIX.</strong></span> 
     </span>
    </p>
   </div>
   <div class='ocr_carea' id='block_1_20' title="bbox 225 2026 1792 2099">
    <p class='ocr_par' dir='ltr' id='par_1_20' title="bbox 225 2026 1792 2099">
     <span class='ocr_line' id='line_1_20' title="bbox 225 2026 1792 2099; baseline 0.001 -19"><span class='ocrx_word' id='word_1_133' title='bbox 225 2027 286 2081; x_wconf 83' lang='lat' dir='ltr'><strong>De</strong></span> <span class='ocrx_word' id='word_1_134' title='bbox 335 2026 662 2092; x_wconf 76' lang='lat' dir='ltr'><strong>Iiainmudo,</strong></span> <span class='ocrx_word' id='word_1_135' title='bbox 707 2028 795 2096; x_wconf 85' lang='lat' dir='ltr'><strong>qui</strong></span> <span class='ocrx_word' id='word_1_136' title='bbox 845 2047 876 2080; x_wconf 89' lang='lat' dir='ltr'><strong>a</strong></span> <span class='ocrx_word' id='word_1_137' title='bbox 927 2031 1260 2099; x_wconf 74' lang='lat' dir='ltr'><strong>compedibus</strong></span> <span class='ocrx_word' id='word_1_138' title='bbox 1305 2040 1558 2084; x_wconf 79' lang='lat' dir='ltr'><strong>elcalena</strong></span> <span class='ocrx_word' id='word_1_139' title='bbox 1589 2028 1792 2082; x_wconf 73' lang='lat' dir='ltr'><strong>solutus</strong></span> 
     </span>
    </p>
   </div>
   <div class='ocr_carea' id='block_1_21' title="bbox 957 2111 1054 2154">
    <p class='ocr_par' dir='ltr' id='par_1_21' title="bbox 957 2111 1054 2154">
     <span class='ocr_line' id='line_1_21' title="bbox 957 2111 1054 2154; baseline 0 0"><span class='ocrx_word' id='word_1_140' title='bbox 957 2111 1029 2154; x_wconf 70' lang='lat'><strong>£8!</strong></span> <span class='ocrx_word' id='word_1_141' title='bbox 1039 2138 1054 2154; x_wconf 79' lang='grc' dir='ltr'><strong>ο</strong></span> 
     </span>
    </p>
   </div>
   <div class='ocr_carea' id='block_1_22' title="bbox 280 2189 1792 2260">
    <p class='ocr_par' dir='ltr' id='par_1_22' title="bbox 280 2189 1792 2260">
     <span class='ocr_line' id='line_1_22' title="bbox 280 2189 1792 2260; baseline 0.001 -18"><span class='ocrx_word' id='word_1_142' title='bbox 280 2189 415 2245; x_wconf 80' lang='lat' dir='ltr'><strong>Pene</strong></span> <span class='ocrx_word' id='word_1_143' title='bbox 443 2191 574 2245; x_wconf 87' lang='lat' dir='ltr'><strong>huic</strong></span> <span class='ocrx_word' id='word_1_144' title='bbox 605 2192 784 2246; x_wconf 88' lang='lat' dir='ltr'><strong>simile</strong></span> <span class='ocrx_word' id='word_1_145' title='bbox 809 2193 983 2248; x_wconf 90' lang='lat' dir='ltr'><strong>adlmc</strong></span> <span class='ocrx_word' id='word_1_146' title='bbox 1027 2201 1080 2247; x_wconf 89' lang='lat' dir='ltr'><strong>et</strong></span> <span class='ocrx_word' id='word_1_147' title='bbox 1131 2192 1276 2247; x_wconf 84' lang='lat' dir='ltr'><strong>aliud</strong></span> <span class='ocrx_word' id='word_1_148' title='bbox 1322 2193 1521 2247; x_wconf 87' lang='lat' dir='ltr'><strong>calami</strong></span> <span class='ocrx_word' id='word_1_149' title='bbox 1553 2192 1792 2260; x_wconf 88' lang='lat' dir='ltr'><strong>deposcit</strong></span> 
     </span>
    </p>
   </div>
   <div class='ocr_carea' id='block_1_23' title="bbox 221 2282 1792 2354">
    <p class='ocr_par' dir='ltr' id='par_1_23' title="bbox 221 2282 1792 2354">
     <span class='ocr_line' id='line_1_23' title="bbox 221 2282 1792 2354; baseline 0 -20"><span class='ocrx_word' id='word_1_150' title='bbox 221 2282 473 2345; x_wconf 71' lang='lat' dir='ltr'><strong>udicium;</strong></span> <span class='ocrx_word' id='word_1_151' title='bbox 526 2284 674 2352; x_wconf 88' lang='lat' dir='ltr'><strong>quod</strong></span> <span class='ocrx_word' id='word_1_152' title='bbox 707 2285 831 2352; x_wconf 86' lang='lat' dir='ltr'><strong>quia</strong></span> <span class='ocrx_word' id='word_1_153' title='bbox 882 2285 1253 2354; x_wconf 76' lang='lat' dir='ltr'><strong>prodigialiter</strong></span> <span class='ocrx_word' id='word_1_154' title='bbox 1297 2285 1566 2338; x_wconf 89' lang='lat' dir='ltr'><strong>invenitur</strong></span> <span class='ocrx_word' id='word_1_155' title='bbox 1589 2294 1792 2346; x_wconf 90' lang='lat' dir='ltr'><strong>actum,</strong></span> 
     </span>
    </p>
   </div>
   <div class='ocr_carea' id='block_1_24' title="bbox 221 2373 1792 2428">
    <p class='ocr_par' dir='ltr' id='par_1_24' title="bbox 221 2373 1792 2428">
     <span class='ocr_line' id='line_1_24' title="bbox 221 2373 1792 2428; baseline 0.001 -4"><span class='ocrx_word' id='word_1_156' title='bbox 221 2383 402 2425; x_wconf 68' lang='lat' dir='ltr'><strong>aeterna</strong></span> <span class='ocrx_word' id='word_1_157' title='bbox 443 2373 716 2426; x_wconf 85' lang='lat' dir='ltr'><strong>memoria</strong></span> <span class='ocrx_word' id='word_1_158' title='bbox 741 2375 1052 2428; x_wconf 84' lang='lat' dir='ltr'><strong>censuimus</strong></span> <span class='ocrx_word' id='word_1_159' title='bbox 1092 2375 1490 2428; x_wconf 85' lang='lat' dir='ltr'><strong>celebrandum.</strong></span> <span class='ocrx_word' id='word_1_160' title='bbox 1531 2373 1792 2426; x_wconf 80' lang='lat' dir='ltr'><strong>Raimuu-</strong></span> 
     </span>
    </p>
   </div>
   <div class='ocr_carea' id='block_1_25' title="bbox 221 2464 1795 2534">
    <p class='ocr_par' dir='ltr' id='par_1_25' title="bbox 221 2464 1795 2534">
     <span class='ocr_line' id='line_1_25' title="bbox 221 2464 1795 2534; baseline 0.003 -20"><span class='ocrx_word' id='word_1_161' title='bbox 221 2465 331 2516; x_wconf 80' lang='lat' dir='ltr'><strong>dum</strong></span> <span class='ocrx_word' id='word_1_162' title='bbox 360 2478 456 2531; x_wconf 89' lang='lat' dir='ltr'><strong>pro</strong></span> <span class='ocrx_word' id='word_1_163' title='bbox 504 2464 674 2532; x_wconf 88' lang='lat' dir='ltr'><strong>inpie</strong></span> <span class='ocrx_word' id='word_1_164' title='bbox 725 2466 892 2534; x_wconf 78' lang='lat' dir='ltr'><strong>gestis</strong></span> <span class='ocrx_word' id='word_1_165' title='bbox 936 2465 1088 2518; x_wconf 90' lang='lat' dir='ltr'><strong>multi</strong></span> <span class='ocrx_word' id='word_1_166' title='bbox 1141 2475 1378 2519; x_wconf 88' lang='lat' dir='ltr'><strong>vestrum</strong></span> <span class='ocrx_word' id='word_1_167' title='bbox 1423 2475 1702 2520; x_wconf 88' lang='lat' dir='ltr'><strong>noverunt.</strong></span> <span class='ocrx_word' id='word_1_168' title='bbox 1739 2473 1795 2518; x_wconf 77' lang='lat' dir='ltr'><strong>et</strong></span> 
     </span>
    </p>
   </div>
   <div class='ocr_carea' id='block_1_26' title="bbox 223 2553 1792 2623">
    <p class='ocr_par' dir='ltr' id='par_1_26' title="bbox 223 2553 1792 2623">
     <span class='ocr_line' id='line_1_26' title="bbox 223 2553 1792 2623; baseline 0.001 -18"><span class='ocrx_word' id='word_1_169' title='bbox 223 2553 513 2623; x_wconf 83' lang='lat' dir='ltr'><strong>genealogia</strong></span> <span class='ocrx_word' id='word_1_170' title='bbox 543 2554 683 2607; x_wconf 88' lang='lat' dir='ltr'><strong>satis</strong></span> <span class='ocrx_word' id='word_1_171' title='bbox 710 2557 1059 2623; x_wconf 88' lang='lat' dir='ltr'><strong>spectandum</strong></span> <span class='ocrx_word' id='word_1_172' title='bbox 1087 2565 1140 2608; x_wconf 87' lang='lat' dir='ltr'><strong>et</strong></span> <span class='ocrx_word' id='word_1_173' title='bbox 1172 2555 1370 2609; x_wconf 89' lang='lat' dir='ltr'><strong>terreni</strong></span> <span class='ocrx_word' id='word_1_174' title='bbox 1399 2555 1623 2608; x_wconf 83' lang='lat' dir='ltr'><strong>lmnoris</strong></span> <span class='ocrx_word' id='word_1_175' title='bbox 1655 2555 1792 2608; x_wconf 84' lang='lat' dir='ltr'><strong>fastu</strong></span> 
     </span>
    </p>
   </div>
   <div class='ocr_carea' id='block_1_27' title="bbox 222 2645 1798 2716">
    <p class='ocr_par' dir='ltr' id='par_1_27' title="bbox 222 2645 1798 2716">
     <span class='ocr_line' id='line_1_27' title="bbox 222 2645 1798 2716; baseline 0.003 -20"><span class='ocrx_word' id='word_1_176' title='bbox 222 2646 514 2700; x_wconf 77' lang='lat' dir='ltr'><strong>subnixum.</strong></span> <span class='ocrx_word' id='word_1_177' title='bbox 546 2645 650 2700; x_wconf 84' lang='lat' dir='ltr'><strong>llic</strong></span> <span class='ocrx_word' id='word_1_178' title='bbox 673 2663 738 2700; x_wconf 83' lang='lat' dir='ltr'><strong>ex</strong></span> <span class='ocrx_word' id='word_1_179' title='bbox 767 2648 1102 2716; x_wconf 86' lang='lat' dir='ltr'><strong>castroquod</strong></span> <span class='ocrx_word' id='word_1_180' title='bbox 1136 2647 1286 2702; x_wconf 81' lang='lat' dir='ltr'><strong>Mons</strong></span> <span class='ocrx_word' id='word_1_181' title='bbox 1312 2647 1574 2702; x_wconf 87' lang='lat' dir='ltr'><strong>Pensatus</strong></span> <span class='ocrx_word' id='word_1_182' title='bbox 1598 2649 1798 2702; x_wconf 80' lang='lat' dir='ltr'><strong>dicitur</strong></span> 
     </span>
    </p>
   </div>
   <div class='ocr_carea' id='block_1_28' title="bbox 222 2735 1797 2808">
    <p class='ocr_par' dir='ltr' id='par_1_28' title="bbox 222 2735 1797 2808">
     <span class='ocr_line' id='line_1_28' title="bbox 222 2735 1797 2808; baseline 0.006 -24"><span class='ocrx_word' id='word_1_183' title='bbox 222 2735 461 2805; x_wconf 75' lang='lat' dir='ltr'><strong>originem</strong></span> <span class='ocrx_word' id='word_1_184' title='bbox 492 2737 726 2802; x_wconf 87' lang='lat' dir='ltr'><strong>ducens,</strong></span> <span class='ocrx_word' id='word_1_185' title='bbox 759 2745 968 2806; x_wconf 85' lang='lat' dir='ltr'><strong>patrem</strong></span> <span class='ocrx_word' id='word_1_186' title='bbox 993 2738 1178 2792; x_wconf 86' lang='lat' dir='ltr'><strong>habuit</strong></span> <span class='ocrx_word' id='word_1_187' title='bbox 1210 2738 1564 2806; x_wconf 79' lang='lat' dir='ltr'><strong>Bernarduut,</strong></span> <span class='ocrx_word' id='word_1_188' title='bbox 1605 2740 1797 2808; x_wconf 52' lang='lat' dir='ltr'><strong>praedi-</strong></span> 
     </span>
    </p>
   </div>
   <div class='ocr_carea' id='block_1_29' title="bbox 224 2825 1794 2899">
    <p class='ocr_par' dir='ltr' id='par_1_29' title="bbox 224 2825 1794 2899">
     <span class='ocr_line' id='line_1_29' title="bbox 224 2825 1794 2899; baseline 0.006 -25"><span class='ocrx_word' id='word_1_189' title='bbox 224 2825 284 2878; x_wconf 79' lang='lat' dir='ltr'><strong>cli</strong></span> <span class='ocrx_word' id='word_1_190' title='bbox 312 2827 470 2880; x_wconf 85' lang='lat' dir='ltr'><strong>castri</strong></span> <span class='ocrx_word' id='word_1_191' title='bbox 502 2827 746 2896; x_wconf 85' lang='lat' dir='ltr'><strong>primum</strong></span> <span class='ocrx_word' id='word_1_192' title='bbox 772 2838 826 2882; x_wconf 91' lang='lat' dir='ltr'><strong>et</strong></span> <span class='ocrx_word' id='word_1_193' title='bbox 854 2829 1168 2883; x_wconf 78' lang='lat' dir='ltr'><strong>tnaximum.</strong></span> <span class='ocrx_word' id='word_1_194' title='bbox 1207 2830 1272 2882; x_wconf 83' lang='lat' dir='ltr'><strong>Et</strong></span> <span class='ocrx_word' id='word_1_195' title='bbox 1311 2829 1437 2899; x_wconf 85' lang='lat' dir='ltr'><strong>quia</strong></span> <span class='ocrx_word' id='word_1_196' title='bbox 1478 2829 1794 2884; x_wconf 90' lang='lat' dir='ltr'><strong>Caturcensi</strong></span> 
     </span>
    </p>
   </div>
   <div class='ocr_carea' id='block_1_30' title="bbox 226 2917 1797 2988">
    <p class='ocr_par' dir='ltr' id='par_1_30' title="bbox 226 2917 1797 2988">
     <span class='ocr_line' id='line_1_30' title="bbox 226 2917 1797 2988; baseline 0.004 -21"><span class='ocrx_word' id='word_1_197' title='bbox 226 2917 326 2969; x_wconf 75' lang='lat' dir='ltr'><strong>urbi</strong></span> <span class='ocrx_word' id='word_1_198' title='bbox 357 2918 694 2988; x_wconf 86' lang='lat' dir='ltr'><strong>continguus</strong></span> <span class='ocrx_word' id='word_1_199' title='bbox 721 2927 862 2982; x_wconf 89' lang='lat' dir='ltr'><strong>erat,</strong></span> <span class='ocrx_word' id='word_1_200' title='bbox 889 2917 1128 2987; x_wconf 77' lang='lat' dir='ltr'><strong>ejusdem</strong></span> <span class='ocrx_word' id='word_1_201' title='bbox 1177 2919 1414 2974; x_wconf 79' lang='lat' dir='ltr'><strong>civitatis</strong></span> <span class='ocrx_word' id='word_1_202' title='bbox 1464 2920 1661 2974; x_wconf 90' lang='lat' dir='ltr'><strong>litteris</strong></span> <span class='ocrx_word' id='word_1_203' title='bbox 1703 2920 1797 2974; x_wconf 85' lang='lat' dir='ltr'><strong>im—</strong></span> 
     </span>
    </p>
   </div>
   <div class='ocr_carea' id='block_1_31' title="bbox 225 3008 1796 3072">
    <p class='ocr_par' dir='ltr' id='par_1_31' title="bbox 225 3008 1796 3072">
     <span class='ocr_line' id='line_1_31' title="bbox 225 3008 1796 3072; baseline 0.006 -15"><span class='ocrx_word' id='word_1_204' title='bbox 225 3008 446 3063; x_wconf 82' lang='lat' dir='ltr'><strong>buendus</strong></span> <span class='ocrx_word' id='word_1_205' title='bbox 474 3009 718 3063; x_wconf 84' lang='lat' dir='ltr'><strong>traditur</strong></span> <span class='ocrx_word' id='word_1_206' title='bbox 753 3010 1050 3072; x_wconf 90' lang='lat' dir='ltr'><strong>canonicis,</strong></span> <span class='ocrx_word' id='word_1_207' title='bbox 1080 3027 1265 3064; x_wconf 85' lang='lat' dir='ltr'><strong>eorum</strong></span> <span class='ocrx_word' id='word_1_208' title='bbox 1294 3011 1610 3066; x_wconf 90' lang='lat' dir='ltr'><strong>societatem</strong></span> <span class='ocrx_word' id='word_1_209' title='bbox 1637 3014 1796 3066; x_wconf 83' lang='lat' dir='ltr'><strong>sorti-</strong></span> 
     </span>
    </p>
   </div>
   <div class='ocr_carea' id='block_1_32' title="bbox 225 3099 1792 3172">
    <p class='ocr_par' dir='ltr' id='par_1_32' title="bbox 225 3099 1792 3172">
     <span class='ocr_line' id='line_1_32' title="bbox 225 3099 1792 3172; baseline 0.005 -24"><span class='ocrx_word' id='word_1_210' title='bbox 225 3106 359 3151; x_wconf 86' lang='lat' dir='ltr'><strong>turus</strong></span> <span class='ocrx_word' id='word_1_211' title='bbox 379 3099 810 3154; x_wconf 75' lang='lat' dir='ltr'><strong>succedentibus</strong></span> <span class='ocrx_word' id='word_1_212' title='bbox 831 3101 1006 3154; x_wconf 89' lang='lat' dir='ltr'><strong>annis.</strong></span> <span class='ocrx_word' id='word_1_213' title='bbox 1031 3100 1146 3168; x_wconf 87' lang='lat' dir='ltr'><strong>Qua</strong></span> <span class='ocrx_word' id='word_1_214' title='bbox 1179 3102 1231 3155; x_wconf 91' lang='lat' dir='ltr'><strong>in</strong></span> <span class='ocrx_word' id='word_1_215' title='bbox 1258 3102 1564 3172; x_wconf 82' lang='lat' dir='ltr'><strong>disciplina,</strong></span> <span class='ocrx_word' id='word_1_216' title='bbox 1595 3105 1682 3157; x_wconf 77' lang='lat' dir='ltr'><strong>vix</strong></span> <span class='ocrx_word' id='word_1_217' title='bbox 1707 3121 1792 3158; x_wconf 87' lang='lat' dir='ltr'><strong>sa-</strong></span> 
     </span>
    </p>
   </div>
   <div class='ocr_carea' id='block_1_33' title="bbox 1895 550 3470 620">
    <p class='ocr_par' dir='ltr' id='par_1_33' title="bbox 1895 550 3470 620">
     <span class='ocr_line' id='line_1_33' title="bbox 1895 550 3470 620; baseline 0.007 -19"><span class='ocrx_word' id='word_1_218' title='bbox 1895 550 2386 620; x_wconf 85' lang='lat' dir='ltr'><strong>constringebatur,</strong></span> <span class='ocrx_word' id='word_1_219' title='bbox 2418 560 2476 605; x_wconf 89' lang='lat' dir='ltr'><strong>ut</strong></span> <span class='ocrx_word' id='word_1_220' title='bbox 2502 552 2642 605; x_wconf 89' lang='lat' dir='ltr'><strong>nulla</strong></span> <span class='ocrx_word' id='word_1_221' title='bbox 2678 553 2748 615; x_wconf 90' lang='lat' dir='ltr'><strong>vi,</strong></span> <span class='ocrx_word' id='word_1_222' title='bbox 2780 554 2880 608; x_wconf 91' lang='lat' dir='ltr'><strong>nisi</strong></span> <span class='ocrx_word' id='word_1_223' title='bbox 2927 556 3258 610; x_wconf 86' lang='lat' dir='ltr'><strong>mordacium</strong></span> <span class='ocrx_word' id='word_1_224' title='bbox 3295 573 3470 612; x_wconf 83' lang='lat' dir='ltr'><strong>serra-</strong></span> 
     </span>
    </p>
   </div>
   <div class='ocr_carea' id='block_1_34' title="bbox 1894 641 3471 716">
    <p class='ocr_par' dir='ltr' id='par_1_34' title="bbox 1894 641 3471 716">
     <span class='ocr_line' id='line_1_34' title="bbox 1894 641 3471 716; baseline 0.006 -23"><span class='ocrx_word' id='word_1_225' title='bbox 1894 655 2011 693; x_wconf 88' lang='lat' dir='ltr'><strong>rmn</strong></span> <span class='ocrx_word' id='word_1_226' title='bbox 2033 642 2182 694; x_wconf 85' lang='lat' dir='ltr'><strong>edaci</strong></span> <span class='ocrx_word' id='word_1_227' title='bbox 2213 641 2484 706; x_wconf 90' lang='lat' dir='ltr'><strong>limatnra,</strong></span> <span class='ocrx_word' id='word_1_228' title='bbox 2518 645 2745 698; x_wconf 89' lang='lat' dir='ltr'><strong>reserari</strong></span> <span class='ocrx_word' id='word_1_229' title='bbox 2776 643 2857 699; x_wconf 89' lang='lat' dir='ltr'><strong>fas</strong></span> <span class='ocrx_word' id='word_1_230' title='bbox 2883 645 3144 700; x_wconf 86' lang='lat' dir='ltr'><strong>erat.llas</strong></span> <span class='ocrx_word' id='word_1_231' title='bbox 3170 647 3309 701; x_wconf 89' lang='lat' dir='ltr'><strong>inter</strong></span> <span class='ocrx_word' id='word_1_232' title='bbox 3326 664 3471 716; x_wconf 79' lang='lat' dir='ltr'><strong>pres-</strong></span> 
     </span>
    </p>
   </div>
   <div class='ocr_carea' id='block_1_35' title="bbox 1893 735 3475 805">
    <p class='ocr_par' dir='ltr' id='par_1_35' title="bbox 1893 735 3475 805">
     <span class='ocr_line' id='line_1_35' title="bbox 1893 735 3475 805; baseline 0.008 -21"><span class='ocrx_word' id='word_1_233' title='bbox 1893 746 2050 786; x_wconf 89' lang='lat' dir='ltr'><strong>suras</strong></span> <span class='ocrx_word' id='word_1_234' title='bbox 2095 743 2274 786; x_wconf 90' lang='lat' dir='ltr'><strong>tamen</strong></span> <span class='ocrx_word' id='word_1_235' title='bbox 2326 745 2512 788; x_wconf 89' lang='lat' dir='ltr'><strong>sancta</strong></span> <span class='ocrx_word' id='word_1_236' title='bbox 2549 736 2707 791; x_wconf 80' lang='lat' dir='ltr'><strong>Fides</strong></span> <span class='ocrx_word' id='word_1_237' title='bbox 2728 735 2845 805; x_wconf 90' lang='lat' dir='ltr'><strong>ejus</strong></span> <span class='ocrx_word' id='word_1_238' title='bbox 2883 736 2952 792; x_wconf 92' lang='lat' dir='ltr'><strong>ab</strong></span> <span class='ocrx_word' id='word_1_239' title='bbox 2991 754 3086 793; x_wconf 91' lang='lat' dir='ltr'><strong>ore</strong></span> <span class='ocrx_word' id='word_1_240' title='bbox 3121 755 3224 793; x_wconf 79' lang='lat' dir='ltr'><strong>nou</strong></span> <span class='ocrx_word' id='word_1_241' title='bbox 3257 741 3475 796; x_wconf 83' lang='lat' dir='ltr'><strong>recede-</strong></span> 
     </span>
    </p>
   </div>
   <div class='ocr_carea' id='block_1_36' title="bbox 1892 819 3474 892">
    <p class='ocr_par' dir='ltr' id='par_1_36' title="bbox 1892 819 3474 892">
     <span class='ocr_line' id='line_1_36' title="bbox 1892 819 3474 892; baseline 0.007 -18"><span class='ocrx_word' id='word_1_242' title='bbox 1892 819 2008 886; x_wconf 88' lang='lat' dir='ltr'><strong>bat,</strong></span> <span class='ocrx_word' id='word_1_243' title='bbox 2057 838 2232 892; x_wconf 90' lang='lat' dir='ltr'><strong>neque</strong></span> <span class='ocrx_word' id='word_1_244' title='bbox 2280 824 2442 880; x_wconf 90' lang='lat' dir='ltr'><strong>unius</strong></span> <span class='ocrx_word' id='word_1_245' title='bbox 2498 828 2754 881; x_wconf 84' lang='lat' dir='ltr'><strong>momenti</strong></span> <span class='ocrx_word' id='word_1_246' title='bbox 2807 829 3005 883; x_wconf 87' lang='lat' dir='ltr'><strong>victum</strong></span> <span class='ocrx_word' id='word_1_247' title='bbox 3060 844 3168 883; x_wconf 85' lang='lat' dir='ltr'><strong>non</strong></span> <span class='ocrx_word' id='word_1_248' title='bbox 3222 829 3474 884; x_wconf 75' lang='lat' dir='ltr'><strong>iumento</strong></span> 
     </span>
    </p>
   </div>
   <div class='ocr_carea' id='block_1_37' title="bbox 1895 914 3466 986">
    <p class='ocr_par' dir='ltr' id='par_1_37' title="bbox 1895 914 3466 986">
     <span class='ocr_line' id='line_1_37' title="bbox 1895 914 3466 986; baseline 0.007 -23"><span class='ocrx_word' id='word_1_249' title='bbox 1895 914 2252 980; x_wconf 69' lang='lat' dir='ltr'><strong>praeterierat.</strong></span> <span class='ocrx_word' id='word_1_250' title='bbox 2279 915 2528 984; x_wconf 80' lang='lat' dir='ltr'><strong>Quinque</strong></span> <span class='ocrx_word' id='word_1_251' title='bbox 2555 917 2718 986; x_wconf 81' lang='lat' dir='ltr'><strong>igitur</strong></span> <span class='ocrx_word' id='word_1_252' title='bbox 2744 918 3202 973; x_wconf 84' lang='lat' dir='ltr'><strong>hebdomadarum</strong></span> <span class='ocrx_word' id='word_1_253' title='bbox 3227 919 3466 974; x_wconf 86' lang='lat' dir='ltr'><strong>breviori</strong></span> 
     </span>
    </p>
   </div>
   <div class='ocr_carea' id='block_1_38' title="bbox 1893 1001 3474 1076">
    <p class='ocr_par' dir='ltr' id='par_1_38' title="bbox 1893 1001 3474 1076">
     <span class='ocr_line' id='line_1_38' title="bbox 1893 1001 3474 1076; baseline 0.008 -22"><span class='ocrx_word' id='word_1_254' title='bbox 1893 1001 2062 1056; x_wconf 89' lang='lat' dir='ltr'><strong>lustro</strong></span> <span class='ocrx_word' id='word_1_255' title='bbox 2093 1003 2146 1056; x_wconf 94' lang='lat' dir='ltr'><strong>iu</strong></span> <span class='ocrx_word' id='word_1_256' title='bbox 2179 1004 2281 1059; x_wconf 88' lang='lat' dir='ltr'><strong>hac</strong></span> <span class='ocrx_word' id='word_1_257' title='bbox 2317 1015 2424 1060; x_wconf 89' lang='lat' dir='ltr'><strong>tam</strong></span> <span class='ocrx_word' id='word_1_258' title='bbox 2457 1007 2666 1076; x_wconf 79' lang='lat' dir='ltr'><strong>lugubri</strong></span> <span class='ocrx_word' id='word_1_259' title='bbox 2692 1010 2986 1064; x_wconf 88' lang='lat' dir='ltr'><strong>acerbitate</strong></span> <span class='ocrx_word' id='word_1_260' title='bbox 3019 1011 3192 1074; x_wconf 87' lang='lat' dir='ltr'><strong>finito,</strong></span> <span class='ocrx_word' id='word_1_261' title='bbox 3225 1013 3341 1067; x_wconf 91' lang='lat' dir='ltr'><strong>dics</strong></span> <span class='ocrx_word' id='word_1_262' title='bbox 3386 1011 3474 1066; x_wconf 88' lang='lat' dir='ltr'><strong>ille</strong></span> 
     </span>
    </p>
   </div>
   <div class='ocr_carea' id='block_1_39' title="bbox 1894 1095 3472 1172">
    <p class='ocr_par' dir='ltr' id='par_1_39' title="bbox 1894 1095 3472 1172">
     <span class='ocr_line' id='line_1_39' title="bbox 1894 1095 3472 1172; baseline 0.006 -25"><span class='ocrx_word' id='word_1_263' title='bbox 1894 1095 2089 1148; x_wconf 81' lang='lat' dir='ltr'><strong>enituit</strong></span> <span class='ocrx_word' id='word_1_264' title='bbox 2127 1097 2240 1166; x_wconf 86' lang='lat' dir='ltr'><strong>qui,</strong></span> <span class='ocrx_word' id='word_1_265' title='bbox 2271 1098 2340 1152; x_wconf 91' lang='lat' dir='ltr'><strong>ob</strong></span> <span class='ocrx_word' id='word_1_266' title='bbox 2373 1099 2630 1154; x_wconf 90' lang='lat' dir='ltr'><strong>Dominici</strong></span> <span class='ocrx_word' id='word_1_267' title='bbox 2663 1101 2917 1172; x_wconf 88' lang='lat' dir='ltr'><strong>triumphi</strong></span> <span class='ocrx_word' id='word_1_268' title='bbox 2970 1103 3306 1170; x_wconf 89' lang='lat' dir='ltr'><strong>memoriale,</strong></span> <span class='ocrx_word' id='word_1_269' title='bbox 3349 1119 3472 1159; x_wconf 85' lang='lat' dir='ltr'><strong>cum</strong></span> 
     </span>
    </p>
   </div>
   <div class='ocr_carea' id='block_1_40' title="bbox 1893 1186 3476 1262">
    <p class='ocr_par' dir='ltr' id='par_1_40' title="bbox 1893 1186 3476 1262">
     <span class='ocr_line' id='line_1_40' title="bbox 1893 1186 3476 1262; baseline 0.007 -25"><span class='ocrx_word' id='word_1_270' title='bbox 1893 1186 2191 1256; x_wconf 88' lang='lat' dir='ltr'><strong>palmarum</strong></span> <span class='ocrx_word' id='word_1_271' title='bbox 2215 1203 2307 1243; x_wconf 89' lang='lat' dir='ltr'><strong>seu</strong></span> <span class='ocrx_word' id='word_1_272' title='bbox 2338 1190 2539 1244; x_wconf 76' lang='lat' dir='ltr'><strong>diversi</strong></span> <span class='ocrx_word' id='word_1_273' title='bbox 2591 1193 2805 1262; x_wconf 82' lang='lat' dir='ltr'><strong>generis</strong></span> <span class='ocrx_word' id='word_1_274' title='bbox 2854 1191 3045 1248; x_wconf 85' lang='lat' dir='ltr'><strong>ﬂorum</strong></span> <span class='ocrx_word' id='word_1_275' title='bbox 3081 1196 3110 1228; x_wconf 62' lang='grc'>⁸</span> <span class='ocrx_word' id='word_1_276' title='bbox 3157 1195 3318 1250; x_wconf 89' lang='lat' dir='ltr'><strong>corda</strong></span> <span class='ocrx_word' id='word_1_277' title='bbox 3364 1210 3476 1250; x_wconf 89' lang='lat' dir='ltr'><strong>om-</strong></span> 
     </span>
    </p>
   </div>
   <div class='ocr_carea' id='block_1_41' title="bbox 1895 1277 3474 1354">
    <p class='ocr_par' dir='ltr' id='par_1_41' title="bbox 1895 1277 3474 1354">
     <span class='ocr_line' id='line_1_41' title="bbox 1895 1277 3474 1354; baseline 0.008 -25"><span class='ocrx_word' id='word_1_278' title='bbox 1895 1277 2040 1330; x_wconf 91' lang='lat' dir='ltr'><strong>nium</strong></span> <span class='ocrx_word' id='word_1_279' title='bbox 2073 1286 2241 1332; x_wconf 89' lang='lat' dir='ltr'><strong>totum</strong></span> <span class='ocrx_word' id='word_1_280' title='bbox 2273 1295 2370 1350; x_wconf 89' lang='lat' dir='ltr'><strong>per</strong></span> <span class='ocrx_word' id='word_1_281' title='bbox 2397 1281 2582 1336; x_wconf 90' lang='lat' dir='ltr'><strong>orbem</strong></span> <span class='ocrx_word' id='word_1_282' title='bbox 2615 1282 2871 1337; x_wconf 82' lang='lat' dir='ltr'><strong>inelfabili</strong></span> <span class='ocrx_word' id='word_1_283' title='bbox 2920 1285 3153 1354; x_wconf 69' lang='lat' dir='ltr'><strong>tripudio</strong></span> <span class='ocrx_word' id='word_1_284' title='bbox 3182 1285 3474 1343; x_wconf 77' lang='lat' dir='ltr'><strong>exhilarat.</strong></span> 
     </span>
    </p>
   </div>
   <div class='ocr_carea' id='block_1_42' title="bbox 1894 1369 3477 1446">
    <p class='ocr_par' dir='ltr' id='par_1_42' title="bbox 1894 1369 3477 1446">
     <span class='ocr_line' id='line_1_42' title="bbox 1894 1369 3477 1446; baseline 0.006 -22"><span class='ocrx_word' id='word_1_285' title='bbox 1894 1369 2059 1439; x_wconf 89' lang='lat' dir='ltr'><strong>Cujus</strong></span> <span class='ocrx_word' id='word_1_286' title='bbox 2095 1371 2202 1427; x_wconf 88' lang='lat' dir='ltr'><strong>diei</strong></span> <span class='ocrx_word' id='word_1_287' title='bbox 2239 1382 2348 1426; x_wconf 91' lang='lat' dir='ltr'><strong>tam</strong></span> <span class='ocrx_word' id='word_1_288' title='bbox 2377 1389 2664 1429; x_wconf 84' lang='lat' dir='ltr'><strong>commune</strong></span> <span class='ocrx_word' id='word_1_289' title='bbox 2686 1374 2938 1446; x_wconf 75' lang='lat' dir='ltr'><strong>gaudium</strong></span> <span class='ocrx_word' id='word_1_290' title='bbox 2969 1375 3157 1430; x_wconf 84' lang='lat' dir='ltr'><strong>dillusa</strong></span> <span class='ocrx_word' id='word_1_291' title='bbox 3193 1393 3290 1446; x_wconf 92' lang='lat' dir='ltr'><strong>per</strong></span> <span class='ocrx_word' id='word_1_292' title='bbox 3327 1379 3477 1433; x_wconf 87' lang='lat' dir='ltr'><strong>orbis</strong></span> 
     </span>
    </p>
   </div>
   <div class='ocr_carea' id='block_1_43' title="bbox 1894 1462 3473 1534">
    <p class='ocr_par' dir='ltr' id='par_1_43' title="bbox 1894 1462 3473 1534">
     <span class='ocr_line' id='line_1_43' title="bbox 1894 1462 3473 1534; baseline 0.003 -18"><span class='ocrx_word' id='word_1_293' title='bbox 1894 1462 2146 1526; x_wconf 87' lang='lat' dir='ltr'><strong>climata,</strong></span> <span class='ocrx_word' id='word_1_294' title='bbox 2195 1463 2397 1517; x_wconf 90' lang='lat' dir='ltr'><strong>nullam</strong></span> <span class='ocrx_word' id='word_1_295' title='bbox 2447 1464 2572 1519; x_wconf 89' lang='lat' dir='ltr'><strong>huic</strong></span> <span class='ocrx_word' id='word_1_296' title='bbox 2610 1466 2880 1534; x_wconf 76' lang='lat' dir='ltr'><strong>przebebat</strong></span> <span class='ocrx_word' id='word_1_297' title='bbox 2927 1467 3149 1521; x_wconf 85' lang='lat' dir='ltr'><strong>remedii</strong></span> <span class='ocrx_word' id='word_1_298' title='bbox 3210 1467 3473 1521; x_wconf 67' lang='lat' dir='ltr'><strong>lmtitiam.</strong></span> 
     </span>
    </p>
   </div>
   <div class='ocr_carea' id='block_1_44' title="bbox 1894 1554 3477 1627">
    <p class='ocr_par' dir='ltr' id='par_1_44' title="bbox 1894 1554 3477 1627">
     <span class='ocr_line' id='line_1_44' title="bbox 1894 1554 3477 1627; baseline 0.003 -17"><span class='ocrx_word' id='word_1_299' title='bbox 1894 1554 2136 1610; x_wconf 90' lang='lat' dir='ltr'><strong>Ccrucns</strong></span> <span class='ocrx_word' id='word_1_300' title='bbox 2157 1571 2286 1627; x_wconf 89' lang='lat' dir='ltr'><strong>ergo</strong></span> <span class='ocrx_word' id='word_1_301' title='bbox 2314 1558 2691 1626; x_wconf 87' lang='lat' dir='ltr'><strong>cunctipotens</strong></span> <span class='ocrx_word' id='word_1_302' title='bbox 2722 1557 2862 1612; x_wconf 90' lang='lat' dir='ltr'><strong>Deus</strong></span> <span class='ocrx_word' id='word_1_303' title='bbox 2895 1559 3157 1613; x_wconf 90' lang='lat' dir='ltr'><strong>immitem</strong></span> <span class='ocrx_word' id='word_1_304' title='bbox 3190 1559 3477 1614; x_wconf 71' lang='lat' dir='ltr'><strong>smvissimi</strong></span> 
     </span>
    </p>
   </div>
   <div class='ocr_carea' id='block_1_45' title="bbox 1897 1648 3476 1720">
    <p class='ocr_par' dir='ltr' id='par_1_45' title="bbox 1897 1648 3476 1720">
     <span class='ocr_line' id='line_1_45' title="bbox 1897 1648 3476 1720; baseline 0.002 -19"><span class='ocrx_word' id='word_1_305' title='bbox 1897 1648 2114 1702; x_wconf 85' lang='lat' dir='ltr'><strong>tortoris</strong></span> <span class='ocrx_word' id='word_1_306' title='bbox 2143 1649 2384 1718; x_wconf 70' lang='lat' dir='ltr'><strong>przedicti</strong></span> <span class='ocrx_word' id='word_1_307' title='bbox 2415 1648 2662 1704; x_wconf 86' lang='lat' dir='ltr'><strong>Gosberti</strong></span> <span class='ocrx_word' id='word_1_308' title='bbox 2698 1650 3078 1720; x_wconf 81' lang='lat' dir='ltr'><strong>pervicaciam,</strong></span> <span class='ocrx_word' id='word_1_309' title='bbox 3127 1651 3476 1720; x_wconf 87' lang='lat' dir='ltr'><strong>subsequcuti</strong></span> 
     </span>
    </p>
   </div>
   <div class='ocr_carea' id='block_1_46' title="bbox 1897 1742 3477 1811">
    <p class='ocr_par' dir='ltr' id='par_1_46' title="bbox 1897 1742 3477 1811">
     <span class='ocr_line' id='line_1_46' title="bbox 1897 1742 3477 1811; baseline 0.003 -20"><span class='ocrx_word' id='word_1_310' title='bbox 1897 1749 2056 1794; x_wconf 88' lang='lat' dir='ltr'><strong>nocte</strong></span> <span class='ocrx_word' id='word_1_311' title='bbox 2086 1756 2182 1810; x_wconf 90' lang='lat' dir='ltr'><strong>per</strong></span> <span class='ocrx_word' id='word_1_312' title='bbox 2209 1750 2408 1795; x_wconf 70' lang='lat' dir='ltr'><strong>sanctm</strong></span> <span class='ocrx_word' id='word_1_313' title='bbox 2437 1742 2663 1811; x_wconf 76' lang='lat' dir='ltr'><strong>virginis</strong></span> <span class='ocrx_word' id='word_1_314' title='bbox 2686 1742 3127 1797; x_wconf 82' lang='lat' dir='ltr'><strong>intercessionem</strong></span> <span class='ocrx_word' id='word_1_315' title='bbox 3157 1752 3331 1797; x_wconf 89' lang='lat' dir='ltr'><strong>tactus</strong></span> <span class='ocrx_word' id='word_1_316' title='bbox 3372 1744 3477 1796; x_wconf 90' lang='lat' dir='ltr'><strong>mi-</strong></span> 
     </span>
    </p>
   </div>
   <div class='ocr_carea' id='block_1_47' title="bbox 1822 1819 3480 1902">
    <p class='ocr_par' dir='ltr' id='par_1_47' title="bbox 1822 1819 3480 1902">
     <span class='ocr_line' id='line_1_47' title="bbox 1822 1819 3480 1902; baseline 0.002 -20"><span class='ocrx_word' id='word_1_317' title='bbox 1822 1819 1863 1878; x_wconf 77' lang='grc' dir='ltr'><strong>Β</strong></span> <span class='ocrx_word' id='word_1_318' title='bbox 1893 1829 2209 1894; x_wconf 82' lang='lat' dir='ltr'><strong>sericordia,</strong></span> <span class='ocrx_word' id='word_1_319' title='bbox 2237 1840 2528 1900; x_wconf 87' lang='lat' dir='ltr'><strong>utsemper</strong></span> <span class='ocrx_word' id='word_1_320' title='bbox 2553 1833 2745 1886; x_wconf 65' lang='lat' dir='ltr'><strong>totus“</strong></span> <span class='ocrx_word' id='word_1_321' title='bbox 2777 1841 2858 1886; x_wconf 89' lang='lat' dir='ltr'><strong>est</strong></span> <span class='ocrx_word' id='word_1_322' title='bbox 2891 1832 2998 1886; x_wconf 85' lang='lat' dir='ltr'><strong>vita</strong></span> <span class='ocrx_word' id='word_1_323' title='bbox 3045 1832 3348 1902; x_wconf 83' lang='lat' dir='ltr'><strong>desperatis</strong></span> <span class='ocrx_word' id='word_1_324' title='bbox 3395 1833 3480 1887; x_wconf 88' lang='lat' dir='ltr'><strong>fa-</strong></span> 
     </span>
    </p>
   </div>
   <div class='ocr_carea' id='block_1_48' title="bbox 1896 1919 3474 1990">
    <p class='ocr_par' dir='ltr' id='par_1_48' title="bbox 1896 1919 3474 1990">
     <span class='ocr_line' id='line_1_48' title="bbox 1896 1919 3474 1990; baseline 0.005 -20"><span class='ocrx_word' id='word_1_325' title='bbox 1896 1919 2015 1972; x_wconf 82' lang='lat' dir='ltr'><strong>cilis</strong></span> <span class='ocrx_word' id='word_1_326' title='bbox 2044 1919 2238 1988; x_wconf 88' lang='lat' dir='ltr'><strong>pietas,</strong></span> <span class='ocrx_word' id='word_1_327' title='bbox 2260 1919 2512 1988; x_wconf 90' lang='lat' dir='ltr'><strong>jnvcncm</strong></span> <span class='ocrx_word' id='word_1_328' title='bbox 2535 1921 2818 1990; x_wconf 84' lang='lat' dir='ltr'><strong>splendore</strong></span> <span class='ocrx_word' id='word_1_329' title='bbox 2849 1923 3154 1977; x_wconf 88' lang='lat' dir='ltr'><strong>admirabili</strong></span> <span class='ocrx_word' id='word_1_330' title='bbox 3186 1939 3474 1979; x_wconf 87' lang='lat' dir='ltr'><strong>coruscutr.</strong></span> 
     </span>
    </p>
   </div>
   <div class='ocr_carea' id='block_1_49' title="bbox 1897 2008 3476 2081">
    <p class='ocr_par' dir='ltr' id='par_1_49' title="bbox 1897 2008 3476 2081">
     <span class='ocr_line' id='line_1_49' title="bbox 1897 2008 3476 2081; baseline 0.003 -21"><span class='ocrx_word' id='word_1_331' title='bbox 1897 2008 1969 2062; x_wconf 91' lang='lat' dir='ltr'><strong>illi</strong></span> <span class='ocrx_word' id='word_1_332' title='bbox 2009 2009 2228 2073; x_wconf 89' lang='lat' dir='ltr'><strong>misero,</strong></span> <span class='ocrx_word' id='word_1_333' title='bbox 2263 2025 2456 2081; x_wconf 90' lang='lat' dir='ltr'><strong>sopore</strong></span> <span class='ocrx_word' id='word_1_334' title='bbox 2483 2012 2696 2066; x_wconf 87' lang='lat' dir='ltr'><strong>dolores</strong></span> <span class='ocrx_word' id='word_1_335' title='bbox 2727 2011 2982 2075; x_wconf 80' lang='lat' dir='ltr'><strong>leniente,</strong></span> <span class='ocrx_word' id='word_1_336' title='bbox 3011 2012 3226 2067; x_wconf 72' lang='lat' dir='ltr'><strong>cmlitus</strong></span> <span class='ocrx_word' id='word_1_337' title='bbox 3248 2012 3476 2077; x_wconf 73' lang='lat' dir='ltr'><strong>direxit;</strong></span> 
     </span>
    </p>
   </div>
   <div class='ocr_carea' id='block_1_50' title="bbox 1895 2099 3482 2172">
    <p class='ocr_par' dir='ltr' id='par_1_50' title="bbox 1895 2099 3482 2172">
     <span class='ocr_line' id='line_1_50' title="bbox 1895 2099 3482 2172; baseline 0.006 -24"><span class='ocrx_word' id='word_1_338' title='bbox 1895 2099 1984 2166; x_wconf 87' lang='lat' dir='ltr'><strong>qui</strong></span> <span class='ocrx_word' id='word_1_339' title='bbox 2013 2114 2134 2153; x_wconf 89' lang='lat' dir='ltr'><strong>eum</strong></span> <span class='ocrx_word' id='word_1_340' title='bbox 2175 2099 2368 2153; x_wconf 82' lang='lat' dir='ltr'><strong>talibus</strong></span> <span class='ocrx_word' id='word_1_341' title='bbox 2394 2099 2594 2155; x_wconf 84' lang='lat' dir='ltr'><strong>all‘atur</strong></span> <span class='ocrx_word' id='word_1_342' title='bbox 2616 2101 2839 2156; x_wconf 91' lang='lat' dir='ltr'><strong>verbis:</strong></span> <span class='ocrx_word' id='word_1_343' title='bbox 2887 2121 2905 2154; x_wconf 74' lang='grc' dir='ltr'>ι</span> <span class='ocrx_word' id='word_1_344' title='bbox 2957 2102 3232 2172; x_wconf 72' lang='lat' dir='ltr'><strong>Vigilasne</strong></span> <span class='ocrx_word' id='word_1_345' title='bbox 3275 2118 3344 2157; x_wconf 90' lang='lat' dir='ltr'><strong>an</strong></span> <span class='ocrx_word' id='word_1_346' title='bbox 3393 2119 3482 2158; x_wconf 83' lang='lat' dir='ltr'><strong>so-</strong></span> 
     </span>
    </p>
   </div>
   <div class='ocr_carea' id='block_1_51' title="bbox 1897 2188 3480 2258">
    <p class='ocr_par' dir='ltr' id='par_1_51' title="bbox 1897 2188 3480 2258">
     <span class='ocr_line' id='line_1_51' title="bbox 1897 2188 3480 2258; baseline 0.004 -19"><span class='ocrx_word' id='word_1_347' title='bbox 1897 2200 2024 2256; x_wconf 89' lang='lat' dir='ltr'><strong>pore</strong></span> <span class='ocrx_word' id='word_1_348' title='bbox 2047 2188 2388 2258; x_wconf 67' lang='lat' dir='ltr'><strong>deprimet-is,</strong></span> <span class='ocrx_word' id='word_1_349' title='bbox 2428 2188 2764 2244; x_wconf 73' lang='lat' dir='ltr'><strong>llaimuude?</strong></span> <span class='ocrx_word' id='word_1_350' title='bbox 2797 2208 2816 2241; x_wconf 71' lang='grc' dir='ltr'><strong><em>ι</em></strong></span> <span class='ocrx_word' id='word_1_351' title='bbox 2844 2191 2913 2244; x_wconf 83' lang='lat' dir='ltr'><strong>At</strong></span> <span class='ocrx_word' id='word_1_352' title='bbox 2948 2191 3058 2258; x_wconf 90' lang='lat' dir='ltr'><strong>ille,</strong></span> <span class='ocrx_word' id='word_1_353' title='bbox 3106 2191 3246 2246; x_wconf 89' lang='lat' dir='ltr'><strong>intra</strong></span> <span class='ocrx_word' id='word_1_354' title='bbox 3281 2191 3480 2248; x_wconf 88' lang='lat' dir='ltr'><strong>somnii</strong></span> 
     </span>
    </p>
   </div>
   <div class='ocr_carea' id='block_1_52' title="bbox 1896 2275 3478 2349">
    <p class='ocr_par' dir='ltr' id='par_1_52' title="bbox 1896 2275 3478 2349">
     <span class='ocr_line' id='line_1_52' title="bbox 1896 2275 3478 2349; baseline 0.004 -20"><span class='ocrx_word' id='word_1_355' title='bbox 1896 2275 2256 2343; x_wconf 87' lang='lat' dir='ltr'><strong>dulcedinem,</strong></span> <span class='ocrx_word' id='word_1_356' title='bbox 2295 2277 2366 2331; x_wconf 89' lang='lat' dir='ltr'><strong>ita</strong></span> <span class='ocrx_word' id='word_1_357' title='bbox 2395 2277 2678 2332; x_wconf 84' lang='lat' dir='ltr'><strong>videbatur</strong></span> <span class='ocrx_word' id='word_1_358' title='bbox 2716 2277 2818 2334; x_wconf 89' lang='lat' dir='ltr'><strong>sibi</strong></span> <span class='ocrx_word' id='word_1_359' title='bbox 2860 2282 3238 2349; x_wconf 85' lang='lat' dir='ltr'><strong>respondisse:</strong></span> <span class='ocrx_word' id='word_1_360' title='bbox 3275 2300 3293 2332; x_wconf 75' lang='grc' dir='ltr'>ι</span> <span class='ocrx_word' id='word_1_361' title='bbox 3324 2281 3478 2348; x_wconf 83' lang='lat' dir='ltr'><strong>Quis,</strong></span> 
     </span>
    </p>
   </div>
   <div class='ocr_carea' id='block_1_53' title="bbox 1898 2365 3479 2439">
    <p class='ocr_par' dir='ltr' id='par_1_53' title="bbox 1898 2365 3479 2439">
     <span class='ocr_line' id='line_1_53' title="bbox 1898 2365 3479 2439; baseline 0.004 -21"><span class='ocrx_word' id='word_1_362' title='bbox 1898 2366 2137 2434; x_wconf 87' lang='lat' dir='ltr'><strong>inquam,</strong></span> <span class='ocrx_word' id='word_1_363' title='bbox 2171 2381 2253 2432; x_wconf 90' lang='lat' dir='ltr'><strong>es,</strong></span> <span class='ocrx_word' id='word_1_364' title='bbox 2285 2366 2537 2420; x_wconf 88' lang='lat' dir='ltr'><strong>domine?</strong></span> <span class='ocrx_word' id='word_1_365' title='bbox 2559 2386 2576 2417; x_wconf 80' lang='grc' dir='ltr'><strong><em>ι</em></strong></span> <span class='ocrx_word' id='word_1_366' title='bbox 2605 2365 2703 2422; x_wconf 89' lang='lat' dir='ltr'><strong>Cui</strong></span> <span class='ocrx_word' id='word_1_367' title='bbox 2733 2367 2817 2422; x_wconf 92' lang='lat' dir='ltr'><strong>ille</strong></span> <span class='ocrx_word' id='word_1_368' title='bbox 2846 2387 2858 2422; x_wconf 91' lang='lat'><strong>:</strong></span> <span class='ocrx_word' id='word_1_369' title='bbox 2890 2388 2907 2420; x_wconf 75' lang='grc' dir='ltr'>ι</span> <span class='ocrx_word' id='word_1_370' title='bbox 2940 2369 3051 2439; x_wconf 82' lang='lat' dir='ltr'><strong>Ego</strong></span> <span class='ocrx_word' id='word_1_371' title='bbox 3079 2369 3166 2424; x_wconf 88' lang='lat' dir='ltr'><strong>ille</strong></span> <span class='ocrx_word' id='word_1_372' title='bbox 3204 2386 3323 2425; x_wconf 90' lang='lat' dir='ltr'><strong>sum</strong></span> <span class='ocrx_word' id='word_1_373' title='bbox 3356 2370 3479 2425; x_wconf 87' lang='lat' dir='ltr'><strong>Ste-</strong></span> 
     </span>
    </p>
   </div>
   <div class='ocr_carea' id='block_1_54' title="bbox 1898 2456 3480 2532">
    <p class='ocr_par' dir='ltr' id='par_1_54' title="bbox 1898 2456 3480 2532">
     <span class='ocr_line' id='line_1_54' title="bbox 1898 2456 3480 2532; baseline 0.004 -22"><span class='ocrx_word' id='word_1_374' title='bbox 1898 2456 2474 2526; x_wconf 79' lang='lat' dir='ltr'><strong>phanus,qui,dudum</strong></span> <span class='ocrx_word' id='word_1_375' title='bbox 2497 2471 2525 2509; x_wconf 90' lang='lat' dir='ltr'><strong>a</strong></span> <span class='ocrx_word' id='word_1_376' title='bbox 2549 2457 2749 2513; x_wconf 62' lang='lat' dir='ltr'><strong>iud-mis</strong></span> <span class='ocrx_word' id='word_1_377' title='bbox 2773 2460 3270 2528; x_wconf 87' lang='lat' dir='ltr'><strong>lapidatus,civium</strong></span> <span class='ocrx_word' id='word_1_378' title='bbox 3293 2477 3480 2532; x_wconf 81' lang='lat' dir='ltr'><strong>snper-</strong></span> 
     </span>
    </p>
   </div>
   <div class='ocr_carea' id='block_1_55' title="bbox 1898 2541 3478 2622">
    <p class='ocr_par' dir='ltr' id='par_1_55' title="bbox 1898 2541 3478 2622">
     <span class='ocr_line' id='line_1_55' title="bbox 1898 2541 3478 2622; baseline 0.006 -22"><span class='ocrx_word' id='word_1_379' title='bbox 1898 2563 2088 2602; x_wconf 84' lang='lat' dir='ltr'><strong>nurum</strong></span> <span class='ocrx_word' id='word_1_380' title='bbox 2115 2550 2382 2618; x_wconf 88' lang='lat' dir='ltr'><strong>promerui</strong></span> <span class='ocrx_word' id='word_1_381' title='bbox 2415 2541 2575 2604; x_wconf 87' lang='lat' dir='ltr'><strong>asciri</strong></span> <span class='ocrx_word' id='word_1_382' title='bbox 2609 2551 2873 2616; x_wconf 69' lang='lat' dir='ltr'><strong>canibus;</strong></span> <span class='ocrx_word' id='word_1_383' title='bbox 2899 2553 2988 2622; x_wconf 91' lang='lat' dir='ltr'><strong>qui</strong></span> <span class='ocrx_word' id='word_1_384' title='bbox 3023 2552 3143 2608; x_wconf 88' lang='lat' dir='ltr'><strong>ideo</strong></span> <span class='ocrx_word' id='word_1_385' title='bbox 3170 2569 3287 2608; x_wconf 90' lang='lat' dir='ltr'><strong>sum</strong></span> <span class='ocrx_word' id='word_1_386' title='bbox 3318 2555 3384 2608; x_wconf 90' lang='lat' dir='ltr'><strong>ad</strong></span> <span class='ocrx_word' id='word_1_387' title='bbox 3425 2565 3478 2610; x_wconf 86' lang='lat' dir='ltr'><strong>te</strong></span> 
     </span>
    </p>
   </div>
   <div class='ocr_carea' id='block_1_56' title="bbox 1900 2639 3472 2702">
    <p class='ocr_par' dir='ltr' id='par_1_56' title="bbox 1900 2639 3472 2702">
     <span class='ocr_line' id='line_1_56' title="bbox 1900 2639 3472 2702; baseline 0.004 -11"><span class='ocrx_word' id='word_1_388' title='bbox 1900 2639 2118 2702; x_wconf 89' lang='lat' dir='ltr'><strong>missus,</strong></span> <span class='ocrx_word' id='word_1_389' title='bbox 2151 2649 2207 2693; x_wconf 91' lang='lat' dir='ltr'><strong>ut</strong></span> <span class='ocrx_word' id='word_1_390' title='bbox 2236 2640 2302 2694; x_wconf 90' lang='lat' dir='ltr'><strong>ad</strong></span> <span class='ocrx_word' id='word_1_391' title='bbox 2331 2649 2573 2695; x_wconf 86' lang='lat' dir='ltr'><strong>sanctam</strong></span> <span class='ocrx_word' id='word_1_392' title='bbox 2596 2640 2783 2695; x_wconf 86' lang='lat' dir='ltr'><strong>Fidem</strong></span> <span class='ocrx_word' id='word_1_393' title='bbox 2830 2652 2880 2698; x_wconf 90' lang='lat' dir='ltr'><strong>te</strong></span> <span class='ocrx_word' id='word_1_394' title='bbox 2923 2646 3114 2698; x_wconf 87' lang='lat' dir='ltr'><strong>ducam</strong></span> <span class='ocrx_word' id='word_1_395' title='bbox 3159 2645 3412 2701; x_wconf 86' lang='lat' dir='ltr'><strong>velocius.</strong></span> <span class='ocrx_word' id='word_1_396' title='bbox 3452 2665 3472 2698; x_wconf 72' lang='grc' dir='ltr'><strong><em>ι</em></strong></span> 
     </span>
    </p>
   </div>
   <div class='ocr_carea' id='block_1_57' title="bbox 1897 2730 3482 2808">
    <p class='ocr_par' dir='ltr' id='par_1_57' title="bbox 1897 2730 3482 2808">
     <span class='ocr_line' id='line_1_57' title="bbox 1897 2730 3482 2808; baseline 0.007 -26"><span class='ocrx_word' id='word_1_397' title='bbox 1897 2731 2064 2794; x_wconf 83' lang='lat' dir='ltr'><strong>Quem</strong></span> <span class='ocrx_word' id='word_1_398' title='bbox 2091 2746 2213 2784; x_wconf 91' lang='lat' dir='ltr'><strong>cum</strong></span> <span class='ocrx_word' id='word_1_399' title='bbox 2243 2730 2633 2802; x_wconf 82' lang='lat' dir='ltr'><strong>interrogasset</strong></span> <span class='ocrx_word' id='word_1_400' title='bbox 2663 2733 2879 2788; x_wconf 90' lang='lat' dir='ltr'><strong>ubinam</strong></span> <span class='ocrx_word' id='word_1_401' title='bbox 2911 2736 3195 2806; x_wconf 88' lang='lat' dir='ltr'><strong>magnifica</strong></span> <span class='ocrx_word' id='word_1_402' title='bbox 3225 2738 3372 2808; x_wconf 85' lang='lat' dir='ltr'><strong>virgo</strong></span> <span class='ocrx_word' id='word_1_403' title='bbox 3394 2753 3482 2794; x_wconf 86' lang='lat' dir='ltr'><strong>es-</strong></span> 
     </span>
    </p>
   </div>
   <div class='ocr_carea' id='block_1_58' title="bbox 1898 2823 3481 2898">
    <p class='ocr_par' dir='ltr' id='par_1_58' title="bbox 1898 2823 3481 2898">
     <span class='ocr_line' id='line_1_58' title="bbox 1898 2823 3481 2898; baseline 0.008 -24"><span class='ocrx_word' id='word_1_404' title='bbox 1898 2830 1978 2875; x_wconf 84' lang='lat' dir='ltr'><strong>set</strong></span> <span class='ocrx_word' id='word_1_405' title='bbox 2009 2839 2020 2874; x_wconf 95' lang='lat'><strong>:</strong></span> <span class='ocrx_word' id='word_1_406' title='bbox 2057 2841 2073 2873; x_wconf 71' lang='grc' dir='ltr'>ι</span> <span class='ocrx_word' id='word_1_407' title='bbox 2108 2823 2307 2891; x_wconf 80' lang='lat' dir='ltr'><strong>Surge,</strong></span> <span class='ocrx_word' id='word_1_408' title='bbox 2335 2823 2512 2894; x_wconf 85' lang='lat' dir='ltr'><strong>inquit</strong></span> <span class='ocrx_word' id='word_1_409' title='bbox 2543 2833 2750 2894; x_wconf 88' lang='lat' dir='ltr'><strong>martyr</strong></span> <span class='ocrx_word' id='word_1_410' title='bbox 2802 2826 3104 2897; x_wconf 65' lang='lat' dir='ltr'><strong>prmcipuus</strong></span> <span class='ocrx_word' id='word_1_411' title='bbox 3129 2870 3142 2890; x_wconf 91' lang='lat'><strong>,</strong></span> <span class='ocrx_word' id='word_1_412' title='bbox 3203 2829 3327 2898; x_wconf 87' lang='lat' dir='ltr'><strong>quia</strong></span> <span class='ocrx_word' id='word_1_413' title='bbox 3374 2846 3481 2887; x_wconf 84' lang='lat' dir='ltr'><strong>non</strong></span> 
     </span>
    </p>
   </div>
   <div class='ocr_carea' id='block_1_59' title="bbox 1899 2910 3482 2989">
    <p class='ocr_par' dir='ltr' id='par_1_59' title="bbox 1899 2910 3482 2989">
     <span class='ocr_line' id='line_1_59' title="bbox 1899 2910 3482 2989; baseline 0.008 -28"><span class='ocrx_word' id='word_1_414' title='bbox 1899 2910 2193 2967; x_wconf 83' lang='lat' dir='ltr'><strong>hnlilicaris</strong></span> <span class='ocrx_word' id='word_1_415' title='bbox 2221 2928 2252 2966; x_wconf 88' lang='lat' dir='ltr'><strong>a</strong></span> <span class='ocrx_word' id='word_1_416' title='bbox 2285 2928 2493 2978; x_wconf 88' lang='lat' dir='ltr'><strong>somno,</strong></span> <span class='ocrx_word' id='word_1_417' title='bbox 2531 2914 2650 2979; x_wconf 89' lang='lat' dir='ltr'><strong>sed,</strong></span> <span class='ocrx_word' id='word_1_418' title='bbox 2704 2914 3078 2971; x_wconf 83' lang='lat' dir='ltr'><strong>incunctanter</strong></span> <span class='ocrx_word' id='word_1_419' title='bbox 3106 2934 3191 2972; x_wconf 90' lang='lat' dir='ltr'><strong>me</strong></span> <span class='ocrx_word' id='word_1_420' title='bbox 3229 2925 3482 2989; x_wconf 83' lang='lat' dir='ltr'><strong>sequens,</strong></span> 
     </span>
    </p>
   </div>
   <div class='ocr_carea' id='block_1_60' title="bbox 1900 3001 3482 3074">
    <p class='ocr_par' dir='ltr' id='par_1_60' title="bbox 1900 3001 3482 3074">
     <span class='ocr_line' id='line_1_60' title="bbox 1900 3001 3482 3074; baseline 0.008 -22"><span class='ocrx_word' id='word_1_421' title='bbox 1900 3001 2103 3056; x_wconf 80' lang='lat' dir='ltr'><strong>videbis</strong></span> <span class='ocrx_word' id='word_1_422' title='bbox 2132 3018 2252 3057; x_wconf 89' lang='lat' dir='ltr'><strong>eam</strong></span> <span class='ocrx_word' id='word_1_423' title='bbox 2281 3004 2346 3056; x_wconf 89' lang='lat' dir='ltr'><strong>de</strong></span> <span class='ocrx_word' id='word_1_424' title='bbox 2373 3019 2478 3072; x_wconf 89' lang='lat' dir='ltr'><strong>qua</strong></span> <span class='ocrx_word' id='word_1_425' title='bbox 2516 3003 2583 3057; x_wconf 89' lang='lat' dir='ltr'><strong>ad</strong></span> <span class='ocrx_word' id='word_1_426' title='bbox 2633 3015 2683 3058; x_wconf 89' lang='lat' dir='ltr'><strong>te</strong></span> <span class='ocrx_word' id='word_1_427' title='bbox 2711 3003 2919 3074; x_wconf 90' lang='lat' dir='ltr'><strong>loquor.</strong></span> <span class='ocrx_word' id='word_1_428' title='bbox 2963 3025 2982 3057; x_wconf 68' lang='grc' dir='ltr'><strong><em>ι</em></strong></span> <span class='ocrx_word' id='word_1_429' title='bbox 3020 3006 3090 3061; x_wconf 87' lang='grc' dir='ltr'><strong>Αι</strong></span> <span class='ocrx_word' id='word_1_430' title='bbox 3123 3007 3231 3072; x_wconf 88' lang='lat' dir='ltr'><strong>ille,</strong></span> <span class='ocrx_word' id='word_1_431' title='bbox 3280 3018 3336 3063; x_wconf 93' lang='lat' dir='ltr'><strong>ut</strong></span> <span class='ocrx_word' id='word_1_432' title='bbox 3379 3010 3482 3064; x_wconf 89' lang='lat' dir='ltr'><strong>sibi</strong></span> 
     </span>
    </p>
   </div>
   <div class='ocr_carea' id='block_1_61' title="bbox 1899 3096 3482 3158">
    <p class='ocr_par' dir='ltr' id='par_1_61' title="bbox 1899 3096 3482 3158">
     <span class='ocr_line' id='line_1_61' title="bbox 1899 3096 3482 3158; baseline 0.004 -10"><span class='ocrx_word' id='word_1_433' title='bbox 1899 3105 2115 3149; x_wconf 87' lang='lat' dir='ltr'><strong>ostensa</strong></span> <span class='ocrx_word' id='word_1_434' title='bbox 2147 3096 2409 3150; x_wconf 87' lang='lat' dir='ltr'><strong>suadebat</strong></span> <span class='ocrx_word' id='word_1_435' title='bbox 2437 3096 2589 3158; x_wconf 88' lang='lat' dir='ltr'><strong>visio,</strong></span> <span class='ocrx_word' id='word_1_436' title='bbox 2625 3096 2905 3151; x_wconf 87' lang='lat' dir='ltr'><strong>videbatur</strong></span> <span class='ocrx_word' id='word_1_437' title='bbox 2927 3099 3025 3152; x_wconf 88' lang='lat' dir='ltr'><strong>sibi</strong></span> <span class='ocrx_word' id='word_1_438' title='bbox 3059 3109 3304 3153; x_wconf 80' lang='lat' dir='ltr'><strong>sanctum</strong></span> <span class='ocrx_word' id='word_1_439' title='bbox 3332 3117 3482 3155; x_wconf 88' lang='lat' dir='ltr'><strong>mar-</strong></span> 
     </span>
    </p>
   </div>
   <div class='ocr_carea' id='block_1_62' title="bbox 225 3172 3486 3264">
    <p class='ocr_par' dir='ltr' id='par_1_62' title="bbox 225 3172 3486 3264">
     <span class='ocr_line' id='line_1_62' title="bbox 225 3172 3486 3264; baseline 0.004 -36"><span class='ocrx_word' id='word_1_440' title='bbox 225 3187 370 3242; x_wconf 63' lang='lat' dir='ltr'><strong>..abm</strong></span> <span class='ocrx_word' id='word_1_441' title='bbox 417 3191 699 3260; x_wconf 67' lang='grc' dir='ltr'><strong>ρρίιρριίρί</strong></span> <span class='ocrx_word' id='word_1_442' title='bbox 754 3191 928 3245; x_wconf 58' lang='lat' dir='ltr'><strong>morbi</strong></span> <span class='ocrx_word' id='word_1_443' title='bbox 982 3192 1298 3262; x_wconf 58' lang='lat' dir='ltr'><strong>angritudinc</strong></span> <span class='ocrx_word' id='word_1_444' title='bbox 1346 3209 1441 3264; x_wconf 76' lang='grc' dir='ltr'><strong>ροι-</strong></span> <span class='ocrx_word' id='word_1_445' title='bbox 1503 3195 1794 3250; x_wconf 40' lang='lat' dir='ltr'><strong>interdum</strong></span> <span class='ocrx_word' id='word_1_446' title='bbox 1825 3172 1867 3233; x_wconf 89' lang='lat' dir='ltr'><strong><em>C</em></strong></span> <span class='ocrx_word' id='word_1_447' title='bbox 1901 3193 2070 3253; x_wconf 80' lang='lat' dir='ltr'><strong>tyrem</strong></span> <span class='ocrx_word' id='word_1_448' title='bbox 2101 3184 2251 3254; x_wconf 90' lang='lat' dir='ltr'><strong>sequi</strong></span> <span class='ocrx_word' id='word_1_449' title='bbox 2283 3185 2567 3254; x_wconf 71' lang='lat' dir='ltr'><strong>prmvium;</strong></span> <span class='ocrx_word' id='word_1_450' title='bbox 2593 3185 2682 3255; x_wconf 90' lang='lat' dir='ltr'><strong>qui</strong></span> <span class='ocrx_word' id='word_1_451' title='bbox 2713 3201 2870 3254; x_wconf 89' lang='lat' dir='ltr'><strong>supra</strong></span> <span class='ocrx_word' id='word_1_452' title='bbox 2897 3197 3110 3256; x_wconf 77' lang='lat' dir='ltr'><strong>pimlem</strong></span> <span class='ocrx_word' id='word_1_453' title='bbox 3139 3189 3486 3244; x_wconf 82' lang='lat' dir='ltr'><strong>Cunchacen-</strong></span> 
     </span>
    </p>
   </div>
   <div class='ocr_carea' id='block_1_63' title="bbox 227 3280 1798 3356">
    <p class='ocr_par' dir='ltr' id='par_1_63' title="bbox 227 3280 1798 3356">
     <span class='ocr_line' id='line_1_63' title="bbox 227 3280 1798 3356; baseline 0.006 -25"><span class='ocrx_word' id='word_1_454' title='bbox 227 3280 400 3335; x_wconf 78' lang='lat' dir='ltr'><strong>misere</strong></span> <span class='ocrx_word' id='word_1_455' title='bbox 425 3281 710 3347; x_wconf 74' lang='lat' dir='ltr'><strong>laborans,</strong></span> <span class='ocrx_word' id='word_1_456' title='bbox 739 3283 894 3337; x_wconf 74' lang='lat' dir='ltr'><strong>tmdio</strong></span> <span class='ocrx_word' id='word_1_457' title='bbox 924 3286 1088 3353; x_wconf 73' lang='lat' dir='ltr'><strong>cwpit</strong></span> <span class='ocrx_word' id='word_1_458' title='bbox 1128 3282 1237 3356; x_wconf 88' lang='lat' dir='ltr'><strong>[eo]</strong></span> <span class='ocrx_word' id='word_1_459' title='bbox 1289 3285 1458 3354; x_wconf 86' lang='lat' dir='ltr'><strong>magis</strong></span> <span class='ocrx_word' id='word_1_460' title='bbox 1484 3287 1798 3356; x_wconf 86' lang='lat' dir='ltr'><strong>parentibus</strong></span> 
     </span>
    </p>
   </div>
   <div class='ocr_carea' id='block_1_64' title="bbox 226 3369 1796 3444">
    <p class='ocr_par' dir='ltr' id='par_1_64' title="bbox 226 3369 1796 3444">
     <span class='ocr_line' id='line_1_64' title="bbox 226 3369 1796 3444; baseline 0.005 -24"><span class='ocrx_word' id='word_1_461' title='bbox 226 3369 414 3433; x_wconf 80' lang='lat' dir='ltr'><strong>haberi.</strong></span> <span class='ocrx_word' id='word_1_462' title='bbox 437 3371 584 3440; x_wconf 90' lang='lat' dir='ltr'><strong>quod</strong></span> <span class='ocrx_word' id='word_1_463' title='bbox 625 3371 676 3425; x_wconf 92' lang='lat' dir='ltr'><strong>in</strong></span> <span class='ocrx_word' id='word_1_464' title='bbox 700 3369 813 3444; x_wconf 82' lang='lat' dir='ltr'><strong>[eo]</strong></span> <span class='ocrx_word' id='word_1_465' title='bbox 837 3371 977 3425; x_wconf 91' lang='lat' dir='ltr'><strong>nulla</strong></span> <span class='ocrx_word' id='word_1_466' title='bbox 1005 3387 1128 3441; x_wconf 90' lang='lat' dir='ltr'><strong>spes</strong></span> <span class='ocrx_word' id='word_1_467' title='bbox 1149 3371 1312 3444; x_wconf 86' lang='lat' dir='ltr'><strong>lerat]</strong></span> <span class='ocrx_word' id='word_1_468' title='bbox 1328 3375 1554 3444; x_wconf 81' lang='lat' dir='ltr'><strong>genialis</strong></span> <span class='ocrx_word' id='word_1_469' title='bbox 1579 3375 1796 3430; x_wconf 87' lang='lat' dir='ltr'><strong>indolis.</strong></span> 
     </span>
    </p>
   </div>
   <div class='ocr_carea' id='block_1_65' title="bbox 225 3455 1803 3531">
    <p class='ocr_par' dir='ltr' id='par_1_65' title="bbox 225 3455 1803 3531">
     <span class='ocr_line' id='line_1_65' title="bbox 225 3455 1803 3531; baseline 0.006 -21"><span class='ocrx_word' id='word_1_470' title='bbox 225 3455 436 3515; x_wconf 79' lang='lat' dir='ltr'><strong>Tandem</strong></span> <span class='ocrx_word' id='word_1_471' title='bbox 473 3461 745 3516; x_wconf 86' lang='lat' dir='ltr'><strong>nimirum</strong></span> <span class='ocrx_word' id='word_1_472' title='bbox 795 3461 1172 3531; x_wconf 82' lang='lat' dir='ltr'><strong>opinatissimo</strong></span> <span class='ocrx_word' id='word_1_473' title='bbox 1198 3463 1458 3518; x_wconf 89' lang='lat' dir='ltr'><strong>virtutum</strong></span> <span class='ocrx_word' id='word_1_474' title='bbox 1491 3463 1676 3520; x_wconf 78' lang='lat' dir='ltr'><strong>favore</strong></span> <span class='ocrx_word' id='word_1_475' title='bbox 1710 3481 1803 3520; x_wconf 86' lang='lat' dir='ltr'><strong>co-</strong></span> 
     </span>
    </p>
   </div>
   <div class='ocr_carea' id='block_1_66' title="bbox 223 3533 1802 3626">
    <p class='ocr_par' dir='ltr' id='par_1_66' title="bbox 223 3533 1802 3626">
     <span class='ocr_line' id='line_1_66' title="bbox 223 3533 1802 3626; baseline 0.005 -24"><span class='ocrx_word' id='word_1_476' title='bbox 223 3561 378 3616; x_wconf 88' lang='lat' dir='ltr'><strong>aetus,</strong></span> <span class='ocrx_word' id='word_1_477' title='bbox 399 3562 615 3608; x_wconf 75' lang='lat' dir='ltr'><strong>sancue</strong></span> <span class='ocrx_word' id='word_1_478' title='bbox 642 3553 867 3623; x_wconf 86' lang='lat' dir='ltr'><strong>virginis</strong></span> <span class='ocrx_word' id='word_1_479' title='bbox 887 3533 1322 3623; x_wconf 71' lang='lat' dir='ltr'><strong>propitiatorium</strong></span> <span class='ocrx_word' id='word_1_480' title='bbox 1346 3556 1684 3626; x_wconf 73' lang='lat' dir='ltr'><strong>aggreditur;</strong></span> <span class='ocrx_word' id='word_1_481' title='bbox 1709 3572 1802 3610; x_wconf 89' lang='lat' dir='ltr'><strong>cu-</strong></span> 
     </span>
    </p>
   </div>
   <div class='ocr_carea' id='block_1_67' title="bbox 219 3644 1799 3716">
    <p class='ocr_par' dir='ltr' id='par_1_67' title="bbox 219 3644 1799 3716">
     <span class='ocr_line' id='line_1_67' title="bbox 219 3644 1799 3716; baseline 0.004 -21"><span class='ocrx_word' id='word_1_482' title='bbox 219 3644 295 3713; x_wconf 86' lang='lat' dir='ltr'><strong>jus</strong></span> <span class='ocrx_word' id='word_1_483' title='bbox 315 3646 650 3716; x_wconf 76' lang='lat' dir='ltr'><strong>propitiante</strong></span> <span class='ocrx_word' id='word_1_484' title='bbox 679 3645 1012 3715; x_wconf 87' lang='lat' dir='ltr'><strong>benignitate</strong></span> <span class='ocrx_word' id='word_1_485' title='bbox 1041 3654 1240 3716; x_wconf 77' lang='lat' dir='ltr'><strong>optata:</strong></span> <span class='ocrx_word' id='word_1_486' title='bbox 1269 3647 1459 3703; x_wconf 88' lang='lat' dir='ltr'><strong>salutis</strong></span> <span class='ocrx_word' id='word_1_487' title='bbox 1505 3649 1799 3703; x_wconf 88' lang='lat' dir='ltr'><strong>remediqu</strong></span> 
     </span>
    </p>
   </div>
   <div class='ocr_carea' id='block_1_68' title="bbox 225 3737 1802 3811">
    <p class='ocr_par' dir='ltr' id='par_1_68' title="bbox 225 3737 1802 3811">
     <span class='ocr_line' id='line_1_68' title="bbox 225 3737 1802 3811; baseline 0.006 -24"><span class='ocrx_word' id='word_1_488' title='bbox 225 3754 249 3787; x_wconf 88' lang='lat' dir='ltr'><strong>a</strong></span> <span class='ocrx_word' id='word_1_489' title='bbox 278 3751 508 3803; x_wconf 86' lang='lat' dir='ltr'><strong>secutus,</strong></span> <span class='ocrx_word' id='word_1_490' title='bbox 532 3747 747 3792; x_wconf 76' lang='lat' dir='ltr'><strong>sancta:</strong></span> <span class='ocrx_word' id='word_1_491' title='bbox 782 3737 1003 3792; x_wconf 78' lang='lat' dir='ltr'><strong>medica:</strong></span> <span class='ocrx_word' id='word_1_492' title='bbox 1031 3738 1178 3794; x_wconf 83' lang='lat' dir='ltr'><strong>Fidis</strong></span> <span class='ocrx_word' id='word_1_493' title='bbox 1206 3739 1485 3794; x_wconf 90' lang='lat' dir='ltr'><strong>basilicam</strong></span> <span class='ocrx_word' id='word_1_494' title='bbox 1511 3742 1802 3811; x_wconf 87' lang='lat' dir='ltr'><strong>quotannis</strong></span> 
     </span>
    </p>
   </div>
   <div class='ocr_carea' id='block_1_69' title="bbox 225 3828 1802 3899">
    <p class='ocr_par' dir='ltr' id='par_1_69' title="bbox 225 3828 1802 3899">
     <span class='ocr_line' id='line_1_69' title="bbox 225 3828 1802 3899; baseline 0.003 -18"><span class='ocrx_word' id='word_1_495' title='bbox 225 3829 444 3884; x_wconf 81' lang='lat' dir='ltr'><strong>revisere</strong></span> <span class='ocrx_word' id='word_1_496' title='bbox 481 3828 768 3892; x_wconf 81' lang='lat' dir='ltr'><strong>studebat,</strong></span> <span class='ocrx_word' id='word_1_497' title='bbox 802 3830 1004 3899; x_wconf 85' lang='lat' dir='ltr'><strong>gratias</strong></span> <span class='ocrx_word' id='word_1_498' title='bbox 1035 3845 1132 3899; x_wconf 87' lang='lat' dir='ltr'><strong>pro</strong></span> <span class='ocrx_word' id='word_1_499' title='bbox 1173 3831 1416 3899; x_wconf 90' lang='lat' dir='ltr'><strong>impenso</strong></span> <span class='ocrx_word' id='word_1_500' title='bbox 1459 3848 1684 3887; x_wconf 88' lang='lat' dir='ltr'><strong>munere</strong></span> <span class='ocrx_word' id='word_1_501' title='bbox 1728 3849 1802 3886; x_wconf 89' lang='lat' dir='ltr'><strong>re-</strong></span> 
     </span>
    </p>
   </div>
   <div class='ocr_carea' id='block_1_70' title="bbox 226 3917 1802 3992">
    <p class='ocr_par' dir='ltr' id='par_1_70' title="bbox 226 3917 1802 3992">
     <span class='ocr_line' id='line_1_70' title="bbox 226 3917 1802 3992; baseline 0.006 -24"><span class='ocrx_word' id='word_1_502' title='bbox 226 3917 436 3974; x_wconf 84' lang='lat' dir='ltr'><strong>laturus.</strong></span> <span class='ocrx_word' id='word_1_503' title='bbox 463 3919 645 3987; x_wconf 82' lang='lat' dir='ltr'><strong>Quem</strong></span> <span class='ocrx_word' id='word_1_504' title='bbox 702 3934 800 3988; x_wconf 80' lang='lat' dir='ltr'><strong>pro</strong></span> <span class='ocrx_word' id='word_1_505' title='bbox 846 3919 963 3973; x_wconf 82' lang='lat' dir='ltr'><strong>zelo</strong></span> <span class='ocrx_word' id='word_1_506' title='bbox 997 3921 1301 3990; x_wconf 90' lang='lat' dir='ltr'><strong>patrimonii</strong></span> <span class='ocrx_word' id='word_1_507' title='bbox 1349 3931 1606 3990; x_wconf 86' lang='lat' dir='ltr'><strong>parentes</strong></span> <span class='ocrx_word' id='word_1_508' title='bbox 1640 3932 1802 3992; x_wconf 74' lang='lat' dir='ltr'><strong>atque</strong></span> 
     </span>
    </p>
   </div>
   <div class='ocr_carea' id='block_1_71' title="bbox 225 4009 1805 4084">
    <p class='ocr_par' dir='ltr' id='par_1_71' title="bbox 225 4009 1805 4084">
     <span class='ocr_line' id='line_1_71' title="bbox 225 4009 1805 4084; baseline 0.006 -23"><span class='ocrx_word' id='word_1_509' title='bbox 225 4009 394 4065; x_wconf 83' lang='lat' dir='ltr'><strong>alliues</strong></span> <span class='ocrx_word' id='word_1_510' title='bbox 438 4011 769 4066; x_wconf 80' lang='lat' dir='ltr'><strong>exsecrabili</strong></span> <span class='ocrx_word' id='word_1_511' title='bbox 823 4012 950 4065; x_wconf 90' lang='lat' dir='ltr'><strong>odio</strong></span> <span class='ocrx_word' id='word_1_512' title='bbox 993 4013 1326 4067; x_wconf 87' lang='lat' dir='ltr'><strong>insectantes</strong></span> <span class='ocrx_word' id='word_1_513' title='bbox 1370 4015 1474 4067; x_wconf 92' lang='lat' dir='ltr'><strong>voti</strong></span> <span class='ocrx_word' id='word_1_514' title='bbox 1525 4028 1805 4084; x_wconf 89' lang='lat' dir='ltr'><strong>compotes</strong></span> 
     </span>
    </p>
   </div>
   <div class='ocr_carea' id='block_1_72' title="bbox 226 4089 1802 4172">
    <p class='ocr_par' dir='ltr' id='par_1_72' title="bbox 226 4089 1802 4172">
     <span class='ocr_line' id='line_1_72' title="bbox 226 4089 1802 4172; baseline 0.005 -19"><span class='ocrx_word' id='word_1_515' title='bbox 226 4111 488 4170; x_wconf 80' lang='lat' dir='ltr'><strong>ceperunt.</strong></span> <span class='ocrx_word' id='word_1_516' title='bbox 543 4102 785 4157; x_wconf 86' lang='lat' dir='ltr'><strong>Tantum</strong></span> <span class='ocrx_word' id='word_1_517' title='bbox 835 4104 1067 4172; x_wconf 89' lang='lat' dir='ltr'><strong>denique</strong></span> <span class='ocrx_word' id='word_1_518' title='bbox 1118 4103 1234 4158; x_wconf 91' lang='lat' dir='ltr'><strong>viro</strong></span> <span class='ocrx_word' id='word_1_519' title='bbox 1275 4089 1660 4170; x_wconf 67' lang='lat' dir='ltr'><strong>illustrissimo,</strong></span> <span class='ocrx_word' id='word_1_520' title='bbox 1708 4124 1802 4161; x_wconf 84' lang='lat' dir='ltr'><strong>no-</strong></span> 
     </span>
    </p>
   </div>
   <div class='ocr_carea' id='block_1_73' title="bbox 231 4190 1803 4265">
    <p class='ocr_par' dir='ltr' id='par_1_73' title="bbox 231 4190 1803 4265">
     <span class='ocr_line' id='line_1_73' title="bbox 231 4190 1803 4265; baseline 0.006 -23"><span class='ocrx_word' id='word_1_521' title='bbox 231 4190 364 4244; x_wconf 85' lang='lat' dir='ltr'><strong>mine</strong></span> <span class='ocrx_word' id='word_1_522' title='bbox 382 4192 686 4255; x_wconf 84' lang='lat' dir='ltr'><strong>Gosberto,</strong></span> <span class='ocrx_word' id='word_1_523' title='bbox 716 4193 1078 4257; x_wconf 87' lang='lat' dir='ltr'><strong>tradiderunt,</strong></span> <span class='ocrx_word' id='word_1_524' title='bbox 1119 4195 1210 4264; x_wconf 85' lang='lat' dir='ltr'><strong>qui</strong></span> <span class='ocrx_word' id='word_1_525' title='bbox 1260 4211 1358 4265; x_wconf 87' lang='lat' dir='ltr'><strong>pro</strong></span> <span class='ocrx_word' id='word_1_526' title='bbox 1395 4197 1646 4265; x_wconf 88' lang='lat' dir='ltr'><strong>irrogatis</strong></span> <span class='ocrx_word' id='word_1_527' title='bbox 1676 4214 1803 4252; x_wconf 86' lang='lat' dir='ltr'><strong>con-</strong></span> 
     </span>
    </p>
   </div>
   <div class='ocr_carea' id='block_1_74' title="bbox 229 4283 1805 4357">
    <p class='ocr_par' dir='ltr' id='par_1_74' title="bbox 229 4283 1805 4357">
     <span class='ocr_line' id='line_1_74' title="bbox 229 4283 1805 4357; baseline 0.006 -23"><span class='ocrx_word' id='word_1_528' title='bbox 229 4283 446 4340; x_wconf 84' lang='lat' dir='ltr'><strong>tumeliis</strong></span> <span class='ocrx_word' id='word_1_529' title='bbox 470 4287 801 4357; x_wconf 88' lang='lat' dir='ltr'><strong>gravissime</strong></span> <span class='ocrx_word' id='word_1_530' title='bbox 829 4301 951 4339; x_wconf 90' lang='lat' dir='ltr'><strong>eum</strong></span> <span class='ocrx_word' id='word_1_531' title='bbox 977 4287 1210 4342; x_wconf 90' lang='lat' dir='ltr'><strong>habebat</strong></span> <span class='ocrx_word' id='word_1_532' title='bbox 1236 4288 1526 4343; x_wconf 89' lang='lat' dir='ltr'><strong>infensum.</strong></span> <span class='ocrx_word' id='word_1_533' title='bbox 1563 4289 1805 4345; x_wconf 83' lang='lat' dir='ltr'><strong>Aderant</strong></span> 
     </span>
    </p>
   </div>
   <div class='ocr_carea' id='block_1_75' title="bbox 227 4377 1799 4453">
    <p class='ocr_par' dir='ltr' id='par_1_75' title="bbox 227 4377 1799 4453">
     <span class='ocr_line' id='line_1_75' title="bbox 227 4377 1799 4453; baseline 0.007 -28"><span class='ocrx_word' id='word_1_534' title='bbox 227 4390 443 4446; x_wconf 84' lang='lat' dir='ltr'><strong>namque</strong></span> <span class='ocrx_word' id='word_1_535' title='bbox 472 4378 812 4432; x_wconf 86' lang='lat' dir='ltr'><strong>sanctissimi</strong></span> <span class='ocrx_word' id='word_1_536' title='bbox 869 4377 984 4434; x_wconf 89' lang='lat' dir='ltr'><strong>dies</strong></span> <span class='ocrx_word' id='word_1_537' title='bbox 1029 4377 1489 4450; x_wconf 68' lang='lat' dir='ltr'><strong>Quadragesimm,</strong></span> <span class='ocrx_word' id='word_1_538' title='bbox 1519 4384 1634 4453; x_wconf 91' lang='lat' dir='ltr'><strong>qui,</strong></span> <span class='ocrx_word' id='word_1_539' title='bbox 1680 4399 1799 4437; x_wconf 77' lang='lat' dir='ltr'><strong>enim</strong></span> 
     </span>
    </p>
   </div>
   <div class='ocr_carea' id='block_1_76' title="bbox 229 4461 1798 4537">
    <p class='ocr_par' dir='ltr' id='par_1_76' title="bbox 229 4461 1798 4537">
     <span class='ocr_line' id='line_1_76' title="bbox 229 4461 1798 4537; baseline 0.009 -23"><span class='ocrx_word' id='word_1_540' title='bbox 229 4461 437 4534; x_wconf 83' lang='lat' dir='ltr'><strong>frugalis</strong></span> <span class='ocrx_word' id='word_1_541' title='bbox 485 4468 846 4537; x_wconf 78' lang='lat' dir='ltr'><strong>par’cimonia:</strong></span> <span class='ocrx_word' id='word_1_542' title='bbox 893 4469 1271 4525; x_wconf 87' lang='lat' dir='ltr'><strong>observatione</strong></span> <span class='ocrx_word' id='word_1_543' title='bbox 1322 4482 1502 4528; x_wconf 90' lang='lat' dir='ltr'><strong>mente</strong></span> <span class='ocrx_word' id='word_1_544' title='bbox 1548 4475 1798 4530; x_wconf 85' lang='lat' dir='ltr'><strong>custoditi</strong></span> 
     </span>
    </p>
   </div>
   <div class='ocr_carea' id='block_1_77' title="bbox 227 4554 1802 4632">
    <p class='ocr_par' dir='ltr' id='par_1_77' title="bbox 227 4554 1802 4632">
     <span class='ocr_line' id='line_1_77' title="bbox 227 4554 1802 4632; baseline 0.01 -27"><span class='ocrx_word' id='word_1_545' title='bbox 227 4554 446 4622; x_wconf 87' lang='lat' dir='ltr'><strong>sincera,</strong></span> <span class='ocrx_word' id='word_1_546' title='bbox 486 4573 712 4613; x_wconf 86' lang='lat' dir='ltr'><strong>onmem</strong></span> <span class='ocrx_word' id='word_1_547' title='bbox 760 4559 966 4614; x_wconf 86' lang='lat' dir='ltr'><strong>elidunt</strong></span> <span class='ocrx_word' id='word_1_548' title='bbox 1000 4561 1122 4614; x_wconf 76' lang='lat' dir='ltr'><strong>vita:</strong></span> <span class='ocrx_word' id='word_1_549' title='bbox 1175 4576 1480 4631; x_wconf 87' lang='lat' dir='ltr'><strong>perperam.</strong></span> <span class='ocrx_word' id='word_1_550' title='bbox 1527 4563 1672 4632; x_wconf 76' lang='lat' dir='ltr'><strong>Quos</strong></span> <span class='ocrx_word' id='word_1_551' title='bbox 1701 4565 1802 4620; x_wconf 84' lang='lat' dir='ltr'><strong>iste</strong></span> 
     </span>
    </p>
   </div>
   <div class='ocr_carea' id='block_1_78' title="bbox 228 4643 1803 4719">
    <p class='ocr_par' dir='ltr' id='par_1_78' title="bbox 228 4643 1803 4719">
     <span class='ocr_line' id='line_1_78' title="bbox 228 4643 1803 4719; baseline 0.011 -25"><span class='ocrx_word' id='word_1_552' title='bbox 228 4643 356 4700; x_wconf 86' lang='lat' dir='ltr'><strong>inter</strong></span> <span class='ocrx_word' id='word_1_553' title='bbox 382 4649 710 4718; x_wconf 89' lang='lat' dir='ltr'><strong>eompedum</strong></span> <span class='ocrx_word' id='word_1_554' title='bbox 755 4650 1072 4719; x_wconf 88' lang='lat' dir='ltr'><strong>multiplicia</strong></span> <span class='ocrx_word' id='word_1_555' title='bbox 1115 4653 1384 4707; x_wconf 91' lang='lat' dir='ltr'><strong>volumina</strong></span> <span class='ocrx_word' id='word_1_556' title='bbox 1425 4655 1571 4710; x_wconf 87' lang='lat' dir='ltr'><strong>omni</strong></span> <span class='ocrx_word' id='word_1_557' title='bbox 1608 4658 1803 4711; x_wconf 85' lang='lat' dir='ltr'><strong>eremi-</strong></span> 
     </span>
    </p>
   </div>
   <div class='ocr_carea' id='block_1_79' title="bbox 229 4734 1799 4813">
    <p class='ocr_par' dir='ltr' id='par_1_79' title="bbox 229 4734 1799 4813">
     <span class='ocr_line' id='line_1_79' title="bbox 229 4734 1799 4813; baseline 0.011 -29"><span class='ocrx_word' id='word_1_558' title='bbox 229 4734 320 4788; x_wconf 71' lang='lat' dir='ltr'><strong>tica</strong></span> <span class='ocrx_word' id='word_1_559' title='bbox 350 4739 675 4795; x_wconf 85' lang='lat' dir='ltr'><strong>austeritate</strong></span> <span class='ocrx_word' id='word_1_560' title='bbox 702 4740 910 4795; x_wconf 88' lang='lat' dir='ltr'><strong>aridius</strong></span> <span class='ocrx_word' id='word_1_561' title='bbox 932 4741 1154 4807; x_wconf 88' lang='lat' dir='ltr'><strong>ducens,</strong></span> <span class='ocrx_word' id='word_1_562' title='bbox 1184 4743 1364 4813; x_wconf 91' lang='lat' dir='ltr'><strong>potius</strong></span> <span class='ocrx_word' id='word_1_563' title='bbox 1387 4744 1619 4800; x_wconf 88' lang='lat' dir='ltr'><strong>habebat</strong></span> <span class='ocrx_word' id='word_1_564' title='bbox 1646 4747 1799 4802; x_wconf 87' lang='lat' dir='ltr'><strong>oneri</strong></span> 
     </span>
    </p>
   </div>
   <div class='ocr_carea' id='block_1_80' title="bbox 228 4830 1800 4906">
    <p class='ocr_par' dir='ltr' id='par_1_80' title="bbox 228 4830 1800 4906">
     <span class='ocr_line' id='line_1_80' title="bbox 228 4830 1800 4906; baseline 0.008 -30"><span class='ocrx_word' id='word_1_565' title='bbox 228 4841 373 4893; x_wconf 89' lang='lat' dir='ltr'><strong>quam</strong></span> <span class='ocrx_word' id='word_1_566' title='bbox 401 4830 785 4897; x_wconf 79' lang='lat' dir='ltr'><strong>promerenin</strong></span> <span class='ocrx_word' id='word_1_567' title='bbox 817 4831 1000 4886; x_wconf 70' lang='lat' dir='ltr'><strong>Saluti.</strong></span> <span class='ocrx_word' id='word_1_568' title='bbox 1029 4833 1196 4888; x_wconf 87' lang='lat' dir='ltr'><strong>Cibus</strong></span> <span class='ocrx_word' id='word_1_569' title='bbox 1217 4834 1364 4887; x_wconf 92' lang='lat' dir='ltr'><strong>enim</strong></span> <span class='ocrx_word' id='word_1_570' title='bbox 1406 4833 1549 4890; x_wconf 91' lang='lat' dir='ltr'><strong>illius</strong></span> <span class='ocrx_word' id='word_1_571' title='bbox 1583 4850 1800 4906; x_wconf 84' lang='lat' dir='ltr'><strong>vesper-</strong></span> 
     </span>
    </p>
   </div>
   <div class='ocr_carea' id='block_1_81' title="bbox 231 4914 1801 4996">
    <p class='ocr_par' dir='ltr' id='par_1_81' title="bbox 231 4914 1801 4996">
     <span class='ocr_line' id='line_1_81' title="bbox 231 4914 1801 4996; baseline 0.009 -30"><span class='ocrx_word' id='word_1_572' title='bbox 231 4914 361 4971; x_wconf 87' lang='lat' dir='ltr'><strong>tinus</strong></span> <span class='ocrx_word' id='word_1_573' title='bbox 401 4920 562 4986; x_wconf 87' lang='lat' dir='ltr'><strong>panis</strong></span> <span class='ocrx_word' id='word_1_574' title='bbox 619 4929 747 4974; x_wconf 79' lang='lat' dir='ltr'><strong>erat</strong></span> <span class='ocrx_word' id='word_1_575' title='bbox 779 4921 1107 4978; x_wconf 88' lang='lat' dir='ltr'><strong>mucididate</strong></span> <span class='ocrx_word' id='word_1_576' title='bbox 1152 4924 1447 4980; x_wconf 88' lang='lat' dir='ltr'><strong>viriditatis</strong></span> <span class='ocrx_word' id='word_1_577' title='bbox 1494 4927 1801 4996; x_wconf 84' lang='lat' dir='ltr'><strong>squalidus;</strong></span> 
     </span>
    </p>
   </div>
   <div class='ocr_carea' id='block_1_82' title="bbox 231 5010 1806 5088">
    <p class='ocr_par' dir='ltr' id='par_1_82' title="bbox 231 5010 1806 5088">
     <span class='ocr_line' id='line_1_82' title="bbox 231 5010 1806 5088; baseline 0.011 -32"><span class='ocrx_word' id='word_1_578' title='bbox 231 5010 332 5076; x_wconf 87' lang='lat' dir='ltr'><strong>qui,</strong></span> <span class='ocrx_word' id='word_1_579' title='bbox 354 5019 564 5065; x_wconf 87' lang='lat' dir='ltr'><strong>remoto</strong></span> <span class='ocrx_word' id='word_1_580' title='bbox 593 5013 739 5066; x_wconf 84' lang='lat' dir='ltr'><strong>alius</strong></span> <span class='ocrx_word' id='word_1_581' title='bbox 759 5013 920 5067; x_wconf 89' lang='lat' dir='ltr'><strong>edulii</strong></span> <span class='ocrx_word' id='word_1_582' title='bbox 952 5016 1301 5084; x_wconf 90' lang='lat' dir='ltr'><strong>adminiculo,</strong></span> <span class='ocrx_word' id='word_1_583' title='bbox 1334 5017 1442 5083; x_wconf 80' lang='lat' dir='ltr'><strong>vix,</strong></span> <span class='ocrx_word' id='word_1_584' title='bbox 1473 5020 1637 5075; x_wconf 78' lang='lat' dir='ltr'><strong>etiam</strong></span> <span class='ocrx_word' id='word_1_585' title='bbox 1666 5035 1806 5088; x_wconf 90' lang='lat' dir='ltr'><strong>aqua</strong></span> 
     </span>
    </p>
   </div>
   <div class='ocr_carea' id='block_1_83' title="bbox 233 5101 1806 5182">
    <p class='ocr_par' dir='ltr' id='par_1_83' title="bbox 233 5101 1806 5182">
     <span class='ocr_line' id='line_1_83' title="bbox 233 5101 1806 5182; baseline 0.011 -29"><span class='ocrx_word' id='word_1_586' title='bbox 233 5101 358 5155; x_wconf 77' lang='lat' dir='ltr'><strong>viam</strong></span> <span class='ocrx_word' id='word_1_587' title='bbox 382 5106 770 5173; x_wconf 81' lang='lat' dir='ltr'><strong>patefaciente,</strong></span> <span class='ocrx_word' id='word_1_588' title='bbox 798 5107 957 5176; x_wconf 88' lang='lat' dir='ltr'><strong>palati</strong></span> <span class='ocrx_word' id='word_1_589' title='bbox 986 5111 1194 5167; x_wconf 88' lang='lat' dir='ltr'><strong>valebat</strong></span> <span class='ocrx_word' id='word_1_590' title='bbox 1214 5114 1546 5182; x_wconf 87' lang='lat' dir='ltr'><strong>pertransire</strong></span> <span class='ocrx_word' id='word_1_591' title='bbox 1575 5123 1806 5179; x_wconf 88' lang='lat' dir='ltr'><strong>meatus,</strong></span> 
     </span>
    </p>
   </div>
   <div class='ocr_carea' id='block_1_84' title="bbox 233 5196 1660 5228">
    <p class='ocr_par' dir='ltr' id='par_1_84' title="bbox 233 5196 1660 5228">
     <span class='ocr_line' id='line_1_84' title="bbox 233 5196 1660 5228; baseline 0 0"><span class='ocrx_word' id='word_1_592' title='bbox 233 5203 276 5228; x_wconf 71' lang='lat' dir='ltr'><strong>nl</strong></span> <span class='ocrx_word' id='word_1_593' title='bbox 307 5196 422 5228; x_wconf 66' lang='grc' dir='ltr'><strong>ηιιίη</strong></span> <span class='ocrx_word' id='word_1_594' title='bbox 455 5213 554 5228; x_wconf 62' lang='lat' dir='ltr'><strong>nun</strong></span> <span class='ocrx_word' id='word_1_595' title='bbox 578 5196 766 5228; x_wconf 55' lang='lat' dir='ltr'><strong>ama-0:0</strong></span> <span class='ocrx_word' id='word_1_596' title='bbox 797 5197 995 5228; x_wconf 62' lang='grc' dir='ltr'><strong>υἷι-ἶλαι-</strong></span> <span class='ocrx_word' id='word_1_597' title='bbox 1025 5203 1126 5228; x_wconf 65' lang='grc'><strong>2112..</strong></span> <span class='ocrx_word' id='word_1_598' title='bbox 1158 5203 1509 5228; x_wconf 58' lang='grc' dir='ltr'><strong>2-.ιΑΙΑ---Ι,ΞΙΞ-</strong></span> <span class='ocrx_word' id='word_1_599' title='bbox 1552 5216 1660 5228; x_wconf 36' lang='grc' dir='ltr'><strong>--νλι</strong></span> 
     </span>
    </p>
   </div>
   <div class='ocr_carea' id='block_1_85' title="bbox 1901 3275 3486 3347">
    <p class='ocr_par' dir='ltr' id='par_1_85' title="bbox 1901 3275 3486 3347">
     <span class='ocr_line' id='line_1_85' title="bbox 1901 3275 3486 3347; baseline 0.002 -18"><span class='ocrx_word' id='word_1_600' title='bbox 1901 3275 1975 3330; x_wconf 85' lang='lat' dir='ltr'><strong>sis</strong></span> <span class='ocrx_word' id='word_1_601' title='bbox 2007 3275 2266 3328; x_wconf 79' lang='lat' dir='ltr'><strong>Dordonis</strong></span> <span class='ocrx_word' id='word_1_602' title='bbox 2293 3291 2414 3328; x_wconf 92' lang='lat' dir='ltr'><strong>eum</strong></span> <span class='ocrx_word' id='word_1_603' title='bbox 2444 3283 2715 3341; x_wconf 85' lang='lat' dir='ltr'><strong>statuens,</strong></span> <span class='ocrx_word' id='word_1_604' title='bbox 2742 3276 2814 3330; x_wconf 90' lang='lat' dir='ltr'><strong>ita</strong></span> <span class='ocrx_word' id='word_1_605' title='bbox 2845 3276 3118 3332; x_wconf 88' lang='lat' dir='ltr'><strong>melhlluis</strong></span> <span class='ocrx_word' id='word_1_606' title='bbox 3139 3279 3486 3347; x_wconf 85' lang='lat' dir='ltr'><strong>prosequitur</strong></span> 
     </span>
    </p>
   </div>
   <div class='ocr_carea' id='block_1_86' title="bbox 1901 3367 3481 3436">
    <p class='ocr_par' dir='ltr' id='par_1_86' title="bbox 1901 3367 3481 3436">
     <span class='ocr_line' id='line_1_86' title="bbox 1901 3367 3481 3436; baseline 0.004 -16"><span class='ocrx_word' id='word_1_607' title='bbox 1901 3367 2190 3436; x_wconf 86' lang='lat' dir='ltr'><strong>alloquiis:</strong></span> <span class='ocrx_word' id='word_1_608' title='bbox 2229 3386 2245 3418; x_wconf 72' lang='grc' dir='ltr'><strong><em>ι</em></strong></span> <span class='ocrx_word' id='word_1_609' title='bbox 2296 3367 2493 3435; x_wconf 88' lang='lat' dir='ltr'><strong>Dirige,</strong></span> <span class='ocrx_word' id='word_1_610' title='bbox 2530 3367 2772 3436; x_wconf 84' lang='lat' dir='ltr'><strong>inquam,</strong></span> <span class='ocrx_word' id='word_1_611' title='bbox 2797 3385 2828 3421; x_wconf 89' lang='grc' dir='ltr'><strong>ο</strong></span> <span class='ocrx_word' id='word_1_612' title='bbox 2860 3369 2957 3433; x_wconf 90' lang='lat' dir='ltr'><strong>lili,</strong></span> <span class='ocrx_word' id='word_1_613' title='bbox 2988 3369 3266 3424; x_wconf 88' lang='lat' dir='ltr'><strong>oculoruut</strong></span> <span class='ocrx_word' id='word_1_614' title='bbox 3310 3371 3481 3426; x_wconf 85' lang='lat' dir='ltr'><strong>aciem</strong></span> 
     </span>
    </p>
   </div>
   <div class='ocr_carea' id='block_1_87' title="bbox 1902 3457 3482 3527">
    <p class='ocr_par' dir='ltr' id='par_1_87' title="bbox 1902 3457 3482 3527">
     <span class='ocr_line' id='line_1_87' title="bbox 1902 3457 3482 3527; baseline 0.001 -15"><span class='ocrx_word' id='word_1_615' title='bbox 1902 3474 2064 3527; x_wconf 88' lang='lat' dir='ltr'><strong>super</strong></span> <span class='ocrx_word' id='word_1_616' title='bbox 2110 3457 2268 3526; x_wconf 84' lang='lat' dir='ltr'><strong>hujus</strong></span> <span class='ocrx_word' id='word_1_617' title='bbox 2299 3457 2530 3512; x_wconf 83' lang='lat' dir='ltr'><strong>nubiferi</strong></span> <span class='ocrx_word' id='word_1_618' title='bbox 2569 3459 2768 3513; x_wconf 77' lang='lat' dir='ltr'><strong>lllOllllS</strong></span> <span class='ocrx_word' id='word_1_619' title='bbox 2816 3475 3097 3525; x_wconf 83' lang='lat' dir='ltr'><strong>cacumen,</strong></span> <span class='ocrx_word' id='word_1_620' title='bbox 3145 3469 3201 3513; x_wconf 88' lang='lat' dir='ltr'><strong>et</strong></span> <span class='ocrx_word' id='word_1_621' title='bbox 3245 3461 3482 3515; x_wconf 89' lang='lat' dir='ltr'><strong>divinam</strong></span> 
     </span>
    </p>
   </div>
   <div class='ocr_carea' id='block_1_88' title="bbox 1903 3551 3482 3620">
    <p class='ocr_par' dir='ltr' id='par_1_88' title="bbox 1903 3551 3482 3620">
     <span class='ocr_line' id='line_1_88' title="bbox 1903 3551 3482 3620; baseline 0 -14"><span class='ocrx_word' id='word_1_622' title='bbox 1903 3553 2115 3606; x_wconf 89' lang='lat' dir='ltr'><strong>intuere</strong></span> <span class='ocrx_word' id='word_1_623' title='bbox 2144 3551 2470 3614; x_wconf 83' lang='lat' dir='ltr'><strong>claritatem,</strong></span> <span class='ocrx_word' id='word_1_624' title='bbox 2504 3551 2656 3619; x_wconf 80' lang='lat' dir='ltr'><strong>cujus</strong></span> <span class='ocrx_word' id='word_1_625' title='bbox 2684 3552 2931 3606; x_wconf 90' lang='lat' dir='ltr'><strong>immensi</strong></span> <span class='ocrx_word' id='word_1_626' title='bbox 2980 3551 3278 3620; x_wconf 69' lang='lat' dir='ltr'><strong>splendoris</strong></span> <span class='ocrx_word' id='word_1_627' title='bbox 3307 3552 3482 3606; x_wconf 85' lang='lat' dir='ltr'><strong>media</strong></span> 
     </span>
    </p>
   </div>
   <div class='ocr_carea' id='block_1_89' title="bbox 1902 3643 3486 3714">
    <p class='ocr_par' dir='ltr' id='par_1_89' title="bbox 1902 3643 3486 3714">
     <span class='ocr_line' id='line_1_89' title="bbox 1902 3643 3486 3714; baseline -0.001 -16"><span class='ocrx_word' id='word_1_628' title='bbox 1902 3643 2243 3698; x_wconf 86' lang='lat' dir='ltr'><strong>sanctissima</strong></span> <span class='ocrx_word' id='word_1_629' title='bbox 2274 3643 2424 3711; x_wconf 87' lang='lat' dir='ltr'><strong>virgo</strong></span> <span class='ocrx_word' id='word_1_630' title='bbox 2456 3643 2615 3697; x_wconf 84' lang='lat' dir='ltr'><strong>Fides</strong></span> <span class='ocrx_word' id='word_1_631' title='bbox 2636 3659 2700 3698; x_wconf 90' lang='lat' dir='ltr'><strong>ac</strong></span> <span class='ocrx_word' id='word_1_632' title='bbox 2726 3653 2930 3714; x_wconf 75' lang='lat' dir='ltr'><strong>martyr</strong></span> <span class='ocrx_word' id='word_1_633' title='bbox 2973 3645 3226 3714; x_wconf 82' lang='lat' dir='ltr'><strong>insignis,</strong></span> <span class='ocrx_word' id='word_1_634' title='bbox 3267 3644 3486 3714; x_wconf 79' lang='lat' dir='ltr'><strong>angelu-</strong></span> 
     </span>
    </p>
   </div>
   <div class='ocr_carea' id='block_1_90' title="bbox 1905 3734 3480 3802">
    <p class='ocr_par' dir='ltr' id='par_1_90' title="bbox 1905 3734 3480 3802">
     <span class='ocr_line' id='line_1_90' title="bbox 1905 3734 3480 3802; baseline 0.001 -15"><span class='ocrx_word' id='word_1_635' title='bbox 1905 3751 2022 3788; x_wconf 90' lang='lat' dir='ltr'><strong>rum</strong></span> <span class='ocrx_word' id='word_1_636' title='bbox 2051 3735 2192 3788; x_wconf 88' lang='lat' dir='ltr'><strong>inter</strong></span> <span class='ocrx_word' id='word_1_637' title='bbox 2221 3748 2412 3788; x_wconf 85' lang='lat' dir='ltr'><strong>manus</strong></span> <span class='ocrx_word' id='word_1_638' title='bbox 2436 3734 2698 3798; x_wconf 89' lang='lat' dir='ltr'><strong>emicans,</strong></span> <span class='ocrx_word' id='word_1_639' title='bbox 2730 3734 2850 3802; x_wconf 86' lang='lat' dir='ltr'><strong>quis</strong></span> <span class='ocrx_word' id='word_1_640' title='bbox 2895 3734 3007 3788; x_wconf 91' lang='lat' dir='ltr'><strong>suis</strong></span> <span class='ocrx_word' id='word_1_641' title='bbox 3039 3735 3245 3790; x_wconf 84' lang='lat' dir='ltr'><strong>meritis</strong></span> <span class='ocrx_word' id='word_1_642' title='bbox 3280 3735 3480 3790; x_wconf 86' lang='lat' dir='ltr'><strong>debea-</strong></span> 
     </span>
    </p>
   </div>
   <div class='ocr_carea' id='block_1_91' title="bbox 1908 3823 3457 3889">
    <p class='ocr_par' dir='ltr' id='par_1_91' title="bbox 1908 3823 3457 3889">
     <span class='ocr_line' id='line_1_91' title="bbox 1908 3823 3457 3889; baseline 0.001 -7"><span class='ocrx_word' id='word_1_643' title='bbox 1908 3838 1993 3882; x_wconf 91' lang='lat' dir='ltr'><strong>tur</strong></span> <span class='ocrx_word' id='word_1_644' title='bbox 2021 3827 2211 3889; x_wconf 86' lang='lat' dir='ltr'><strong>honor,</strong></span> <span class='ocrx_word' id='word_1_645' title='bbox 2240 3827 2642 3881; x_wconf 79' lang='lat' dir='ltr'><strong>evideutissinte</strong></span> <span class='ocrx_word' id='word_1_646' title='bbox 2675 3828 2898 3882; x_wconf 89' lang='lat' dir='ltr'><strong>iudicat.</strong></span> <span class='ocrx_word' id='word_1_647' title='bbox 2937 3851 2948 3860; x_wconf 61' lang='grc' dir='ltr'>σ</span> <span class='ocrx_word' id='word_1_648' title='bbox 3453 3823 3457 3826; x_wconf 52' lang='grc'><strong>’</strong></span> 
     </span>
    </p>
   </div>
   <div class='ocr_carea' id='block_1_92' title="bbox 1975 3917 3482 3988">
    <p class='ocr_par' dir='ltr' id='par_1_92' title="bbox 1975 3917 3482 3988">
     <span class='ocr_line' id='line_1_92' title="bbox 1975 3917 3482 3988; baseline 0.001 -17"><span class='ocrx_word' id='word_1_649' title='bbox 1975 3919 2180 3986; x_wconf 83' lang='lat' dir='ltr'><strong>Quibus</strong></span> <span class='ocrx_word' id='word_1_650' title='bbox 2209 3917 2298 3973; x_wconf 90' lang='lat' dir='ltr'><strong>ille</strong></span> <span class='ocrx_word' id='word_1_651' title='bbox 2328 3918 2526 3973; x_wconf 84' lang='lat' dir='ltr'><strong>auditis</strong></span> <span class='ocrx_word' id='word_1_652' title='bbox 2554 3917 2707 3972; x_wconf 82' lang='lat' dir='ltr'><strong>belus</strong></span> <span class='ocrx_word' id='word_1_653' title='bbox 2743 3919 2808 3972; x_wconf 87' lang='lat' dir='ltr'><strong>de</strong></span> <span class='ocrx_word' id='word_1_654' title='bbox 2851 3934 3019 3972; x_wconf 72' lang='lat' dir='ltr'><strong>sacra:</strong></span> <span class='ocrx_word' id='word_1_655' title='bbox 3049 3918 3274 3988; x_wconf 85' lang='lat' dir='ltr'><strong>virginis</strong></span> <span class='ocrx_word' id='word_1_656' title='bbox 3326 3917 3482 3973; x_wconf 86' lang='lat' dir='ltr'><strong>laude</strong></span> 
     </span>
    </p>
   </div>
   <div class='ocr_carea' id='block_1_93' title="bbox 1905 4009 3486 4080">
    <p class='ocr_par' dir='ltr' id='par_1_93' title="bbox 1905 4009 3486 4080">
     <span class='ocr_line' id='line_1_93' title="bbox 1905 4009 3486 4080; baseline -0.001 -17"><span class='ocrx_word' id='word_1_657' title='bbox 1905 4009 2183 4079; x_wconf 63' lang='lat' dir='ltr'><strong>pra&#39;cclsa,</strong></span> <span class='ocrx_word' id='word_1_658' title='bbox 2233 4009 2418 4064; x_wconf 89' lang='lat' dir='ltr'><strong>oculos</strong></span> <span class='ocrx_word' id='word_1_659' title='bbox 2461 4011 2512 4063; x_wconf 92' lang='lat' dir='ltr'><strong>in</strong></span> <span class='ocrx_word' id='word_1_660' title='bbox 2565 4009 2772 4064; x_wconf 75' lang='lat' dir='ltr'><strong>visione</strong></span> <span class='ocrx_word' id='word_1_661' title='bbox 2807 4010 2995 4080; x_wconf 85' lang='lat' dir='ltr'><strong>vigiles</strong></span> <span class='ocrx_word' id='word_1_662' title='bbox 3045 4011 3095 4064; x_wconf 90' lang='lat' dir='ltr'><strong>in</strong></span> <span class='ocrx_word' id='word_1_663' title='bbox 3135 4010 3360 4065; x_wconf 85' lang='lat' dir='ltr'><strong>sublime</strong></span> <span class='ocrx_word' id='word_1_664' title='bbox 3394 4009 3486 4062; x_wconf 89' lang='lat' dir='ltr'><strong>tol-</strong></span> 
     </span>
    </p>
   </div>
   <div class='ocr_carea' id='block_1_94' title="bbox 1907 4100 3482 4172">
    <p class='ocr_par' dir='ltr' id='par_1_94' title="bbox 1907 4100 3482 4172">
     <span class='ocr_line' id='line_1_94' title="bbox 1907 4100 3482 4172; baseline -0.001 -17"><span class='ocrx_word' id='word_1_665' title='bbox 1907 4103 2044 4166; x_wconf 87' lang='lat' dir='ltr'><strong>lens,</strong></span> <span class='ocrx_word' id='word_1_666' title='bbox 2085 4101 2217 4155; x_wconf 85' lang='lat' dir='ltr'><strong>vidit</strong></span> <span class='ocrx_word' id='word_1_667' title='bbox 2250 4101 2693 4170; x_wconf 83' lang='lat' dir='ltr'><strong>igueumglobum</strong></span> <span class='ocrx_word' id='word_1_668' title='bbox 2719 4102 2917 4172; x_wconf 88' lang='lat' dir='ltr'><strong>ingenti</strong></span> <span class='ocrx_word' id='word_1_669' title='bbox 2943 4100 3146 4172; x_wconf 82' lang='lat' dir='ltr'><strong>fulgore</strong></span> <span class='ocrx_word' id='word_1_670' title='bbox 3173 4102 3482 4166; x_wconf 85' lang='lat' dir='ltr'><strong>micantem,</strong></span> 
     </span>
    </p>
   </div>
   <div class='ocr_carea' id='block_1_95' title="bbox 1905 4192 3485 4264">
    <p class='ocr_par' dir='ltr' id='par_1_95' title="bbox 1905 4192 3485 4264">
     <span class='ocr_line' id='line_1_95' title="bbox 1905 4192 3485 4264; baseline -0.001 -16"><span class='ocrx_word' id='word_1_671' title='bbox 1905 4193 2060 4261; x_wconf 86' lang='lat' dir='ltr'><strong>enjus</strong></span> <span class='ocrx_word' id='word_1_672' title='bbox 2096 4193 2149 4246; x_wconf 92' lang='lat' dir='ltr'><strong>in</strong></span> <span class='ocrx_word' id='word_1_673' title='bbox 2180 4193 2354 4247; x_wconf 88' lang='lat' dir='ltr'><strong>medio</strong></span> <span class='ocrx_word' id='word_1_674' title='bbox 2387 4193 2628 4262; x_wconf 89' lang='lat' dir='ltr'><strong>speciosa</strong></span> <span class='ocrx_word' id='word_1_675' title='bbox 2660 4193 2809 4264; x_wconf 85' lang='lat' dir='ltr'><strong>virgo</strong></span> <span class='ocrx_word' id='word_1_676' title='bbox 2853 4209 3146 4248; x_wconf 85' lang='lat' dir='ltr'><strong>coruscans</strong></span> <span class='ocrx_word' id='word_1_677' title='bbox 3183 4192 3485 4247; x_wconf 88' lang='lat' dir='ltr'><strong>astantibus</strong></span> 
     </span>
    </p>
   </div>
   <div class='ocr_carea' id='block_1_96' title="bbox 1905 4282 3488 4354">
    <p class='ocr_par' dir='ltr' id='par_1_96' title="bbox 1905 4282 3488 4354">
     <span class='ocr_line' id='line_1_96' title="bbox 1905 4282 3488 4354; baseline -0.001 -16"><span class='ocrx_word' id='word_1_678' title='bbox 1905 4284 2006 4338; x_wconf 82' lang='lat' dir='ltr'><strong>sibi</strong></span> <span class='ocrx_word' id='word_1_679' title='bbox 2043 4283 2248 4354; x_wconf 85' lang='lat' dir='ltr'><strong>angelis</strong></span> <span class='ocrx_word' id='word_1_680' title='bbox 2272 4283 2532 4338; x_wconf 86' lang='lat' dir='ltr'><strong>dicebat:</strong></span> <span class='ocrx_word' id='word_1_681' title='bbox 2571 4303 2589 4334; x_wconf 74' lang='grc' dir='ltr'>ί</span> <span class='ocrx_word' id='word_1_682' title='bbox 2632 4282 2833 4338; x_wconf 85' lang='lat' dir='ltr'><strong>Locum</strong></span> <span class='ocrx_word' id='word_1_683' title='bbox 2872 4283 3018 4337; x_wconf 91' lang='lat' dir='ltr'><strong>illum</strong></span> <span class='ocrx_word' id='word_1_684' title='bbox 3057 4291 3215 4352; x_wconf 87' lang='lat' dir='ltr'><strong>quem</strong></span> <span class='ocrx_word' id='word_1_685' title='bbox 3266 4283 3488 4336; x_wconf 82' lang='lat' dir='ltr'><strong>cernitis</strong></span> 
     </span>
    </p>
   </div>
   <div class='ocr_carea' id='block_1_97' title="bbox 1904 4373 3488 4446">
    <p class='ocr_par' dir='ltr' id='par_1_97' title="bbox 1904 4373 3488 4446">
     <span class='ocr_line' id='line_1_97' title="bbox 1904 4373 3488 4446; baseline -0.003 -15"><span class='ocrx_word' id='word_1_686' title='bbox 1904 4377 2118 4432; x_wconf 90' lang='lat' dir='ltr'><strong>ossibus</strong></span> <span class='ocrx_word' id='word_1_687' title='bbox 2145 4376 2432 4430; x_wconf 89' lang='lat' dir='ltr'><strong>decoratur</strong></span> <span class='ocrx_word' id='word_1_688' title='bbox 2462 4375 2618 4440; x_wconf 88' lang='lat' dir='ltr'><strong>meis,</strong></span> <span class='ocrx_word' id='word_1_689' title='bbox 2663 4376 2728 4430; x_wconf 90' lang='lat' dir='ltr'><strong>de</strong></span> <span class='ocrx_word' id='word_1_690' title='bbox 2760 4391 2866 4446; x_wconf 88' lang='lat' dir='ltr'><strong>quo</strong></span> <span class='ocrx_word' id='word_1_691' title='bbox 2903 4391 2998 4430; x_wconf 91' lang='lat' dir='ltr'><strong>vos</strong></span> <span class='ocrx_word' id='word_1_692' title='bbox 3032 4391 3160 4446; x_wconf 86' lang='lat' dir='ltr'><strong>rogo</strong></span> <span class='ocrx_word' id='word_1_693' title='bbox 3206 4382 3262 4429; x_wconf 92' lang='lat' dir='ltr'><strong>ut</strong></span> <span class='ocrx_word' id='word_1_694' title='bbox 3293 4373 3488 4428; x_wconf 86' lang='lat' dir='ltr'><strong>vestris</strong></span> 
     </span>
    </p>
   </div>
   <div class='ocr_carea' id='block_1_98' title="bbox 1907 4464 3488 4537">
    <p class='ocr_par' dir='ltr' id='par_1_98' title="bbox 1907 4464 3488 4537">
     <span class='ocr_line' id='line_1_98' title="bbox 1907 4464 3488 4537; baseline -0.003 -14"><span class='ocrx_word' id='word_1_695' title='bbox 1907 4468 2276 4523; x_wconf 85' lang='lat' dir='ltr'><strong>sauctilicetur</strong></span> <span class='ocrx_word' id='word_1_696' title='bbox 2306 4468 2530 4522; x_wconf 78' lang='lat' dir='ltr'><strong>dextris.</strong></span> <span class='ocrx_word' id='word_1_697' title='bbox 2563 4487 2582 4518; x_wconf 72' lang='grc' dir='ltr'><strong><em>ι</em></strong></span> <span class='ocrx_word' id='word_1_698' title='bbox 2612 4466 2771 4521; x_wconf 88' lang='lat' dir='ltr'><strong>Cives</strong></span> <span class='ocrx_word' id='word_1_699' title='bbox 2802 4482 2928 4521; x_wconf 88' lang='lat' dir='ltr'><strong>vero</strong></span> <span class='ocrx_word' id='word_1_700' title='bbox 2958 4467 3185 4537; x_wconf 81' lang='lat' dir='ltr'><strong>angelici</strong></span> <span class='ocrx_word' id='word_1_701' title='bbox 3211 4507 3225 4530; x_wconf 91' lang='lat'><strong>,</strong></span> <span class='ocrx_word' id='word_1_702' title='bbox 3269 4464 3488 4519; x_wconf 87' lang='lat' dir='ltr'><strong>monitis</strong></span> 
     </span>
    </p>
   </div>
   <div class='ocr_carea' id='block_1_99' title="bbox 1908 4553 3489 4627">
    <p class='ocr_par' dir='ltr' id='par_1_99' title="bbox 1908 4553 3489 4627">
     <span class='ocr_line' id='line_1_99' title="bbox 1908 4553 3489 4627; baseline -0.005 -13"><span class='ocrx_word' id='word_1_703' title='bbox 1908 4561 2091 4614; x_wconf 89' lang='lat' dir='ltr'><strong>animo</strong></span> <span class='ocrx_word' id='word_1_704' title='bbox 2121 4559 2307 4613; x_wconf 89' lang='lat' dir='ltr'><strong>libenti</strong></span> <span class='ocrx_word' id='word_1_705' title='bbox 2339 4558 2743 4626; x_wconf 72' lang='lat' dir='ltr'><strong>arquicsccntes</strong></span> <span class='ocrx_word' id='word_1_706' title='bbox 2771 4558 3013 4627; x_wconf 79' lang='lat' dir='ltr'><strong>virginis,</strong></span> <span class='ocrx_word' id='word_1_707' title='bbox 3033 4557 3254 4611; x_wconf 85' lang='lat' dir='ltr'><strong>elevatis</strong></span> <span class='ocrx_word' id='word_1_708' title='bbox 3276 4553 3489 4625; x_wconf 56' lang='lat' dir='ltr'><strong>praeful-</strong></span> 
     </span>
    </p>
   </div>
   <div class='ocr_carea' id='block_1_100' title="bbox 1908 4643 3490 4720">
    <p class='ocr_par' dir='ltr' id='par_1_100' title="bbox 1908 4643 3490 4720">
     <span class='ocr_line' id='line_1_100' title="bbox 1908 4643 3490 4720; baseline -0.003 -18"><span class='ocrx_word' id='word_1_709' title='bbox 1908 4651 2046 4720; x_wconf 79' lang='lat' dir='ltr'><strong>gidis</strong></span> <span class='ocrx_word' id='word_1_710' title='bbox 2089 4648 2294 4704; x_wconf 78' lang='lat' dir='ltr'><strong>dextris</strong></span> <span class='ocrx_word' id='word_1_711' title='bbox 2334 4649 2546 4716; x_wconf 83' lang='lat' dir='ltr'><strong>signum</strong></span> <span class='ocrx_word' id='word_1_712' title='bbox 2587 4648 2716 4700; x_wconf 78' lang='lat' dir='ltr'><strong>dant</strong></span> <span class='ocrx_word' id='word_1_713' title='bbox 2755 4647 3042 4701; x_wconf 77' lang='lat' dir='ltr'><strong>adoranda:</strong></span> <span class='ocrx_word' id='word_1_714' title='bbox 3093 4647 3289 4710; x_wconf 89' lang='lat' dir='ltr'><strong>crucis,</strong></span> <span class='ocrx_word' id='word_1_715' title='bbox 3335 4643 3490 4713; x_wconf 86' lang='lat' dir='ltr'><strong>cujus</strong></span> 
     </span>
    </p>
   </div>
   <div class='ocr_carea' id='block_1_101' title="bbox 1907 4736 3489 4812">
    <p class='ocr_par' dir='ltr' id='par_1_101' title="bbox 1907 4736 3489 4812">
     <span class='ocr_line' id='line_1_101' title="bbox 1907 4736 3489 4812; baseline -0.003 -17"><span class='ocrx_word' id='word_1_716' title='bbox 1907 4739 2172 4812; x_wconf 84' lang='lat' dir='ltr'><strong>signaculi</strong></span> <span class='ocrx_word' id='word_1_717' title='bbox 2209 4741 2407 4792; x_wconf 85' lang='lat' dir='ltr'><strong>virtute</strong></span> <span class='ocrx_word' id='word_1_718' title='bbox 2434 4747 2679 4793; x_wconf 88' lang='lat' dir='ltr'><strong>sacratus</strong></span> <span class='ocrx_word' id='word_1_719' title='bbox 2729 4738 2908 4792; x_wconf 90' lang='lat' dir='ltr'><strong>onmis</strong></span> <span class='ocrx_word' id='word_1_720' title='bbox 2958 4737 3262 4791; x_wconf 88' lang='lat' dir='ltr'><strong>sanctitatis</strong></span> <span class='ocrx_word' id='word_1_721' title='bbox 3315 4736 3489 4805; x_wconf 84' lang='lat' dir='ltr'><strong>gratia</strong></span> 
     </span>
    </p>
   </div>
   <div class='ocr_carea' id='block_1_102' title="bbox 1913 4827 3493 4902">
    <p class='ocr_par' dir='ltr' id='par_1_102' title="bbox 1913 4827 3493 4902">
     <span class='ocr_line' id='line_1_102' title="bbox 1913 4827 3493 4902; baseline -0.003 -16"><span class='ocrx_word' id='word_1_722' title='bbox 1913 4833 2170 4902; x_wconf 82' lang='lat' dir='ltr'><strong>repletur.</strong></span> <span class='ocrx_word' id='word_1_723' title='bbox 2219 4831 2355 4884; x_wconf 88' lang='lat' dir='ltr'><strong>Dum</strong></span> <span class='ocrx_word' id='word_1_724' title='bbox 2411 4829 2524 4884; x_wconf 75' lang='lat' dir='ltr'><strong>lucc</strong></span> <span class='ocrx_word' id='word_1_725' title='bbox 2571 4830 2735 4901; x_wconf 85' lang='lat' dir='ltr'><strong>igitur</strong></span> <span class='ocrx_word' id='word_1_726' title='bbox 2790 4839 3102 4899; x_wconf 82' lang='lat' dir='ltr'><strong>agerentur,</strong></span> <span class='ocrx_word' id='word_1_727' title='bbox 3147 4843 3273 4883; x_wconf 87' lang='lat' dir='ltr'><strong>ecce</strong></span> <span class='ocrx_word' id='word_1_728' title='bbox 3317 4827 3493 4882; x_wconf 86' lang='lat' dir='ltr'><strong>subito</strong></span> 
     </span>
    </p>
   </div>
   <div class='ocr_carea' id='block_1_103' title="bbox 1915 4920 3493 4993">
    <p class='ocr_par' dir='ltr' id='par_1_103' title="bbox 1915 4920 3493 4993">
     <span class='ocr_line' id='line_1_103' title="bbox 1915 4920 3493 4993; baseline -0.004 -15"><span class='ocrx_word' id='word_1_729' title='bbox 1915 4925 2159 4980; x_wconf 88' lang='lat' dir='ltr'><strong>nimbosa</strong></span> <span class='ocrx_word' id='word_1_730' title='bbox 2189 4923 2384 4993; x_wconf 90' lang='lat' dir='ltr'><strong>caligo,</strong></span> <span class='ocrx_word' id='word_1_731' title='bbox 2415 4923 2483 4977; x_wconf 89' lang='lat' dir='ltr'><strong>ab</strong></span> <span class='ocrx_word' id='word_1_732' title='bbox 2513 4923 2683 4993; x_wconf 89' lang='lat' dir='ltr'><strong>ipsius</strong></span> <span class='ocrx_word' id='word_1_733' title='bbox 2708 4922 2885 4976; x_wconf 89' lang='lat' dir='ltr'><strong>aumis</strong></span> <span class='ocrx_word' id='word_1_734' title='bbox 2918 4923 3026 4976; x_wconf 91' lang='lat' dir='ltr'><strong>imo</strong></span> <span class='ocrx_word' id='word_1_735' title='bbox 3056 4920 3332 4975; x_wconf 84' lang='lat' dir='ltr'><strong>nimbusus</strong></span> <span class='ocrx_word' id='word_1_736' title='bbox 3378 4928 3493 4974; x_wconf 78' lang='lat' dir='ltr'><strong>tur-</strong></span> 
     </span>
    </p>
   </div>
   <div class='ocr_carea' id='block_1_104' title="bbox 1914 5012 3498 5086">
    <p class='ocr_par' dir='ltr' id='par_1_104' title="bbox 1914 5012 3498 5086">
     <span class='ocr_line' id='line_1_104' title="bbox 1914 5012 3498 5086; baseline -0.004 -14"><span class='ocrx_word' id='word_1_737' title='bbox 1914 5016 1982 5072; x_wconf 89' lang='lat' dir='ltr'><strong>bo</strong></span> <span class='ocrx_word' id='word_1_738' title='bbox 2007 5015 2327 5080; x_wconf 88' lang='lat' dir='ltr'><strong>ascendens,</strong></span> <span class='ocrx_word' id='word_1_739' title='bbox 2373 5015 2520 5070; x_wconf 85' lang='lat' dir='ltr'><strong>illum</strong></span> <span class='ocrx_word' id='word_1_740' title='bbox 2563 5029 2728 5086; x_wconf 88' lang='lat' dir='ltr'><strong>super</strong></span> <span class='ocrx_word' id='word_1_741' title='bbox 2778 5023 2997 5084; x_wconf 90' lang='lat' dir='ltr'><strong>pontem</strong></span> <span class='ocrx_word' id='word_1_742' title='bbox 3037 5023 3274 5070; x_wconf 86' lang='lat' dir='ltr'><strong>stantem</strong></span> <span class='ocrx_word' id='word_1_743' title='bbox 3304 5012 3498 5068; x_wconf 85' lang='lat' dir='ltr'><strong>nebula</strong></span> 
     </span>
    </p>
   </div>
   <div class='ocr_carea' id='block_1_105' title="bbox 1917 5106 3502 5180">
    <p class='ocr_par' dir='ltr' id='par_1_105' title="bbox 1917 5106 3502 5180">
     <span class='ocr_line' id='line_1_105' title="bbox 1917 5106 3502 5180; baseline -0.001 -18"><span class='ocrx_word' id='word_1_744' title='bbox 1917 5113 2072 5179; x_wconf 80' lang='lat' dir='ltr'><strong>texit,</strong></span> <span class='ocrx_word' id='word_1_745' title='bbox 2101 5126 2219 5180; x_wconf 83' lang='lat' dir='ltr'><strong>qme</strong></span> <span class='ocrx_word' id='word_1_746' title='bbox 2245 5109 2472 5165; x_wconf 90' lang='lat' dir='ltr'><strong>deciduo</strong></span> <span class='ocrx_word' id='word_1_747' title='bbox 2505 5125 2627 5164; x_wconf 88' lang='lat' dir='ltr'><strong>rore</strong></span> <span class='ocrx_word' id='word_1_748' title='bbox 2667 5106 2786 5177; x_wconf 88' lang='lat' dir='ltr'><strong>ejus</strong></span> <span class='ocrx_word' id='word_1_749' title='bbox 2835 5106 3148 5164; x_wconf 89' lang='lat' dir='ltr'><strong>indmnenta</strong></span> <span class='ocrx_word' id='word_1_750' title='bbox 3200 5106 3502 5176; x_wconf 83' lang='lat' dir='ltr'><strong>largissime</strong></span> 
     </span>
    </p>
   </div>
   <div class='ocr_carea' id='block_1_106' title="bbox 2300 5201 3502 5228">
    <p class='ocr_par' dir='ltr' id='par_1_106' title="bbox 2300 5201 3502 5228">
     <span class='ocr_line' id='line_1_106' title="bbox 2300 5201 3502 5228; baseline 0 0"><span class='ocrx_word' id='word_1_751' title='bbox 2300 5202 2412 5228; x_wconf 68' lang='lat' dir='ltr'><strong>l‘lln</strong></span> <span class='ocrx_word' id='word_1_752' title='bbox 2440 5202 2486 5228; x_wconf 65' lang='lat' dir='ltr'><strong>uo:</strong></span> <span class='ocrx_word' id='word_1_753' title='bbox 2524 5203 2645 5228; x_wconf 63' lang='lat'><strong>:...-.‘</strong></span> <span class='ocrx_word' id='word_1_754' title='bbox 2690 5201 2951 5228; x_wconf 69' lang='lat' dir='ltr'><strong>.\&#39;.All:&#39;llﬂ</strong></span> <span class='ocrx_word' id='word_1_755' title='bbox 3003 5201 3198 5228; x_wconf 54' lang='grc' dir='ltr'><strong>...ιν-ξηιλ</strong></span> <span class='ocrx_word' id='word_1_756' title='bbox 3242 5214 3269 5228; x_wconf 69' lang='grc' dir='ltr'><strong>ιι</strong></span> <span class='ocrx_word' id='word_1_757' title='bbox 3311 5214 3502 5228; x_wconf 55' lang='lat' dir='ltr'><strong>“nn-Iun</strong></span> 
     </span>
    </p>
   </div>
   <div class='ocr_carea' id='block_1_107' title="bbox 1917 5199 2220 5228">
    <p class='ocr_par' dir='ltr' id='par_1_107' title="bbox 1917 5199 2220 5228">
     <span class='ocr_line' id='line_1_107' title="bbox 2210 5201 2219 5211; baseline 0 0"><span class='ocrx_word' id='word_1_758' title='bbox 2210 5201 2219 5211; x_wconf 77' lang='grc' dir='ltr'>ι</span> 
     </span>
     <span class='ocr_line' id='line_1_108' title="bbox 1917 5199 2220 5228; baseline 0 0"><span class='ocrx_word' id='word_1_759' title='bbox 1917 5199 2220 5228; x_wconf 62' lang='grc' dir='ltr'><strong>,ιιι-..ΑΑοη-ιι</strong></span> 
     </span>
    </p>
   </div>
  </div>
