4032 5416
501 278 604 336 159

1629 285 1976 346 BERNARDI
2010 289 2457 352 SCHOLASTICI
2491 295 2838 355 ANDEGAV.

3662 287 3792 349 ὥθ’

500 413 622 452 sum
651 395 852 467 liquido
876 411 1190 468 agnoscens,
1213 397 1474 456 coutlnuo
1507 402 1698 472 (multa
1727 405 1870 458 enim
1899 403 2084 460 animo
2110 417 2154 468 Α
2187 409 2389 466 dictum
2417 411 2590 468 locum
2620 414 2887 483 pervenit,
2912 413 3143 469 orationi
3172 412 3500 468 incuouitac
3528 413 3760 483 supplici

501 492 552 546 ei
583 506 715 547 cura
749 490 961 547 exiendi
989 507 1160 548 necne
1188 492 1531 563 recursabat)
1564 495 1885 550 obﬁrmatus
1911 496 2082 551 anda-

503 583 608 650 cia.
671 597 794 638 cum
840 581 1104 652 praecipiti
1155 582 1403 646 evolutu.
1448 585 1734 640 cestodum
1787 586 2082 640 nmnimina

507 673 764 742 transilit,
793 673 1102 744 gradusque
1149 674 1418 730 scalarum
1464 676 1654 745 rapido
1688 675 1886 746 impetu
1922 690 2086 746 supe-

444 779 456 818 :
507 780 665 831 rans;
695 781 791 836 per
819 765 1024 822 medios
1047 766 1300 822 custodes
1330 767 1529 824 ibidem
1559 765 1804 836 iacentes
1845 767 1912 822 ad
1957 782 2088 823 exe-

455 848 460 872 τ
509 858 637 913 dras
665 873 837 928 usque
892 857 1130 913 devenit.
1177 855 1279 912 Ubi
1307 859 1433 913 dum
1478 867 1663 914 astans
1715 857 1881 913 multa
1925 857 2088 914 corde

509 949 674 1004 dubio
695 949 945 1019 agitaret,
977 949 1192 1004 tandem
1218 948 1266 1003 ei
1296 949 1463 1003 menti
1495 949 1764 1003 succurrit
1791 948 1940 1018 quia,
1977 962 2089 1019 prae

444 1036 456 1091 .;
510 1039 678 1094 nimio
705 1039 963 1108 pondere,
991 1037 1323 1094 vinculorum
1344 1038 1776 1094 machinamenta
1793 1039 1860 1093 ad
1889 1046 2092 1094 sancta:

509 1129 740 1201 virginis
761 1130 1045 1185 basilicam
1068 1129 1266 1184 vehere
1295 1128 1582 1198 nequibat,
1613 1128 1804 1184 saltem
1855 1127 2090 1184 tabulam

509 1223 864 1278 scacchorum
894 1222 973 1292 ibi,
1005 1221 1330 1292 pendentem
1360 1221 1412 1275 in
1439 1220 1806 1277 testimonium
1827 1236 1940 1278 sua:
1965 1235 2093 1277 eva-

510 1311 680 1366 sionis
709 1311 853 1366 ferre
881 1311 1092 1366 debeat.
1120 1309 1235 1378 Qua
1273 1320 1568 1381 assumpta,
1601 1325 1835 1374 murum,
1868 1325 1974 1380 qua
2017 1309 2096 1364 al-

512 1401 622 1456 tius
649 1401 978 1472 insurgebat,
1005 1416 1247 1472 przrceps
1271 1401 1456 1466 elusit,
1498 1416 1800 1471 expersque
1836 1400 2094 1472 laesionis,

511 1491 692 1562 fugam
733 1493 909 1548 nudus
946 1493 1110 1563 pedes
1136 1493 1465 1564 properavit.
1490 1492 1590 1548 Cui
1629 1492 1771 1548 inter
1809 1493 2093 1563 scrupulo-

513 1597 632 1635 sum
664 1581 850 1637 callem
878 1583 1104 1653 pedibus
1147 1582 1346 1638 labenti
1394 1597 1521 1638 mox
1569 1581 1814 1652 quaedam
1850 1581 2096 1638 mulieris

510 1675 683 1732 forma
735 1678 890 1735 obvia
942 1678 1064 1744 fuit,
1095 1694 1236 1750 quze,
1263 1679 1525 1749 expositis
1555 1695 1584 1734 a
1631 1679 1859 1735 dextrali
1887 1678 2098 1736 calcea-

2185 517 2462 557 murmure
2492 520 2718 576 quaeque
2739 507 3038 577 excogitata
3069 505 3312 576 protulit.
3365 505 3481 572 Qua
3520 506 3765 576 expleta,

2183 600 2304 660 post
2328 602 2528 648 sancta:
2566 596 2747 649 crucis
2802 594 2964 648 fronti
2994 595 3218 664 locoque
3247 596 3426 650 cordis
3450 595 3770 663 impressio-

2185 697 2330 750 nem,
2354 700 2474 755 quze
2497 686 2600 741 sibi
2636 688 2778 742 inter
2809 697 3124 743 calenarmn
3162 703 3444 760 presseras
3495 703 3594 758 per
3642 704 3770 742 sau-

2185 784 2326 829 ctam
2354 777 2615 848 virginem
2646 779 2968 834 mirabiliter
2993 790 3112 835 acta
3143 781 3380 846 fuerant,
3425 781 3641 834 cunctis
3675 779 3770 848 qui

2187 867 2412 922 aderant
2458 884 2555 924 ora
2585 871 2636 925 in
2667 871 2881 927 silentio
2911 873 3240 939 tenentibus,
3275 872 3364 927 filo
3395 873 3636 941 expedit.
3666 871 3774 924 Ne-

2187 971 2293 1026 que
2322 958 2436 1013 htec
2464 973 2628 1028 parva
2665 959 2871 1014 audivit
2893 961 3172 1030 utriusque
3212 977 3378 1017 sexus
3406 970 3648 1026 caterva,
3675 961 3770 1014 sed

2189 1045 2428 1115 ejusdem
2476 1050 2758 1105 memorati
2811 1051 3061 1106 Gosberti
3115 1051 3276 1116 lilins,
3319 1052 3412 1119 qui
3446 1062 3576 1106 tunc
3629 1050 3774 1105 forte

2190 1136 2335 1192 inter
2361 1139 2754 1196 commilitones
2801 1155 2965 1196 causa
3013 1142 3276 1196 orationis
3323 1141 3521 1197 ibidem
3555 1143 3770 1206 aderat,

2192 1229 2497 1286 incredibili
2537 1241 2758 1303 stupore
2788 1241 2929 1290 totus
2952 1235 3067 1290 visu
3094 1235 3146 1290 in
3176 1235 3356 1290 medio
3395 1236 3638 1306 diriguit,
3677 1236 3776 1289 ad-

2193 1322 2402 1377 mirans
2432 1323 2662 1392 qualiter
2690 1340 2720 1378 a
2777 1333 2859 1379 tot
2880 1325 3214 1380 vinculorum
3260 1326 3598 1380 connexione
3636 1324 3774 1380 solvi

2193 1413 2387 1484 potuit,
2412 1427 2585 1483 neque
2603 1415 2798 1472 minori
2823 1415 3181 1470 admiratione
3215 1413 3501 1470 Goli‘redus
3535 1415 3639 1469 sub
3671 1416 3777 1470 hoc

2195 1513 2416 1573 aspectu
2446 1505 2763 1574 corripitur,
2791 1504 2944 1574 cujus
2967 1506 3154 1576 jocosa
3204 1506 3556 1562 scacchorum
3589 1504 3777 1560 tabula

2195 1592 2394 1655 fuerat,
2420 1609 2580 1662 quam
2607 1593 2696 1648 ille
2721 1604 2960 1665 ereptam
2992 1594 3226 1664 propriis
3278 1595 3388 1650 illic
3433 1594 3677 1649 humeris
3721 1594 3776 1648 in

2196 1682 2567 1739 testimonium
2634 1695 2836 1739 sancta:
2902 1685 3098 1755 virgini
3167 1684 3454 1740 obtulerat.
3530 1685 3778 1740 Tandem

513 1770 732 1836 mentis,
776 1770 852 1824 ita
889 1784 1010 1825 cum
1062 1772 1209 1840 prior
1235 1770 1577 1841 compellavit
1605 1788 1618 1824 :
1657 1787 1676 1823 ε
1716 1771 1869 1826 Tune
1899 1786 1982 1838 es,
2012 1771 2098 1826 in-
2127 1785 2171 1843 Β
2198 1773 2379 1843 agnita
2408 1775 2612 1831 virtute
2640 1776 2820 1831 divina
2842 1817 2857 1841 ,
2904 1777 2957 1831 in
2990 1776 3203 1831 laudum
3247 1777 3517 1848 prmconia
3541 1793 3781 1833 conver-

515 1874 701 1928 quam,
731 1859 1067 1916 Raimuudus
1120 1859 1231 1924 ille.
1258 1875 1420 1930 quem
1453 1861 1612 1916 modo
1650 1869 1838 1916 sancta
1874 1861 2034 1916 Fides
2062 1876 2094 1916 a

518 1949 886 2004 carceralibus
912 1949 1144 2005 vinculis
1167 1950 1366 2005 solvit?
1403 1971 1420 2003 θ
1453 1949 1548 2006 Cui
1573 1951 1700 2006 dum
1729 1949 1877 2006 illum
1899 1966 1958 2006 sc
1977 1965 2100 2009 esse

515 2039 890 2105 confiteretur,
916 2039 1200 2096 confestim
1224 2041 1706 2098 calciamentorum
1731 2044 1829 2099 vite
1856 2043 2100 2100 solamen

515 2130 565 2185 ei
597 2129 807 2192 detulit.
839 2130 1023 2188 dicens
1047 2145 1062 2185 :
1097 2150 1116 2183 ι
1155 2130 1303 2186 Tolle
1330 2131 1469 2197 haec,
1497 2140 1552 2188 et
1575 2134 1898 2203 quantocius
1921 2135 1990 2190 ab
2016 2134 2102 2191 bis

518 2219 735 2276 elabere
754 2221 1020 2289 partibus,
1053 2222 1180 2277 dum
1233 2222 1325 2277 tibi
1369 2223 1632 2280 evadendi
1675 2233 1823 2294 patet
1864 2225 2036 2282 locus.
2075 2244 2095 2278 ν

516 2309 680 2380 Cujus
711 2312 962 2368 beneﬁcii
992 2327 1188 2368 munus
1217 2321 1272 2368 et
1300 2313 1578 2372 solaminis
1620 2315 1856 2370 monitus
1893 2315 1979 2370 ille
2025 2323 2106 2370 at-

521 2403 725 2459 tentius
755 2405 1115 2474 perpendens,
1153 2404 1286 2460 nihil
1314 2405 1459 2461 aliud
1487 2420 1612 2461 eam
1645 2406 1811 2464 fuisse
1851 2407 2105 2479 intelligi;

521 2506 683 2560 quam
735 2493 1078 2560 praesentiam
1113 2502 1316 2550 sanctae
1362 2494 1607 2565 virginis.
1644 2494 1751 2556 Sed
1803 2497 1931 2551 dum
1986 2499 2105 2553 haec

523 2595 703 2638 mente
750 2593 1140 2654 pt-rtraetaret,
1208 2589 1390 2644 subito
1449 2606 1712 2660 nusquam
1776 2607 2105 2653 evanescens

525 2677 849 2743 comparuit.
881 2677 1066 2734 Tantm
1095 2695 1225 2751 ergo
1246 2691 1486 2749 patrona:
1508 2683 1977 2741 exhortationibus
2017 2703 2104 2743 ro-

523 2764 764 2828 buratus.
799 2778 1030 2839 coeptam
1058 2772 1267 2843 peragit
1289 2771 1490 2843 fugam,
1518 2789 1694 2844 neque
1719 2775 1787 2831 ab
1817 2778 2108 2848 insequen-

527 2861 671 2917 tibus
707 2865 897 2935 attingi
932 2873 1130 2934 potest,
1167 2866 1292 2934 quia
1335 2881 1458 2921 eum
1498 2875 1685 2922 sancta
1733 2868 1894 2924 Fides
1915 2865 2106 2926 tueba-

525 2961 632 3006 tur.
661 2953 857 3024 Sicque
884 2971 980 3024 per
1009 2955 1214 3010 medios
1241 2957 1448 3012 invisus
1481 2973 1644 3012 ruens
1671 2959 1874 3024 hostes,
1911 2960 2108 3016 Catur-

530 3044 691 3098 cctim
719 3046 851 3100 adiit
872 3048 1080 3112 urbem,
1117 3048 1206 3103 ubi
1239 3051 1628 3120 protomartyri
1655 3049 1948 3120 Stephano,
1976 3068 2111 3122 qua-

2203 1873 2410 1930 tuutur,
2467 1875 2668 1921 sanctze
2721 1867 2977 1938 martyris
3019 1867 3167 1922 Fidis
3197 1854 3562 1938 gloriﬁcantes
3590 1877 3782 1938 poten-

2201 1955 2355 2017 tiam,
2399 1970 2430 2009 a
2472 1955 2703 2011 Domino
2745 1958 2846 2012 sibi
2893 1957 3064 2013 sacris
3099 1957 3441 2028 exigentibus
3480 1957 3696 2013 meritis
3726 1957 3782 2011 in

2200 2046 2346 2102 onmi
2383 2046 2766 2102 miraculorum
2795 2047 3052 2104 facultate
3077 2047 3350 2102 collatam.

2797 2139 3023 2195 CAPUT
3051 2139 3174 2198 XX.

2693 2228 2771 2285 De
2793 2229 2932 2284 mulo
2957 2217 3280 2287 resuscitalo.

2274 2321 2429 2378 Nunc
2455 2336 2586 2377 vero
2619 2322 2745 2391 quid
2798 2322 2850 2376 in
2884 2323 3076 2378 itinere
3111 2325 3283 2380 sancti
3327 2324 3471 2380 Petri
3509 2323 3789 2396 apostolo-

2205 2428 2324 2468 rum
2357 2413 2615 2482 principis
2645 2412 2902 2467 moderuo
2933 2420 3176 2484 tempore
3202 2429 3299 2484 per
3324 2415 3782 2486 gloriosissimam

2205 2501 2405 2559 Christi
2431 2500 2684 2555 famulam
2707 2501 3022 2556 mirabiliter
3043 2511 3252 2571 gestum
3275 2504 3367 2569 sit,
3385 2506 3573 2573 paucis
3595 2504 3788 2558 absol-

2205 2608 2332 2648 vere
2354 2591 2664 2648 curabimus
2685 2601 2877 2646 vestrae
2899 2594 3204 2648 attentioni.
3238 2593 3404 2649 ltalize
3430 2595 3485 2649 in
3533 2595 3790 2664 partibus

2207 2697 2325 2752 qua:
2351 2680 2720 2752 Longobardia
2750 2682 3549 2754 nuncupantur,milesquidam
3577 2683 3792 2737 Rutbe-

2207 2772 2315 2827 nici
2353 2772 2495 2841 pagi,
2541 2770 2836 2828 Carhertus
2882 2772 3120 2837 nomine,
3163 2773 3556 2841 praecedentem
3601 2772 3793 2828 Picta-

2207 2876 2427 2917 vensent
2453 2874 2650 2931 genere
2679 2877 2742 2917 ac
2769 2861 2984 2918 militari
3009 2863 3486 2919 streuuitate'satis
3515 2863 3792 2920 illustrem

2209 2958 2534 3027 assequitur,
2563 2971 2628 3012 ac
2664 2966 2786 3026 post
2824 2957 3210 3014 salutationum
3263 2966 3506 3012 mutuam
3549 2959 3792 3027 gratiam

2210 3049 2313 3103 iter
2343 3049 2646 3104 institutum
2675 3048 2945 3114 celebrat,
2969 3048 3086 3118 ejus
3117 3048 3474 3102 familiaritati
3516 3048 3791 3103 sociatus.

526 3140 574 3192 si
608 3141 704 3195 vice
735 3157 845 3196 sua:
876 3143 1093 3212 praevio,
1142 3143 1366 3198 meritas
1411 3152 1708 3214 rependere
1751 3148 1956 3202 studuit
1987 3166 2110 3217 κτα.
2136 3132 2180 3193 C
2213 3142 2313 3209 Qui
2346 3144 2412 3197 de
2455 3141 2641 3196 multis
2671 3140 2832 3196 simul
2871 3155 3177 3196 sermonem
3225 3142 3291 3195 ad
3328 3141 3561 3195 invicem
3595 3141 3796 3195 confc-

533 3239 632 3286 tes.
693 3234 753 3288 Et
797 3234 920 3302 quia
979 3234 1150 3304 longae
1198 3234 1391 3289 inedia:
1434 3251 1499 3290 ac
1547 3235 1682 3305 fuga:
1728 3238 2112 3295 conﬁciebatur

534 3323 710 3386 taedio,
742 3333 942 3380 sanctae
971 3323 1110 3390 Fidi,
1146 3327 1214 3381 ob
1236 3326 1491 3396 praestita:
1517 3327 1616 3382 sibi
1645 3328 1833 3384 salutis
1856 3331 2106 3399 gratiam,

533 3426 696 3479 quam
724 3413 898 3481 potuit
933 3414 1079 3470 misit
1101 3415 1407 3470 candelam.
1444 3417 1684 3487 Denique
1721 3430 1878 3476 nocte
1925 3421 2014 3476 illa
2055 3424 2108 3477 iu

533 3516 641 3570 qua
688 3502 967 3558 Dominica
1017 3505 1320 3574 proditione
1350 3515 1402 3561 et
1431 3516 1616 3562 nostra
1659 3507 1804 3564 salus
1827 3508 2112 3568 ctJudteo-

535 3611 654 3650 rum
686 3597 947 3666 processit
990 3597 1263 3665 interitus,
1301 3599 1428 3655 dum
1474 3601 1778 3673 impositam
1826 3603 2110 3662 lectionem

527 3703 697 3744 «tuane
735 3688 1012 3760 legendam
1041 3691 1093 3746 in
1125 3693 1380 3748 vestiario
1421 3698 1593 3751 sancti
1646 3700 1902 3770 martyris
1937 3700 2115 3769 provi-

535 3776 711 3842 deret,
737 3794 927 3834 somuo
950 3779 1204 3845 demitur,
1227 3790 1390 3852 atque
1418 3785 1616 3840 ibidem
1637 3788 1818 3856 quiete
1843 3789 2111 3858 pascitur:

532 3865 690 3934 cujus
717 3867 889 3920 somni
915 3867 1098 3922 nubilo
1122 3879 1312 3924 sancta
1337 3871 1518 3938 Fides,
1555 3883 1808 3945 tauquam
1837 3878 2115 3932 matutinae

538 3954 745 4008 nebqu
774 3955 1122 4032 it‘tterpollens
1148 3958 1250 4023 sol,
1281 3962 1557 4028 permista,
1592 3965 1662 4019 ita
1685 3979 1806 4020 eum
1839 3967 2112 4032 subiratis,

541 4051 598 4103 ut
638 4043 950 4111 putabatur,
980 4045 1094 4100 visa
1124 4057 1207 4102 est
1235 4063 1458 4118 arguere
1485 4052 1714 4122 eloquiis
1747 4070 1762 4108 :
1790 4072 1808 4105 ι
1843 4054 1990 4108 Itane
2017 4057 2113 4112 de-

531 4133 673 4186 sidia
702 4137 995 4202 torqueris,
1028 4146 1085 4190 ut
1109 4138 1296 4194 solitas
1322 4140 1453 4196 mihi
1481 4143 1773 4211 gratiarum
1805 4145 2116 4200 solemnita-

539 4231 620 4278 tes
644 4224 727 4279 his
757 4236 958 4285 sancta:
989 4229 1208 4288 Pascha:
1228 4230 1558 4289 diebusaute
1581 4238 1874 4291 sacrarium
1900 4249 2114 4294 artuum

537 4329 780 4370 meorum
809 4319 1116 4388 persolvere
1150 4322 1402 4378 desinas?
1441 4323 1580 4390 Quid
1624 4328 1888 4383 moraris?
1936 4331 2114 4386 Disice

537 4421 814 4461 morarqu
841 4409 1032 4475 nodos,
1069 4420 1271 4466 etcum
1309 4414 1660 4469 scacchorum
1709 4418 1969 4487 tabulato,
2013 4429 2114 4475 tua:

2211 3244 2412 3298 rentes,
2439 3233 2654 3288 tandem
2689 3235 2756 3287 ad
2797 3242 2996 3288 sancta:
3023 3232 3173 3287 Fidis
3212 3233 3483 3303 magnalia
3526 3241 3790 3288 conserta

2211 3325 2663 3382 sermocinatione
2696 3326 2976 3397 pervenit,
3006 3323 3093 3378 ubi
3129 3342 3232 3379 non
3266 3342 3428 3396 parva
3461 3325 3581 3382 laus
3615 3345 3647 3381 a
3686 3329 3796 3381 liu-

2207 3409 2880 3475 thenicosuisattribuitur
2907 3418 3204 3473 miraculis.
3230 3419 3320 3473 llle
3347 3434 3476 3474 vero
3505 3419 3797 3475 Pictaven-

2209 3513 2288 3568 sis
2325 3511 2526 3582 ingenti
2556 3526 2679 3566 cum
2711 3509 3068 3564 admiratione
3097 3509 3467 3586 narrationem
3504 3509 3656 3564 illius
3693 3525 3796 3578 ap-

2205 3603 2470 3673 plaudens
2502 3601 2723 3670 excipit.
2759 3599 2862 3655 Ubi
2905 3599 2972 3653 ad
3003 3599 3291 3670 hospitium
3336 3601 3389 3654 in
3440 3599 3561 3653 vico
3603 3598 3798 3653 Sancti

2213 3693 2464 3749 Domnini
2514 3700 2834 3762 perventum
2867 3699 2984 3755 est,
3018 3688 3352 3745 l'ietavensis
3384 3688 3581 3754 mulus,
3613 3690 3710 3760 qui
3745 3689 3797 3742 ei

2211 3785 2430 3839 charior
2450 3783 2769 3849 habebatur,
2802 3783 3124 3852 gravissimo
3151 3782 3339 3836 morbo
3367 3792 3676 3851 correptus,
3703 3782 3796 3835 vix

2213 3874 2282 3928 ad
2335 3875 2633 3929 crastinum
2685 3875 2824 3928 diem
2877 3873 3038 3928 vitam
3090 3873 3358 3942 pertraxit
3410 3871 3794 3926 moribundus.

2213 3962 2508 4020 Carbertus
2536 3979 2690 4028 vero,
2715 3973 2915 4034 quanta
2946 3964 2999 4018 in
3039 3965 3233 4018 talibus
3264 3962 3538 4033 quondam
3577 3962 3798 4016 anima-

2215 4054 2353 4111 libus
2383 4065 2570 4111 sancta
2603 4054 2760 4109 Fides
2793 4063 3015 4124 operata
3049 4063 3133 4109 est
3163 4053 3433 4123 magnalia
3463 4067 3568 4107 non
3607 4053 3802 4108 imme-

2209 4163 2354 4210 mor,
2373 4149 2672 4216 interrogat
2686 4145 2890 4201 socium
2909 4152 3086 4200 utrum
3109 4144 3346 4214 aliquam
3363 4143 3627 4198 medelam
3653 4144 3799 4199 fece-

2211 4237 2286 4293 rit
2312 4237 2377 4292 ad
2403 4235 2526 4292 muli
2550 4236 2710 4306 hujus
2737 4234 3183 4305 supplementum.
3207 4233 3304 4288 Cui
3335 4252 3354 4285 ι
3385 4232 3744 4303 Nequaquam
3775 4252 3794 4286 ι

2217 4326 2587 4397 rCSpondenti,
2618 4341 2745 4381 mox
2776 4325 2974 4395 adjecit
3009 4340 3022 4376 :
3067 4343 3086 4376 ι
3125 4322 3378 4392 Nunquid
3430 4323 3632 4377 audisti
3676 4338 3802 4392 qua:

2219 4417 2314 4471 tibi
2361 4419 2426 4473 de
2478 4425 2665 4472 sancta
2715 4415 2847 4469 Fide
2893 4415 3010 4468 lteri
3053 4428 3151 4484 per
3203 4429 3290 4468 me
3337 4413 3582 4482 exposita
3631 4414 3802 4467 sunt?

536 4497 791 4553 videlicet
831 4499 1170 4558 liberatiouis
1205 4505 1449 4560 credibili
1495 4509 1844 4577 monimento,
1871 4477 2111 4566 Concha-
2143 4477 2192 4536 Β
2220 4508 2370 4564 Mitte
2419 4508 2467 4562 ei
2510 4507 2735 4562 devotus
2779 4521 3036 4570 aureum,
3079 4515 3134 4560 et
3169 4505 3353 4560 statim
3397 4514 3546 4558 ttttun
3591 4505 3804 4558 animal

537 4604 757 4645 ccnscm
780 4591 915 4647 calle
939 4594 1172 4663 pedestri
1197 4595 1433 4652 velocius
1457 4608 1649 4668 expete
1674 4598 1869 4667 locum,
1891 4601 2118 4658 Pascha-
2168 4603 2186 4651 t
2221 4599 2448 4670 recipies
2469 4614 2680 4654 sanum.
2705 4617 2725 4651 ι
2751 4597 2941 4664 Atille,
2959 4596 3087 4652 nihil
3113 4605 3420 4660 cunctatus,
3443 4597 3720 4651 bisantcm
3739 4597 3806 4650 de

537 4679 714 4750 lisque
765 4684 945 4753 gaudii
1001 4683 1072 4740 ibi
1119 4687 1330 4743 celebra
1389 4699 1813 4745 sacramentum.
1870 4710 1890 4744 ι
1948 4693 2118 4764 Hujus

540 4771 767 4828 visionis
796 4775 970 4844 gratia
998 4775 1086 4830 ille
1107 4787 1411 4846 permotus,
1440 4781 1636 4835 somnii
1665 4782 1816 4838 taedia
1848 4784 2014 4853 rupit,
2052 4798 2117 4839 ac

539 4859 772 4918 Ccraldo
800 4861 1266 4933 Petragoriccnsis
1289 4868 1545 4924 Ecclesia:
1585 4871 1686 4926 sub
1719 4872 1908 4940 primis
1939 4872 2120 4927 tiroci-

535 4956 609 5009 nii
651 4959 910 5025 auspiciis
940 4959 1223 5030 episcopo,
1256 4963 1348 5030 qui
1397 4962 1676 5018 'l‘olosante
1718 4964 1869 5020 urbis
1916 4966 2117 5022 muenia

536 5043 678 5099 forte
706 5048 1154 5117 aggrediebatur,
1209 5050 1476 5122 simulque
1525 5051 1767 5123 ejusdem
1817 5054 2118 5111 Caturcinaz

539 5135 689 5190 urbis
726 5137 942 5205 praesuli
966 5137 1259 5206 Bernardo,
1286 5157 1406 5212 qua:
1430 5143 1533 5197 sibi
1555 5144 1817 5199 somnitus
1855 5146 2116 5216 imperata

541 5225 760 5301 fuerant
787 5228 1007 5283 territus
1033 5228 1321 5285 iutimavit.
1360 5231 1462 5298 Qui
1511 5240 1570 5286 ut
1607 5242 1809 5288 sancta:
1830 5233 1980 5289 Fidis
2005 5249 2120 5290 mo-

542 5317 654 5369 nita
683 5316 993 5384 audierunt,
1022 5319 1213 5388 jubcnt
1233 5321 1384 5389 jussa
1409 5322 1566 5379 factis
1586 5324 1830 5393 implere,
1866 5339 1966 5379 nec
1987 5339 2120 5393 qua-

2221 4690 2495 4760 marsupio
2528 4688 2769 4758 protulit,
2802 4703 2961 4757 quem
3007 4687 3057 4742 ei
3102 4687 3170 4741 ad
3223 4686 3574 4741 deferendum
3621 4690 3803 4742 sancti

2222 4782 2414 4853 virgini
2453 4780 2742 4836 concessit.
2790 4777 2990 4833 Sancta
3029 4791 3160 4831 vero
3211 4775 3374 4831 Fides
3407 4776 3489 4833 .ad
3531 4777 3804 4847 majorem

2219 4871 2438 4925 virtutis
2457 4884 2568 4924 suae
2593 4868 2816 4939 gloriam
2843 4882 3058 4920 manum
3087 4881 3396 4931 reservans,
3424 4862 3626 4920 viventi
3656 4868 3806 4922 mulo

2224 4963 2358 5019 nihil
2400 4960 2627 5030 profuit,
2661 4973 2761 5014 nec
2798 4958 3092 5026 quidquam
3125 4956 3440 5012 valitudinis
3476 4957 3802 5025 impertivit.

2206 5051 2362 5119 ,Quid
2410 5051 2602 5120 plura?
2639 5049 2822 5118 Surgit
2870 5063 3102 5112 aurora,
3143 5056 3437 5116 monetque
3475 5056 3708 5105 cunctos
3749 5059 3810 5104 ιιι

2221 5149 2454 5210 emptam
2505 5145 2860 5208 properarent
2906 5137 3069 5190 viam.
3111 5136 3417 5207 Eat-ponitur
3445 5139 3628 5194 mulus
3678 5141 3810 5195 vita:

2225 5231 2458 5285 termino
2507 5228 2724 5282 iunctus
2767 5243 2797 5279 a
2829 5226 3072 5293 stabulo,
3111 5235 3168 5282 et
3216 5227 3376 5282 datur
3420 5232 3810 5286 tantummodo

2223 5321 2459 5390 pretium
2513 5333 2610 5386 pro
2653 5317 2822 5372 corio.
2865 5315 2976 5370 Iter
3016 5316 3320 5385 corripiunt
3365 5318 3568 5382 mwsti,
3618 5327 3679 5373 et
3710 5319 3809 5390 qui
