4088 6384
323 383 425 441 Ml

1361 383 1487 442 LIB.
1522 381 1609 457 DE
1647 382 2021 440 MlllACULlS
2059 379 2352 442 SANCTE
2387 382 2582 443 FlDlB.

3475 393 3582 450 161

324 496 482 564 Quod
518 510 640 551 cum
670 491 984 548 tetendisset
1015 493 1210 560 datori,
1234 511 1360 552 ecce
1398 508 1618 568 repente
1649 508 1770 567 post
1796 507 1906 553 tcr-
1936 504 1983 562 Α
2015 498 2144 552 nihil
2167 489 2453 554 cunctatus
2475 500 2791 570 aggredere,
2813 507 2866 555 et
2893 507 2947 554 ut
2967 515 3088 556 cum
3111 504 3346 558 maximo
3365 506 3581 567 malleo.

314 602 446 657 gum
467 585 617 638 audit
639 585 876 638 sonitum
901 584 1365 653 subscquentrum.
1388 597 1444 641 et
1465 588 1619 656 quasi
1648 588 1905 658 fugientis

313 672 572 728 animalis
600 679 656 728 et
691 673 951 742 agitantis
979 675 1182 744 equitis
1213 675 1518 744 strepitum.
1553 677 1752 745 Sicque
1783 677 1904 730 vul-

316 774 429 817 tum
459 765 512 818 in
555 774 702 831 terga
733 774 1078 835 retorquens,
1107 767 1367 836 prospicit
1395 768 1608 822 eminus
1635 768 1902 837 hospitem

320 856 530 910 mulum
554 855 847 924 fugientem
880 871 1040 911 cursu
1066 857 1406 928 fatigantem,
1427 868 1505 924 et,
1534 868 1592 913 ut
1611 875 1733 914 eum
1757 876 1905 914 com-

317 944 713 1016 prehenderet,
757 947 926 1001 multo
955 949 1238 1003 conamine
1260 949 1570 1004 enitentem.
1604 950 1726 1017 Qui,
1752 949 1901 1023 [hoc]

317 1043 458 1103 viso,
484 1048 727 1095 sanctam
759 1040 945 1096 Fidem
974 1042 1218 1096 attonitis
1240 1042 1508 1097 exclamat
1539 1045 1780 1111 vocibus,
1803 1059 1899 1100 au—

319 1148 589 1202 reumque
634 1133 830 1188 retinet
873 1133 1013 1202 quod
1043 1133 1256 1188 volebat
1293 1133 1518 1189 reddere
1541 1135 1897 1192 verecundus.

318 1225 567 1294 Recepto
589 1225 818 1295 denique
836 1225 999 1291 mulo,
1029 1225 1364 1297 interrogant
1384 1227 1650 1296 hospitem
1671 1227 1902 1298 qualiter

322 1328 507 1371 actum
536 1316 698 1372 fuerit.
729 1318 780 1372 in
815 1320 1158 1388 reparatione
1192 1320 1458 1375 animalis.
1499 1322 1570 1376 At
1603 1321 1690 1376 ille
1731 1323 1904 1377 admi-

318 1407 496 1461 rando
535 1410 874 1472 exclamans,
917 1409 1030 1463 ait:
1070 1427 1088 1461 ‹
1119 1408 1163 1465 Ο
1192 1426 1288 1467 vos
1321 1411 1510 1468 felices
1540 1413 1736 1482 quibus
1774 1421 1898 1470 tan-

319 1508 432 1551 tam
483 1499 748 1569 virginem
809 1501 1073 1573 contingit
1121 1501 1322 1558 habere
1375 1513 1692 1574 patronam,
1744 1505 1899 1574 cujus

315 1589 782 1656 onmipotentibus
823 1591 1034 1646 meritis
1075 1607 1180 1647 non
1215 1592 1390 1648 solum
1421 1595 1572 1649 vobis
1610 1595 1758 1650 salus
1803 1597 1901 1650 tri-

319 1676 512 1731 buitur
537 1678 863 1743 animarum,
901 1695 1085 1736 verum
1109 1683 1272 1737 etiam
1308 1699 1501 1756 magna
1537 1695 1900 1756 procurantur

317 1767 678 1822 medicamina
701 1766 1020 1839 corporum!
1046 1771 1170 1827 Haec
1195 1784 1384 1829 sancta
1411 1776 1561 1846 virgo
1587 1777 1640 1831 in
1661 1791 1824 1848 opere
1845 1786 1900 1833 et

2009 603 2075 642 ex
2103 604 2211 658 quo
2252 591 2491 645 candens
2531 605 2706 645 massa
2739 607 2768 645 a
2800 591 3018 646 fornace
3049 593 3187 647 facta
3212 597 3580 662 contunditur,

2007 679 2223 734 adnixis
2246 679 2454 734 viribus
2477 695 2606 751 roga
2633 696 2795 751 super
2816 681 2959 736 illam
2974 685 3278 752 passionem
3310 686 3362 738 in
3390 686 3586 741 incude

2003 769 2254 838 positam,
2289 770 2385 824 tibi
2411 770 2800 825 validissimum
2829 773 2994 826 ictum
3018 773 3243 843 injiciat,
3274 775 3414 843 quod
3443 775 3584 830 cele-

2003 859 2138 912 riter
2160 859 2389 914 salutem
2417 861 2510 914 tibi
2533 861 2775 917 eonferet
2795 872 3058 933 Optatam.
3089 881 3106 915 ι
3141 863 3236 918 liis
3265 863 3351 920 ille
3378 866 3578 931 verbis,

2001 950 2264 1004 caehinno
2310 949 2619 1013 simillimis,
2650 961 2870 1020 stupore
2911 953 3071 1008 simul
3117 963 3173 1007 et
3219 955 3580 1010 admiratione

2002 1039 2356 1107 przemonitus
2377 1079 2392 1105 ,
2425 1055 2616 1096 somno
2645 1043 3012 1113 abrumpitur,
3045 1052 3100 1097 et
3137 1045 3266 1113 quid
3308 1045 3408 1098 sibi
3457 1045 3584 1099 talis

2001 1131 2139 1186 .visio
2169 1132 2298 1186 velit
2325 1131 2435 1186 alto
2475 1133 2638 1188 corde
2665 1145 2846 1188 versat
2894 1135 3115 1190 diutius.
3160 1134 3397 1190 Tandem
3444 1152 3576 1189 vero

2000 1220 2220 1274 don‘mm
2274 1235 2583 1290 regressus,
2611 1222 2896 1278 obfirmato
2945 1226 2999 1278 in
3053 1237 3279 1279 mortem
3334 1235 3575 1294 pectore,

1999 1308 2214 1364 fabrum
2254 1312 2592 1378 praedictum,
2646 1313 2860 1367 nemine
2887 1316 3136 1380 conscio,
3167 1317 3493 1386 aggreditur,
3523 1323 3581 1372 et

2000 1415 2120 1471 quae
2150 1399 2251 1454 sibi
2282 1415 2377 1470 per
2408 1413 2650 1457 sanctam
2690 1401 2876 1458 Fidem
2909 1405 3168 1474 imperata
3201 1406 3412 1461 fuerant
3449 1408 3578 1461 inti-

2000 1500 2110 1546 mat
2141 1491 2425 1546 secretius.
2454 1493 2662 1560 Quibus
2698 1493 2786 1548 ille
2811 1495 3040 1560 auditis,
3081 1505 3192 1549 toto
3214 1497 3376 1550 corde
3412 1496 3576 1550 colla-

1997 1581 2161 1640 bitur.
2182 1597 2354 1651 neque
2376 1597 2434 1635 se
2460 1583 2595 1638 hanc
2612 1584 3007 1652 phantasticam
3030 1585 3449 1640 ludificationem
3461 1585 3574 1652 jam

1998 1681 2246 1727 acturum
2291 1671 2646 1741 jurejurando
2687 1682 2992 1729 atteStatur.
3047 1693 3066 1727 ι
3101 1675 3292 1738 Crede,
3336 1675 3578 1745 inquam,

1998 1764 2163 1828 mihi,
2201 1764 2440 1830 domine,
2463 1766 2590 1834 quia
2622 1781 2726 1820 non
2757 1767 3039 1828 medentis,
3072 1768 3163 1822 sed
3195 1769 3370 1838 potius
3398 1769 3576 1822 ludifi-

316 1858 521 1912 virtute
562 1874 667 1914 non
701 1860 832 1915 sinit
865 1864 1060 1917 vestris
1101 1864 1479 1920 adminiculari
1511 1867 1892 1933 incommodis,
1929 1864 1975 1922 Β
2001 1854 2174 1908 “illis
2206 1854 2367 1908 Verba
2403 1854 2515 1908 ιιωο
2559 1864 2706 1920 sum.
2737 1871 2964 1925 quorum
2999 1858 3202 1912 ωοηίίει
3246 1861 3288 1912 Si
3331 1859 3580 1913 ετθδυιυε

313 1947 484 2000 etiam
519 1947 571 2001 in
608 1949 920 2005 animalium
952 1955 1369 2009 resurrectione.
1397 1954 1508 2011 Hoc
1537 1958 1680 2027 quod
1705 1958 1898 2014 vide:is

320 2037 548 2103 animal,
598 2040 648 2093 in
688 2040 864 2110 platea
907 2042 1229 2113 projectum,
1269 2047 1632 2118 dentibusque
1673 2050 1897 2106 retectis

316 2127 468 2180 omni
501 2128 679 2182 anima
705 2129 968 2196 relictum,
993 2133 1135 2188 inter
1153 2135 1543 2192 decoriantium
1567 2154 1760 2194 manus
1783 2142 1898 2194 ani-

316 2219 522 2282 mavit,
559 2221 879 2291 concitoqne
906 2222 1042 2277 saltu
1080 2239 1109 2278 a
1138 2226 1252 2280 solo
1288 2229 1620 2296 exturbavit,
1660 2247 1726 2286 ac
1761 2232 1835 2286 ita
1869 2248 1900 2287 a

319 2307 572 2360 manibus
597 2313 794 2364 nostris
817 2313 1076 2381 elapsum,
1105 2319 1303 2372 vestris
1325 2320 1510 2375 usibus
1537 2333 1897 2392 przrparatum

316 2399 660 2456 reformavit.
696 2423 714 2454 ι
743 2404 858 2472 Quo
897 2407 1080 2462 audito
1126 2413 1301 2466 omnis
1351 2416 1756 2485 peregrinorum
1803 2432 1899 2470 ca-

319 2499 475 2543 terva
511 2491 564 2545 in
598 2493 812 2548 laudum
852 2498 1116 2565 prmconia
1149 2501 1344 2571 erupit,
1389 2511 1674 2574 totumque
1717 2519 1899 2559 aerem

315 2581 530 2634 a‘nmlis
568 2583 787 2640 vocibus
817 2597 1058 2642 sanctam
1116 2590 1304 2646 Fidem
1348 2593 1574 2648 reboare
1602 2595 1895 2664 compellit.

322 2672 528 2727 Deinde
549 2675 754 2731 reddito
775 2677 970 2748 hospiti
1003 2682 1234 2752 tergoris
1256 2685 1428 2752 pretio
1451 2685 1679 2757 (scilicet
1702 2701 1897 2757 argen-

325 2775 446 2817 teos
467 2764 608 2835 octo)
641 2775 827 2821 sancta
857 2769 1043 2824 limina
1077 2774 1440 2841 apostolorum
1472 2776 1573 2830 lacti
1608 2787 1892 2848 expetunt,

324 2853 669 2922 regressique
697 2854 764 2909 ad
787 2859 1002 2926 propria
1027 2861 1266 2915 votivum
1295 2879 1518 2918 aureum
1545 2880 1666 2922 cum
1692 2866 1900 2939 ingenti

325 2943 631 3012 gratiarum
653 2946 866 3001 actione
891 2949 1229 3019 persolvunt.

915 3057 1139 3117 CAPUT
1177 3063 1318 3119 XXI.

316 3139 401 3195 De
455 3143 620 3198 milite
666 3149 757 3218 qui
799 3150 864 3203 ab
915 3152 1277 3291 antestirzorum
1325 3157 1635 3214 inordinati:
1677 3162 1900 3217 motibus

953 3232 1094 3291 tuth
1134 3235 1277 3280 amr.

953 3232 1277 3292 atigubatur.

394 3303 694 3362 Arvernico
724 3307 778 3364 in
812 3325 948 3382 pago
990 3313 1144 3368 miles
1171 3326 1288 3369 erat
1321 3326 1596 3384 strenuus,
1630 3319 1739 3386 cui,
1767 3321 1899 3377 insi—

331 3392 520 3450 diante
549 3396 863 3468 infortunio,
895 3402 1178 3469 interiora,
1207 3414 1406 3459 statum
1439 3424 1592 3462 suum
1616 3426 1712 3480 per
1733 3413 1900 3467 inter-

326 3483 474 3540 lunia
497 3488 820 3558 deserentia,
851 3509 970 3548 cum
995 3511 1187 3566 magno
1215 3498 1592 3556 intestinorum
1621 3509 1900 3560 murmure

326 3575 384 3630 in
416 3581 645 3634 verenda
677 3596 845 3651 usque
873 3587 1258 3653 erumpebant;
1289 3588 1430 3642 unde
1457 3589 1624 3646 nimio
1661 3605 1897 3648 mmrore

327 3668 583 3734 attritus,
636 3681 863 3728 mortem
911 3689 1053 3745 sape
1095 3677 1310 3743 orabat,
1342 3694 1410 3734 ne
1455 3680 1569 3735 haec
1619 3691 1900 3752 pateretur

323 3758 551 3846 diutius.
585 3760 712 3817 Post
759 3766 985 3820 multum
1017 3783 1145 3822 vero
1177 3777 1410 3840 tempus,
1439 3772 1503 3826 de
1533 3773 1702 3829 milite
1730 3776 1896 3846 pedes

327 3845 526 3914 factus,
543 3854 814 3908 consciam
841 3857 1012 3912 morbi
1037 3875 1259 3915 uxorem
1283 3861 1601 3933 alloquitur;
1636 3865 1713 3939 [ιι]
1732 3845 1897 3936 cujus

320 3939 550 3995 consilio
583 3951 782 4008 tectus,
813 3957 1013 4002 sanctae
1053 3948 1201 4005 Fidis
1240 3951 1504 4008 deliberat
1531 3958 1893 4024 expetendum

319 4043 487 4097 super
518 4031 620 4087 hoc
649 4033 990 4091 beneficium.
1037 4038 1260 4096 Mulierc
1300 4042 1598 4102 reluctante
1631 4058 1685 4102 et
1723 4049 1892 4104 multa

324 4125 374 4172 o!
393 4123 642 4191 jiciente,
684 4128 776 4182 ille
822 4141 1138 4200 conceptam
1176 4136 1386 4206 peragit
1421 4138 1786 4207 voluntatem,
1829 4158 1892 4199 ac

325 4216 399 4269 ita
435 4225 676 4272 sanctam
715 4220 850 4278 adiit
893 4221 1177 4293 virginem.
1225 4224 1392 4298 Cujus
1429 4237 1554 4284 ante
1586 4233 1893 4288 sacratissi-

322 4321 472 4358 mum
502 4320 698 4376 corpus
723 4308 948 4366 devotus
974 4317 1356 4383 procumbens,
1393 4333 1490 4388 pro
1516 4335 1622 4391 quo
1651 4333 1894 4392 venerat,

317 4411 443 4447 cum
479 4395 730 4468 lacrymis
761 4403 956 4471 saepius
986 4405 1303 4475 ingeminat,
1330 4424 1392 4464 ac
1412 4425 1513 4479 pro
1553 4413 1726 4470 salute
1747 4413 1892 4469 obti-

319 4485 500 4538 nenda
529 4491 877 4557 propensiora
909 4493 1084 4549 fundit
1108 4502 1439 4567 preeamina.
1475 4501 1736 4575 Sequenti
1763 4522 1890 4562 vero

323 4583 485 4631 nocte
526 4586 650 4632 ante
693 4591 940 4637 sanctum
981 4588 1310 4643 mausoleum
1343 4591 1590 4661 virginis,
1615 4608 1738 4664 post
1767 4612 1892 4651 ora-

321 4667 530 4721 tionum
566 4671 743 4725 studia
770 4673 1079 4744 depressus,
1111 4679 1257 4735 videt
1285 4682 1388 4737 sibi
1418 4695 1662 4740 sanctam
1694 4698 1895 4761 marty-

321 4773 434 4812 rem
480 4759 765 4828 assistere,
809 4773 864 4818 et
901 4767 1057 4834 quasi
1101 4769 1506 4828 subverecundo
1535 4775 1630 4846 (ut
1666 4793 1782 4832 mos
1809 4759 1895 4834 est

320 4850 643 4926 virginibus)
671 4871 795 4912 cum
839 4858 1038 4929 alloqui
1082 4877 1376 4919 sermone:
1409 4883 1427 4917 ι
1465 4866 1896 4926 Dormisneiin-

319 4955 508 5011 quam.
554 4963 575 4997 ι
618 4945 720 5012 Qui
759 4963 882 5004 cum
921 4965 980 5006 se
1019 4951 1258 5009 dormire
1315 4959 1703 5027 respondisset,
1733 4962 1892 5016 beata

321 5035 478 5107 virgo
516 5038 592 5092 ita
625 5055 748 5094 eum
786 5039 952 5098 fando
985 5047 1370 5117 prosequitur:
1405 5067 1424 5101 ι
1460 5049 1616 5106 Scias
1654 5067 1759 5116 me,
1809 5053 1893 5108 in-

320 5141 520 5194 quam,
571 5128 837 5187 hactenus
886 5135 1107 5191 minime
1131 5135 1298 5193 fuisse
1341 5138 1736 5211 interpellatam
1788 5158 1889 5213 pro

316 5215 690 5284 hujuscemodi
724 5237 784 5276 re
817 5232 876 5278 ut
900 5224 1002 5280 ista
1036 5235 1119 5281 est
1151 5242 1248 5297 pro
1291 5243 1394 5298 qua
1421 5240 1604 5286 nostra
1627 5232 1891 5291 sollicitas

313 5307 594 5381 statl'ragia,
617 5327 740 5367 cum
761 5329 830 5370 ex
853 5316 1084 5372 diversis
1107 5320 1312 5376 morbis
1335 5319 1506 5376 valida
1526 5325 1848 5380 contulerim
1871 5327 1890 5350 ‘

313 5402 546 5470 agridia.
574 5402 680 5458 Sed
707 5421 775 5460 ne
797 5408 1016 5463 omnino
1043 5409 1169 5466 hinc
1192 5410 1526 5470 inconsultus
1557 5416 1740 5482 abeas,
1765 5434 1888 5487 quin

315 5492 410 5547 tibi
429 5493 873 5552 lientsaluhriora
896 5500 1083 5568 paucis
1104 5502 1386 5557 advertere
1406 5506 1708 5574 expediam.
1735 5507 1884 5564 Nosti

314 5583 467 5637 illam
489 5585 583 5654 qui
609 5596 755 5642 tuam
778 5589 961 5645 incolit
987 5593 1260 5658 viciniam,
1279 5596 1488 5653 fabrum
1514 5597 1840 5658 ferrarium?
1862 5623 1880 5656 ι

313 5675 361 5739 ρ
387 5675 416 5726 vi
447 5690 570 5728 cum
600 5677 703 5732 sibi
733 5679 948 5736 nomine
975 5689 1031 5736 et
1058 5683 1194 5738 facie
1219 5687 1354 5742 bene
1385 5697 1572 5744 notum
1603 5705 1724 5747 esse
1755 5698 1885 5750 suo-

316 5767 606 5838 iutulisset,
653 5785 842 5830 rursus
880 5775 1068 5830 eadem
1107 5778 1295 5850 virgo:
1353 5799 1371 5834 ι
1399 5781 1588 5848 Illum,
1630 5784 1882 5856 inquam,

1999 1945 2253 2016 prosequi
2303 1947 2574 2012 volneris,
2613 1949 2803 2002 mortis
2844 1958 2946 2003 tua:
2993 1965 3118 2005 reus
3155 1937 3306 2021 argui
3355 1952 3575 2021 poteris.

1996 2037 2107 2108 Ego
2125 2050 2302 2096 tamen
2325 2054 2660 2110 nequaquam
2684 2039 2841 2111 hujus
2863 2041 3106 2096 criminis
3134 2057 3228 2096 cro
3251 2053 3442 2097 auctor
3467 2053 3573 2095 tam

1999 2129 2252 2198 pessimi;
2291 2130 2414 2183 novi
2455 2130 2598 2183 enim
2643 2131 2827 2198 procul
2875 2131 3125 2201 ambiguo
3164 2144 3484 2201 praesentem
3520 2141 3568 2186 te

1999 2220 2278 2273 incurrere
2309 2230 2534 2273 mortem
2563 2235 2627 2274 ex
2660 2220 2780 2274 hoc.
2808 2239 2826 2272 ι
2858 2221 2954 2275 Cui
2985 2231 3042 2274 ut
3061 2232 3348 2276 excusatus
3371 2223 3563 2283 abiret.

2000 2311 2168 2366 multa
2195 2311 2544 2378 conjectanti,
2575 2322 2629 2366 et
2661 2313 2827 2368 multa
2857 2323 2999 2368 metu
3032 2324 3339 2382 parentum,
3369 2315 3412 2368 si
3448 2329 3558 2366 ver~

2003 2404 2129 2458 bere
2160 2419 2257 2456 suo
2303 2405 2466 2456 vitam
2518 2420 2638 2456 cum
2673 2404 2857 2457 dolore.
2892 2406 3087 2465 finiret,
3138 2406 3188 2458 in
3222 2406 3412 2458 faciem
3443 2406 3566 2470 obji»

2000 2495 2189 2556 cienti,
2218 2510 2342 2547 mox
2396 2509 2561 2563 eques
2607 2495 2678 2547 illi
2720 2495 2879 2548 fidem
2924 2495 3052 2560 facit
3082 2497 3209 2550 nihil
3248 2497 3437 2549 horum
3476 2496 3572 2554 sibi

2001 2585 2378 2640 cvenicndum.
2404 2585 2541 2652 Quid
2575 2586 2757 2655 plura?
2779 2585 3105 2641 Sternuntur
3134 2604 3298 2658 super
3327 2589 3572 2642 incudem

2000 2681 2313 2751 genitalium
2374 2682 2582 2752 turgida
2635 2683 2893 2752 palearia,
2942 2693 3101 2752 atque
3152 2683 3214 2736 ad
3271 2694 3573 2738 extremum

2001 2773 2167 2827 ictum
2217 2782 2587 2843 pra'parantnr
2639 2774 2877 2828 morbida
2926 2790 3086 2828 veren
3115 2777 3176 2826 Ia.
3215 2776 3318 2828 Sed
3356 2791 3474 2828 mox
3517 2786 3570 2826 ut

2000 2864 2250 2919 adductis
2276 2865 2495 2918 lacertis
2524 2864 2792 2938 sublatum
2823 2864 2875 2918 in
2898 2879 3020 2919 aera
3048 2866 3219 2917 cernit
3254 2865 3574 2916 immensum

2004 2957 2184 3012 mallei
2231 2959 2461 3027 pondus,
2511 2956 2810 3010 incredibili
2843 2971 3040 3026 pavore
3069 2971 3390 3014 concussus,
3433 2967 3571 3008 retro

2002 3051 2288 3120 resupinus
2327 3050 2558 3115 labitur,
2587 3066 2651 3104 ac
2673 3050 2817 3103 velut
2841 3049 3108 3104 exanimis
3133 3049 3250 3102 solo
3276 3063 3394 3103 cum
3424 3049 3572 3118 gravi

2005 3143 2220 3214 fragore
2251 3145 2615 3199 membrorum
2653 3143 3017 3212 resupinatnr.
3063 3141 3175 3208 Qua
3218 3143 3269 3194 in
3311 3139 3576 3208 ιιι-ιρρίρίιὶ

1924 3217 1973 3280 C
2005 3239 2159 3293 ruina
2179 3279 2194 3303 ,
2225 3236 2469 3292 mirabile
2510 3236 2687 3291 dictu!
2725 3235 3008 3291 confestim
3039 3233 3216 3289 omnis
3248 3232 3332 3286 illa
3364 3231 3567 3285 intesti-

2000 3345 2192 3385 norum
2219 3329 2462 3384 ebullitio
2493 3329 2565 3382 ita
2597 3328 2823 3382 interius
2849 3326 3174 3387 resorbetur,
3208 3333 3267 3376 nt
3294 3338 3567 3391 nunquam

2000 3419 2227 3474 ulterius
2276 3419 2330 3473 in
2373 3418 2481 3472 vita
2525 3433 2620 3472 sua
2653 3415 2786 3472 foris
2839 3431 3121 3484 erumpere
3151 3413 3441 3468 videretur.
3476 3411 3569 3466 Sic

2003 3509 2092 3564 ille
2117 3525 2215 3564 nec
2236 3508 2478 3563 cauterio
2499 3501 2860 3572 adustus,nee
2878 3505 3036 3560 ullius
3056 3505 3280 3558 antidoti
3307 3503 3568 3574 amystide

1998 3610 2242 3666 curatus,
2269 3600 2552 3655 incolumis
2571 3599 2764 3663 evasit,
2789 3608 2986 3652 sanctae
3004 3596 3168 3659 Fidis,
3196 3607 3251 3648 ut
3279 3596 3350 3649 ita
3373 3595 3568 3657 dicam,

1996 3691 2173 3755 ludus,
2197 3691 2342 3745 omni
2370 3689 2672 3760 posteritati
2698 3703 2820 3744 cum
2842 3687 3119 3742 alacritate
3143 3687 3274 3739 satis
3298 3685 3569 3739 admiran-

1996 3782 2121 3838 dum
2173 3779 2543 3853 spectaculum
2575 3780 2836 3834 facturus.
2871 3777 2961 3833 Sic
2990 3777 3077 3831 illa
3109 3779 3407 3847 ponderosa
3438 3775 3569 3830 alle-

1994 3886 2157 3931 vatur
2184 3875 2394 3930 sarcina
2417 3916 2432 3942 ,
2469 3875 2546 3929 sic
2590 3874 2727 3928 dura
2774 3871 3086 3942 reprimitur
3129 3868 3439 3939 ignominia.
3475 3866 3566 3920 Sic

1993 3985 2092 4044 pro
2124 3969 2381 4024 terribilis
2423 3968 2612 4023 mortis
2644 3968 2890 4032 horrore,
2921 3964 2986 4018 ad
3017 3964 3227 4018 laudem
3264 3970 3319 4016 et
3342 3961 3571 4031 διωρίαιιι

1993 4070 2195 4116 sanctae
2219 4058 2496 4130 martyris,
2527 4055 2812 4113 ineffabilis
2839 4054 3014 4127 gaudii
3047 4063 3267 4108 curatus
3294 4050 3549 4120 perfundi-

1995 4161 2082 4207 tur
2107 4152 2491 4206 immensitate.
2519 4149 2650 4216 Quze
2680 4163 2766 4202 res
2791 4161 2860 4201 ne
2888 4145 3140 4214 cuiquam
3171 4141 3394 4196 ridiculo
3417 4142 3567 4194 simi-

1995 4241 2062 4298 lis
2083 4242 2225 4297 facta
2250 4241 2521 4307 videatur,
2552 4255 2617 4294 ac
2649 4253 2746 4310 per
2773 4237 2877 4293 hoc
2905 4235 3060 4290 nobis
3079 4233 3308 4289 conficta
3340 4247 3566 4302 respua-

1995 4345 2105 4398 tur,
2134 4349 2239 4389 non
2284 4331 2572 4388 absurdum
2610 4331 2889 4395 ducimus,
2935 4327 3263 4384 Rodbertum
3296 4323 3560 4393 .Cantojo-

1996 4427 2159 4481 lensis
2193 4424 2503 4480 monasterii
2531 4421 2800 4487 abbatem,
2838 4421 3014 4475 virum
3043 4418 3334 4474 reverenda
3365 4418 3568 4471 canitie

1994 4519 2124 4572 satis
2149 4519 2460 4581 honestum,
2494 4517 2546 4571 in
2587 4516 2859 4586 publicum
2894 4515 3191 4578 advocare;
3225 4510 3380 4579 cujus
3414 4511 3568 4565 testi-

1996 4608 2178 4662 menio
2207 4607 2310 4661 hoc
2339 4607 2494 4661 nobis
2519 4605 2922 4660 manifestatum
2956 4611 3040 4657 est
3088 4601 3228 4670 quod
3257 4598 3567 4662 referinms,

1993 4700 2120 4770 quia
2151 4697 2241 4752 ille
2267 4698 2358 4768 qui
2390 4711 2584 4768 passus
2623 4707 2707 4751 est
2733 4696 2889 4766 longe
2919 4695 3146 4764 positus,
3181 4691 3379 4745 nostris
3412 4700 3565 4759 post-

1994 4795 2212 4848 modum
2261 4809 2367 4848 non
2412 4793 2661 4862 apparuit
2688 4792 2983 4846 obtutibus.
3019 4788 3164 4843 Illius
3205 4803 3334 4859 ergo
3370 4788 3437 4842 ab
3467 4803 3569 4842 ore

1993 4884 2301 4948 didicimus,
2323 4883 2414 4953 qui
2439 4899 2540 4938 non
2570 4883 2749 4953 inepta
2775 4882 3100 4944 adulatione,
3131 4896 3234 4934 non
3265 4879 3385 4932 ficta
3415 4894 3562 4931 scur-

1992 4973 2193 5029 rilitate
2215 4988 2374 5027 aures
2400 4971 2574 5042 populi
2601 4972 2800 5042 palpat,
2825 4972 2916 5026 sed
2941 4971 3168 5025 veritate
3193 4967 3450 5037 quidquid
3471 4985 3568 5023 ore

1990 5062 2198 5136 profert
2222 5065 2582 5118 commendat.
2611 5064 2848 5133 Denique
2873 5063 2914 5117 si
2935 5062 3000 5117 de
3029 5060 3120 5114 tali
3147 5059 3379 5114 relatore
3404 5059 3563 5113 dubi-

1993 5162 2157 5218 tatur,
2191 5154 2257 5208 de
2283 5153 2559 5208 beneﬁciis
2581 5153 2674 5207 Dei
2703 5151 2977 5208 diuiditur.

2566 5264 2793 5322 CAPUT
2826 5264 2987 5319 XXII.

1991 5359 2070 5414 De
2124 5361 2353 5431 quadam
2417 5372 2656 5415 matrona
2699 5377 2818 5430 qua:
2861 5350 3041 5414 contra
3089 5370 3326 5415 sanctam
3375 5358 3563 5413 Fidem

2305 5433 2460 5501 impie
2498 5448 2673 5500 agens,
2698 5431 3003 5485 mirabiliter
3030 5431 3246 5485 interiit.

2065 5519 2474 5576 Caturcensium
2505 5523 2557 5574 in
2583 5521 2827 5590 partibus
2855 5537 2942 5575 res
2966 5521 3100 5574 mira
3134 5521 3380 5588 contigit,
3405 5534 3570 5589 quam

1994 5611 2120 5679 quia
2181 5611 2554 5680 cunctipotens
2611 5611 2749 5665 Deus
2795 5625 2895 5680 pro
2939 5627 3128 5665 amore
3177 5612 3405 5681 virginis
3451 5626 3562 5664 sum

1997 5713 2344 5758 monstruose
2370 5703 2580 5773 operari
2611 5703 2797 5769 voluit,
2824 5703 2949 5758 huic
2973 5703 3192 5774 dignum
3217 5704 3462 5758 ducimus
3487 5701 3559 5755 in»

1996 5794 2383 5862 tcipoucudum
2424 5793 2656 5850 lectioni.
2716 5794 2770 5848 ln
2819 5793 3076 5865 praedicto
3122 5809 3251 5849 vero
3293 5792 3570 5848 territorio
