3974 5374
495 247 601 305 163
1433 254 1490 310 S.
1533 254 1949 314 FELBERTUS
1983 255 2460 319 CARNOTENSIS
2499 259 2893 319 EPISCOPL'S.
3674 260 3775 319 161

492 376 742 424 matrona
779 370 1027 440 quaedam
1060 381 1179 428 erat
1209 373 1406 428 nubilis
1427 416 1441 439 ,
1477 391 1597 446 qua:
1627 387 1719 430 aut
1742 378 1866 447 quia
1894 378 2087 433 mulie-
2115 382 2159 441 Α
2191 382 2495 444 emarcuit,
2527 396 2595 436 ac
2626 379 2902 436 horrificis
2944 377 3273 435 strideribus
3303 380 3554 452 garriens
3601 382 3778 438 inreti-

492 476 612 515 rum
644 477 814 530 genus
836 477 1056 535 semper
1081 478 1306 519 avarum
1343 464 1563 535 legitur,
1590 477 1685 521 aut
1713 477 1861 522 certe
1892 468 2081 522 diabo—
2185 480 2323 527 cem
2356 473 2607 543 spiritum
2655 486 2787 527 orco
2844 472 3070 527 dimisit.
3119 471 3288 541 Cujus
3338 473 3574 528 terribili
3624 475 3775 529 exitu

490 548 596 605 lico
644 551 925 618 instinctu,
962 561 1167 608 terram
1222 564 1425 609 sanctze
1466 556 1722 627 martyris
1769 557 1917 625 agris
1968 557 2083 612 suis
2186 577 2433 621 aratores
2463 567 2618 621 valde
2653 566 2927 631 exterriti,
2961 565 3151 623 relicto
3177 575 3366 620 aratro
3406 565 3690 638 fugerunt,
3716 583 3779 621 ac

489 640 727 695 \iciuam
762 642 1119 700 immoderate
1164 645 1500 714 concupivit,
1532 656 1866 717 arantrsque
1895 664 2083 703 tnuna-
2185 660 2239 714 in
2284 674 2497 720 summo
2542 659 2730 714 habitu
2780 659 2863 713 vix
2908 657 3192 727 palpantes
3237 656 3460 712 domino
3511 671 3618 710 suo
3661 672 3774 709 rem

488 733 717 787 chorum
769 733 1029 795 bubulcus
1092 736 1343 811 plurimis
1391 736 1614 791 affectos
1659 738 2002 792 contumeliis
2049 755 2057 791 :

2208 764 2360 808 letam
2396 752 2716 808 retulerunt.
2752 751 2822 806 At
2854 750 2944 806 ille
2981 765 3218 805 mo-rens
3248 750 3317 804 de
3349 747 3598 804 mulieris
3638 748 3777 802 inte-

487 824 769 896 iugeribus
791 828 1019 898 expulit.
1055 828 1314 900 Sequenti
1343 845 1470 885 vero
1493 830 1581 885 die
1605 829 1825 899 proprio
1857 845 2056 885 vomen

2204 855 2317 909 atu,
2347 860 2445 913 pro
2465 845 2731 899 cadavere
2759 844 2928 905 misit,
2957 842 3291 913 allatumque
3324 848 3485 897 terrm
3506 840 3773 895 condidit.

490 918 763 988 eajugera
787 936 975 976 secare
1002 922 1401 993 feeit,smeqne
1425 922 1615 977 ditioni
1674 938 1740 977 ea
1788 922 2076 994 suhjugare
2183 935 2299 1002 Qua
2343 933 2435 988 [ali
2489 933 2647 989 modo
2706 933 3009 997 exstincta,
3052 943 3195 988 terra
3256 938 3461 988 sancta:
3515 932 3776 1003 martyris

487 1016 852 1085 praesumpsit.
886 1016 1064 1087 Atque
1096 1016 1170 1071 ita
1195 1017 1404 1071 ctelesti
1432 1016 1633 1071 virtute
1666 1025 1847 1072 actum
1879 1025 1963 1071 est
1992 1025 2056 1069 ut

2208 1036 2297 1079 uta
2330 1026 2398 1080 ab
2422 1024 2674 1080 clunibus
2696 1025 2975 1089 remansit,
3001 1034 3053 1080 et
3086 1027 3138 1078 in
3162 1024 3556 1080 monachorum
3581 1032 3772 1094 postea

492 1104 620 1157 dum
664 1105 750 1159 illa
799 1121 830 1160 a
880 1107 995 1162 suis
1037 1108 1285 1163 terminis
1322 1123 1512 1179 agrmn
1566 1108 1714 1164 illum
1750 1111 2074 1163 deuormare
2182 1118 2601 1188 ditioncjacuit.

486 1193 727 1264 iuberet,
754 1196 1068 1269 acriterque
1094 1198 1398 1264 insisteret,
1435 1208 1676 1254 actutmn
1707 1207 1822 1257 toto
1847 1213 2073 1270 corpore

2750 1335 3769 1372 ΞΜ

2415 1349 2739 1360 ______—_-—

505 1343 2410 1376 l=_——_‘=—_=_—-———_—-——_———__—————W

1743 1516 1909 1558 ANNO
1955 1515 2186 1559 DOMINI
2224 1515 2463 1557 MXXIX.
2500 1516 2504 1521 ’
2889 1524 2893 1529 ·

799 1672 1892 1842 SANCTUS
2023 1678 3454 1842 FULBERTUS

1655 1928 2138 1988 CARNOTENSIS
2177 1929 2573 1988 EPISCOI‘US.

959 2102 1474 2195 NOTITIA.
1536 2071 2412 2195 HISTORICAO'ET
2482 2103 3255 2195 LITTERARIA.

1616 2291 1868 2364 (Oudin.,
1896 2292 2088 2365 Srripl.
2133 2292 2336 2349 Eccles.
2371 2293 2433 2359 ll,
2473 2294 2622 2364 5l9.)

554 2610 613 2667 S.
643 2608 928 2667 Fulbcrtus
965 2607 1319 2666 Carnolensis
1356 2608 1659 2680 cpiscopus,
1697 2607 1820 2661 vita:
1861 2606 2068 2661 sancti-
2102 2617 2144 2674 ῃ
2175 2604 2365 2670 Deum,
2394 2606 2446 2660 in
2476 2605 2561 2660 his
2595 2623 2713 2676 qua:
2762 2607 3081 2678 ingeruntur
3129 2606 3413 2672 molestiis,
3457 2607 3772 2664 consolatio

482 2704 667 2759 monia
697 2712 755 2757 et
780 2702 1084 2758 eruditione
1111 2717 1205 2757 sua
1233 2710 1393 2756 aetate
1419 2699 1773 2763 clarissimus,
1796 2697 2065 2754 Gnillelmi
2172 2709 2226 2754 et
2262 2700 2548 2769 respiratio
2595 2700 2832 2755 fumlitus
2877 2701 3095 2771 pendet.
3134 2719 3153 2753 ι
3185 2698 3349 2756 Suam
3383 2717 3514 2758 vero
3549 2701 3771 2757 btnuilio

482 2793 795 2863 Aquitanici
827 2793 981 2848 ducis
1012 2793 1213 2859 favore,
1235 2793 1468 2865 primum
1500 2791 1852 2847 Pietaviensis
1878 2791 2066 2847 Ec-cle-
2171 2796 2336 2843 tatem
2382 2790 2575 2845 astruit
2627 2791 2713 2845 his
2750 2791 2954 2858 verbis,
2994 2790 3219 2862 epistola
3266 2790 3335 2847 68
3364 2794 3430 2848 ad
3475 2792 3769 2849 Odilonem

481 2885 579 2938 size
608 2882 667 2937 S.
700 2880 884 2937 Hilarii
926 2883 1298 2938 thesaurarius
1350 2882 1556 2948 factus,
1606 2892 1664 2937 ut
1705 2881 2064 2954 fragmentum
2169 2880 2419 2937 abbatem
2450 2881 2858 2939 Cluniacensem
2892 2901 2907 2941 :
2941 2903 2960 2935 ι
2993 2885 3189 2949 Decet,
3222 2897 3394 2957 pater,
3440 2895 3498 2941 ut
3543 2897 3602 2941 tn
3633 2902 3770 2956 quo-

483 2973 739 3029 "lSlOl‘iiB
790 2975 1128 3044 Aquitanica:
1177 2972 1363 3029 refert.
1414 2973 1667 3043 Idemque
1731 2976 1877 3045 leges
1924 2974 2064 3045 apud
2169 2987 2276 3042 que
2303 2973 2540 3029 vicissim
2580 2990 2674 3030 me
2696 2984 2844 3030 tuum
2877 2976 3149 3032 servulum
3199 2979 3266 3033 de
3314 2986 3366 3034 te
3406 2980 3768 3049 pendentem.

481 3067 811 3121 Ademarum
846 3065 1217 3121 Cabanensem
1258 3066 1310 3119 in
1348 3064 1637 3121 Clu-unico.
1687 3064 1917 3136 Insignis
1959 3066 2064 3119 vita
2171 3071 2332 3133 teque
2359 3079 2463 3119 non
2502 3064 2620 3120 sine
2652 3080 2846 3137 magna
2882 3065 3075 3122 fiducia
3127 3079 3552 3139 respectantem,
3588 3072 3771 3126 sacris

480 3167 538 3211 et
566 3156 892 3223 eruditione,
929 3157 1254 3226 lucernaque
1282 3156 1480 3212 ardens
1504 3172 1532 3210 a
1561 3157 1786 3222 Domino
1809 3156 2066 3212 Ecclesia:
2170 3153 2651 3210 intercessionibus
2692 3156 2935 3226 adjuvcs.
2969 3158 3098 3213 Sum
3135 3161 3280 3215 enim
3328 3160 3485 3218 valde
3527 3164 3772 3219 misera-

480 3249 774 3306 Gallicanzc
808 3251 1136 3306 candelabro
1173 3264 1455 3315 accensus,
1492 3249 1711 3304 Roberti
1748 3251 1886 3320 regis
1918 3250 2066 3304 Chri-
2167 3244 2292 3299 bilis
2330 3244 2510 3307 homo,
2544 3247 2635 3317 qui
2671 3262 2794 3302 cum
2843 3248 2911 3303 ad
2951 3250 3224 3321 propriam
3274 3266 3379 3306 non
3427 3252 3769 3317 sufﬁcerent.

478 3343 818 3409 stianissimi,
850 3342 936 3398 cui
969 3342 1309 3412 gratissimus
1344 3351 1494 3408 erat,
1546 3341 1903 3405 auctoritate,
1935 3339 2066 3396 Car-
2169 3337 2236 3391 ad
2284 3338 2551 3408 publicam
2603 3355 2789 3395 curam
2845 3343 3027 3398 nescio
3078 3359 3181 3414 qua
3237 3360 3333 3399 seu
3384 3346 3603 3402 ratione
3665 3364 3767 3401 seu

479 3435 725 3492 notensis
769 3437 1054 3507 episcopus
1101 3444 1223 3506 post
1277 3434 1561 3490 Rodoll‘um
1608 3443 1825 3490 creatus
1867 3444 1981 3499 cst,
2033 3451 2063 3489 a
2169 3433 2475 3488 temeritate
2523 3440 2812 3503 perunctus
2856 3450 2995 3489 sum.
3028 3455 3048 3488 ι
3084 3436 3294 3503 Quanta
3346 3453 3476 3493 vero
3517 3440 3766 3495 amicitia

477 3528 788 3586 Lietherico
817 3529 1227 3601 archiepiscopo
1253 3539 1307 3585 ct
1344 3530 1756 3600 metropolitano
1780 3545 2065 3585 consecra-
2167 3520 2311 3577 inter
2361 3522 2534 3592 ipsum
2581 3532 2637 3577 et
2679 3520 2960 3580 Odilonem
3007 3527 3322 3596 praedictum
3369 3527 3551 3589 fuerit.
3603 3532 3768 3586 docet

477 3632 586 3686 tus,
621 3620 1071 3691 quemadmodum
1106 3620 1219 3691 ipse
1248 3619 1535 3676 Fnlhertus
1577 3619 1809 3675 allirmat
1839 3619 2062 3690 epistola
2167 3617 2466 3671 monachus
2492 3615 2788 3687 Sylviniaci
2818 3618 2930 3673 hate
2952 3618 3198 3674 scribens
3226 3619 3280 3673 in
3310 3620 3431 3675 Vita
3461 3619 3715 3677 Odilonis
3746 3640 3764 3677 :

476 3712 569 3776 23,
598 3712 664 3767 ad
688 3711 936 3766 eumdem
970 3727 984 3764 :
1019 3728 1037 3760 ι
1068 3708 1291 3763 Multum
1323 3711 1524 3763 amoris
1567 3719 1728 3779 atque
1769 3708 2061 3775 lidclitatis,
2172 3725 2189 3757 ι
2224 3705 2335 3760 Hoc
2382 3706 2601 3761 immine
2649 3707 2995 3779 (Archangeli
3036 3710 3448 3783 monac/corum)
3495 3714 3765 3768 censebat

479 3803 598 3869 tibi,
654 3802 833 3865 Pater,
870 3817 955 3856 me
992 3800 1191 3855 debere
1230 3815 1448 3864 censeo,
1499 3815 1596 3871 per
1641 3797 1795 3867 cujus
1846 3814 2061 3852 manum
2164 3812 2287 3850 eum
2324 3797 2702 3868 appellamlmn
2748 3799 2802 3853 in
2836 3801 2949 3856 suis
2987 3802 3329 3858 sermonibus
3378 3811 3437 3858 et
3483 3805 3756 3874 epistolis.

475 3894 912 3950 benedictionem
943 3900 994 3946 et
1023 3907 1235 3946 sacram
1264 3890 1573 3946 unctionem
1604 3892 1807 3960 accepi.
1843 3908 1862 3941 ι
1897 3890 1945 3944 Is
1970 3905 2064 3942 au-
2165 3887 2455 3945 Fulbertus
2490 3889 2579 3945 ille
2609 3889 2710 3945 sibi
2743 3892 3111 3962 praecordialis
3136 3894 3367 3958 amicus,
3397 3896 3762 3954 Carnotensis

477 3995 609 4049 tem,
635 3983 994 4056 episcopalem
1015 3984 1242 4053 gradum
1264 3991 1566 4046 assecutus,
1589 3981 1866 4037 libertates
1888 3981 2057 4036 CCt'lC-
2088 3982 2134 4045 C
2164 3978 2472 4048 episcopus,
2506 3979 2559 4033 in
2587 3980 2878 4035 sanctitate
2917 3980 3219 4049 laudabilis,
3269 3984 3320 4038 in
3347 3986 3620 4055 sapientia
3657 3992 3761 4044 mi.-

478 4078 726 4132 siasticas
750 4076 964 4147 egregie
992 4083 1196 4129 tutatus
1225 4084 1331 4141 est,
1360 4074 1635 4144 utpassim
1667 4075 1830 4130 variis
1860 4074 2062 4145 cpislo-
2167 4066 2386 4133 rabilis,
2444 4069 2497 4124 in
2556 4068 2709 4138 cujus
2758 4082 2934 4127 morte
2988 4074 3227 4128 studium
3283 4075 3651 4147 philosophia:
3705 4080 3759 4133 in

479 4168 544 4223 lis
573 4166 860 4238 significat,
892 4182 1028 4237 quas
1068 4167 1132 4221 ad
1165 4165 1448 4236 pontifices
1495 4167 1779 4231 maximos,
1827 4182 1979 4239 reges
2007 4176 2063 4222 et
2164 4157 2393 4215 Franci-1
2427 4161 2608 4230 periit.
2641 4169 2696 4217 el
2727 4161 2899 4233 gloria
2939 4166 3278 4219 sacerdotum
3306 4181 3445 4237 pene
3475 4169 3702 4239 decidit.
3735 4191 3753 4222 ι

477 4260 763 4330 episcopos
813 4256 1062 4328 scripsit,
1111 4273 1343 4327 quarum
1400 4257 1668 4313 nonnulla}
1725 4267 1945 4313 exstant
1994 4257 2060 4314 ad
2163 4250 2315 4318 Quod
2343 4262 2523 4308 autem
2559 4254 2798 4309 "Olmlllll
2828 4270 2951 4310 eum
2993 4255 3214 4312 lloberti
3253 4258 3397 4330 regis
3424 4258 3600 4316 fuisse
3626 4277 3759 4317 cau-

476 4348 813 4409 Frauconcm
845 4347 1206 4403 Parisiensem
1230 4347 1535 4419 przesulem,
1568 4347 1642 4403 De
1661 4350 2014 4420 exstirpandis
2035 4365 2062 4404 e
2163 4342 2439 4397 cellarimn
2479 4345 2744 4410 scribunt,
2772 4347 3107 4416 probationis
3140 4349 3191 4404 id
3227 4350 3558 4408 documento
3585 4355 3759 4410 destio

476 4422 641 4499 alarm
676 4441 813 4495 laica
849 4440 1129 4510 beneﬁciis.
1173 4439 1238 4494 Et
1275 4439 1414 4509 apud
1450 4438 1714 4495 Joannem
1753 4441 2060 4510 pontiliccm
2167 4436 2353 4501 tuitur,
2382 4453 2503 4493 cum
2546 4454 2730 4495 revera
2769 4441 2948 4508 potius
2986 4441 3341 4498 cancellarius
3381 4452 3596 4500 tantum
3622 4446 3761 4502 Car-

478 4533 773 4607 Maximum
805 4532 1044 4603 graviter
1078 4530 1432 4602 conqueritur
1478 4532 1545 4586 de
1583 4531 1810 4586 Rodulfo
1839 4533 2060 4595 comite,
2166 4529 2408 4583 notensis
2443 4526 2695 4585 Ecclesiae
2719 4529 2900 4586 fuerit.
2927 4532 3098 4588 Porro
3126 4550 3249 4589 cum
3279 4551 3426 4591 anno
3454 4537 3599 4593 1020
3623 4540 3760 4595 urbs

472 4623 673 4692 jurium
720 4622 975 4678 Ecclesia:
1004 4637 1115 4676 sua:
1155 4635 1445 4692 pervasere
1474 4619 1768 4691 sacrilego,
1802 4621 2060 4675 auxilium
2164 4629 2221 4675 ct
2258 4622 2479 4678 basilica
2506 4621 2953 4694 conflagrassent,
2997 4625 3346 4683 fundamenta
3374 4630 3627 4686 ecclesia:
3660 4632 3773 4687 Dei

475 4713 829 4782 apostolicum
869 4712 1164 4781 implorans
1196 4731 1209 4766 :
1239 4711 1478 4782 Magum,
1525 4712 1719 4782 inquit,
1780 4710 1977 4766 FuIber
2003 4729 2062 4767 ns
2165 4713 2456 4770 Genitricis
2487 4714 2775 4772 Fulbertus
2803 4716 2958 4787 jecit,
2985 4720 3343 4793 eamdemque
3371 4723 3514 4779 miro
3537 4724 3759 4796 lapideo

475 4805 810 4873 clprwclarw
830 4806 1079 4861 Ecclesia:
1101 4805 1631 4876 pusilluseiiscopus.
1660 4805 2059 4875 Episcoliatam,
2164 4803 2373 4860 fornice
2419 4819 2475 4860 et
2529 4806 2770 4862 tabulato
2818 4809 3078 4881 perfecit;
3119 4826 3228 4882 quo
3285 4814 3506 4883 quidem
3554 4817 3757 4888 insigni

478 4908 536 4953 ut
560 4898 815 4963 diximus,
842 4898 1025 4954 favore
1050 4898 1275 4953 Robcrti
1301 4899 1464 4969 regis,
1486 4897 1639 4968 cujus
1661 4909 1842 4969 partes
1870 4908 2060 4953 contra
2163 4911 2327 4966 opere
2356 4898 2681 4971 praecipuam
2717 4902 2856 4970 apud
2897 4913 3144 4972 posteros
3175 4907 3409 4970 nominis
3438 4910 3521 4963 sui
3555 4926 3758 4981 propa-

477 4992 849 5048 Constantiam
882 4996 1125 5066 reginam
1154 4996 1401 5065 gnaviter
1420 5003 1658 5050 sectatus
1678 5002 1781 5059 est,
1809 4993 2059 5063 adeptum
2165 4988 2310 5058 gavit
2347 4987 2575 5055 faniam,
2626 4992 2882 5060 pecunias
2929 4996 3308 5065 suppeditante
3356 4998 3610 5069 inprimis
3646 5005 3759 5056 An-

478 5083 645 5139 fuisse
680 5093 901 5154 apparet
933 5101 998 5140 ex
1036 5074 1263 5156 epistola
1308 5085 1374 5141 ad
1405 5084 1677 5147 eutmlem,
1713 5097 1818 5152 qua
1857 5082 1922 5137 de
1956 5080 2059 5136 ϐου
2164 5078 2370 5150 glorum
2397 5096 2540 5151 rege.
2578 5080 2692 5136 lloc
2731 5081 2988 5139 discimus
3017 5100 3083 5140 ex
3122 5085 3390 5144 Willelmo
3424 5090 3757 5148 Malmeshu-

478 5176 672 5231 defridi
712 5177 1044 5233 vicecomitis
1079 5178 1338 5233 violentia
1377 5179 1637 5233 adversus
1665 5176 2058 5229 Carnotensem
2166 5170 2469 5236 riensi,lib.
2499 5187 2537 5226 ιι
2573 5172 2648 5227 De
2677 5172 2846 5241 gestis
2866 5173 3184 5244 Anglorum,
3213 5178 3300 5234 his
3331 5182 3550 5238 verbis:
3584 5204 3602 5236 ι
3636 5185 3753 5240 Rex

477 5269 777 5329 Ecclesiam
819 5271 898 5327 sic
937 5280 1268 5341 conquestus
1311 5281 1395 5327 est
1428 5289 1441 5324 :
1479 5290 1496 5321 ι
1532 5269 1792 5324 Pietatem
1822 5276 2058 5320 vestram
2093 5328 2140 5374 ῃ
2165 5261 2340 5318 Cmtlo
2379 5264 2446 5318 ad
2479 5264 2870 5320 transmarinas
2900 5265 3172 5326 Eeclesias
3201 5274 3464 5341 pecunias
3491 5277 3754 5344 mittens,
