4088 6404
273 385 382 445 165

273 476 528 556 «lamenta
561 492 787 568 jccerat,
822 509 1090 550 summam
1133 507 1354 548 manum
1404 492 1633 546 mirifico
1663 486 1858 543 effectu
1890 487 1936 545 Α

274 591 551 661 imposuit,
595 602 756 656 quam
807 587 971 642 etiam
1002 600 1102 655 pro
1137 596 1295 654 posse
1337 580 1714 638 honorificare.
1743 587 1855 634 stu-

266 683 428 748 dens,
449 678 678 735 musicis
706 677 1163 734 modulationibus
1185 673 1377 728 crebro
1404 670 1615 726 extulit.
1645 669 1857 736 Quanto

274 774 425 828 enim
453 784 640 824 amore
687 769 740 823 in
787 769 1046 822 honorem
1081 763 1314 832 Virginis
1359 758 1717 820 anhelaverit,
1766 770 1858 827 po-

270 865 402 917 terit
443 859 713 929 conjicere
762 859 851 928 qui
903 856 1136 911 audierit
1186 863 1379 908 cautus
1433 850 1676 906 cmlestia
1737 857 1858 903 vota

269 965 552 1010 sonantes.
584 973 601 1005 ι
633 953 820 1006 Exstat
851 951 989 1004 inter
1019 955 1213 1001 cietera
1241 942 1497 1015 opuscula
1523 941 1638 1009 ejus
1661 939 1861 1010 episto-

271 1047 448 1100 l.irum
480 1044 754 1106 volumen,
781 1041 832 1094 in
865 1054 1093 1110 quarunt
1125 1051 1226 1090 una
1255 1033 1460 1106 gratias
1489 1033 1594 1102 agit
1625 1029 1860 1086 Cuutoni

273 1133 814 1209 magnificentissimo
857 1130 1000 1202 regi,
1039 1128 1182 1197 quod
1217 1126 1483 1206 largitatis
1515 1137 1626 1177 sua:
1654 1122 1860 1175 viscera

271 1231 325 1284 in
361 1242 631 1298 expensas
660 1223 915 1278 Ecclesiae
964 1219 1313 1275 Carnotensis
1359 1215 1626 1270 effuderit.
1664 1212 1862 1268 Sacra-

272 1319 503 1373 tissimae
532 1330 660 1368 vero
697 1313 789 1368 Dei
825 1310 1103 1383 genitricis
1131 1309 1312 1361 Maria:
1340 1321 1528 1360 servus
1558 1303 1864 1359 addictissi-

271 1425 398 1462 mus
429 1407 549 1469 fuit,
601 1403 755 1473 cujus
784 1403 971 1456 laudes
1011 1399 1268 1471 peculiari
1317 1397 1456 1452 libro
1485 1394 1671 1459 edidit,
1701 1411 1729 1448 a
1759 1409 1863 1466 qua

269 1508 684 1556 renmneratum
719 1494 958 1550 tradunt.
997 1490 1133 1545 Dum
1177 1491 1321 1546 enim
1353 1489 1544 1544 morbo
1585 1496 1866 1558 correptus

269 1599 440 1654 esset,
465 1589 651 1644 eadem
678 1601 773 1657 per
805 1587 976 1640 visum
1009 1597 1276 1654 apparens
1299 1580 1484 1649 Virgo,
1513 1595 1665 1636 sacra
1699 1581 1864 1635 ubera

255 1684 378 1754 ipsi
416 1682 651 1752 sugenda
691 1677 922 1748 aperuit,
961 1685 1020 1730 ut
1058 1674 1357 1738 Albcricus,
1395 1672 1548 1742 longe
1582 1679 1763 1726 tamen
1798 1671 1866 1726 ab
1900 1721 1902 1723 ,

271 1777 384 1832 hoc
441 1784 682 1843 tempore
730 1779 999 1836 remotus,
1055 1769 1207 1823 testis
1253 1776 1337 1822 est
1384 1767 1434 1820 in
1480 1765 1752 1821 Chronico
1799 1766 1866 1820 ad

271 1880 486 1920 annum
517 1863 654 1917 1022
683 1879 695 1915 :
733 1880 751 1912 ι
789 1860 1043 1914 Florebat
1076 1857 1363 1912 Fulbertus
1397 1858 1702 1929 episcopus,
1738 1872 1867 1912 san-

270 1959 473 2011 ctitate
519 1964 574 2009 et
627 1952 964 2024 philosophia
1016 1947 1502 2012 nominatissimus,
1547 1948 1637 2018 qui
1677 1947 1868 2002 funda-

271 2055 463 2100 menta
493 2054 691 2098 sanctze
723 2041 965 2096 ecclesize
995 2041 1084 2094 Dei
1109 2037 1400 2094 Gcnitricis
1419 2037 1572 2106 jecit,
1599 2046 1652 2093 et
1679 2038 1869 2094 eadem

273 2137 514 2209 perfecit
546 2135 684 2189 miro
712 2134 921 2204 lapideo
953 2132 1224 2195 tahulatu,
1255 2133 1344 2200 qui
1374 2131 1538 2185 etiam
1571 2131 1638 2184 ab
1678 2130 1870 2184 eadem

261 2229 376 2282 ‘Dei
415 2225 696 2282 Genitrice
741 2224 793 2277 in
842 2223 1155 2277 infirmitate
1193 2237 1286 2277 sua
1320 2221 1565 2276 visitatus
1594 2235 1715 2277 esse
1739 2219 1879 2276 dici-

274 2330 370 2371 tur
398 2327 453 2370 et
483 2317 548 2371 de
582 2314 697 2384 ejus
726 2314 863 2368 laete
892 2312 1236 2367 sanctissimo
1266 2318 1562 2366 recreatus.
1596 2307 1695 2363 Hic
1726 2309 1870 2362 enim

277 2409 458 2466 multo
489 2423 676 2461 amore
698 2416 752 2460 et
779 2403 1094 2460 felicissimo
1123 2403 1174 2457 in
1204 2403 1460 2458 honorem
1495 2401 1665 2455 beata:
1695 2400 1874 2454 Mariae

275 2501 508 2569 virginis
534 2500 627 2554 Dei
656 2496 948 2554 Geuitricis
981 2496 1206 2560 exarsit,
1244 2493 1386 2564 quod
1412 2491 1704 2549 ostendunt
1739 2507 1874 2547 can-

276 2604 371 2648 tus
399 2607 536 2663 quos
571 2591 636 2645 de
674 2605 736 2644 ea
772 2589 860 2644 ille
890 2589 1080 2653 edidit,
1119 2587 1361 2643 cmlestia
1394 2597 1518 2641 vota
1548 2585 1873 2640 sancientes.

277 2687 432 2741 Inter
473 2693 671 2739 cretera
717 2681 834 2752 ejus
884 2697 1048 2752 Opera
1103 2689 1284 2735 exstat
1327 2678 1688 2750 Epistolarum
1720 2677 1876 2732 volu-

277 2792 430 2831 men.
470 2797 488 2828 ι
532 2776 599 2830 Et
646 2773 949 2829 Willelmus
992 2771 1508 2837 Malmesburiensis,
1559 2772 1666 2834 lib,
1715 2786 1774 2825 ιιι
1803 2771 1880 2825 De

279 2867 457 2938 gestis
487 2866 816 2935 Anglorum,
859 2864 998 2920 idem
1034 2872 1285 2926 testatur,
1324 2862 1534 2917 locutus
1566 2859 1636 2916 de
1677 2861 1880 2915 Beren.

260 2958 441 3029 'gario
470 2957 842 3028 Andegavensi
875 2955 1263 3011 archidiacono
1302 2971 1398 3010 suo
1433 2955 1564 3010 olim
1597 2954 1648 3009 in
1690 2952 1878 3009 schola

279 3052 606 3106 Carnoteusi
653 3049 959 3119 discipulo:
998 3068 1014 3099 ι
1051 3047 1407 3118 Berengarius
1462 3047 1650 3117 plane,
1706 3060 1881 3116 quau-

281 3143 491 3198 tumvis
527 3143 641 3212 ipse
677 3142 998 3196 sententiam
1036 3139 1355 3204 correxerit,
1403 3153 1592 3192 omnes
1635 3151 1771 3208 quos
1813 3151 1879 3192 ex

1302 372 1578 435 NOTlTlA
1619 365 1982 430 IIISTORICA
2014 364 2108 422 ΕΤ
2130 363 2401 422 ιιττειι.

3439 356 3543 414 166

2037 483 2167 538 Item
2207 481 2319 535 haec
2354 476 2594 535 carmina
2635 475 2700 530 de
2734 472 2922 530 eodem
2953 472 3220 543 leguntur.

2083 615 2239 672 Quem
2263 613 2346 661 tibi
2371 609 2590 662 Carnutis
2613 610 2855 672 concessit
2879 605 2984 655 fons
3000 605 3247 672 bonitatis,

2145 674 2386 725 DOclrinte
2411 674 2610 721 ﬂuvium
2633 670 2839 731 duplicis
2873 671 3149 730 egregium,

2085 735 2368 785 Pontificum
2395 735 2553 793 sidus,
2584 733 2846 781 Fulbertus
2869 731 3080 791 fulgidus
3101 737 3230 787 sctu,

2151 798 2309 846 Vestis
2332 792 2644 856 pauperibus,
2675 796 2829 843 victus
2853 801 2902 842 et
2921 792 3170 855 assiduus;

2088 858 2306 908 inclusus
2324 854 2454 917 jacet
2471 859 2568 918 hic,
2590 856 2745 904 factus
2776 856 2838 902 de
2866 855 3068 918 pulvere
3093 854 3267 914 putris,

2153 921 2208 970 Et
2236 916 2769 980 praestentur—surgere
2803 929 2910 966 cum
2943 916 3160 980 reliquis.

2087 975 2330 1030 \‘lrtuium
2357 979 2535 1041 cultor,
2561 975 2784 1028 vitiorum
2811 975 3141 1032 mortiﬁcator,

2151 1044 2430 1092 Auxiliante
2456 1044 2578 1102 Deo,
2618 1041 2831 1102 perstitit
2856 1052 2882 1083 ι
2911 1051 3082 1102 puero.

2087 1103 2171 1166 Bis
2203 1106 2363 1166 denos
2379 1116 2549 1158 annos,
2564 1100 2722 1166 atque
2745 1114 2906 1166 Annum
2928 1100 3300 1166 dimidiumque,

2153 1165 2299 1226 Virgo
2324 1163 2496 1222 Maria,
2521 1171 2618 1212 tute
2639 1159 2829 1224 praefuit
2849 1159 3087 1226 ecclesiae.

2090 1222 2410 1285 Ingressurus
2428 1233 2535 1274 erat
2553 1222 2764 1274 Phoebus
2783 1228 2888 1285 post
2908 1222 3087 1271 lumina
3108 1229 3301 1285 septem

2149 1263 2764 1351 Ἰ¹υἶιῖιὲη,”οἶι’ὦίἱιῷἓῖῖιῖιῖ
2783 1263 3268 1346 restitissent};

2037 1413 2164 1485 Ejus
2193 1411 2367 1483 Opera
2397 1412 2706 1484 singulatim
2740 1411 2996 1482 impressa
3019 1409 3242 1464 Parisiis
3266 1425 3352 1462 an.
3393 1408 3550 1474 l608,

1969 1514 2080 1559 tum
2112 1515 2296 1574 postea
2341 1504 2581 1559 immissa
2622 1503 2675 1558 in
2733 1511 2935 1556 tomum
2977 1499 3043 1554 XI
3085 1499 3419 1554 Bibliotheca!
3458 1496 3557 1551 Ve-

1967 1607 2135 1651 terum
2182 1594 2406 1650 Patrum
2456 1594 2709 1650 editionis
2748 1591 3087 1648 Colonieusis
3131 1607 3219 1644 au.
3268 1590 3424 1654 1618,
3464 1588 3554 1643 tibi

1966 1689 2218 1760 leguntur
2239 1685 2472 1757 epistola:
2495 1682 2779 1740 CXXXIV
2795 1725 2809 1749 ,
2834 1699 3094 1738 sermones
3118 1681 3356 1753 quidam,
3385 1697 3556 1754 canon

1968 1779 2033 1833 de
2060 1778 2359 1849 paenitentia
2411 1776 2719 1839 mulierum,
2753 1774 2932 1845 hymni
2968 1772 3163 1842 aliquot
3208 1787 3323 1824 cum
3365 1769 3556 1840 prosis,

1898 1871 1944 1932 Β
1971 1879 2226 1924 tractatus
2255 1868 2505 1922 adversus
2538 1865 2758 1922 Judazos
2784 1873 3028 1934 negantes
3066 1863 3201 1916 hanc
3239 1859 3404 1914 Jacob
3445 1876 3560 1912 mo-

1972 1964 2152 2018 rientis
2213 1961 2536 2032 prapltetiam
2575 1978 2594 2018 :
2634 1957 2751 2013 Non
2805 1957 3080 2011 auferetur
3149 1960 3420 2023 sceptrum
3496 1951 3563 2004 dc

1970 2051 2128 2118 luda,
2161 2061 2289 2117 etc.,
2327 2053 2380 2105 in
2421 2049 2630 2105 Christo
2679 2047 2900 2102 Domino
2949 2046 3113 2117 fuisse
3160 2043 3443 2112 impletum.
3490 2042 3564 2096 Du

1973 2146 2170 2216 quibus
2205 2143 2560 2199 Bellarmiuus
2589 2150 2642 2196 et
2672 2138 2941 2206 Labbeus,
2972 2153 3200 2208 quorum
3253 2136 3305 2191 in
3351 2136 3565 2206 supple-

1975 2245 2216 2292 mentum
2245 2235 2494 2289 addimus
2517 2243 2732 2289 exstarc
2759 2231 2999 2300 ejusdem
3025 2230 3264 2285 Fulberti
3291 2230 3564 2300 epistulam

1974 2327 2039 2381 tle
2089 2327 2240 2382 rebus
2287 2325 2538 2380 Ecclesia:
2582 2324 2819 2394 religiose
2876 2333 2922 2377 et
2969 2333 3117 2376 caute
3152 2320 3564 2383 distribuendis,

1977 2427 2124 2474 tumo
2156 2418 2197 2473 ll
2227 2417 2501 2489 Spicilegii
2534 2416 2696 2471 Luca:
2727 2414 2995 2478 Dacherii,
3027 2430 3149 2486 pag.
3182 2413 3284 2468 827
3309 2412 3566 2467 editionis

1975 2509 2317 2566 Parisieusis.
2349 2508 2599 2577 Ejusdem
2629 2522 2844 2578 quoque
2887 2507 3103 2561 nomine
3154 2505 3294 2574 apud
3343 2504 3566 2558 Suritnu

1979 2601 2030 2656 in
2059 2601 2289 2671 probatis
2343 2609 2643 2654 sanctorum
2693 2596 2819 2650 Vitis
2852 2596 2916 2651 ad
2958 2597 3101 2651 diem
3135 2596 3198 2649 15
3235 2594 3565 2657 Decembris,

1977 2707 2030 2762 p.
2065 2691 2194 2746 mihi
2233 2689 2366 2754 989,
2406 2688 2527 2743 Vita
2572 2688 2739 2743 sancti
2778 2687 2990 2742 Auberti
3030 2685 3420 2740 Cameracensis
3459 2684 3568 2753 epi-

1977 2782 2143 2853 scopi,
2175 2798 2335 2853 quam
2379 2781 2480 2836 etsi
2524 2780 2766 2834 mutilam
2797 2777 2992 2833 Surius
3021 2777 3270 2841 ediderit,
3301 2777 3568 2846 integram

1982 2883 2161 2928 tamen
2190 2873 2387 2927 habent
2405 2870 2602 2927 fratres
2622 2871 2739 2942 ejus
2760 2870 3010 2933 abbatite,
3037 2883 3155 2938 qua:
3183 2881 3376 2923 nomen
3401 2867 3573 2938 ipsius

1983 2965 2037 3020 in
2067 2966 2200 3020 urbe
2238 2962 2616 3020 Cameraceusi
2651 2961 2884 3033 prtefert,
2927 2972 2985 3014 ιιι
3016 2960 3259 3014 scribunt
3290 2958 3572 3014 Sammar-

1986 3055 2136 3110 thani
2168 3052 2386 3119 fratres,
2416 3063 2545 3108 tom.
2575 3051 2595 3106 l
2621 3051 2808 3108 Gallia:
2851 3049 3175 3106 Christiante
3223 3049 3274 3103 in
3307 3049 3575 3118 archiepi-

1985 3145 2160 3214 scopis
2208 3143 2711 3205 Cameraceusibns,
2762 3158 2816 3212 p.
2850 3140 2978 3196 ‘253.
3030 3139 3162 3194 item
3210 3139 3277 3193 ad
3322 3137 3572 3194 eumdem

281 3235 419 3290 totis
449 3233 610 3288 terris
646 3233 1053 3300 depravavcrat,
1093 3238 1410 3284 convertere
1438 3227 1696 3297 nequivit.
1729 3224 1876 3294 Quod

1986 3235 2303 3293 Fulbertum
2350 3236 2739 3291 Carnoteusem
2785 3233 3094 3304 episcopum
3136 3238 3346 3302 spectat
3393 3228 3574 3283 Sermo

263 3327 602 3396 episcopum
651 3323 1040 3378 Carnoteusem
1086 3320 1420 3383 Fulbertum,
1463 3333 1624 3390 quem
1669 3316 1878 3372 Domini

285 3418 464 3473 Mater
501 3417 627 3471 olim
658 3425 918 3487 aegrotum
950 3413 1088 3469 lacte
1119 3412 1478 3468 mamillarum
1510 3426 1731 3466 suarum
1763 3409 1880 3466 visa

283 3511 394 3565 fuit
427 3525 645 3575 sanare,
673 3506 986 3578 praedixisse
1012 3507 1181 3560 aiunt.
1215 3504 1348 3559 Nam
1387 3519 1507 3558 cum
1541 3503 1593 3558 in
1621 3501 1881 3558 extremis

285 3599 530 3668 positum
581 3597 732 3652 multi
775 3596 1092 3660 visitarent,
1130 3603 1186 3650 et
1227 3594 1421 3650 :edium
1471 3593 1746 3662 eapaeitas
1793 3592 1883 3646 vix

285 3689 689 3746 confluentibus
716 3687 1004 3752 sufﬁceret,
1034 3688 1122 3744 ille
1147 3689 1288 3744 inter
1315 3687 1591 3758 oppositas
1635 3695 1883 3741 catervas

288 3780 452 3834 oculo
477 3781 702 3833 rimatus
722 3778 1123 3850 Berengarium,
1153 3778 1271 3834 nisu
1295 3793 1403 3848 quo
1422 3776 1590 3831 valuit
1612 3776 1885 3846 expellen-

290 3876 422 3926 dum
454 3874 684 3936 censuit,
720 3880 1050 3942 protestatus
1083 3871 1370 3925 immanem
1401 3870 1690 3924 draconem
1723 3883 1888 3938 prope

289 3979 422 4017 eum
450 3963 768 4026 consistere,
797 3963 1098 4033 multosque
1125 3963 1192 4017 ad
1221 3976 1343 4015 eum
1372 3961 1704 4032 sequendum
1736 3960 1888 4014 blan-

291 4053 482 4106 diente
511 4068 670 4106 manu
695 4064 750 4106 et
779 4052 917 4108 illice
952 4036 1586 4122 anhelitu.corrumpere.
1619 4070 1638 4102 ι
1666 4050 1888 4105 Denuun

293 4161 330 4198 e
369 4145 505 4199 vivis
537 4145 769 4199 excessit
806 4161 947 4200 anno
988 4145 1153 4206 1029,
1189 4144 1275 4200 die
1314 4143 1378 4198 10
1415 4143 1634 4214 Aprilis.
1678 4142 1732 4195 lu
1773 4141 1891 4211 qni-

297 4235 531 4289 busdam
556 4251 684 4289 mss.
712 4251 852 4291 anno
881 4235 1034 4301 1028,
1062 4237 1113 4290 in
1136 4237 1250 4290 :ede
1272 4235 1444 4290 sancti
1470 4235 1616 4289 Petri
1643 4235 1694 4288 in
1723 4232 1888 4299 Valle,

223 4365 226 4368 .
298 4328 601 4382 tumulatus
649 4329 895 4384 dicitur:
938 4345 1130 4400 magna
1179 4329 1484 4384 sanctitatis
1525 4339 1581 4384 et
1634 4329 1893 4383 doctrinae

298 4416 560 4486 Opinione
581 4419 780 4487 passim
801 4419 1268 4484 commendabilis,
1293 4433 1452 4489 quam
1476 4419 1660 4489 utique
1689 4421 1894 4487 deprae-

302 4510 492 4563 dicant
511 4509 708 4565 Glaber
729 4521 1079 4576 memoratus,
1103 4510 1366 4566 Chronica
1393 4520 1707 4566 etauctores
1730 4510 1893 4581 pluri—

1983 3331 2048 3385 de
2078 3329 2444 3397 Assumptione
2483 3328 2646 3382 beata:
2692 3324 2882 3380 Maria:
2950 3323 3201 3394 Virginis,
3259 3321 3349 3392 qui
3399 3329 3578 3374 exstat

1986 3424 2128 3478 inter
2155 3422 2332 3494 Opera
2381 3421 2502 3476 divo
2531 3418 2831 3491 Augustino
2873 3424 3144 3486 supposua
3167 3454 3182 3480 ,
3223 3414 3272 3467 itt
3307 3411 3575 3467 sermoni-

1984 3514 2087 3569 bus
2133 3512 2446 3584 suppositis,
2500 3525 2750 3566 sermone
2802 3507 2926 3572 208,
2967 3505 3070 3560 col.
3118 3505 3223 3559 545
3275 3503 3579 3558 novissimze

1985 3605 2261 3669 editionis,
2304 3618 2466 3673 quam
2510 3607 2940 3672 procuraverunt
2982 3597 3065 3652 his
3106 3596 3437 3666 temporibus
3474 3594 3578 3648 Pa-

1986 3703 2100 3750 tres
2143 3692 2478 3748 Benedictini
2510 3690 2647 3748 Galli
2689 3687 3123 3760 congregationis
3169 3685 3342 3741 sancti
3385 3683 3578 3738 Mauri.

1965 3788 2234 3857 'Denique
2264 3787 2507 3857 ejusdem
2541 3784 2816 3856 egregium
2852 3782 3157 3837 invenimus
3205 3789 3493 3835 tractatum
3527 3780 3578 3832 in

1990 3879 2122 3934 illud
2149 3879 2408 3932 Actorum
2442 3893 2516 3932 χιι
2541 3917 2554 3940 ,
2587 3891 2725 3930 vers.
2763 3875 2784 3928 1
2825 3888 2838 3926 :
2877 3872 3018 3926 Misit
3065 3869 3298 3924 Herodes
3339 3886 3428 3924 rex
3470 3887 3583 3921 tnu-

1991 3987 2113 4034 nus,
2168 3978 2276 4023 etc.
2325 3983 2424 4021 ms.
2471 3967 2524 4021 in
2573 3964 2901 4020 bibliotheca
2957 3960 3328 4032 Longipontis,
3381 3959 3583 4014 Cister-

1992 4061 2193 4117 ciensis
2241 4059 2470 4126 ordinis,
2520 4060 2572 4114 iu
2622 4058 2935 4127 episcopatu
2969 4053 3370 4117 Suessionensi,
3421 4068 3582 4123 quem

1994 4168 2138 4207 anno
2167 4151 2305 4207 1692
2335 4151 2578 4220 Lugduni
2610 4149 2932 4203 Batavorum
2963 4147 3230 4203 edidimus
3262 4145 3312 4200 in
3346 4144 3412 4210 8;
3441 4143 3582 4213 apud

1993 4245 2213 4300 Petrum
2245 4241 2360 4298 Van
2403 4244 2499 4297 tier
2537 4241 2804 4300 Mecrche,
2849 4241 2946 4294 sub
2991 4240 3090 4294 hoc
3132 4238 3304 4303 titulo,
3344 4235 3585 4290 Veterum

1993 4337 2193 4408 aliquot
2225 4335 2414 4389 Gallice
2452 4352 2514 4388 ac
2546 4333 2711 4404 Belgii
2740 4335 3050 4403 scriptorum
3089 4330 3355 4401 Opuscula
3398 4344 3588 4394 sacra;

2001 4432 2161 4501 idque
2191 4445 2261 4485 ne
2291 4430 2444 4500 lapsu
2471 4438 2774 4499 temporum
2809 4428 3071 4483 interiret.
3101 4427 3283 4497 Agunt
3310 4427 3377 4480 de
3398 4435 3589 4480 sancto

1996 4520 2290 4583 Fulbero,
2333 4509 2663 4574 ‘Baldericus
2725 4519 3102 4574 Noviomensis
3151 4519 3473 4588 episcopus,
3535 4519 3586 4572 in

304 4603 402 4655 tui.
427 4600 665 4657 Fulberti
685 4603 1013 4674 epitaphium
1034 4604 1140 4658 tale
1164 4605 1215 4658 itt
1241 4605 1570 4660 mss.codice
1591 4604 1888 4672 reperitur:
1925 4585 2268 4667 Dchronico
2312 4608 2721 4671 Cameracensi,
2764 4608 2854 4662 lib.
2906 4625 2958 4672 ι,
3001 4623 3119 4676 cap.
3168 4585 3272 4671 7"];
3323 4585 3591 4660 llenrictzs

379 4697 532 4748 Anno
584 4696 650 4748 ab
702 4697 1063 4751 incarnatione
1119 4697 1331 4752 Domini
1381 4698 1554 4761 1028,
1603 4713 1655 4752 tv
1704 4698 1824 4752 idus

380 4787 597 4857 Aprilis,
624 4789 747 4842 obiit
773 4788 992 4843 dilectus
1015 4788 1122 4843 Deo
1151 4800 1196 4842 et
1220 4790 1513 4843 hominibus
1547 4785 1708 4842 Pater
1733 4806 1821 4842 no-

380 4890 484 4934 ster
513 4881 818 4934 veneranda:
845 4881 1110 4935 memoria:
1145 4878 1449 4943 Fulbertus,
1489 4897 1599 4935 sum
1638 4890 1825 4948 tempe.

377 4973 530 5025 statis
568 4972 870 5041 pontiﬁcum
920 4973 1104 5036 decus,
1146 4971 1238 5026 lux
1285 4970 1541 5041 prtcclara
1573 4972 1764 5024 ntumlo
1796 4988 1826 5023 a

379 5064 490 5118 Deo
540 5065 698 5126 data,
753 5082 1038 5135 pauperum
1079 5073 1431 5126 sustcn'utor,
1473 5062 1825 5116 tlesolatorum

378 5156 704 5217 consolator,
741 5157 1046 5224 praedonum
1085 5166 1132 5209 et
1181 5155 1446 5208 latronum
1501 5155 1826 5223 refrenator,

377 5248 460 5298 rir
479 5235 947 5316 eloquentissimus:
973 5259 1020 5300 et
1051 5247 1460 5317 sapientissimus
1491 5255 1597 5298 tant
1626 5245 1681 5298 in
1701 5246 1827 5299 divi-

380 5339 460 5393 nis
485 5356 641 5410 quant
673 5340 728 5393 in
779 5339 1072 5394 liberalium
1101 5342 1293 5394 artium
1323 5340 1488 5393 libris.
1524 5338 1627 5405 Qui
1651 5338 1720 5392 ad
1751 5354 1827 5391 re-

377 5433 761 5487 staurationem
805 5434 974 5487 sancti
1031 5433 1206 5502 templi
1251 5449 1362 5487 sua:
1399 5433 1663 5496 diaecesis,
1690 5432 1828 5502 quod

376 5523 493 5595 ipse
528 5535 639 5593 post
687 5525 984 5579 incendium
1043 5541 1075 5576 a
1132 5523 1471 5594 fundamento
1513 5523 1832 5589 rewdi/icare

379 5624 638 5684 ceperat,
671 5615 856 5668 bonum
890 5624 1090 5684 partem
1123 5615 1241 5666 auri
1278 5613 1359 5666 sui
1397 5623 1442 5665 et
1475 5613 1672 5681 argenti
1707 5611 1832 5665 reli-

379 5708 516 5777 quit.
565 5704 632 5760 Et
689 5707 978 5774 disciplina:
1029 5723 1090 5759 ac
1136 5706 1404 5775 sapientia:
1443 5705 1606 5758 radiis
1663 5704 1832 5758 lacuttt

387 5799 538 5854 illum
553 5799 886 5866 illuminat-it,
909 5811 955 5856 et
981 5799 1180 5855 rlrriris
1209 5800 1314 5854 suis
1347 5797 1508 5854 multa
1534 5805 1665 5853 bona
1689 5799 1830 5870 fecit.

2001 4704 2394 4765 Gaudavensis,
2433 4703 2525 4774 qui
2576 4705 2644 4757 ab
2694 4719 2758 4758 co
2801 4712 3022 4757 auctore
3069 4701 3587 4769 Catalogum‘suutn

2004 4795 2213 4864 incipit,
2260 4786 2571 4848 Fulbertum
2627 4791 2921 4846 liberalium
2979 4792 3173 4844 artium
3221 4806 3316 4844 suo
3365 4800 3592 4858 tempore

2001 4885 2397 4956 peritissimum,
2441 4885 2607 4938 virum
2637 4881 2963 4952 religiosum,
2993 4891 3040 4935 et
3074 4897 3195 4950 erga
3232 4880 3438 4934 beatam
3459 4877 3593 4938 ινιτ.

2004 4977 2175 5047 ginem
2212 4975 2600 5029 derotissimum
2632 4972 2943 5038 celebrans;
2977 4969 3244 5026 Antonius
3269 4969 3591 5024 Possevinus

2004 5069 2196 5124 tomol
2235 5066 2541 5138 Apparatus
2568 5067 2731 5129 sacri,
2759 5065 2925 5120 verbo
2965 5063 3267 5128 Fulberlus,
3304 5073 3444 5130 ete.;
3479 5061 3590 5118 Rus

2006 5159 2193 5214 berans
2219 5158 2578 5213 Bellarminus
2605 5166 2655 5212 et
2690 5157 2966 5225 Philippus
2988 5153 3257 5220 Labbeus,
3290 5162 3516 5223 uterque
3541 5153 3591 5206 in

2007 5265 2170 5317 opere
2198 5265 2296 5303 suo
2337 5249 2413 5303 De
2458 5248 2813 5318 scriptoribus
2858 5244 3270 5311 ecclesiasticis;
3323 5244 3594 5300 Aubertus

2009 5342 2223 5396 Mirteus
2269 5342 2320 5396 in
2351 5341 2504 5396 Notis
2540 5341 2604 5395 ad
2642 5339 2836 5393 librum
2867 5337 3082 5393 llenrici
3120 5336 3489 5393 Gaudavensis
3521 5337 3595 5392 De

2011 5436 2365 5505 scriptoribus
2411 5433 2741 5495 illustribus;
2773 5432 3048 5486 (ierat-dus
3083 5430 3319 5487 Joannes
3355 5428 3592 5494 Vossius,

2011 5527 2105 5581 lib.
2140 5543 2175 5582 ιι
2210 5527 2285 5582 De
2324 5524 2598 5581 historicis
2631 5522 2852 5584 Latinis.
2886 5538 3006 5591 cap.
3033 5521 3124 5587 45,
3152 5537 3273 5592 pag.
3300 5521 3430 5576 mibi
3457 5519 3550 5574 541
3577 5537 3592 5585 ;

2014 5616 2412 5672 Sammarthani
2445 5614 2656 5674 fratres,
2689 5622 2836 5666 tomo
2866 5611 2905 5666 ll
2937 5613 3124 5668 Gallice
3155 5611 3496 5675 Christianae,
3540 5612 3592 5663 in

2013 5708 2280 5779 episcopis
2307 5703 2748 5766 Carnotensibus,
2781 5719 2901 5775 pag.
2936 5703 3070 5766 485,
3101 5718 3236 5772 quos
3265 5703 3376 5770 hic,
3406 5701 3595 5759 ordine

2015 5809 2222 5855 \aulum
2261 5812 2481 5867 mutato,
2513 5797 2837 5856 verboteuus
2867 5793 3254 5865 expressimus.
