4088 6438
394 374 421 455 ί
431 402 516 459 89

1832 419 2224 477 nmsrom.
3256 401 3262 408 ’
3545 443 3643 498 199

388 524 449 569 et
479 524 698 585 sumptu
735 532 765 571 a
798 518 1144 581 fundamento
1170 523 1537 591 rezediticavit,
1571 534 1629 580 ut
1673 525 1723 581 in
1753 527 1971 600 legenda
2002 539 2047 593 Α
2077 531 2332 587 Ecclesiae
2372 532 2601 590 domime
2649 545 2849 593 nostra!
2876 549 3080 596 sancta:
3109 541 3307 608 Maria,
3337 545 3491 614 cujus
3520 549 3635 603 fun-

385 617 570 661 sancti
600 608 789 663 Auiaui
823 611 1083 678 habetur,
1113 624 1218 669 etc.
1254 613 1406 670 Jacet
1433 617 1486 671 in
1523 618 1752 674 ecclesia
1797 625 1969 678 sancti

382 696 544 788 Petri
573 700 627 754 in
655 700 791 757 valle
820 702 1160 761 Carnotensi.

1125 836 1208 893 Vll

954 1031 1160 1075 car-nat.
1200 1021 1358 1076 1052.

451 1140 711 1209 Ejusdem
764 1149 1163 1219 archiprzesulis
1214 1153 1524 1212 Ethelnothi
1568 1167 1811 1228 tempore
1866 1176 1961 1218 rex

368 1228 563 1289 Cnuto
606 1238 674 1291 ad
706 1241 1095 1297 transmarinas
1135 1242 1403 1301 Ecclesias
1429 1250 1685 1317 pecunias
1715 1253 1959 1319 mittens,

366 1325 620 1381 maxime
649 1326 937 1384 Carnotum
971 1332 1186 1401 ditavit,
1218 1336 1306 1389 ubi
1336 1345 1462 1393 tunc
1487 1338 1710 1396 ﬁorebat
1737 1342 1960 1399 Fulber-

362 1421 471 1467 ms
498 1419 781 1490 episcopus
812 1421 866 1475 in
904 1424 1193 1480 sanctitate
1237 1434 1290 1480 et
1341 1428 1674 1498 philosophia
1702 1433 1951 1488 nomina-

364 1506 649 1565 tissimus.
671 1510 771 1578 Qui
795 1511 937 1568 inter
954 1522 1147 1570 cratera
1173 1516 1451 1573 industria:
1476 1534 1586 1574 sua:
1605 1520 1947 1591 documenta,

376 1635 505 1655 ’-

528 1635 2157 1670 Mm

2074 623 2324 678 damenta
2367 624 2594 694 jecerat,
2647 643 2914 684 summam
2944 647 3160 689 manum
3192 637 3422 693 miriﬁco
3449 638 3643 696 eﬁ'ectu

2069 712 2344 783 imposuit,
2369 730 2527 784 quam
2549 717 2710 772 etiam
2730 734 2829 789 pro
2849 737 3006 792 posse
3023 724 3376 782 bonoriﬁcare
3396 733 3638 798 studens,

2070 805 2291 860 musicis
2316 808 2772 865 modulationibus
2801 815 2994 869 crebro
3021 818 3228 871 extulit.
3262 817 3475 886 Quanto
3497 824 3640 877 enim

1821 951 1825 954 ν
1960 924 1961 927 η
2048 902 2254 950 amore
2276 895 2327 956 in
2358 896 2617 953 honorem
2648 898 2882 971 Virginis
2902 904 3256 972 anhelaverit,
3286 910 3482 974 poterit
3513 924 3639 963 con-

370 938 469 993 Ex
501 940 766 1001 Willelmo
787 945 1118 1003 Halmesber.
1155 949 1353 1026 ηιμ-λι,
1376 970 1493 1026 cap.
1518 954 1606 1022 il,
1627 973 1768 1013 anno
1787 960 1855 1014 ab
1880 960 1965 1016 in-
2067 984 2231 1026 ίςρρη,
2276 988 2367 1026 nn;
2412 990 2638 1026 Μυκηνς,
2690 1000 2878 1026 Mm...
2910 995 3146 1026 ηωιαοη..
3190 1007 3311 1026 η...
3359 1009 3615 1026 .....-...-.-

392 981 468 993 -..ν
509 981 549 996 υ
571 981 766 1001 ouo-nov
787 981 1088 1003 mutu-cauca
1104 989 1118 1003 ο
1155 981 1353 1025 ηιςιΑᾸξ,
1376 981 1493 1025 σαμε
1518 981 1606 1022 11,

2063 984 2231 1054 jicere
2276 988 2367 1057 qui
2411 990 2642 1045 audierit
2689 1000 2880 1048 cantus
2909 995 3148 1051 cmlestia
3190 1007 3313 1053 vota
3357 1009 3637 1055 sonantes.

2070 1073 2255 1130 Exstat
2284 1076 2423 1131 inter
2453 1088 2646 1134 caetera
2673 1083 2926 1151 opuscula
2964 1085 3081 1155 ejus
3109 1086 3469 1157 Epistolarum
3492 1091 3638 1146 volu-

2068 1180 2209 1233 men,
2246 1168 2299 1222 in
2336 1184 2565 1239 quarum
2596 1189 2699 1228 una
2744 1177 2946 1245 gratias
2989 1179 3101 1248 agit
3126 1178 3356 1235 Cnutom
3385 1184 3634 1253 magnifi-

2066 1257 2379 1313 centissimo
2421 1260 2554 1330 regi,
2581 1264 2723 1331 quod
2776 1264 3043 1335 largitatis
3079 1283 3191 1323 sua:
3217 1270 3423 1327 viscera
3457 1272 3509 1326 in
3537 1287 3631 1328 ex‘

2063 1362 2262 1417 pansas
2289 1351 2528 1407 ecclesia:
2548 1354 2897 1413 Carnotensis
2918 1359 3143 1417 effuderi

2131 1438 2290 1507 (Vide
2338 1451 2388 1495 et
2425 1441 2734 1513 Baronium,
2788 1458 2926 1503 tonio
2979 1448 3062 1503 ΧΙ
3086 1493 3101 1518 ,
3157 1453 3443 1510 Annalium
3491 1472 3631 1513 anno

2065 1528 2246 1595 10234

2182 1659 3612 1697 Mm

1123 1733 1787 1853 sanan
1856 1695 2778 1874 PULBEBTI

1599 1935 2418 2074 EPISTOL/E

1401 2111 2230 2201 οιιυῐΝΕῒῖιηιοΝοωςιοο
2267 2142 2603 2211 crassas.

451 2239 748 2345 ,Epistotaﬁ
779 2239 1017 2296 Famem
1044 2257 1306 2345 exegimus
1329 2223 1399 2345 αῖά
1419 2243 1984 2345 editioneskﬁuclugnki'i
2010 2263 2056 2305 et
2085 2255 2148 2309 D.
2181 2255 2455 2328 Bouqtteli,
2483 2236 2768 2334 quideme-t2
2795 2266 3060 2329 :hmmas
3086 2277 3550 2345 prava-miserum.

574 2321 708 2345 hacin
732 2328 775 2345 ιι
803 2320 1003 2345 ρρηιιηυ
1048 2320 1204 2345 Ινιηοη
1233 2329 1260 2345 n
1289 2328 1349 2345 ΛΑ·
1374 2329 1404 2345 Λ
1442 2326 1568 2345 nunc
1606 2331 1667 2345 nm
1705 2331 1721 2345 ι
1761 2326 1807 2345 Δ,
1902 2323 1920 2345 .’
1978 2322 2141 2345 .‘-al.--
2166 2344 2175 2345 κ
2239 2327 2274 2345 Ι.
2319 2340 2329 2345 -
2532 2336 2543 2345 .
2803 2322 2813 2341 ⁸

370 2320 377 2325 “
520 2309 775 2432 ‘ﬁl‘pistoli:
800 2320 1007 2432 consul);
1047 2313 1261 2432 (1:95pm
1288 2321 1404 2367 octo
1439 2326 1569 2385 quas
1603 2315 1807 2371 exhibet
1853 2317 2178 2380 Bibliotheca
2226 2309 2455 2385 Pelian;
2484 2309 3565 2410 iiiéﬁ'en'i'imiéiiiiﬁsmgi‘

370 2412 377 2419 -
579 2389 779 2432 artemo
808 2390 855 2432 et
933 2398 965 2432 α
1008 2396 1077 2432 an
1117 2398 1166 2432 ο.

579 2376 779 2433 artenio
808 2390 855 2435 et
886 2376 1196 2452 Gallando.)

1795 2505 2211 2528 *ἡ

798 2600 1177 2657 EPISTULA!
1228 2598 1377 2675 [oliui
1433 2603 1474 2659 V

838 2694 1017 2765 (Circa
1047 2710 1246 2749 annum
1288 2694 1467 2768 1000.)

356 2802 562 2878 δαείω
607 2822 671 2859 ac
715 2804 992 2878 venerabili
1010 2806 1422 2878 -_arc[aiepiscopo
1481 2827 1576 2865 suo
1634 2810 1942 2873 BONIBERTO

430 2873 755 2955 Focssurus
790 2874 1058 2945 ﬁdelitatie
1087 2873 1387 2933 obseauium
1424 2889 1473 2934 et
1504 2885 1694 2937 summi
1718 2889 1942 2955 pastoris

432 2947 863 3001 benedictionem.

430 3038 675 3092 Primum
719 3024 935 3109 quidem
976 3039 1344 3096 benedicimus
1388 3039 1674 3099 Dominum
1721 3044 1935 3104 Patrem

324 3130 705 3200 ingenitum,
763 3131 1064 3203 Filiumque
1131 3137 1287 3188 suum
1352 3134 1686 3205 unigenitum
1754 3136 1936 3198 Jesum

354 3223 635 3278 Christum
671 3223 950 3281 Dominum
981 3233 1248 3291 nostrum,
1295 3234 1352 3282 et
1387 3226 1648 3299 Spiritum
1688 3243 1934 3290 sanctum

353 3313 694 3384 paracletum
715 3331 878 3370 unum
908 3330 1091 3371 verum
1121 3316 1424 3383 Dominum,
1454 3317 1545 3390 qui
1569 3330 1761 3377 cuncta
1787 3340 1936 3380 crea-

352 3406 460 3469 vit,
483 3406 573 3474 qui
609 3413 658 3460 te
680 3422 914 3477 quoque,
936 3406 1283 3463 dilectissime
1318 3407 1500 3475 Pater,
1529 3412 1694 3468 multa
1722 3416 1934 3487 sapien-

355 3495 431 3548 tia
462 3494 769 3559 illustravit,
813 3497 880 3550 ad
924 3497 1217 3552 docendum
1248 3501 1502 3569 populum
1531 3517 1704 3568 suum,
1741 3514 1796 3560 et
1833 3507 1931 3561 de-

352 3601 487 3641 core
510 3587 816 3642 sanctitatis
842 3587 907 3642 ad
935 3588 1279 3657 prtebendum
1309 3589 1603 3647 bonzevi-ta:
1627 3596 1931 3665 exemplum

352 3679 617 3735 decenter
668 3680 900 3736 ornavit.
962 3681 1162 3736 Deinde
1222 3698 1446 3754 magnas
1497 3685 1593 3741 tibi
1648 3687 1933 3747 referimus

349 3780 562 3841 grates,
589 3772 730 3842 quod
759 3788 856 3828 nos
884 3772 1008 3829 licet
1045 3773 1345 3832 immeritos
1389 3785 1550 3849 atque
1580 3778 1813 3850 ignotos,
1844 3797 1933 3838 sa-

350 3859 630 3919 lutationis
666 3875 767 3919 tuae
795 3865 1102 3935 pariterque
1131 3881 1355 3923 munere
1383 3870 1569 3940 gratiae
1596 3871 1933 3941 dignatuses

349 3952 674 4023 praevenire.
706 3953 857 4008 Unde
893 3954 1137 4023 profecto
1166 3970 1262 4008 nos
1302 3955 1354 4010 in
1389 3972 1628 4011 amorem
1663 3968 1810 4014 tuum
1856 3962 1935 4018 sic

348 4044 629 4108 animasti,
661 4053 718 4099 ut
755 4060 1044 4115 perennem
1073 4044 1150 4098 tui
1177 4046 1490 4102 memoriam
1520 4048 1571 4103 in
1600 4049 1789 4106 intimo
1814 4069 1934 4109 cor-

346 4135 434 4193 dis
462 4138 635 4193 nostri
663 4138 842 4208 vigere
863 4138 1113 4201 velimus,
1143 4146 1201 4192 ut
1239 4139 1428 4192 saltem
1460 4153 1557 4208 per
1585 4142 1773 4196 crebra
1805 4159 1931 4198 ora-

348 4228 558 4282 tionum
590 4227 866 4299 suffragia,
907 4228 950 4284 si
980 4229 1138 4283 aliter
1183 4228 1411 4283 facultas
1456 4244 1558 4284 non
1591 4233 1930 4301 suppetierit,

351 4327 459 4374 tua:
486 4319 800 4388 benignitati
831 4318 1000 4373 vicem
1029 4318 1322 4393 rependere
1350 4328 1676 4391 satagemus.
1709 4320 1930 4392 Signiﬁ-

346 4412 496 4465 cavit
520 4419 697 4465 autent
722 4408 877 4465 nobis
899 4407 1040 4463 ﬁlius
1063 4418 1247 4463 noster
1271 4418 1499 4479 tuusque
1525 4410 1698 4467 ﬁdelis
1724 4411 1934 4468 Hildui-

346 4517 452 4556 nus
478 4500 591 4572 (M)
627 4510 731 4556 tua:
776 4500 1223 4570 charitatisserga
1263 4515 1360 4556 nos
1404 4501 1661 4571 insignia,
1695 4502 1928 4561 ﬁdeliter

342 4607 596 4647 asserens
628 4607 792 4647 unum
831 4592 897 4646 de
931 4590 1131 4645 nostris
1168 4589 1461 4671 Priscianis
1496 4600 1548 4646 te
1582 4593 1742 4658 velle,
1768 4609 1927 4663 quem

343 4692 398 4739 et
425 4698 525 4752 per
551 4683 798 4738 eumdem
823 4681 1055 4737 libenter
1072 4681 1357 4747 mittimus,
1384 4681 1643 4751 quidquid
1672 4682 1837 4737 etiam
1860 4685 1927 4740 de

345 4750 535 4830 nostro
587 4750 808 4845 petieris
850 4772 1173 4829 nilarissime
1215 4773 1310 4827 tibi
1369 4772 1413 4828 si
1464 4750 1720 4843 possibile
1764 4773 1926 4832 fuerit

344 4866 736 4931 transmissuri,
769 4867 938 4937 ipsam
965 4882 1176 4936 quoque
1207 4867 1546 4937 praesentiam
1579 4878 1842 4934 nostram,
1879 4873 1923 4926 si

345 4958 438 5012 tibi
469 4973 604 5028 Opus
632 4967 775 5014 esset
801 4972 865 5013 ac
893 4957 1161 5023 voluntas,
1194 4956 1453 5029 nobisque
1481 4967 1739 5028 potestas,
1770 4961 1924 5017 obse-

341 5049 696 5119 quentissime
726 5051 1054 5121 praestaturi.
1087 5052 1170 5105 Ad
1200 5050 1443 5105 ultimum
1471 5050 1678 5107 salvere
1707 5061 1757 5107 te
1784 5070 1924 5109 sem-

328 5122 439 5210 per
481 5150 751 5210 optamus,
784 5149 1068 5211 precantes
1112 5150 1169 5196 ut
1214 5142 1355 5196 illam
1405 5158 1596 5197 novam
1627 5159 1691 5199 ac
1721 5143 1923 5216 glorio-

341 5246 456 5285 sam
488 5230 789 5302 adoptionis
809 5231 1013 5303 prolem
1045 5232 1238 5287 summi
1270 5233 1428 5303 regis,
1461 5250 1639 5306 regem
1669 5235 1919 5292 videlicet

1974 2577 2015 2634 Β
2046 2591 2161 2631 rum
2183 2580 2387 2637 scilicet
2407 2592 2459 2639 et
2489 2587 2887 2661 monachorum}
2903 2594 3205 2650 orationum
3240 2596 3446 2653 nucum.
3473 2600 3615 2660 Vale.

2436 2672 2767 2731 EPISTOLA
2804 2679 2841 2732 ιι
2884 2678 3031 2752 [olim
3069 2681 3237 2758 xm.)
3335 2745 3338 2748 ,

2625 2768 2805 2836 (Anno
2834 2771 3012 2844 1005.)

2042 2849 2213 2908 Plena
2239 2854 2442 2911 virtuti:
2469 2867 2516 2932 et
2547 2859 3093 2932 graliu_circumfuso,
3124 2868 3431 2926 charissiin
3461 2868 3617 2927 Patri

2468 2927 2673 2983 Annam
2700 2927 3020 2990 Fumea-rus
3051 2927 3204 2995 unus.

2114 3034 2357 3104 Quanam
2398 3048 2449 3095 te
2475 3041 2858 3100 resalutatione
2897 3045 3124 3119 digner,
3152 3064 3202 3105 -ο
3236 3066 3392 3114 sacer
3429 3054 3563 3110 abba
3590 3095 3608 3120 ,

2040 3134 2095 3182 et
2137 3142 2172 3183 ο
2219 3143 2411 3199 magne
2465 3130 2819 3203 philosophe?
2861 3137 2989 3205 quid
3036 3141 3324 3209 rependam
3371 3145 3612 3201 muneris

2041 3227 2244 3276 sancta:
2272 3221 2525 3277 amicitia:
2550 3238 2710 3292 quam
2740 3227 3107 3295 promiserunt
3139 3232 3291 3302 signa
3329 3244 3613 3302 genunatae

2039 3308 2336 3377 facundiae,
2366 3313 2452 3368 vix
2491 3315 2763 3372 aestimare
2799 3318 3022 3375 sufﬁcio.
3055 3319 3188 3376 Nam
3217 3337 3337 3377 cum
3368 3323 3458 3378 illa
3490 3341 3609 3395 qua:

2037 3399 2294 3455 dicuntur
2321 3416 2442 3461 esse
2466 3443 2480 3468 ,
2536 3404 2709 3460 victor
2733 3407 2914 3463 animo
2961 3417 3174 3476 teneas,
3201 3427 3323 3467 cum
3353 3412 3442 3468 illa
3492 3429 3612 3484 qum

2035 3506 2142 3545 non
2160 3506 2279 3547 esse
2290 3492 2516 3548 forsitan
2533 3496 2846 3564 vilipendas,
2864 3500 2990 3567 quid
3003 3515 3103 3569 ego
3121 3503 3368 3559 conferre
3388 3504 3606 3573 possim.

2036 3582 2177 3649 quod
2202 3590 2256 3637 tu
2276 3592 2369 3638 aut
2389 3600 2494 3640 non
2515 3586 2734 3654 habeas,
2762 3597 2855 3643 aut
2881 3606 2987 3659 non
3015 3592 3211 3649 habere
3244 3598 3603 3653 contemnas?

2034 3669 2142 3726 Sed
2155 3674 2406 3742 quoniam
2423 3676 2803 3747 philosophicis
2812 3680 3067 3736 essentiis
3079 3697 3330 3753 magnum
3345 3686 3600 3756 quiddam

2035 3773 2312 3833 superest,
2342 3778 2506 3836 atque
2531 3783 2597 3822 ex
2633 3769 2716 3823 his
2741 3783 2858 3838 qua:
2886 3785 2992 3826 non
3026 3786 3147 3827 esse
3180 3773 3434 3829 dicuntur
3461 3792 3608 3845 qua:-

2036 3856 2158 3912 dam
2194 3868 2451 3928 perpetua
2478 3857 2643 3924 ﬁunt,
2691 3859 2918 3930 ideoque
2953 3862 3288 3932 sapientibus
3317 3865 3605 3935 aliquando

2038 3957 2190 4020 grata
2220 3959 2349 4005 sunt
2372 3988 2388 4012 ,
2419 3949 2594 4020 recipe
2630 3965 2812 4019 quaeso
2847 3952 2990 4020 quod
3018 3954 3086 4010 ab
3117 3963 3346 4025 utroque
3397 3956 3492 4010 tibi
3530 3958 3608 4013 le-

2033 4047 2178 4094 ctum
2207 4037 2391 4095 oﬁ‘ero.
2417 4040 2660 4110 Denique
2679 4050 2737 4095 ut
2758 4041 3128 4114 participando
3140 4059 3301 4115 super
3313 4046 3601 4101 essentiam

2026 4129 2252 4191 ,deitatis
2278 4130 2525 4194 dominus
2548 4131 2666 4197 ﬁas,
2696 4133 2776 4189 sic
2803 4141 2854 4189 te
2879 4136 3186 4201 resalutato,
3223 4138 3289 4193 ad
3313 4153 3601 4208 perennem

2031 4221 2306 4278 ﬁdelitatis
2324 4222 2566 4279 habitum
2590 4226 2842 4282 amicitia:
2868 4235 2973 4282 tute
2994 4230 3228 4298 rependo
3262 4229 3363 4285 hac
3394 4231 3603 4287 scilicet

2029 4312 2333 4369 diﬁ'ereutia
2380 4323 2525 4368 tuam
2588 4313 3018 4372 benevolentiam
3073 4333 3357 4389 meamque
3415 4320 3604 4375 distin-

2026 4422 2229 4476 guens,
2256 4414 2317 4461 ut
2344 4406 2437 4462 illa
2456 4422 2556 4478 pro
2583 4409 2865 4479 majestate
2898 4424 3144 4481 personae
3168 4410 3340 4481 gratia
3379 4421 3602 4467 vocetur

2028 4505 2087 4550 ut
2119 4497 2340 4562 domini,
2366 4498 2469 4552 ista
2497 4498 2726 4554 ﬁdelitas
2754 4508 2814 4554 ut
2839 4500 3064 4556 alumni.
3093 4501 3385 4572 Praeceptis
3420 4502 3600 4572 itaque

2029 4586 2136 4642 tuis
2150 4588 2547 4644 modestissime
2566 4590 2841 4646 deservire
2860 4591 3104 4662 cupiens,
3120 4591 3423 4648 Mediolano
3441 4593 3601 4648 disci-

2026 4676 2155 4746 pulo
2178 4677 2320 4748 quod
2350 4687 2604 4748 precatus
2627 4693 2686 4734 es
2713 4679 2885 4746 facio,
2937 4697 3164 4752 quicque
3190 4683 3286 4738 tibi
3317 4684 3598 4739 scribenda

2024 4765 2229 4834 petiSti,
2259 4781 2326 4822 en
2355 4768 2538 4822 omnia
2579 4767 2693 4824 fere
2741 4768 2892 4836 juxta
2944 4770 3103 4826 ﬁdem
3147 4780 3369 4829 exarata
3418 4782 3597 4827 trans-

2026 4857 2203 4911 mitte.
2249 4857 2461 4914 Abbata
2487 4860 2658 4915 sancti
2689 4859 2833 4915 Petri
2860 4863 3100 4932 graviter
3143 4869 3467 4933 aegrotante,
3507 4864 3599 4917 sed

2024 4948 2201 5005 adhuc
2243 4958 2440 5008 mentis
2490 4959 2545 5005 et
2585 4952 2855 5008 sermonis
2902 4962 3148 5021 compote
3174 4992 3190 5017 ,
3248 4952 3601 5023 Megenardus

2024 5041 2324 5097 monachus
2344 5049 2468 5097 ante
2496 5042 2626 5098 mihi
2662 5058 2768 5097 non
2794 5042 3143 5099 mediocriter
3171 5043 3393 5109 cbarus,
3435 5051 3597 5098 noctu

2023 5149 2144 5189 sese
2165 5135 2229 5190 de
2245 5136 2479 5190 claustro
2492 5136 2777 5206 subripuit,
2798 5136 2926 5191 etad
2945 5135 3309 5192 Theobaldum
3321 5136 3594 5200 comitem,

2023 5227 2115 5295 qui
2148 5226 2319 5281 Blesis
2346 5235 2471 5282 tunc
2508 5228 2847 5283 morabatur.
2877 5227 3106 5282 abbatize
3133 5226 3378 5299 petenda
3419 5226 3593 5297 gratia

342 5297 673 5392 Stephanum
730 5297 842 5393 (ιέ)
891 5322 1147 5379 intimans
1204 5297 1549 5380 excellentia:
1580 5341 1689 5381 sua:
1739 5298 1960 5398 [ιιΙίιιε,1

2035 5316 2373 5385 properavit,
2414 5331 2595 5371 comes
2639 5316 2786 5370 illum
2833 5316 3094 5387 postridie
3134 5297 3346 5372 remisit
3382 5316 3448 5370 ad
3490 5332 3590 5371 nos

344 5420 450 5463 ves!
462 5409 556 5483 ηιξ]
573 5427 634 5465 ex
649 5422 829 5467 nostra
844 5428 908 5482 pa
918 5421 996 5466 rte
1006 5412 1118 5466 salu
1128 5423 1224 5479 tes,
1244 5422 1296 5467 et
1310 5414 1680 5469 universarum
1696 5430 1919 5485 congre-

342 5501 619 5570 gationum
647 5517 764 5571 quae
801 5512 926 5556 sunt
964 5502 1016 5556 in
1047 5504 1355 5572 episcopatu
1389 5512 1601 5567 nostro,
1629 5505 1917 5561 canonico-

411 5627 523 5697 (H)
560 5627 659 5683 llic
693 5628 752 5684 ﬁt
795 5630 997 5687 mentio
1048 5630 1301 5686 Hilduini.
1351 5632 1592 5687 llabetur
1633 5634 1687 5687 in
1738 5635 1907 5689 veteri

326 5697 868 5773 Chronicotempore
921 5700 1137 5773 Boberti
1170 5703 1345 5773 regis:
1379 5703 1530 5757 Cirra
1564 5703 1661 5756 hoc
1710 5714 1909 5772 tempus

344 5766 614 5838 millesimo
642 5766 778 5822 non—0
805 5771 1082 5838 fundatum
1112 5782 1185 5825 est
1229 5766 1513 5827 cmnobium
1558 5772 1794 5827 Bettense
1812 5766 1820 5772 ’
1838 5773 1904 5826 ab

344 5834 596 5892 Hilduino
626 5840 688 5892 de
712 5834 918 5910 proprio
941 5856 1054 5895 suo.
1091 5840 1189 5896 llic
1230 5853 1399 5897 autem
1432 5842 1715 5899 llifduinus
1738 5861 1901 5913 nuper

2021 5421 2145 5461 cum
2170 5406 2379 5476 legatis,
2403 5408 2495 5476 qui
2521 5408 2899 5463 denuntiarent
2922 5408 3283 5476 recipiendum
3305 5408 3592 5480 magnifice

2023 5497 2163 5552 sicut
2202 5498 2448 5552 abbatem
2485 5496 2764 5551 monachis
2785 5506 2841 5551 et
2868 5497 3166 5553 canonicis.
3191 5498 3263 5551 At
3283 5511 3407 5551 vero
3433 5495 3588 5550 nobis

2023 5645 2087 5682 ea:
2128 5628 2408 5699 grandrrvo
2441 5627 2605 5682 milite
2650 5629 2702 5681 in
2749 5627 2945 5682 clerum
2980 5625 3469 5699 promotusfuerat,
3513 5624 3593 5677 di-

2020 5697 2188 5770 ctique
2209 5699 2427 5770 cmnobii
2453 5707 2575 5770 tunc
2600 5700 2843 5770 pauperis
2874 5700 2970 5767 fuit
2993 5700 3190 5770 primus
3216 5697 3393 5770 abbas.

2000 5806 2006 5813 ς
2089 5766 2201 5896 ('15)
2240 5769 2371 5850 Quis
2400 5767 2554 5823 fuerit
2605 5767 2895 5836 Stephanus
2926 5766 3014 5822 rea:
3064 5768 3147 5821 vix
3203 5766 3378 5834 colligi
3415 5772 3593 5833 potest

2014 5855 2076 5895 ex
2129 5850 2349 5896 ustorta.

2014 5855 2076 5895 ex
2111 5850 2349 5896 lustorta.
