4088 6366
506 324 596 378 ιοι
1501 324 1555 378 S.
1598 325 1934 381 FULBERTI
1973 323 2448 379 CARNOTENSIS
2488 326 2782 387 EPISCOH

3632 328 3736 383 193

502 438 617 494 fere
652 450 904 495 omnibus
935 453 999 494 ea
1029 452 1121 494 res
1163 454 1315 508 teque
1359 455 1495 494 nova
1536 450 1592 496 et
1624 440 1895 495 horribilis
1942 440 2060 492 fuit.
2095 444 2141 500 Α
2169 438 2321 508 cujus
2341 441 2490 496 dives
2512 443 2751 498 cbaritas
2777 444 2844 497 de
2870 456 3104 512 paupere
3126 457 3292 496 censu
3316 458 3540 511 quicque
3559 456 3737 515 potest

503 531 901 600 Respondimus
937 530 1121 600 itaque
1159 530 1316 602 longe
1339 531 1496 587 nobis
1527 532 1686 587 aliter
1732 533 1921 589 videri.
1961 534 2070 588 Nec

501 626 644 679 enim
674 623 911 694 legitime
938 621 1053 677 fieri
1084 622 1361 692 abbatem,
1404 640 1505 680 nec
1547 625 1743 681 debere
1784 627 1943 695 recipi
1977 627 2066 696 qui

502 716 774 771 abbatiam
833 714 1078 778 alterius,
1131 715 1251 784 ipso
1301 716 1548 780 vivente,
1586 732 1683 787 per
1719 719 2067 773 ambitionem

500 806 665 876 petit.
691 805 780 860 aui
809 822 839 859 a
866 804 1126 860 fratribus
1158 820 1261 859 non
1301 806 1544 878 cligitur,
1573 816 1626 861 et
1649 824 1814 877 super
1842 809 1960 863 illos
1991 810 2069 862 ni-

503 899 634 953 titur
648 898 934 953 dominari.
963 898 1243 953 Postremo
1263 899 1351 967 qui
1379 911 1563 954 noster
1584 914 1755 967 neque
1776 902 2070 956 monachus

501 990 571 1043 sit
587 1028 601 1051 .
636 1004 810 1056 neque
830 989 1081 1049 clericus.
1106 998 1160 1044 et
1182 988 1362 1057 plures
1384 989 1576 1043 habeat
1602 997 1768 1045 testes
1792 990 2071 1045 curialiter

501 1078 735 1147 agitandi
767 1093 929 1147 quam
957 1079 1253 1142 monastice
1288 1078 1523 1133 vivendi.
1549 1079 1674 1134 Hice
1707 1078 1796 1134 ille
1824 1095 1926 1133 non
1950 1096 2073 1150 gra-

502 1176 681 1222 tanter
719 1169 993 1236 accipiens
1032 1169 1100 1223 ad
1138 1169 1389 1224 comitem
1442 1153 1776 1239 redcquitat,
1830 1172 2071 1240 iramque

494 1258 714 1325 juvenis
763 1261 1042 1314 Idversum
1079 1275 1178 1314 nos
1216 1261 1563 1315 vehementer
1607 1259 1923 1316 inﬂammat.
1965 1262 2070 1317 Sed

501 1346 588 1401 die
639 1349 829 1416 quinto
875 1356 1158 1418 postquam
1206 1364 1361 1403 suum
1432 1350 1691 1404 ambitum
1745 1350 2069 1420 publicavit,

503 1437 791 1504 praedictus
828 1438 996 1493 abbas
1037 1440 1410 1509 aegritudinem
1452 1456 1603 1495 suam
1645 1452 1819 1497 morte
1854 1442 2070 1498 limitat.

503 1526 839 1582 Conveniunt
859 1530 922 1583 ad
949 1531 1238 1599 capitulum
1262 1531 1507 1585 monachi
1536 1532 1733 1595 nostri,
1775 1543 1830 1587 et
1855 1534 2071 1604 quidam

503 1619 784 1684 canonici,
820 1636 956 1689 quos
983 1623 1121 1676 ratio
1153 1623 1453 1691 postulabat
1496 1624 1730 1679 admitti.
1770 1625 2074 1694 Interroga—

503 1723 625 1763 mus
655 1725 721 1763 an
752 1709 912 1779 aliqui
945 1711 1168 1765 fratrum
1212 1712 1445 1783 incmpto
1495 1713 1799 1783 Megenardi
1829 1714 2072 1770 faveant?

2180 529 2284 583 illis
2329 533 2635 587 necessaria
2686 533 3079 587 subministrat.
3131 532 3394 587 Caeterum
3439 531 3552 597 ille,
3585 536 3738 604 cujus

2171 622 2366 676 fratres
2395 622 2802 691 importunitate
2833 622 3036 694 depulsi
3063 635 3187 678 sunt
3206 663 3221 687 ,
3254 625 3322 677 ab
3350 623 3574 679 llerviso
3602 642 3739 695 quo-

2171 714 2326 779 dam,
2371 724 2430 768 ut
2482 714 2669 780 aiunt,
2718 714 3042 770 Britannicae
3087 717 3324 786 regionis
3364 717 3642 786 episcopo,
3684 734 3739 772 tv

2179 805 2316 861 Non.
2346 806 2606 861 Februar.
2639 808 2805 862 abbas
2834 808 3117 863 simulatus
3145 810 3300 862 estin
3330 809 3586 863 suburbio
3608 809 3741 864 Car-

2172 898 2380 951 notcnsi
2439 899 2662 953 absente
2710 899 2885 961 clero,
2940 899 3257 970 indignante
3290 899 3511 970 populo,
3561 900 3747 972 legato

2172 990 2571 1058 archiprrcsulis
2596 990 2773 1060 palam
2804 993 3210 1047 contradicente
3241 1007 3309 1046 ne
3348 992 3398 1045 id
3438 992 3621 1055 fieret,
3654 1002 3743 1048 re-

2172 1080 2530 1136 clamantibus
2560 1082 2720 1136 etiam
2751 1083 3074 1151 quibusdam
3107 1083 3408 1146 monachis,
3430 1085 3521 1154 qui
3547 1085 3598 1139 in
3622 1084 3742 1139 loco

2174 1180 2548 1225 remanserant
2591 1187 2721 1227 vero
2752 1171 2938 1235 vultu,
2976 1172 3094 1225 viva
3132 1188 3265 1227 voce
3314 1183 3477 1241 atque
3512 1174 3747 1243 regulari

2128 1306 2135 1313 .
2173 1262 2513 1316 auctoritate.
2552 1262 2657 1316 Sed
2689 1262 2816 1332 quid
2866 1264 3008 1317 inter
3040 1262 3281 1319 furentes
3322 1265 3508 1318 ratio?
3556 1263 3664 1320 Sed
3687 1273 3746 1319 et

2176 1372 2323 1410 nunc
2361 1356 2447 1410 ille
2477 1357 2683 1426 primas
2715 1358 2767 1412 in
2797 1358 3024 1413 abbatize
3056 1368 3339 1428 suggestu.
3373 1358 3615 1413 surculari
3649 1374 3750 1427 po-

2178 1445 2346 1499 tentia
2374 1445 2571 1509 fretus,
2602 1446 2667 1501 de
2698 1456 2914 1515 peracta
2941 1445 3166 1501 victoria
3188 1446 3483 1516 gloriosus,
3513 1445 3748 1503 factores

2175 1535 2288 1602 ejus
2311 1535 2531 1590 abbatcs
2558 1576 2573 1601 ,
2611 1536 2917 1606 episcopus,
2967 1546 3128 1605 atque
3169 1537 3342 1606 ipsum
3389 1551 3581 1606 papam
3623 1553 3745 1609 aur-

2174 1624 2389 1685 biendo,
2432 1638 2500 1677 ne
2535 1624 2661 1693 quid
2717 1624 2933 1696 gravius
2986 1632 3253 1676 statuatur
3282 1623 3332 1676 in
3382 1623 3527 1677 illum
3572 1625 3747 1677 taedis

2175 1713 2423 1787 omnibus
2468 1712 2733 1768 elaborat.
2763 1712 2915 1768 Jacet
2954 1713 3171 1767 interim
3202 1713 3361 1776 victa,
3407 1713 3748 1783 confusaque

503 1798 708 1861 Negant
729 1801 945 1870 singuli,
968 1782 1379 1869 negantomnes.
1401 1782 1743 1859 Decrevimus
1763 1819 1891 1873 ergo
1914 1819 2074 1872 quos—
2105 1782 2147 1844 Ῐῖ
2177 1802 2403 1858 fratrum
2453 1804 2795 1874 exliulsorum
2846 1804 3120 1858 humilitas
3148 1843 3162 1866 ,
3213 1818 3311 1857 nec
3340 1812 3422 1857 cst
3462 1802 3661 1872 prmsul
3694 1805 3748 1857 in

502 1886 625 1940 dam
640 1901 825 1942 eorum
847 1905 964 1944 esse
978 1891 1265 1945 mittendos
1281 1892 1346 1945 ad
1368 1894 1638 1957 comitem,
1658 1890 1813 1950 nobis
1828 1895 2078 1951 videlicet

502 1976 834 2046 designatum
855 1980 1183 2048 episcopum,
1211 1991 1268 2036 ut
1312 1981 1488 2038 Patris
1510 1982 1714 2038 obitmn
1747 1986 2073 2052 nuntiarent,

502 2076 557 2121 et
575 2067 794 2122 alterius
819 2068 1044 2138 eligendi
1072 2071 1367 2139 regularem
1398 2084 1750 2143 precarentur
1781 2075 2073 2131 licentiam.

506 2158 709 2224 Quibus
757 2160 936 2215 missis
970 2176 1100 2216 ecce
1137 2164 1230 2222 alii
1269 2165 1373 2219 duo
1399 2205 1414 2229 ,
1471 2164 1727 2222 Vivianus
1779 2168 1985 2223 scilicet
2023 2177 2078 2223 et

506 2246 821 2311 Duraudus.
858 2249 995 2304 alter
1034 2251 1345 2315 illiteratus,
1389 2255 1524 2309 alter
1551 2256 1856 2312 litterarum
1903 2260 2075 2314 male-

506 2350 671 2391 sanus
710 2337 1006 2407 interpres,
1046 2342 1206 2396 ambo
1234 2345 1501 2412 przepositi
1529 2387 1542 2410 ,
1572 2347 1886 2403 simulantes
1912 2364 2075 2406 causa

505 2426 803 2481 communis
846 2430 1110 2485 commodi
1155 2431 1221 2486 ad
1267 2434 1602 2490 obedientias
1663 2452 1790 2493 suas
1839 2454 1899 2494 se
1943 2439 2077 2495 velle

505 2512 688 2577 exire,
735 2529 800 2569 ac
830 2531 897 2570 ne
942 2518 1197 2573 aliorsum
1246 2532 1535 2591 pergerent
1571 2523 1674 2578 sibi
1719 2526 2076 2583 interdicente

506 2600 711 2656 decano
740 2605 1070 2660 monasterii.
1112 2606 1487 2677 Mcgenardum
1519 2620 1695 2668 tamen
1721 2616 1889 2670 secuti
1920 2629 2075 2683 sunt,

506 2703 591 2743 ctu
621 2700 851 2759 emptam
892 2697 1363 2766 prmsumptionem
1414 2702 1625 2757 occulte
1663 2718 2075 2775 persuaserant,

506 2778 752 2836 etBlesis
785 2782 839 2835 in
873 2787 1160 2853 praesentia
1202 2787 1405 2844 domini
1434 2788 1723 2849 Tbeobaldi
1753 2795 1924 2865 ipsum
1963 2799 2075 2854 Me—

508 2877 803 2944 genardum
840 2894 869 2931 a
901 2878 1157 2935 fratribus
1199 2882 1307 2951 peti
1343 2898 1407 2939 ac
1444 2885 1566 2957 eligi
1614 2889 1816 2957 perfide
1867 2894 2075 2949 mentiti

507 2973 651 3020 sunt.
675 2966 872 3021 [lorum
900 2969 1152 3041 suffragio
1173 2971 1325 3029 hctus
1353 2990 1534 3031 comes
1556 2979 1736 3033 statim
1765 2996 1888 3035 eum
1915 2983 2079 3037 bacu-

508 3057 560 3113 lo
590 3060 844 3129 pastorali
892 3063 1103 3131 publice
1145 3065 1328 3121 donat.
1360 3066 1478 3135 Quo
1506 3071 1712 3132 audito.
1755 3073 1951 3129 fratres
1979 3077 2070 3145 qui

2176 1892 2395 1958 Galliis,
2428 1890 2581 1964 cujus
2627 1893 2833 1946 viscera
2883 1900 3067 1961 tangat
3103 1890 3317 1946 affectio
3356 1891 3571 1960 pietatis
3596 1931 3611 1955 ,
3652 1902 3751 1946 aut

2177 1980 2325 2036 zelus
2359 1998 2418 2036 sa
2434 1997 2541 2036 crte
2564 1980 2695 2052 legis
2726 1980 3019 2035 inflammet
3042 2020 3057 2043 ,
3086 1989 3146 2035 ut
3178 1989 3467 2051 consurgat
3504 1983 3570 2036 ad
3600 1980 3759 2035 fran-

2177 2074 2379 2145 gendos
2419 2074 2647 2142 impetus
2668 2086 2936 2135 errorum,
2966 2072 3033 2125 ad
3066 2071 3383 2127 relevandas
3411 2086 3534 2140 spes
3560 2072 3753 2126 dolore

2184 2162 2595 2217 tabescentium.
2633 2160 2892 2215 Dcfuncta
2939 2160 3138 2215 etenim
3183 2168 3266 2215 est
3308 2160 3543 2230 Dionysii
3590 2158 3751 2215 forti-

2176 2250 2337 2312 tudo,
2363 2266 2469 2306 non
2499 2259 2775 2318 comparet
2816 2250 2985 2318 pictas
3015 2248 3253 2303 Martini.
3282 2247 3360 2302 'l'u
3399 2263 3615 2318 quoque
3653 2248 3752 2302 deo

2177 2343 2439 2411 reliquisti
2485 2357 2614 2403 nos.
2656 2350 2842 2395 sancte
2872 2341 3033 2395 Pater
3061 2340 3262 2406 Hilari,
3290 2341 3379 2409 qui
3408 2341 3536 2395 olim
3563 2349 3751 2393 mnta-

2178 2442 2285 2487 tem
2307 2432 2559 2487 Ecclesiae
2584 2431 2821 2500 Spiritus
2846 2431 3021 2486 sancti
3043 2431 3221 2501 gladio
3244 2432 3501 2486 tuebaris.
3530 2430 3575 2486 Ο
3596 2432 3753 2486 dere-

2177 2521 2325 2587 licta,
2356 2536 2389 2574 ο
2425 2528 2614 2573 maesta
2632 2560 2646 2582 ,
2671 2536 2705 2575 ο
2731 2519 2968 2574 desolata
2994 2518 3288 2575 Galliarum
3327 2520 3563 2575 Ecclesia
3589 2520 3603 2573 !
3630 2535 3763 2589 qua}

2172 2609 2284 2678 jam
2312 2611 2416 2663 crit
2441 2624 2564 2680 spes
2594 2609 2785 2663 salutis
2823 2609 3089 2663 ulterior?
3125 2607 3228 2664 Ubi
3280 2610 3509 2679 amplius
3550 2610 3764 2665 amicta.

2177 2701 2470 2759 Christiani
2500 2700 2677 2754 anima
2727 2700 3050 2771 respirabit?
3089 2700 3199 2756 lloc
3230 2717 3422 2769 nempe
3464 2701 3636 2757 solum
3666 2702 3755 2757 vel

2179 2791 2413 2848 maxime
2443 2806 2542 2847 nos
2570 2789 2881 2848 coufortare
2911 2790 3195 2846 videbatur
3237 2810 3250 2846 :
3296 2794 3440 2863 quod
3469 2792 3513 2847 si
3538 2793 3757 2847 coutin-

2176 2894 2329 2953 geret
2359 2884 2543 2938 ruinas
2594 2883 2851 2937 moenium
2894 2890 3105 2936 tuorum
3142 2884 3390 2939 resarciri
3439 2900 3543 2938 non
3573 2899 3755 2954 posse,

2176 2972 2365 3028 liceret
2393 2972 2583 3027 saltem
2631 2972 2698 3025 ad
2753 2973 2964 3026 firmum
2994 2972 3172 3027 adhuc
3199 2971 3520 3042 Capitolium
3562 2987 3756 3025 tnona-

2177 3064 2328 3118 sticze
2355 3064 2480 3118 vitae
2509 3061 2819 3130 confugere.
2859 3061 3012 3127 Quod
3057 3062 3221 3116 etiam
3279 3062 3325 3117 si
3374 3061 3578 3118 furibus
3617 3063 3760 3117 irre-

509 3149 562 3203 in
584 3149 820 3205 claustro
847 3164 1249 3221 remanserant,
1285 3168 1470 3212 contra
1497 3160 1635 3215 banc
1656 3144 2070 3219 fraudulentiam

2178 3161 2329 3221 ptarc
2375 3161 2468 3206 aut
2511 3151 2730 3221 impune
2777 3150 3102 3220 quibuslibet
3158 3152 3456 3207 ambitiosis
3502 3152 3760 3208 invadere

510 3240 626 3294 zelo
649 3242 842 3299 divina:
876 3244 1007 3314 legis
1043 3246 1292 3311 accincti,
1318 3249 1549 3304 libellum
1571 3253 1964 3321 reprobationis
1994 3255 2075 3310 fe-

508 3341 730 3395 cerunt,
758 3342 919 3403 atque
953 3335 1389 3407 subscripserunt
1415 3339 1716 3409 bujusmodi
1738 3356 1753 3395 :
1779 3343 1928 3397 Sciat
1955 3358 2075 3397 om-

509 3424 596 3478 nis
624 3425 893 3491 Ecclesia;
909 3429 1034 3498 quia
1064 3428 1441 3500 Mcgenardum
1467 3434 1783 3487 monaclmm
1814 3443 2075 3501 nostrum,

510 3518 759 3574 abbatem
793 3520 905 3575 fieri
942 3537 1047 3576 non
1078 3522 1354 3594 eligimus,
1388 3539 1492 3578 non
1516 3525 1815 3591 laudamus,
1852 3540 1955 3580 non
1988 3542 2079 3581 vo-

511 3606 718 3673 Iunius,
758 3626 861 3664 non
899 3614 1303 3668 consentimus:
1329 3614 1421 3668 sed
1465 3614 1845 3683 reprobamus,
1878 3618 2080 3672 refuta-

511 3713 662 3764 mus,
705 3709 758 3754 et
785 3702 1003 3757 omnino
1036 3704 1475 3758 contradicimus.
1508 3704 1615 3760 Nos
1639 3722 1768 3761 vero
1797 3709 1865 3763 de
1898 3722 2079 3764 coeno—

508 3787 599 3841 bio
624 3790 794 3843 sancti
817 3790 959 3845 Petri
983 3831 997 3855 ,
1024 3807 1251 3861 quorum
1283 3795 1499 3849 nomina
1530 3797 1725 3865 scripta
1756 3808 1881 3851 sunt
1907 3840 1922 3861 ,
1971 3799 2079 3853 Du-

508 3880 710 3934 randus
754 3882 1026 3947 decanos,
1075 3884 1407 3949 Gaudricus,
1445 3886 1734 3954 Gcncsius,
1778 3890 2075 3957 Robertus,

507 3969 852 4035 Isembertus,
900 3973 1229 4040 Marcuinus,
1258 3977 1474 4043 Alveus,
1509 3978 1845 4045 Guarnerus,
1876 3981 2077 4038 Ricbe-

509 4075 625 4125 rus,
658 4060 911 4119 Wariuus
938 4103 953 4128 ,
999 4064 1297 4121 llerbertns
1323 4109 1338 4132 ,
1377 4068 1680 4134 Evrardus,
1718 4069 2041 4127 Benedictus
2062 4114 2077 4137 ,

508 4150 1105 4220 Arnulfus,Gualterus,
1140 4156 1482 4227 Beringerus,
1516 4160 1826 4227 lierbertus,
1852 4162 2082 4218 Bernar-

510 4242 631 4298 dus.
644 4242 735 4298 Isti
754 4245 931 4314 itaque
951 4262 1141 4303 omnes
1159 4265 1253 4304 sua
1271 4252 1484 4305 nomina
1504 4260 1596 4307 aut
1618 4255 2077 4325 subscripserunt,

508 4339 606 4385 aut
622 4332 883 4388 subscribi
907 4334 1149 4390 fecerunt
1165 4353 1249 4393 me
1264 4339 1498 4395 vidente.
1518 4342 1612 4396 Die
1635 4345 1876 4413 proxima
1899 4360 2082 4401 comes

509 4417 801 4477 Tetbaldus
855 4424 1030 4489 redit,
1077 4441 1136 4480 se
1192 4427 1243 4482 in
1294 4431 1679 4485 monasterium
1740 4432 1904 4500 recipi
1957 4449 2078 4488 cum

510 4511 856 4581 proccssione
883 4517 1236 4581 prmmandat.
1266 4517 1512 4573 Monacbi
1554 4520 1879 4588 respondent
1921 4538 1978 4576 se
2018 4523 2083 4576 li-

513 4606 708 4662 benter
734 4607 834 4663 hoc
860 4625 1042 4679 agere,
1073 4611 1117 4665 si
1142 4623 1581 4683 prresmnptorem
1609 4615 1754 4670 illum
1780 4632 1888 4671 non
1915 4616 2082 4670 addu-

511 4697 654 4751 xerit
681 4713 885 4753 secum.
916 4699 1004 4754 Ille
1029 4700 1207 4755 denuo
1233 4702 1425 4767 iratus,
1460 4706 1574 4775 ipso
1594 4706 1681 4761 die
1714 4715 1892 4760 tamen
1914 4708 2082 4762 susti—

514 4786 633 4840 nuit
657 4787 751 4841 sed
778 4788 831 4841 in
856 4790 1100 4857 sequenti
1128 4806 1249 4845 cum
1278 4794 1506 4861 strepitu
1550 4795 1993 4851 comminantimn
2028 4797 2080 4850 in

515 4876 685 4930 sancti
728 4876 869 4931 Petri
916 4879 1302 4934 monasterium
1354 4898 1508 4936 suum
1555 4884 1937 4955 Megenardum
1982 4887 2080 4941 ob-

515 4966 699 5020 trusit.
735 4967 814 5022 Ad
837 4967 993 5037 cujus
1022 4970 1315 5026 violentum
1349 4974 1648 5044 ingressum
1677 4979 1852 5031 sancti
1883 4979 2081 5032 fratres

514 5058 871 5113 contaminari
899 5061 1067 5131 ipsius
1111 5066 1598 5121 communicatione
1627 5068 1906 5124 timentes.
1950 5085 2077 5121 san-

513 5148 722 5202 ctuario
763 5149 969 5206 Domini
1020 5153 1272 5219 salutato,
1324 5170 1447 5210 cum
1499 5157 1753 5228 lacrymis
1799 5160 2078 5221 exierunt,

513 5243 676 5304 atque
705 5235 969 5307 refugium
1015 5241 1158 5296 aliud
1186 5244 1521 5308 nescientes.
1568 5246 1632 5299 ad
1667 5245 1847 5301 limina
1880 5249 2082 5315 princi-

511 5324 645 5393 palis
674 5326 929 5382 Ecclesia:
961 5330 1336 5403 confugerunt.
1380 5335 1452 5390 lbi
1479 5352 1692 5406 quoque
1732 5352 1837 5391 non
1865 5338 2079 5393 invento

467 5424 481 5498 ξ
522 5424 736 5485 pastore
756 5418 1009 5489 utrinque
1039 5422 1264 5478 desertie
1299 5441 1426 5481 oves
1468 5427 1679 5482 maestis
1704 5442 1826 5481 sese
1860 5428 2081 5482 vocibus

469 5534 477 5545 ·
509 5507 880 5565 consolantur.
918 5512 1022 5566 Sed
1051 5513 1241 5585 recipit
1262 5525 1444 5571 sancta
1475 5517 1646 5572 Mater
1672 5518 1880 5572 Domini
1924 5518 2079 5572 solita

510 5598 715 5671 pietate
765 5601 960 5671 recipit
1007 5603 1320 5674 Itodulpbus
1367 5615 1490 5662 tuus
1529 5607 1668 5662 dulci
1728 5608 2075 5678 benignitate.

509 5688 636 5747 lude
659 5692 985 5747 transierunt
1007 5694 1071 5748 ad
1083 5695 1387 5751 emnobium
1411 5697 1583 5751 sancti
1607 5697 1780 5752 Patris
1812 5696 2077 5761 Herberli,

2176 3242 2321 3307 licet,
2354 3244 2488 3312 proh
2519 3242 2698 3296 dolor!
2737 3240 2976 3296 funditus
3022 3242 3307 3297 cecidisti?
3354 3242 3507 3299 Unde
3534 3242 3648 3311 jam
3684 3244 3758 3298 ad

2176 3341 2231 3386 te
2272 3343 2566 3396 revertens,
2595 3334 2898 3387 veneramlc
2930 3332 3111 3398 Pater,
3143 3350 3303 3405 quem
3353 3349 3453 3404 ego
3500 3335 3661 3390 credo
3699 3344 3761 3390 et

2174 3423 2331 3479 video
2359 3421 2656 3492 adiutorem
2682 3439 2712 3476 a
2740 3422 2967 3480 Domino
2995 3425 3147 3478 nobis
3170 3439 3290 3479 esse
3324 3426 3600 3495 provisum
3630 3440 3757 3479 cum

2176 3513 2395 3567 domino
2444 3529 2563 3567 meo
2607 3524 2805 3583 tuoque
2857 3514 2998 3568 lldeli
3061 3502 3343 3586 R’odulpbo
3396 3517 3654 3585 deprecor
3698 3526 3760 3572 et

2176 3604 2418 3659 obtestor
2445 3619 2541 3675 per
2569 3620 2629 3659 ea
2662 3621 2780 3675 qum
2813 3605 2905 3659 tibi
2937 3605 3058 3660 data
3089 3615 3213 3660 sunt
3249 3606 3525 3677 sapientiae
3553 3615 3761 3663 sanctae

2176 3696 2526 3759 charismata,
2566 3711 2662 3762 per
2702 3695 3034 3751 dulcedinem
3088 3696 3340 3751 fraternze
3378 3697 3676 3755 cbaritatis.
3709 3697 3757 3752 si

2177 3785 2302 3852 quid
2341 3795 2511 3854 potes,
2553 3786 2802 3856 impugna
2854 3787 3035 3840 hostes
3067 3787 3296 3851 Domini,
3326 3786 3522 3842 fratres
3570 3786 3760 3840 allisos

2179 3872 2379 3937 refove,
2414 3887 2510 3926 nec
2542 3874 2717 3941 perire
2753 3873 2900 3927 sinas
2927 3873 3101 3943 inopia
3148 3873 3323 3927 solatii
3371 3872 3469 3934 tui,
3509 3888 3604 3941 pro
3630 3871 3756 3942 qui-

2178 3963 2279 4019 bus
2304 3964 2478 4020 crcdis
2509 3980 2628 4019 esse
2658 3963 2833 4019 fusum
2865 3965 3177 4034 sanguinem
3203 3964 3422 4019 Christi.
3457 3961 3600 4019 Vale.

2599 4073 2928 4130 EPlSTOLA
2959 4074 3020 4128 ιιι
3050 4073 3196 4146 [olim
3224 4073 3309 4146 ll].

2780 4166 2957 4234 (Anno
2989 4164 3169 4235 1006.)

2184 4254 2409 4310 Domino
2460 4272 2557 4311 suo
2603 4256 2842 4310 EINARDO
2889 4255 2988 4309 sibi
3033 4272 3232 4336 semper
3276 4255 3568 4309 venerando
3615 4254 3759 4310 Fu.-

2740 4340 2941 4381 searus
2963 4342 3177 4393 exiguus

2255 4416 2433 4480 Novit,
2466 4426 2520 4471 et
2550 4433 2675 4472 vere
2703 4418 2852 4471 novit
2890 4417 3197 4472 serenitatis
3227 4425 3419 4472 vestra:
3447 4416 3752 4486 prudentia,

2185 4509 2328 4577 quod
2361 4509 2411 4561 in
2461 4508 2847 4562 ecclesiasticis
2877 4505 3067 4562 oﬂiciis
3113 4506 3263 4577 plura
3300 4517 3446 4567 sunt.
3479 4509 3529 4561 in
3560 4508 3756 4576 quibus

2185 4597 2488 4653 Orientales
2511 4598 2765 4653 Ecclesiae
2787 4606 2840 4653 et
2862 4609 3055 4653 nostra:
3078 4598 3351 4653 communi
3377 4598 3756 4653 observatione

2185 4691 2285 4744 sibi
2315 4690 2662 4760 respondent.
2698 4690 2835 4745 Sunt
2878 4705 3007 4743 vero
3038 4689 3141 4743 alia
3193 4690 3245 4743 in
3295 4690 3489 4758 quibus
3526 4688 3660 4741 alias
3686 4690 3755 4743 ab

2186 4781 2306 4835 aliis
2351 4782 2493 4836 cultu
2522 4782 2743 4849 dispari,
2769 4790 2824 4835 et
2847 4781 2996 4834 varia
3026 4780 3407 4835 observatione
3450 4781 3755 4834 audivimus

2186 4872 2483 4943 dissonare.
2509 4872 2615 4926 Sed
2643 4887 2741 4926 nec
2771 4886 2940 4941 pauca
2963 4880 3053 4924 aut
3088 4885 3208 4925 rara
3229 4879 3371 4930 sunt,
3399 4886 3518 4940 qua:
3545 4871 3612 4923 ab
3635 4871 3761 4924 aliis

2189 4962 2489 5017 necessario
2513 4962 2800 5024 servanda,
2831 4961 2898 5013 ab
2922 4960 3042 5013 aliis
3068 4975 3170 5012 non
3197 4960 3329 5013 adeo
3353 4960 3588 5013 curanda
3613 4959 3756 5012 testi-

2188 5066 2418 5112 mantur.
2460 5057 2568 5112 Nec
2600 5067 2775 5112 tamen
2818 5072 2915 5110 nos
2942 5053 3160 5110 offendit
3202 5053 3556 5108 observantiae
3583 5052 3758 5105 diver-

2186 5149 2340 5210 sitas,
2372 5148 2462 5203 ubi
2497 5148 2616 5201 fidei
2643 5163 2745 5200 non
2770 5146 3033 5201 scinditur
3070 5145 3267 5197 unitas.
3301 5143 3466 5196 Porro
3489 5143 3541 5195 in
3575 5142 3761 5196 Innltis

2186 5239 2388 5296 Crtcria
2417 5239 2485 5293 ab
2523 5239 2798 5310 llispania,
2828 5239 2894 5292 ab
2943 5238 3046 5291 illis
3097 5236 3335 5290 Romana
3373 5244 3427 5288 et
3478 5233 3754 5290 Gallicana

2187 5333 2454 5403 discrepat
2474 5332 2730 5387 Ecclesia.
2759 5329 2863 5385 Sed
2894 5343 3067 5398 neque
3097 5328 3150 5381 in
3178 5328 3281 5383 hoc
3303 5325 3757 5390 scandalizamur,

2188 5426 2232 5480 si
2271 5425 2522 5479 audimus
2569 5423 2836 5478 diversam
2870 5419 3327 5482 observationem,
3383 5416 3478 5471 sed
3518 5432 3622 5470 non
3673 5415 3755 5469 di-

2188 5529 2398 5568 versam
2443 5513 2599 5568 lidem
2628 5514 2681 5567 in
2704 5510 2903 5565 Christi
2936 5524 3149 5579 semper
3177 5506 3435 5562 Ecclesiis
3456 5504 3753 5559 exstitisse.

2188 5603 2307 5660 Stet
2349 5605 2492 5657 enim
2545 5604 2725 5672 regina
2779 5600 3020 5657 Ecclesia
3074 5615 3102 5655 a
3153 5599 3357 5653 dextris
3404 5596 3546 5665 regis
3586 5596 3667 5650 sui
3701 5596 3755 5649 in

2188 5695 2381 5749 vestitu
2445 5696 2697 5748 deaurato
2750 5693 3076 5747 circumdata
3127 5691 3405 5745 varietate.
3465 5688 3570 5741 Nos
3626 5702 3753 5742 vero
