4088 6394
296 347 400 409 193

1708 332 2084 393 EPISTOLAE.

3422 326 3531 385 191

292 464 418 518 "in.
446 467 498 514 et
529 455 838 527 pervulgata
862 448 1087 509 Patrum
1127 448 1212 506 via
1236 448 1608 513 lncendentes,
1644 444 1861 502 Patrum
1891 457 1940 517 Α
1966 445 2259 508 cursitans,
2279 458 2377 498 nec
2405 443 2567 498 etiam
2590 444 2799 514 signum
2829 441 3046 513 aliquOd
3075 442 3319 498 invenire
3342 445 3539 514 potuit.

295 549 610 609 memoriam
654 546 705 600 in
753 544 997 599 rationali
1047 540 1281 612 pectoris
1307 540 1501 602 nostri,
1540 539 1869 609 id'estpraa-

293 640 600 698 cedentium
642 636 859 690 Palmm
903 633 1150 704 exempla
1196 647 1308 700 prae
1336 631 1508 686 oculis
1550 630 1868 691 habeamus,

290 740 347 787 et
375 745 499 800 qua:
545 727 883 782 rationaliter
914 739 1008 779 eos
1058 724 1231 793 egisse
1284 721 1652 791 cognovimus,
1687 730 1872 774 tenea-

296 836 459 875 mus:
500 833 565 872 ea
603 832 732 871 vero
765 829 885 884 qua!
930 812 1197 883 spirituali
1241 813 1468 866 consilio
1505 812 1572 865 ab
1619 811 1702 865 his
1727 809 1873 863 ordi-

296 921 426 963 nata
474 917 603 962 sunt
630 906 845 960 etiamsi
876 903 1208 957 infirmitatis
1235 911 1429 955 nostra:
1456 899 1755 970 ignorantia
1803 898 1870 952 ad

295 1001 511 1069 plenum
555 997 744 1050 videre
796 1010 903 1049 non
952 995 1239 1063 possimus,
1291 992 1590 1046 temeraria:
1651 990 1870 1044 cavilla-

294 1090 462 1144 tionis
485 1094 646 1143 dente
691 1101 795 1140 non
847 1084 1119 1147 rodamus,
1165 1087 1290 1139 dum
1334 1093 1511 1136 tamen
1552 1097 1581 1136 a
1627 1081 1730 1135 fide
1760 1082 1873 1137 ha>e

295 1197 639 1253 nequaquam
669 1180 978 1236 exorbitare
1025 1178 1311 1232 sentimus.
1364 1177 1503 1230 Dicit
1546 1174 1869 1244 Scriptura:

293 1274 459 1337 Audi,
512 1272 591 1340 ﬁli
621 1272 716 1335 mi,
764 1269 1099 1338 disciplinam
1137 1269 1301 1337 patris
1339 1267 1440 1330 tui,
1476 1275 1608 1318 etne
1645 1265 1874 1317 dimittas

294 1370 459 1435 trgem
488 1363 667 1416 matris
693 1372 798 1416 tute
830 1360 1013 1432 (Prov.
1043 1375 1081 1421 ι,
1116 1358 1192 1428 8).
1221 1360 1362 1412 Ante
1390 1360 1490 1412 hos
1537 1372 1735 1427 paucos
1764 1357 1876 1412 dies

297 1469 359 1510 ut
402 1454 717 1509 meminisse
766 1453 912 1516 licet,
964 1451 1093 1505 mihi
1142 1449 1461 1520 vespertinis
1507 1450 1654 1503 horis
1692 1461 1878 1518 supcr-

297 1545 521 1608 vcnisti,
544 1555 600 1597 et
628 1542 906 1612 repentina
947 1541 1294 1609 inquisitione
1339 1555 1422 1593 nte
1449 1538 1782 1609 pertnuvisti,
1810 1536 1878 1591 de

295 1635 479 1690 hostia
510 1649 669 1703 quam
708 1632 865 1700 paulo
910 1643 1035 1684 ante
1074 1641 1352 1699 promotus
1402 1632 1469 1683 ad
1518 1630 1877 1684 sacerdotium

294 1725 369 1778 de
395 1739 554 1776 manu
580 1722 812 1791 cpisc0pi
844 1722 1128 1790 suscepisti
1169 1721 1280 1790 (id)
1316 1737 1329 1774 :
1364 1736 1481 1789 qua:
1511 1721 1647 1773 ratio
1673 1719 1765 1786 sit,
1800 1720 1882 1773 vi-

1966 534 2203 588 Audiens
2235 533 2522 603 episcopus
2552 548 2617 587 ex
2656 532 2980 602 negligentia
3029 532 3211 588 fratris
3238 543 3416 590 ortum
3445 552 3539 607 pe-

1969 623 2219 689 riculum,
2243 623 2495 679 omnibus
2538 625 2592 679 in
2635 638 2920 679 commune
2949 625 3204 681 fratribus
3244 626 3400 683 unius
3424 642 3545 683 rea-

1973 722 2082 768 tum
2117 716 2484 782 paenitendum
2515 716 2767 771 instituit.
2811 716 2988 787 Ipsum
3019 731 3147 771 vero
3195 718 3418 774 fratrem
3459 736 3548 776 ar-

1968 804 2156 858 ctioris
2204 805 2538 873 ptenitentiae
2585 806 2870 877 disciplina
2923 808 3298 877 corrigendum
3348 825 3546 881 prope-

1969 894 2098 947 suit.
2158 893 2271 949 Hae
2320 910 2448 965 ergo
2494 897 2779 951 occasione
2819 908 3039 967 accepta
3085 900 3429 968 quaerendum
3480 903 3548 956 ab

1969 986 2222 1055 episcopo
2267 987 2552 1052 :estimavi,
2609 993 2651 1041 si
2708 989 3104 1044 videretursibi
3160 990 3307 1044 salva
3339 992 3545 1047 ordinis

1974 1077 2234 1147 religione
2272 1080 2668 1133 sanctificatum
2717 1095 2909 1148 panem
2958 1081 3134 1150 primo
3174 1089 3267 1136 aut
3313 1082 3549 1138 secundo

1974 1168 2420 1222 sanctificationis
2474 1169 2561 1223 die
2608 1184 2766 1237 posse
2815 1178 2981 1224 totum
3032 1171 3193 1226 simul
3234 1174 3549 1243 percipere,

1977 1272 2138 1325 quem
2171 1257 2388 1311 videbat
2418 1273 2523 1313 non
2557 1259 2674 1314 sine
2719 1260 2960 1329 periculo
3003 1276 3162 1331 posse
3201 1271 3349 1317 tanto
3377 1272 3552 1318 tractu

1978 1347 2236 1416 temporis
2268 1348 2573 1402 minutatim
2616 1365 2871 1404 sumere:
2920 1351 3219 1421 praesertim
3270 1367 3391 1407 cum
3437 1354 3555 1423 ipse

1978 1449 2162 1492 nosset
2189 1438 2492 1492 rarissimos
2522 1439 2679 1509 hujus
2723 1440 2930 1493 ordinis
2978 1440 3122 1496 viros
3164 1454 3304 1507 esse,
3357 1441 3447 1510 qui
3497 1442 3553 1496 in

1980 1528 2081 1582 hac
2112 1544 2170 1581 re
2193 1529 2501 1599 pervigilem
2554 1545 2739 1585 curam
2790 1531 3132 1588 adhiberent.
3178 1533 3276 1589 llic
3330 1534 3419 1588 ille
3467 1534 3555 1588 in—

1982 1620 2258 1688 crepitans
2312 1621 2567 1674 tardioris
2620 1635 2809 1676 sensus
2861 1625 2965 1677 mei
3020 1624 3419 1688 hebetudinem,
3466 1639 3554 1679 re-

1984 1710 2199 1779 spondit
2225 1711 2441 1779 quidem
2493 1712 2564 1766 ita
2609 1714 2895 1782 essequod
2921 1714 3251 1782 quatrebam,
3302 1714 3349 1769 si
3389 1714 3557 1769 disci-

298 1815 498 1869 dclicet
534 1830 703 1883 usque
750 1813 816 1866 ad
868 1813 1334 1882 quadragesimam
1372 1812 1511 1865 diem
1558 1827 1653 1865 usu
1706 1811 1879 1880 quoti-
1911 1800 1956 1860 B
1986 1798 2124 1866 Pl"is
2150 1814 2283 1868 ‘1“05
2310 1801 2376 1854 ad
2421 1801 2822 1868 Ρΐαξάίοεηῖοιιίῧ
2866 1800 3096 1857 Daiei!!!"
3128 1802 3385 1858 Dominus
3428 1805 3560 1858 mis-

296 1906 466 1961 diauo
497 1921 835 1969 consumere,
868 1904 948 1957 vel
996 1920 1135 1974 quos
1179 1903 1337 1972 hujus
1368 1903 1442 1957 rei
1493 1915 1746 1957 auctores
1782 1902 1881 1957 ha-

298 1999 579 2053 beremus.
627 1996 722 2051 Cui
776 1995 997 2065 quidem
1048 1995 1150 2048 nisi
1204 1993 1592 2049 sacerdOtalem
1646 1993 1697 2046 in
1731 1992 1882 2048 vobis

302 2086 688 2147 reverentiam,
718 2094 772 2139 et
802 2086 853 2138 in
893 2084 1037 2139 omni
1066 2099 1263 2154 genere
1294 2083 1553 2138 doctrina:
1595 2083 1879 2150 probatam

300 2178 627 2249 sapientiam
672 2175 946 2230 oﬂ‘endere
979 2175 1313 2239 maluissem,
1368 2173 1762 2243 respondissem
1794 2186 1886 2226 ve-

302 2268 543 2324 recunde
603 2268 852 2338 quidem,
901 2283 1006 2321 non
1064 2276 1367 2331 temerarie,
1425 2265 1722 2330 humiliter,
1776 2279 1883 2319 non

303 2357 651 2428 procaciter;
692 2355 1112 2425 respondissem,
1138 2355 1380 2424 inquam,
1405 2354 1548 2423 quod
1585 2352 1764 2407 infelix
1794 2367 1882 2408 ca-

302 2446 449 2516 pella
477 2444 744 2514 quondam
783 2444 1061 2513 respondit
1088 2444 1174 2498 ovi
1212 2444 1523 2497 lanicinium
1567 2441 1780 2514 [ntefius
1812 2441 1887 2495 la-

308 2532 538 2607 niciutn]
566 2532 826 2604 quaerenti
860 2549 875 2598 ;
907 2532 987 2587 vel
1021 2542 1168 2587 certe
1208 2533 1377 2587 videri
1428 2532 1557 2587 mihi
1587 2546 1826 2602 poteram
1855 2545 1884 2584 a

307 2625 489 2693 planis
508 2625 652 2678 arvis
687 2624 827 2693 ligna
863 2624 915 2676 in
947 2623 1137 2677 silvam
1170 2623 1250 2676 vel
1282 2637 1449 2691 aquas
1481 2623 1529 2675 in
1559 2638 1707 2676 mare
1731 2636 1885 2676 com-

310 2726 557 2783 portare,
598 2720 692 2766 aut
739 2711 1056 2774 Minervam,
1108 2719 1165 2765 ut
1192 2712 1363 2773 aiunt,
1422 2709 1558 2764 velle
1586 2710 1803 2773 docere,
1838 2707 1886 2764 si

313 2805 443 2859 huic
469 2803 672 2858 homini
705 2800 937 2857 facerem
968 2801 1154 2875 verba,
1186 2802 1238 2854 in
1287 2816 1394 2870 quo
1430 2801 1593 2855 totius
1628 2801 1888 2855 doctrina:

312 2895 635 2948 thesaurum
666 2894 1002 2948 reconditum
1028 2891 1299 2961 profiteor.
1329 2890 1455 2954 Sed,
1483 2899 1621 2954 esto,
1658 2905 1746 2946 res
1765 2891 1886 2945 aliis

312 2985 535 3045 usitata,
568 2981 672 3037 illis
731 2980 1050 3036 familiarem
1088 2981 1550 3045 consuetudinem,
1587 2980 1706 3034 istis
1745 2981 1887 3050 parit

310 3075 750 3131 atmirationem.
777 3073 1040 3128 Putabam
1089 3082 1141 3128 et
1185 3074 1286 3129 hoc
1328 3081 1477 3128 certe
1515 3072 1763 3127 omnibus
1789 3072 1890 3126 Ec-

311 3166 498 3220 clesiis
525 3176 747 3220 eatenus
790 3174 1063 3218 assuetum
1096 3163 1232 3228 fore,
1279 3172 1338 3218 ut
1366 3162 1492 3216 nulli
1525 3177 1722 3216 novum
1766 3177 1886 3217 esse
1916 3149 1960 3210 (ἶ

311 3260 589 3313 videretur
634 3266 725 3311 aut
772 3272 968 3310 vatium
1004 3273 1016 3309 :
1056 3255 1306 3310 btesitare
1352 3254 1553 3308 diutius
1605 3252 1765 3323 ccepi,
1818 3269 1886 3306 an

314 3349 445 3404 mihi
475 3350 651 3403 adhuc
699 3348 936 3402 codicem
985 3346 1129 3400 illum
1180 3359 1345 3399 unum
1374 3345 1628 3400 haberem
1675 3358 1888 3413 quema

322 3438 487 3492 natali
513 3438 687 3508 patria
720 3438 859 3491 inter
898 3445 1122 3491 caeteros
1146 3437 1485 3498 tlevcxeratn,
1517 3435 1570 3489 in
1608 3449 1714 3503 quo
1742 3433 1890 3502 ejus-

316 3528 463 3583 modi
519 3527 849 3598 exemplaria
905 3526 1344 3581 continebantur.
1392 3524 1560 3591 Quem
1610 3526 1699 3579 diu
1749 3539 1893 3593 qua:-

315 3619 517 3681 situm,
555 3619 809 3688 quoniam
853 3626 944 3672 aut
990 3616 1146 3672 alicui
1187 3616 1505 3686 prmstitum,
1546 3623 1639 3668 aut
1681 3628 1775 3685 per
1816 3623 1896 3669 tot

313 3709 562 3764 10.0mm
613 3710 963 3765 muttionem
1017 3723 1145 3763 casu
1192 3709 1448 3762 amissum
1497 3722 1602 3762 non
1653 3707 1891 3781 invenio,

315 3799 551 3870 repetita
594 3803 850 3853 memoria
907 3814 1028 3869 qua:
1071 3799 1137 3854 de
1185 3797 1273 3853 illo
1304 3797 1483 3853 recolo
1529 3788 1699 3868 pauca
1743 3797 1896 3854 vobis

318 3897 571 3949 iltllnldt'e
620 3908 726 3947 non
781 3896 1083 3962 gravabor,
1129 3899 1541 3960 prmmonstrata
1586 3888 1893 3955 occasione,

318 4005 421 4058 qua
444 3987 715 4058 quondam
738 3986 1094 4040 observantia:
1132 3982 1288 4051 hujus
1308 3997 1502 4037 causas
1545 3990 1600 4037 et
1638 3997 1736 4053 ego
1762 3996 1896 4051 quo-

319 4097 426 4150 que
463 4078 838 4148 requisicram.
866 4074 1049 4130 Nostri
1095 4076 1238 4131 enim
1262 4075 1498 4143 episc0pi
1530 4073 1894 4144 provinciales

322 4173 375 4227 in
401 4169 709 4237 hujusmodi
738 4168 897 4223 ritum
921 4182 1110 4222 omnes
1139 4166 1498 4221 consentiunt.
1523 4164 1690 4220 Porro
1713 4174 1898 4220 nostro

323 4275 565 4332 tempore
586 4261 801 4330 quidam
838 4261 979 4315 inter
1002 4267 1227 4314 cancros
1255 4257 1322 4312 ad
1363 4258 1754 4312 sacerdotalem
1781 4272 1901 4326 gra-

322 4355 449 4408 dum
476 4352 765 4416 admissus,
792 4345 1021 4405 hostiam
1049 4361 1260 4418 quoque
1285 4347 1425 4402 sicut
1445 4356 1500 4400 et
1525 4346 1612 4413 alii
1646 4347 1712 4401 de
1737 4361 1897 4400 manu

322 4441 560 4514 episcopi
589 4440 848 4509 suscepit,
875 4454 1034 4509 quam
1064 4439 1115 4491 in
1142 4451 1490 4507 pergamcno,
1523 4437 1576 4491 in
1629 4435 1726 4490 hos
1770 4437 1899 4490 usus

323 4542 518 4604 parato
561 4532 859 4586 involutam
905 4529 1217 4600 quotidiana
1249 4528 1611 4584 celebratione
1639 4525 1897 4591 solrebat,

327 4636 383 4679 et
406 4623 806 4695 portiunculam
846 4636 1087 4692 parvam,
1136 4620 1288 4690 juxta
1341 4619 1658 4673 instantium
1691 4618 1898 4672 dierum

330 4730 619 4770 numerum
677 4712 1037 4783 computatam
1094 4712 1360 4767 sumebat.
1412 4709 1622 4766 Accidit
1670 4724 1796 4764 vero
1842 4719 1902 4762 ut

328 4807 560 4877 quadam
591 4804 675 4859 die
711 4803 940 4873 expletis
966 4801 1242 4873 mysteriis
1272 4803 1397 4855 dum
1428 4802 1749 4856 vestimenta
1778 4815 1900 4854 cum

330 4897 554 4952 sindone
575 4894 761 4948 altaris
788 4895 1054 4948 incautius
1074 4893 1370 4963 colligeret,
1401 4893 1684 4946 immemor
1714 4891 1902 4945 hostia:

328 5004 500 5043 sacra:
531 4987 862 5056 diligentiam
894 4999 1232 5054 nequaquam
1280 4985 1543 5039 adhibens
1586 4985 1900 5038 thesaurum

332 5078 604 5134 ccelestcm
630 5077 810 5132 infelix
841 5078 1127 5131 amitteret.
1157 5074 1392 5132 Veniens
1429 5080 1496 5131 ad
1524 5079 1904 5143 diversorium,

331 5183 557 5241 quaeque
584 5167 888 5222 necessaria
935 5176 1109 5231 curat,
1141 5166 1458 5237 transigitur
1495 5166 1611 5220 dies
1636 5164 1688 5219 iu
1714 5166 1905 5219 crasti-

333 5276 480 5324 num,
508 5258 733 5328 repetita
765 5255 1124 5311 celebratione
1175 5257 1340 5310 frater
1387 5254 1471 5308 ille
1502 5255 1738 5309 instante
1769 5254 1903 5308 hora

330 5349 759 5405 coutmnnicandi
782 5349 1008 5403 hostiam
1037 5357 1278 5402 sanctam
1326 5362 1427 5401 non
1458 5346 1754 5410 inveniens,
1791 5355 1903 5399 tur-

332 5443 487 5496 batas
542 5440 764 5494 nimium
819 5447 873 5494 et
923 5447 1336 5504 consternatus,
1387 5454 1598 5493 sursum
1655 5439 1902 5501 deorsum

402 5552 515 5633 siti)
558 5549 746 5633 l.lic_lit
790 5548 990 5633 mentio
1020 5550 1085 5602 de
1114 5548 1288 5602 hostia
1338 5564 1458 5633 qua:
1500 5546 1903 5633 resjerlvabatur,

331 5632 382 5673 et
406 5616 474 5675 iis
495 5616 586 5690 qui
610 5623 674 5671 ad
700 5620 1055 5672 sacerdotium
1086 5616 1810 5690 promovebanturdabatur"
1838 5618 1905 5668 de

327 5685 800 5757 manu'episcopi,
834 5698 886 5741 ιιι
942 5685 1108 5757 usque
1147 5689 1211 5740 ad
1242 5686 1706 5757 quadragesimum
1762 5685 1902 5737 diem

336 5780 430 5816 usu
459 5756 767 5829 quotidiana
798 5756 1191 5812 t'ttnsntttin't'ul.
1226 5756 1346 5811 lla-c
1393 5756 1723 5811 consuetudo
1747 5757 1900 5809 01.52»

1982 1904 2140 1944 suros
2181 1890 2235 1943 in
2276 1892 2531 1944 mundum
2580 1890 2778 1955 fuerat,
2827 1892 2872 1946 si
2920 1891 3026 1946 illis
3080 1892 3348 1963 inquiens,
3380 1893 3559 1949 adhuc

1986 1978 2152 2055 tardis
2176 1987 2230 2031 et
2257 1977 2633 2033 dubitantibus
2660 1981 2925 2048 potuisset
2971 1981 3217 2036 sutIiccre
3247 1983 3554 2037 resuscitati

1983 2070 2224 2138 corporis
2248 2070 2482 2140 speciem
2513 2070 2678 2125 semel
2711 2070 2928 2138 vidisse,
2970 2087 3131 2142 quam
3177 2074 3345 2129 semel
3384 2075 3557 2129 visam

1964 2159 2157 2214 noluit
2183 2159 2253 2213 ab
2303 2161 2383 2214 eis
2424 2170 2641 2228 repente
2671 2162 3009 2228 subtrahere,
3041 2163 3134 2219 sed
3187 2180 3284 2234 per
3326 2166 3560 2234 quadra-

1988 2266 2155 2322 genos
2211 2251 2327 2306 dies
2381 2251 2717 2321 complacitis
2770 2253 2918 2307 horis
2973 2254 3257 2321 glorificatt
3314 2257 3560 2326 corporis

1985 2347 2221 2400 revelata
2249 2347 2429 2416 specie
2457 2362 2550 2401 eos
2576 2356 2831 2415 tanquam
2858 2348 3012 2417 panis
3035 2347 3273 2403 caelestis
3291 2352 3560 2403 suavitate

1987 2437 2200 2492 refecit.
2244 2436 2377 2490 Nam
2416 2445 2471 2492 et
2515 2436 2800 2506 cpiscopus
2836 2436 2928 2506 qui
2974 2437 3120 2492 vices
3159 2438 3361 2492 Christi
3394 2447 3558 2504 tenet,

1986 2528 2358 2583 sacerdotales
2384 2528 2529 2582 viros
2573 2527 2629 2581 in
2671 2527 2881 2597 plebem
2928 2526 3225 2595 subjectum
3277 2528 3561 2592 missurus,

1984 2619 2128 2675 sacri
2167 2618 2413 2688 corporis
2452 2618 2833 2672 eucharistiam
2884 2633 2980 2688 per
3019 2618 3394 2688 quadragenos
3444 2619 3562 2674 dies

1987 2711 2303 2764 sumendam
2329 2709 2627 2775 distribuit,
2650 2720 2707 2763 ut
2733 2710 2885 2774 dum,
2913 2710 3062 2765 verbi
3086 2711 3259 2780 gratia
3276 2751 3291 2775 ,
3322 2710 3561 2780 quotidie

1987 2801 2222 2856 cmlestis
2246 2800 2401 2871 panis
2431 2800 2683 2855 alimonia
2722 2801 3057 2866 reficiuntur,
3086 2811 3297 2871 tempus
3341 2801 3471 2856 illud
3505 2801 3559 2856 in

1988 2901 2219 2947 tuentem
2242 2892 2497 2956 habeant,
2533 2908 2640 2962 quo
2661 2909 2755 2962 per
2781 2895 3131 2964 quadraginta
3161 2894 3277 2949 dies
3307 2895 3564 2949 Dominus

1987 2984 2273 3052 discipulis
2319 2999 2608 3055 apparens,
2663 2994 2719 3038 ct
2759 2999 3086 3040 convcsccns
3113 2986 3434 3040 desiderata:
3478 2986 3565 3041 vi-

1991 3077 2158 3131 sionis
2186 3076 2438 3131 satietate
2467 3075 2676 3131 refecit.
2704 3076 2786 3130 Ad
2816 3077 2919 3130 hoc
2957 3077 3190 3146 episcopi
3222 3091 3561 3147 responsum,

1993 3184 2114 3222 cum
2137 3183 2236 3239 ego
2266 3168 2654 3224 familiaritatis
2701 3183 2831 3224 ausu
2879 3171 3153 3225 studiosus
3197 3170 3562 3240 perquirerem

1994 3275 2119 3314 num
2151 3260 2291 3313 idem
2347 3260 2662 3330 mysterium
2717 3259 2967 3331 supplere
3020 3262 3282 3331 potuisset
3336 3263 3491 3332 panis
3531 3278 3563 3318 ιι

1991 3350 2309 3419 presbytero
2337 3350 2646 3418 quotidiana
2676 3349 3038 3405 celebratione
3088 3360 3350 3415 sacratus,
3391 3352 3467 3406 uti
3508 3352 3565 3408 in

1991 3451 2058 3492 eo
2103 3438 2373 3507 passionis
2421 3438 2697 3493 Domit-ica
2749 3448 2803 3494 et
2860 3440 3163 3494 resuscitati
3221 3442 3463 3511 corporis
3509 3450 3567 3496 et

1993 3528 2322 3582 ritanifcstati
2370 3528 2643 3597 discipulis
2685 3530 2891 3599 species
2917 3569 2933 3594 ,
2986 3530 3121 3585 satis
3164 3530 3351 3586 fuisset
3389 3533 3564 3587 nobis.

1995 3618 2297 3688 Perpende,
2346 3618 2443 3682 ait,
2475 3621 2634 3684 sicut,
2686 3619 2759 3673 ﬁli
2810 3620 2905 3684 mi,
2937 3621 3120 3676 multa:
3144 3622 3396 3676 Ecclesiae
3442 3634 3570 3680 sunt

1994 3724 2091 3780 per
2138 3712 2451 3767 universum
2502 3713 2689 3767 orbem
2750 3723 3038 3779 terrarum,
3092 3723 3311 3784 propter
3355 3715 3569 3770 diver3a

1997 3799 2132 3864 loca,
2159 3808 2215 3855 et
2245 3809 2423 3855 tamen
2475 3816 2579 3855 una
2631 3810 2817 3856 sancta
2865 3810 2949 3856 est
2995 3802 3262 3857 catholica
3306 3802 3568 3869 Ecclesia,

1996 3903 2214 3961 propter
2244 3907 2405 3946 unam
2431 3891 2590 3947 fidem
2629 3909 2643 3946 :
2673 3892 2756 3947 sic
2801 3901 2857 3946 ct
2898 3892 3079 3947 multa:
3122 3892 3316 3948 oblatae
3351 3902 3571 3964 propter

1994 3994 2117 4037 vota
2152 3979 2522 4045 oﬂ'erentium,
2554 3997 2695 4036 unus
2738 3983 2894 4053 panis
2939 3991 3023 4038 est
3058 3992 3278 4053 propter
3305 3983 3565 4038 unitatem

1994 4075 2241 4146 corporis
2285 4075 2510 4130 Christi.
2553 4075 2687 4129 Nam
2721 4076 2875 4147 panis
2899 4076 2967 4130 ab
2995 4075 3249 4146 episeopo
3283 4090 3569 4130 consecra-

1997 4176 2103 4231 tus,
2135 4176 2189 4222 et
2231 4167 2388 4238 panis
2409 4182 2440 4222 a
2466 4166 2782 4237 presbytero
2824 4166 3193 4225 sanctificatus
3236 4167 3289 4221 in
3327 4180 3488 4221 unum
3516 4175 3574 4220 ct

1997 4258 2084 4313 ide
2108 4276 2136 4310 u
2186 4271 2384 4328 corpus
2425 4257 2628 4312 Christi
2663 4256 3081 4322 transfunditur,
3122 4264 3346 4327 propter
3384 4270 3568 4310 secre-

1999 4358 2107 4405 tam
2135 4350 2290 4405 unius
2337 4350 2613 4418 Operantis
2668 4349 2919 4418 potentia:
2948 4351 3224 4404 virtutem.
3280 4349 3386 4404 Sed
3433 4358 3570 4417 quo-

1973 4442 2285 4513 jdammodo
2328 4441 2473 4496 aliud
2516 4456 2638 4497 esse
2672 4442 2891 4507 dicitur,
2940 4443 3083 4513 quod
3130 4441 3379 4513 virginali
3416 4450 3573 4498 utero

2002 4532 2213 4602 Sumpta
2239 4548 2403 4589 carne
2430 4532 2609 4587 crucis
2632 4531 2881 4600 injuriam
2913 4534 3190 4599 sustinuit,
3228 4533 3295 4588 de
3324 4532 3575 4602 sepulcro

1996 4639 2290 4694 resurgens
2317 4623 2592 4693 discipulis
2634 4624 2905 4692 apparuit,
2954 4622 3106 4691 cujus
3150 4624 3466 4678 memoriam
3519 4622 3574 4676 in

2002 4731 2140 4786 pane
2179 4716 2509 4787 presbyteris
2548 4717 2746 4770 collato
2788 4717 3069 4784 episcopus
3115 4730 3275 4785 agere
3315 4716 3570 4770 videtun:

1978 4808 2146 4862 aliud
2188 4807 2317 4877 quid
2356 4821 2454 4875 per
2488 4807 2804 4876 mysterium
2836 4807 3034 4875 agitur.
3081 4806 3204 4860 dum
3233 4805 3472 4875 epise0pi
3521 4815 3577 4861 ct

2001 4909 2191 4952 omnes
2219 4896 2529 4950 sacerdotes
2558 4894 2610 4948 in
2644 4909 2831 4948 mensa
2859 4894 3075 4960 altaris,
3106 4894 3206 4949 sub
3230 4888 3575 4949 sacramento

2006 4986 2412 5042 communicatae
2450 4984 2633 5040 carnis
2673 4990 2885 5055 panem
2913 4995 3160 5039 sanctum
3201 4992 3412 5039 secreta
3453 4999 3575 5036 ora-

2009 5080 2153 5132 tione
2187 5076 2425 5146 quotidie
2467 5090 2788 5131 consecrare
2843 5075 3113 5138 videntur,
3142 5074 3286 5143 quod
3330 5073 3396 5127 ad
3446 5073 3576 5129 illud

2010 5165 2249 5235 respicit,
2280 5166 2422 5234 quod
2465 5172 2845 5220 consecrantes
2872 5178 3045 5231 nuper
3085 5163 3317 5217 ordinati
3349 5164 3577 5232 presby-

2012 5256 2110 5309 teri
2136 5271 2256 5309 cum
2283 5255 2575 5326 pontificali
2605 5255 2878 5311 oblatione
2919 5254 3243 5324 percipiunt.
3281 5253 3416 5308 Nam
3443 5253 3573 5308 illud

2012 5347 2345 5403 Dominicum
2394 5363 2590 5417 corpus
2637 5364 2702 5402 ex
2754 5347 2983 5401 mortuis
3031 5347 3373 5409 suscitatam,
3419 5354 3474 5399 et
3518 5344 3575 5399 in

2009 5439 2159 5493 cmlis
2186 5441 2438 5503 locatum,
2462 5439 2572 5506 jam
2602 5454 2705 5492 non
2734 5439 2981 5503 moritur,
3024 5438 3165 5492 istud
3200 5443 3573 5491 sacramento-

2009 5549 2153 5611 lt-vit,
2202 5557 2380 5602 tamen
2424 5548 2527 5602 hoc
2570 5545 2729 5601 fidem
2777 5557 3013 5601 nostram
3061 5546 3345 5610 confirmat
3379 5554 3572 5600 contra

2009 5619 2400 5673 neuter-icortun
2434 5618 2619 5673 falsam
2643 5617 2968 5685 opinionem,
2993 5618 3083 5686 qui
3111 5618 3340 5673 hostiam
3366 5629 3578 5672 sacram

2013 5690 2273 5744 reservari
2311 5706 2413 5743 non
2439 5690 2633 5745 debere
2653 5688 2951 5743 clamitant.
