4018 6406
548 308 654 366 193

1504 309 1561 363 S.
1590 306 1930 366 FULBERTI
1969 307 2448 365 CARNOTENSIS
2475 309 2782 367 EPISCOI‘I

3686 311 3789 369 196

555 445 695 492 rum,
737 423 1162 496 quotidie‘nobis
1201 424 1453 489 moritur,
1480 426 1721 493 quotidie
1748 426 1904 480 nobis
1936 440 2119 480 resur-
2146 428 2189 484 Λ
2218 438 2435 492 quoque
2462 424 2626 478 vestri
2659 426 2836 480 ﬁdelis
2864 432 2921 479 et
2963 425 3121 488 amici
3174 406 3337 491 vestri
3386 424 3558 491 Ebali,
3604 432 3646 485 si
3697 434 3782 485 dio

549 521 652 590 git,
682 525 907 590 apparet
932 526 988 571 et
1012 514 1333 570 comeditur.
1362 514 1467 569 Sed
1494 530 1594 570 nec
1617 515 1669 570 in
1693 516 1795 571 hoc
1813 529 1966 570 mens
1989 515 2117 569 fide-

529 584 682 665 lium
718 584 1048 663 scandalum
1097 606 1389 661 dubietatis
1433 607 1591 662 debet
1635 606 1934 670 incurrere,
1974 606 2117 675 quod

548 698 822 754 Christum
854 696 1018 751 semel
1054 705 1264 767 gustata
1291 705 1465 751 morte
1488 696 1603 766 jam
1648 710 1755 751 non
1787 695 1929 749 ultra
1961 695 2119 749 mori-

548 796 727 843 turum
758 787 928 850 audit,
959 801 1081 840 cum
1111 800 1331 841 carnem
1373 785 1635 856 assutnpti
1678 787 1913 842 hominis
1940 785 1994 840 in
2022 800 2120 854 pa-

548 884 703 930 terna
733 874 905 946 gloria
935 875 1237 940 sedentem,
1276 883 1330 929 et
1375 875 1463 930 hic
1501 875 1896 930 sanctiﬁcatum
1923 889 2116 944 panem

547 980 735 1020 verum
770 965 973 1020 Christi
1002 979 1201 1034 corpus
1242 965 1392 1019 audit
1427 965 1717 1029 nominari,
1743 965 1867 1019 dum
1904 974 1959 1020 et
1986 965 2116 1020 illud

549 1056 618 1112 de
641 1056 866 1128 Virgine
893 1066 1255 1125 assumptum,
1284 1065 1339 1110 et
1366 1056 1505 1110 istud
1532 1056 1599 1111 de
1628 1055 1898 1111 materiali
1927 1064 1983 1111 et
2012 1056 2117 1111 vir-

547 1147 710 1219 ginali
753 1156 1003 1202 creatura
1032 1155 1431 1210 consecratum,
1460 1162 1598 1203 unus
1634 1148 1885 1217 idemque
1919 1146 2114 1203 artifex

547 1241 786 1312 Spiritus
830 1240 1086 1296 invisibili
1128 1240 1440 1308 operatione
1487 1240 1543 1294 in
1584 1240 1938 1295 substantiam
1979 1254 2118 1295 verte

545 1328 726 1383 carnis
751 1326 1078 1383 transfundit
1108 1344 1122 1382 :
1150 1327 1333 1382 carnis
1362 1327 1607 1385 videlicet
1661 1343 1765 1382 non
1806 1327 2113 1395 cujuslibet,

544 1419 639 1474 sed
669 1433 792 1473 vere
817 1416 1013 1472 Christi
1042 1417 1108 1471 de
1132 1432 1236 1484 qua
1269 1417 1384 1485 ipse
1409 1416 1523 1470 ait:
1557 1414 1678 1470 Nisi
1716 1418 2116 1472 manducaueri-

543 1508 612 1562 tis
634 1524 839 1561 carnem
874 1522 1064 1572 meam,
1100 1521 1201 1559 non
1228 1506 1477 1560 habebitis
1498 1506 1656 1559 vitam
1680 1507 1733 1560 in
1762 1506 1903 1560 vobis
1933 1505 2115 1576 (Joan.

544 1613 617 1663 vt,
652 1597 763 1668 54).
794 1596 947 1663 Quod
990 1596 1175 1666 utique
1216 1597 1409 1665 exponi
1457 1596 1563 1649 alio
1603 1605 1842 1666 tempore
1891 1597 2115 1666 indiget,

540 1697 594 1743 et
617 1686 739 1742 ﬁdei
768 1686 938 1741 oettlis
965 1685 1183 1741 intueri.
1213 1684 1325 1740 lloc
1358 1694 1563 1739 tantum
1591 1687 1732 1756 quod
1780 1687 1847 1741 ad
1877 1702 2117 1756 praesens

543 1777 812 1846 negotium
846 1784 1056 1844 spectat
1079 1774 1371 1839 solvamus,
1397 1774 1541 1843 quod
1567 1774 1781 1844 quidem
1830 1789 1932 1830 nec
1969 1775 2118 1831 subi-
2144 1781 2191 1843 Β

545 1869 616 1922 tis
655 1882 755 1923 nec
808 1868 962 1922 novis
1006 1866 1479 1922 adinventionibus
1533 1876 1748 1922 constat
1787 1867 2109 1936 expositum.

541 1956 690 2013 Nosti
735 1957 929 2029 populo
972 1956 1318 2012 Hebrmorum
1360 1958 1462 2013 sub
1502 1957 1686 2029 Moyse
1721 1967 1777 2013 et
1822 1974 2017 2013 manna
2049 1959 2115 2016 de

541 2054 684 2106 coelo
723 2065 822 2120 per
856 2064 1029 2104 annos
1078 2049 1438 2120 quadraginta
1473 2051 1937 2107 subministratum
1973 2070 1987 2107 :
2019 2054 2114 2125 qui

542 2143 754 2214 Moyses
776 2142 881 2197 dux
911 2142 1089 2214 populi
1116 2142 1367 2198 secundis
1385 2142 1741 2214 adiutoribus,
1776 2146 2114 2217 septuaginta

546 2237 679 2290 viris
724 2234 974 2290 videlicet
1012 2235 1079 2290 de
1106 2235 1292 2290 eodem
1337 2234 1532 2305 populo
1561 2236 1987 2301 sustentabatur,
2016 2249 2114 2306 per

542 2339 679 2395 quos
709 2323 883 2379 forma
909 2324 1344 2395 presbyterorum
1375 2325 1717 2395 exprimitur,
1750 2326 1841 2396 qui
1879 2342 2019 2381 nunc
2057 2327 2111 2382 in
2168 2348 2171 2351 ·

542 2420 785 2493 Ecclesia
817 2420 1038 2483 novitia,
1074 2419 1384 2489 pontiﬁcale
1412 2435 1549 2475 onus
1580 2420 1635 2474 in
1659 2434 1718 2474 se
1748 2420 2113 2490 suscipientes

538 2513 787 2583 regendis
811 2511 1019 2582 populis
1041 2510 1340 2580 invigilant.
1364 2511 1539 2566 Porro
1564 2525 1785 2567 sumens
1818 2512 1885 2568 de
1919 2511 2109 2580 spiritu

538 2603 728 2676 Moysi,
770 2603 875 2658 illis
911 2603 1267 2672 septuaginta.
1292 2602 1596 2658 senioribus
1639 2603 1809 2666 dedit,
1847 2617 1946 2672 per
1973 2616 2109 2671 quos

538 2695 791 2765 populum
841 2695 942 2750 sibi
989 2695 1333 2751 commissum
1383 2710 1480 2764 per
1532 2695 1890 2766 quadraginta
1940 2709 2111 2750 annos

531 2786 817 2856 judicavit,
860 2786 986 2856 quia
1017 2785 1123 2840 dux
1166 2793 1350 2839 noster
1378 2785 1637 2840 Dominus
1676 2784 1835 2839 Jesns
1862 2782 2111 2839 Christus

539 2875 817 2945 discipulis
845 2890 982 2944 quos
1022 2876 1090 2929 ad
1132 2876 1532 2946 praedicationis
1569 2872 1804 2930 ollicium
1848 2876 2109 2931 missurus

515 2966 715 3021 fuerat
754 2967 806 3022 in
837 2966 1116 3031 mundum,
1161 2966 1520 3035 spiritualium
1550 2966 1690 3022 dona
1719 2967 2107 3022 charismatum

538 3056 753 3113 infudit.
776 3055 855 3111 illi
875 3064 997 3128 post
1017 3056 1436 3113 immolationem
1456 3057 1594 3128 Agni
1617 3057 1889 3128 paSchalis
1913 3072 2105 3111 manna

2219 517 2343 571 vina
2372 516 2680 588 benignitas
2707 519 3003 574 allubescat
3032 519 3169 590 (l7),
3193 530 3393 582 quanta
3419 522 3664 577 novimus
3687 541 3787 594 ope

2218 608 2504 664 subvenire
2528 610 2860 679 paravimus,
2907 611 3166 665 mittendo
3209 611 3417 675 Galieni
3449 614 3694 683 potiones
3725 631 3785 669 ιιι

2216 706 2273 752 et
2300 698 2520 752 totidem
2552 699 2803 754 theriacaz
2829 702 3160 756 diatessaron
3188 718 3204 769 ;
3243 718 3365 772 quae
3392 704 3518 773 quid
3549 706 3783 769 valeant.

2217 797 2275 845 et
2294 790 2486 844 modus
2506 792 2834 861 acceptionis
2860 792 2942 846 vel
2965 794 3288 849 servationis
3309 809 3492 849 earum
3516 797 3570 850 in
3593 800 3787 853 vestris

2219 883 2561 939 antidotariis
2623 886 2782 941 facile
2856 888 3144 956 reperitur.
3206 888 3558 959 Vulgaginem
3620 891 3785 946 etiam

2217 976 2439 1042 petitam
2464 975 2618 1029 vobis
2649 975 2933 1041 mittimus,
2992 977 3239 1046 quamvis
3280 988 3497 1034 aetatem
3545 989 3783 1035 vestram

2219 1062 2313 1116 tali
2362 1062 2475 1131 jam
2519 1066 2721 1119 vomitu
2774 1065 2989 1135 fatigari
3039 1081 3143 1121 non
3200 1069 3530 1132 suademus,
3580 1069 3676 1123 sed
3722 1087 3787 1124 eo

2217 1153 2397 1223 potius
2424 1156 2467 1210 si
2497 1170 2634 1225 opus
2682 1156 2753 1211 sit
2799 1156 3059 1221 allevari,
3107 1158 3198 1228 qui
3248 1159 3563 1230 frequenter
3587 1169 3643 1216 et
3671 1162 3789 1216 sine

2216 1244 2457 1313 periculo
2502 1246 2619 1301 fieri
2662 1248 2830 1316 possit
2858 1248 3105 1304 oximelle
3132 1258 3188 1304 et
3220 1250 3474 1321 raphanis
3502 1251 3585 1306 vel
3614 1260 3784 1317 certe,

2217 1334 2359 1401 quod
2382 1335 2581 1391 seniori
2605 1337 2777 1407 magis
2801 1337 3137 1395 conducibile
3156 1349 3257 1406 est,
3283 1349 3581 1398 morantem
3605 1342 3788 1397 alvum

2218 1420 2471 1478 laxativis
2497 1424 2699 1494 pillulis
2728 1427 2962 1483 incitari.
2998 1431 3071 1485 De
3101 1431 3295 1499 quibus
3320 1431 3461 1488 ultro
3490 1434 3647 1488 vobis
3677 1434 3790 1489 fere

2221 1518 2509 1587 nonaginta
2557 1519 2775 1587 oblatis,
2804 1530 3000 1578 cmtcra
3049 1524 3188 1580 bona
3234 1535 3420 1591 nostra
3458 1537 3639 1599 vestra
3686 1544 3786 1599 pu-

2220 1616 2347 1663 tate.
2381 1607 2580 1664 Valete.
3020 1600 3029 1609 ’

2656 1745 2983 1819 EPISTOLA
3036 1761 3063 1804 γ
3099 1742 3246 1825 [olim
3277 1750 3341 1825 η.

2678 1879 2840 1949 (Ante
2880 1896 3080 1938 annum
3132 1884 3315 1955 4007.)

2241 2006 2318 2059 De
2352 2007 2512 2062 tribus
2530 2025 2639 2077 quae
2657 2020 2772 2064 sunt
2792 2018 3068 2139 1)εὲῗὲῗὲξὲ
3070 2016 3157 2130 ἰὰ
3180 2016 3447 2080 protectum
3470 2019 3759 2071 Christianae

2221 2180 2513 2253 Venerabili
2560 2196 2707 2251 Patri
2754 2208 2803 2251 et
2855 2199 3072 2271 domino
3131 2201 3230 2254 sibi
3276 2218 3478 2271 semper
3549 2206 3788 2259 amando

2526 2273 2817 2323 Annontno
2855 2268 3173 2326 Fotnenrus
3222 2268 3460 2341 exiguus.

2297 2400 2443 2455 Inter
2478 2401 2727 2455 hesterna
2753 2407 2808 2453 ct
2850 2410 3056 2454 secreta
3085 2399 3370 2470 colloquia,
3392 2417 3490 2470 pro
3518 2404 3790 2459 aediﬁcan-

2210 2489 2292 2545 dis
2320 2489 2580 2544 fratribus
2632 2490 2805 2544 adhuc
2835 2488 3086 2554 infirmis,
3123 2500 3286 2560 atque
3329 2492 3567 2557 novitiis,
3601 2509 3689 2548 me
3720 2496 3788 2549 ad

2208 2584 2553 2640 scribendum
2602 2593 2693 2638 tua
2743 2585 3030 2653 Imperiosa
3060 2594 3433 2642 coarctaverat
3463 2591 3787 2647 auctoritas.

2210 2674 2351 2731 Ecce
2396 2674 2561 2730 habes
2614 2674 2868 2745 pauperis
2917 2676 3134 2745 quidem
3193 2677 3394 2748 ingenii
3440 2680 3785 2750 opusCuluni,

2208 2766 2302 2821 sed
2324 2782 2429 2821 non
2459 2764 2690 2837 ignobile
2720 2765 2841 2820 fidei
2872 2777 3298 2822 monumentum.
3332 2767 3389 2823 In
3428 2783 3538 2839 quo
3587 2762 3781 2840 quazso

2208 2872 2314 2912 non
2344 2857 2664 2926 eloquentia!
2697 2868 2974 2923 ornatum,
2997 2858 3090 2913 sed
3113 2859 3434 2915 obedientize
3474 2865 3790 2932 perpendas

2207 2955 2373 3013 vota,
2429 2962 2531 3002 nec
2580 2947 2812 3003 eruditis
2861 2948 3085 3003 auribus
3132 2948 3366 3006 aestimes
3416 2950 3562 3006 fatua
3618 2955 3789 3007 verba

2211 3036 2518 3102 rcvelanda,
2548 3052 2617 3091 ne
2644 3052 2743 3107 pro
2788 3036 2991 3094 rustico
3038 3037 3176 3109 stylo
3222 3053 3377 3094 sacra
3405 3039 3634 3095 vilescat
3672 3057 3793 3095 ma-

539 3146 752 3202 cwlitus
808 3146 976 3203 misso
1027 3161 1125 3216 per
1172 3147 1530 3216 quadraginta
1589 3161 1763 3202 annos
1818 3147 2104 3202 sustentati

2212 3130 2378 3196 teria;
2422 3129 2660 3199 alioquin
2711 3130 2777 3186 de
2822 3130 3020 3185 talibus
3062 3138 3283 3200 praestat
3336 3130 3569 3198 siluisse,
3618 3148 3787 3202 quam

539 3246 684 3294 sunt.
726 3238 898 3306 Quem
928 3239 1109 3296 cibum
1136 3238 1436 3299 caelestem.
1465 3253 1626 3308 quam
1654 3237 1976 3293 suavitatem
2012 3254 2109 3292 an-

537 3329 765 3400 gelicam
796 3344 918 3385 non.
930 3344 1027 3399 per
1050 3329 1257 3401 typicas
1299 3338 1394 3383 aut
1425 3327 1738 3383 umbratiles
1765 3328 1988 3398 ﬁguras,
2012 3327 2107 3383 sed

537 3419 894 3476 indubitatam
920 3421 1137 3476 unionis
1168 3420 1454 3475 veritatem
1502 3427 1859 3488 repraesentat
1886 3418 1973 3475 ille
2006 3418 2109 3474 Do-

510 3507 770 3565 eminicus
805 3509 975 3573 cibus,
1008 3524 1187 3579 quem
1216 3524 1314 3579 per
1336 3509 1694 3580 quadraginta
1724 3506 1841 3563 dies
1894 3522 2109 3563 sumen-

532 3599 666 3668 ,dum
707 3608 960 3669 tanquam
1003 3601 1191 3656 salutis
1233 3601 1509 3666 viaticum,
1536 3599 1773 3671 pontifex
1823 3600 1976 3655 novis
2008 3598 2109 3655 Ec-

538 3688 716 3744 clesiae
768 3690 1060 3747 cultoribus
1110 3692 1413 3756 distribuit,
1472 3706 1608 3760 quos
1661 3706 1771 3745 sua:
1822 3688 2107 3759 pastoralis

510 3793 680 3835 ecum
711 3781 963 3845 vicarios,
992 3781 1266 3851 adjutores
1291 3783 1358 3836 ad
1395 3782 1744 3836 erudiendam
1768 3781 1977 3851 plebem
2002 3781 2104 3836 sibi

533 3873 879 3925 commissam
928 3873 1227 3937 constituit,
1285 3882 1346 3927 ut
1392 3873 1519 3925 dum
1568 3872 1728 3927 istum
1776 3886 1885 3940 prae
1935 3870 2106 3925 oculis

533 3962 792 4017 habentes
814 3965 1119 4034 degustant,
1155 3963 1301 4017 illum
1333 3972 1512 4018 mente
1540 3972 1887 4031 pertractent,
1917 3963 2009 4033 qni
2039 3964 2107 4019 de

535 4069 700 4109 cruce
739 4068 910 4110 morte
940 4057 1269 4125 triumphata
1299 4056 1365 4110 ad
1401 4054 1618 4110 Patrem
1657 4056 1921 4120 ascendit,
1953 4057 2107 4111 dum-

462 4134 639 4212 ,ﬁque
677 4159 708 4198 a
755 4136 919 4205 semel
949 4146 1079 4216 ipsis
1120 4157 1496 4214 consecratum
1543 4161 1738 4215 corpus
1777 4147 2101 4218 percipiunt,

413 4252 417 4257 ’
506 4234 683 4289 illum
732 4235 854 4290 fidei
905 4247 1061 4307 gustu
1109 4238 1483 4307 experiantur,
1529 4251 1629 4306 per
1679 4252 1838 4307 quem
1867 4238 2105 4309 quotidie

504 4326 781 4383 .Christus
807 4330 962 4385 nobis
989 4331 1218 4386 moritur
1243 4339 1298 4386 et
1324 4330 1580 4401 resurgit,
1624 4344 1720 4399 per
1743 4345 1900 4399 quem
1935 4345 2106 4400 usque

500 4418 601 4471 :ad
646 4421 1189 4477 consummationem.
1220 4421 1402 4476 szeculi
1448 4434 1668 4476 manere
1710 4435 1769 4476 se
1822 4421 2101 4476 nobiscum

2188 3953 2292 4000 cst
2337 3946 2609 4003 testimare

2209 3218 2411 3288 aliquid
2471 3219 2808 3275 inconditum
2855 3221 3111 3277 edidisse.
3178 3221 3788 3291 Incomprehensibilem

2208 3313 2351 3366 enim
2401 3312 2566 3367 divini
2597 3312 2805 3368 consilii
2845 3314 3206 3379 altitudinem,
3238 3313 3501 3383 sapientia
3546 3313 3788 3368 humana

2208 3416 2342 3470 puro
2366 3402 2688 3471 cognitionis
2710 3403 2901 3457 intuitu
2936 3403 3391 3473 comprehendere
3419 3419 3524 3458 non
3566 3413 3752 3472 potest
3770 3419 3797 3466 ;-

2208 3491 2331 3560 quia
2359 3492 2484 3546 dum
2512 3506 2664 3547 utens
2692 3500 2873 3547 nostra
2904 3492 3043 3546 ultra
3065 3507 3124 3546 sc
3148 3492 3548 3563 przecipitanter
3570 3492 3791 3562 erigere

2208 3595 2378 3650 usque
2411 3580 2478 3634 ad
2527 3580 2953 3636 inacccssibilem
2984 3592 3317 3636 secretorum
3369 3581 3464 3635 Dei
3515 3580 3787 3636 visionem

2208 3673 2430 3742 appetit,
2478 3672 2812 3728 infirmitatis
2860 3687 2970 3727 sua:
3022 3672 3300 3727 obstaculo
3334 3671 3790 3737 reverberata,et

2207 3763 2348 3818 intra
2373 3763 2690 3834 ignorantia:
2709 3779 2822 3819 suae
2854 3764 3131 3835 angustias
3172 3772 3444 3818 coarctata
3495 3778 3595 3817 nec
3619 3764 3789 3832 Aquod

2208 3853 2349 3909 ultra
2378 3870 2437 3909 se
2460 3867 2544 3910 est
2572 3856 2715 3910 valet
2739 3857 3220 3926 comprehendere,
3253 3871 3352 3911 nec
3380 3855 3522 3926 quod
3559 3856 3701 3910 intra
3726 3871 3787 3912 se

2668 3965 2683 4001 :
2728 3948 2869 4003 unde
2902 3949 3162 4018 scriptum
3208 3955 3337 4024 est:
3373 3947 3576 3999 Altiora
3620 3954 3671 3999 te
3723 3963 3787 4001 ne

2204 4039 2492 4108 quwsieris,
2516 4048 2564 4093 et
2597 4039 2863 4110 profunda
2888 4039 3227 4094 consiliorum
3264 4039 3379 4110 ejus
3422 4055 3485 4092 ne
3510 4039 3787 4109 inrestiga-

2206 4130 2339 4184 reris
2362 4128 2551 4197 (Eccli.
2584 4144 2666 4194 ut,
2696 4130 2812 4202 22).
2859 4129 3042 4184 Posuit
3080 4130 3278 4201 (inquit
3315 4128 3605 4199 Propheta)
3637 4138 3786 4182 tene-

2205 4221 2326 4275 bras
2370 4221 2645 4275 latibulum
2680 4239 2832 4276 suum
2863 4221 3035 4291 (Psal.
3058 4236 3193 4285 xvn,
3221 4220 3308 4290 1‘2)
3343 4239 3354 4274 :
3386 4221 3484 4275 has
3529 4221 3785 4274 tenebras

2209 4310 2359 4364 multi
2386 4311 2717 4380 perscrutari
2757 4311 3105 4379 incipientes,
3135 4318 3191 4364 et
3235 4309 3338 4363 aha
3367 4324 3432 4363 ex
3482 4308 3604 4362 aliis
3632 4324 3784 4361 assc—
3846 4324 3856 4334 ·

2205 4412 2407 4468 rentes,
2444 4404 2497 4457 in
2526 4419 2741 4459 crassas
2786 4413 2842 4459 ct
2895 4402 3190 4474 palpabiles
3238 4416 3480 4458 errorum
3527 4400 3783 4454 tenebras

532 4507 833 4577 pougccmf.
867 4508 993 4566 "me
1034 4527 1203 4581 pauca
1235 4513 1301 4567 de
1336 4511 1539 4579 multis,
1567 4526 1688 4582 qua,
1727 4512 1956 4582 repetita
1991 4528 2105 4569 me-
2131 4499 2183 4559 ι)
2207 4492 2444 4549 devoluti
2473 4503 2617 4549 sunt.
2647 4494 2816 4549 Porro
2854 4495 3037 4549 nntndi
3085 4494 3348 4564 sapientia
3395 4491 3639 4547 exterius
3665 4490 3782 4545 elo.

533 4600 725 4663 moria,
765 4610 822 4657 et
855 4602 1022 4656 multo
1050 4619 1116 4658 cx
1157 4612 1397 4673 tempore
1423 4605 1628 4659 dissuta
1668 4605 1794 4660 licet
1823 4605 2100 4669 recitasse,

531 4691 597 4745 ad
629 4708 866 4762 prresens
889 4695 1179 4762 sulIiciant,
1202 4697 1330 4751 dum
1353 4711 1452 4768 ego
1476 4697 1716 4752 codicem
1747 4697 1814 4752 de
1838 4694 2100 4764 ejusmodi

529 4784 926 4853 exetnplaribus
956 4801 986 4841 a
1018 4785 1261 4842 Romano
1289 4788 1489 4843 scrinio
1514 4787 1780 4859 ptolazum
1810 4787 2099 4857 perlegam.

532 4874 696 4929 Vobis
724 4874 881 4931 facile
905 4885 987 4931 est
1026 4879 1091 4931 de
1121 4877 1308 4946 paucis
1339 4879 1502 4932 multa
1546 4878 1805 4946 cogitare,
1833 4886 1928 4941 aut
1954 4888 2103 4932 certe

528 4967 669 5035 quod
698 4969 1142 5025 irrationabiliter
1167 4969 1366 5026 factum
1397 4973 1632 5037 videtur,
1661 4973 1890 5027 sanioris
1923 4973 2098 5028 cousi-

529 5057 585 5111 lii
617 5060 824 5116 ratione
849 5060 1121 5131 colligere.

878 5152 1205 5211 sinerem
1235 5153 1301 5207 IV
1324 5153 1471 5226 [olim
1494 5153 1722 5227 XLVIII]

1112 5246 1290 5315 (Anno
1330 5247 1511 5315 Militi.)

538 5328 738 5385 Virtute
757 5334 923 5403 magis
952 5337 1172 5403 pra-dita
1205 5353 1360 5407 quant
1383 5336 1665 5405 pra-(licata
1689 5336 1903 5402 prwsttli
1929 5336 2102 5389 Ann.-

1032 5422 1221 5462 nenom
1251 5407 1588 5463 b‘ucuenrus.

599 5492 801 5547 Vestra:
850 5494 1093 5564 sospitati
1141 5499 1315 5553 amice
1372 5499 1750 5568 gratulantes,
1811 5494 2102 5551 valetudini

2207 4586 2429 4655 quentia
2456 4587 2654 4653 nitens,
2682 4587 2827 4643 intus
2853 4601 3017 4642 vacua
3046 4602 3077 4641 a
3101 4586 3316 4642 virtutis
3359 4586 3625 4654 sapientia
3659 4599 3782 4638 ma-

2210 4687 2342 4744 nct,
2390 4692 2603 4747 semper
2653 4678 2798 4733 enim
2852 4679 3067 4749 quaerit,
3106 4687 3164 4733 et
3209 4694 3484 4749 nunquam
3535 4677 3778 4744 invenit,

2208 4772 2333 4840 quia
2356 4770 2619 4841 profunda
2649 4773 3027 4844 mysteriorum
3058 4771 3153 4827 Dei
3184 4788 3288 4828 non
3319 4772 3569 4826 humanae
3591 4771 3781 4840 dispu-

2210 4861 2423 4926 tationi,
2451 4861 2544 4915 sed
2592 4860 2716 4917 ﬁdei
2764 4863 2935 4918 oculis
2971 4862 3307 4927 revelantur,
3338 4862 3477 4917 sicut
3520 4860 3781 4915 Dominus

2208 4951 2260 5006 in
2289 4951 2579 5022 Evangelio
2606 4953 2727 5021 ait;
2761 4951 2942 5020 Pater,
2969 4954 3166 5024 gratias
3184 4951 3289 5005 tibi
3340 4968 3461 5020 ago,
3490 4950 3615 5018 quia
3655 4950 3781 5003 abs-

2174 5041 2557 5107 condistiltaic
2604 5043 2923 5112 sapientibus
2971 5054 3019 5097 et
3070 5042 3432 5112 prudentibus,
3457 5050 3503 5093 et
3536 5037 3807 5093 revelasti.

2202 5144 2267 5182 ea
2291 5128 2522 5199 parvulis
2546 5128 2761 5201 (Matth.
2786 5145 2862 5196 ιι,
2887 5130 3000 5201 25).
3032 5130 3173 5201 Ergo
3204 5145 3356 5184 mens
3390 5128 3625 5181 humana
3654 5140 3779 5180 cum
3811 5141 3814 5144 ’

2202 5218 2398 5274 divina:
2426 5220 2794 5291 dispositionis
2830 5235 3023 5276 causas
3073 5219 3404 5290 argumentis
3434 5233 3530 5286 per
3571 5232 3631 5270 se
3672 5215 3781 5268 dis~

2202 5317 2391 5365 cutcre
2437 5324 2543 5364 non
2569 5309 2733 5374 valet,
2767 5310 2834 5364 ad
2856 5310 2960 5366 hoc
2998 5310 3139 5379 quod
3169 5306 3628 5379 comprehendere
3668 5320 3777 5358 nou

2205 5396 2387 5464 valet,
2434 5406 2750 5454 reverenter
2825 5413 3069 5454 erronem
3144 5396 3524 5468 disputationis
3592 5394 3780 5449 oculos

2205 5475 2438 5553 claudat,
2470 5503 2571 5542 nec
2601 5487 2888 5543 invisibilia
2933 5505 2998 5543 ex
3042 5487 3360 5549 visibilibus,
3391 5501 3492 5541 nec
3533 5486 3780 5539 illt‘Ol‘l‘tl-

496 5640 503 5648 ι
597 5607 769 5680 (t7)A
821 5606 1025 5680 medica
1069 5616 1185 5661 arte
1225 5610 1276 5662 in
1322 5626 1450 5680 qua,
1495 5610 1635 5665 utin
1679 5608 1875 5666 divinis
1902 5604 2259 5672 humanisque
2311 5597 2545 5665 'itteris,
2591 5613 2688 5669 pro
2738 5607 2981 5671 tempore
3028 5598 3317 5655 Fulbertus
3370 5593 3647 5663 excelluit,
3695 5591 3775 5646 fa-

521 5687 639 5732 ctus
666 5679 949 5749 episcopus
983 5679 1263 5733 abstinuit.
