3974 5374
183 298 281 359 £97

1599 290 1980 351 EPiSTOLIE.

3350 296 3450 354 198

138 381 377 485 'ptihilia
404 425 467 466 es
495 408 934 481 corroptibilibus
979 409 1156 465 metiri
1185 415 1495 481 prmsumat,
1521 424 1587 463 ne
1620 408 1747 462 dmn
1780 409 1825 470 Α
1853 404 2049 474 factus,
2076 414 2123 459 et
2150 405 2330 460 habitu
2370 406 2607 461 iuremus
2643 372 2717 461 uti
2759 407 2909 462 homo
2957 408 3216 481 (Philipp.
3272 427 3335 478 tt,
3366 412 3446 483 7).

169 520 306 560 πω
333 500 700 573 disputatione
721 501 900 556 clausa
932 501 1134 572 pulsat,
1160 511 1215 555 et
1233 508 1423 570 operta
1449 514 1555 553 non
1584 497 1753 563 videt,

168 595 403 669 propriis
444 593 847 648 deﬁnitionibus
895 592 1187 662 eaptivata,
1211 601 1266 647 et
1291 607 1492 647 emeum
1540 604 1759 645 sensum

168 699 423 755 sequens,
458 685 512 739 in
542 684 744 740 erroris
778 685 1137 754 praecipitium
1169 684 1348 738 cadat.
1388 683 1515 737 Tria
1552 683 1595 738 si
1637 682 1757 751 qui-

170 781 283 833 dem
325 777 488 832 nobis
523 787 650 832 sunt
673 777 739 831 ad
787 776 1089 846 profectum
1130 775 1455 832 Christiana:
1484 774 1762 845 religionis

167 867 439 937 proposita
466 906 483 932 ,
512 866 609 921 sed
640 868 708 921 ad
750 875 1182 922 consummatam
1223 866 1490 937 justitiam
1538 866 1761 936 perinde

170 957 496 1019 necessaria.
532 967 591 1012 ut
639 958 693 1012 in
725 959 809 1013 his
853 967 963 1014 tota
1011 958 1263 1013 humana:
1309 957 1500 1013 salutis
1548 972 1761 1012 summa

169 1050 472 1104 consistat:
507 1050 628 1104 sine
674 1049 758 1105 his
792 1048 1000 1118 justitia
1056 1065 1252 1105 nomen
1299 1050 1465 1105 habet
1508 1051 1757 1112 virtutis,

167 1136 445 1211 prtemium
490 1156 599 1195 non
640 1143 804 1197 habet
845 1142 1083 1197 virtutis.
1133 1142 1336 1198 Horum
1393 1142 1629 1213 primum
1676 1150 1761 1197 est

167 1231 487 1301 intelligere,
518 1241 574 1286 et
600 1231 830 1288 ﬁrmiter
871 1242 1057 1288 tenere
1106 1233 1423 1305 mysterium
1452 1233 1758 1299 Trinitatis,

165 1331 216 1378 et
260 1323 421 1378 unius
480 1323 770 1379 veritatem
829 1324 1077 1379 Deitatis.
1141 1323 1448 1379 Secundum
1503 1328 1758 1379 salutaris

166 1413 408 1483 baptismi
444 1415 716 1470 rationem
749 1431 908 1471 nosse
930 1414 1014 1470 vel
1035 1430 1275 1471 causam.
1306 1414 1550 1471 Tertium
1578 1416 1628 1469 in
1650 1429 1759 1485 quo

166 1507 262 1560 duo
296 1507 434 1577 (l7')
475 1508 608 1561 vitae
636 1516 995 1573 sacramenta,
1017 1506 1069 1562 id
1094 1516 1198 1573 est,
1225 1506 1487 1562 Dominici
1518 1507 1762 1587 corporis

167 1598 524 1666 etsangntnis
565 1599 928 1654 continentur.
978 1598 1034 1652 in
1081 1599 1164 1654 his
1194 1598 1366 1654 tribus
1414 1600 1568 1653 multi
1599 1591 1762 1654 nimis

166 1685 453 1741 carnaliter
516 1687 811 1752 intuentes,
863 1689 989 1742 dum
1042 1688 1161 1758 plus
1216 1688 1489 1745 carnalem
1542 1705 1757 1745 sensum

1867 495 2103 551 Marcion
2120 496 2460 566 phantasiam
2484 498 2731 567 corporis
2742 508 2916 553 etnon
2937 513 3137 569 corpus
3162 501 3451 560 confessus

1862 593 1947 640 est
2000 585 2053 639 in
2106 584 2321 641 Christo
2370 586 2554 642 fuisse.
2606 587 2711 642 Sed
2766 586 3025 657 Dominus
3069 599 3251 645 noster
3289 590 3449 650 Jesus

1862 673 2116 731 Christus
2166 676 2219 731 in
2272 677 2480 732 unitate
2510 677 2670 732 unius
2698 676 3051 751 ejusdemque
3101 696 3349 750 persona:
3378 697 3448 737 ex

1863 767 2090 831 duabus,
2121 776 2178 822 et
2205 768 2257 822 in
2308 769 2515 826 duabus
2544 771 2885 836 substantiis,
2916 770 3096 827 divina
3134 773 3343 828 scilicet
3391 783 3448 829 et

1863 855 2097 911 humana
2146 858 2467 925 subsistens,
2499 869 2557 916 et
2606 861 2742 916 mira
2793 862 3017 933 protulit
3068 872 3127 918 ut
3181 865 3344 931 Deus,
3393 875 3449 920 et

1862 945 2077 1002 inﬁrma
2129 950 2387 1005 sustinuit
2436 959 2495 1006 ut
2551 952 2733 1017 homo,
2768 964 2827 1008 ut
2853 969 2976 1009 cum
3028 970 3217 1010 verum
3276 956 3444 1011 Deum

1862 1036 2114 1092 sublimia
2140 1054 2305 1109 opera
2331 1039 2707 1111 loquerentur,
2732 1057 2916 1098 verum
2941 1043 3212 1100 hominem
3244 1045 3441 1101 ﬂebilia

1862 1129 2319 1187 demonstrarent.
2349 1133 2513 1197 Deus,
2542 1136 2713 1205 inquit
2734 1135 3045 1204 Apostolus,
3076 1149 3189 1193 erat
3214 1140 3267 1193 in
3294 1138 3443 1195 Chri-

1860 1231 1963 1288 sto,
2000 1225 2254 1279 mundum
2297 1227 2638 1283 reconcilians
2657 1228 2757 1283 sibi
2804 1229 2890 1301 (11
2921 1228 3045 1285 Cor.
3078 1248 3128 1297 v,
3162 1233 3272 1304 l9),
3303 1232 3445 1289 Deus

1864 1313 1917 1368 in
1961 1314 2201 1382 Christo,
2230 1317 2401 1375 Filius
2460 1319 2553 1374 Dei
2605 1322 2657 1375 iu
2717 1320 2828 1376 lilio
2889 1323 3447 1389 hominis,divinitas

1860 1405 2190 1473 operabatur
2216 1407 2269 1461 in
2300 1408 2537 1465 homine.
2569 1410 2768 1467 Demus
2783 1412 2944 1467 verba
2973 1414 3209 1471 hominis
3236 1432 3251 1471 :
3283 1415 3447 1471 Pater

1861 1494 2036 1563 major
2065 1513 2145 1550 me
2180 1507 2255 1551 est
2286 1496 2472 1568 (Joan.
2505 1516 2619 1567 xxv,
2667 1501 2781 1572 28).
2830 1503 3030 1559 Demus
3068 1503 3244 1562 Verba
3295 1504 3386 1563 Dei
3427 1525 3444 1565 :

1861 1585 1975 1658 Ego
2001 1599 2048 1642 et
2088 1589 2251 1645 Pater
2286 1608 2449 1647 unum
2498 1612 2681 1650 sumus
2719 1596 2901 1656 (Joan.
2933 1614 2990 1663 x,
3020 1598 3133 1670 30).
3169 1597 3448 1669 Loquatur

1862 1680 1915 1732 in
1960 1679 2178 1737 Christo
2207 1693 2389 1738 nostra
2423 1685 2718 1742 inﬁrmitas
2742 1696 2797 1743 et
2848 1689 3104 1745 conditio.
3138 1687 3188 1742 F
3191 1690 3336 1755 ilius,
3364 1691 3447 1743 iu-

168 1793 317 1848 qnam
348 1778 476 1833 ﬁdei
508 1794 711 1835 arcana
740 1780 993 1852 mysteria
1018 1784 1475 1850 contemplanti]...
1503 1782 1556 1835 in
1594 1783 1757 1837 abm-
1787 1793 1833 1852 Β
1861 1772 1998 1840 quit,
2032 1773 2255 1829 hominis
2310 1791 2416 1830 non
2464 1777 2617 1832 habet
2672 1779 2761 1832 ubi
2817 1791 2971 1849 caput
3023 1797 3175 1835 suum
3230 1781 3443 1836 reclinet

167 1876 305 1939 ptum
336 1870 640 1939 perniciosi
697 1872 901 1926 erroris
944 1872 1299 1942 prmcipitium
1351 1873 1610 1938 devoluti,
1657 1889 1756 1930 nec

168 1975 334 2016 rerum
365 1962 685 2027 veritatem,
711 1977 813 2019 nec
835 1972 1302 2038 sacramentorum
1327 1965 1583 2019 virtutem
1628 1979 1755 2035 per-

169 2053 397 2123 cipiunt;
429 2064 488 2109 et
542 2053 668 2110 ideo
718 2054 788 2110 ab
823 2055 1051 2111 unitate
1086 2055 1344 2111 Ecclesia:
1396 2056 1595 2123 divisi,
1627 2058 1754 2113 dum

168 2143 271 2200 ﬁeri
302 2145 497 2201 nolunt
528 2146 780 2217 discipuli
829 2148 1077 2204 veritatis
1100 2190 1115 2215 ,
1146 2150 1387 2220 magistri
1442 2149 1577 2204 ﬁunt
1605 2166 1756 2206 erro-

169 2235 251 2290 ris.
290 2236 675 2293 Praetermissa
719 2238 906 2308 itaque
955 2240 1074 2295 luce
1124 2242 1368 2297 veritatis
1392 2284 1406 2308 ,
1439 2244 1755 2300 tenebrosus

170 2338 460 2396 proponunt
489 2327 821 2395 calumnias,
849 2338 905 2384 et
954 2346 1138 2386 sacras
1195 2330 1511 2401 Scripturas
1571 2334 1753 2389 verbis

170 2418 431 2489 sacrilegis
461 2419 721 2473 nituntur
749 2420 1081 2487 adulterare,
1112 2429 1208 2475 aut
1234 2422 1346 2493 (l8)
1382 2422 1596 2480 furtivis
1634 2440 1755 2481 era-

171 2509 396 2566 sionibus
448 2511 726 2577 recidere,
767 2511 909 2567 sicut
960 2512 1062 2567 hoc
1117 2515 1259 2583 quod
1290 2514 1573 2571 Dominus
1628 2516 1749 2571 ait:

170 2597 269 2670 Ego
295 2611 340 2655 et
380 2598 550 2657 Pater
597 2619 763 2656 unum
797 2619 979 2658 sumus
1009 2603 1192 2675 (loan.
1220 2620 1274 2670 ι,
1312 2604 1423 2676 50),
1461 2606 1624 2662 Arius
1667 2607 1753 2678 di-

171 2701 301 2747 ctum
325 2694 390 2749 de
420 2694 639 2749 unitate
678 2694 994 2749 substantizr
1022 2695 1322 2766 intelligere
1349 2696 1538 2752 noluit.
1567 2697 1754 2765 Sabel-

171 2783 262 2841 lius
289 2787 353 2840 ad
377 2795 744 2856 personarum
770 2779 1158 2858 proprietatem
1188 2805 1369 2844 sumus
1403 2807 1507 2845 non
1537 2791 1710 2846 retulit
1734 2808 1750 2857 ;

173 2883 219 2930 et
242 2874 290 2929 itt
315 2877 413 2932 hoc
434 2877 699 2947 qnodait,
730 2876 890 2932 Pater
904 2878 1079 2949 major
1101 2896 1181 2933 me
1205 2890 1279 2933 est
1307 2877 1489 2949 (Joan.
1516 2881 1751 2952 stv,98),

170 2963 312 3021 Arius
364 2982 470 3021 non
514 2967 872 3030 humanitati,
906 2968 1000 3023 sed
1053 2968 1320 3023 divinitati
1372 2971 1656 3039 ascripsit,
1699 2981 1753 3027 et

173 3055 275 3111 ideo
300 3058 582 3128 indignam
614 3059 781 3113 vitam
813 3059 975 3131 digna
1007 3070 1182 3116 morte
1219 3059 1414 3117 ﬁnivit.
1446 3062 1614 3133 Cujus
1656 3081 1753 3118 au-

1861 1863 2098 1935 (Matth;
2134 1882 2234 1922 vnt
2293 1867 2409 1939 9.0).
2451 1870 2663 1927 lntonet
2707 1886 2808 1927 vox
2836 1872 3018 1927 divina
3050 1889 3066 1928 :
3101 1874 3291 1928 Omnia
3327 1890 3446 1945 qua:

1857 1955 2011 2011 habet
2057 1957 2221 2012 Pater
2248 1974 2365 2013 mea
2408 1973 2529 2015 sunt
2580 1962 2763 2033 (Joan.
2800 1979 2914 2025 xvi,
2946 1964 3055 2035 15).
3087 1963 3252 2031 Quasi
3284 1966 3446 2020 homo

1858 2046 2052 2110 esurit,
2081 2049 2239 2117 quasi
2286 2048 2431 2107 Deus
2458 2053 2697 2122 quinque
2726 2054 3005 2111 hominum
3046 2056 3212 2110 millia
3244 2056 3441 2127 pascit.

1857 2136 2020 2205 Quasi
2054 2141 2216 2195 homo
2259 2141 2391 2197 dicit
2424 2159 2440 2197 :
2475 2142 2663 2197 Tristis
2700 2154 2778 2198 est
2820 2146 3001 2199 anima
3032 2163 3147 2200 mea
3187 2163 3349 2213 usque
3373 2146 3443 2199 ad

1856 2241 2074 2283 mortem
2103 2230 2319 2301 (Matth.
2372 2248 2516 2295 sxvr,
2547 2234 2664 2305 38),
2705 2235 2860 2305 quasi
2913 2236 3057 2291 Deus
3105 2236 3445 2292 conﬁdenter

1857 2317 1934 2372 ait
1966 2336 1980 2372 :
2014 2318 2182 2374 Nemo
2204 2318 2350 2374 tollet
2396 2339 2428 2376 a
2457 2338 2539 2376 me
2565 2325 2799 2377 animum
2833 2341 3002 2379 meam
3032 2325 3213 2396 (Joan.
3245 2342 3302 2391 χ,
3329 2325 3440 2396 18).

1855 2407 2021 2475 Quasi
2052 2410 2214 2465 homo
2246 2412 2299 2466 in
2326 2428 2487 2468 cruce
2517 2412 2732 2484 pendet,
2758 2417 2910 2486 quasi
2944 2418 3254 2474 dominator
3276 2418 3441 2475 latro-

1854 2515 1977 2555 nem
2002 2499 2294 2571 alloquitur
2317 2519 2332 2555 :
2367 2497 2538 2557 llodi'e
2560 2521 2759 2560 mecum
2786 2509 2889 2563 eris
2913 2510 2968 2562 in
3000 2511 3252 2578 paradiso
3274 2509 3428 2581 (Luc.

1854 2607 2014 2659 nm,
2042 2593 2155 2661 43).
2190 2592 2247 2649 Si
2282 2595 2406 2665 quis
2434 2610 2565 2667 ergo
2612 2608 2793 2654 mente
2837 2609 3027 2671 captus
3069 2602 3228 2658 unius
3282 2602 3443 2658 Chri-

1853 2693 1996 2739 stum
2018 2696 2074 2738 et
2097 2684 2265 2740 Deum
2295 2686 2427 2741 dicit
2446 2700 2567 2742 esse
2589 2687 2931 2755 substantiae,
2953 2693 3441 2763 compugnantibus

1854 2775 1996 2830 inter
2024 2788 2081 2830 se
2101 2776 2281 2840 rebus,
2301 2784 2391 2831 aut
2414 2777 2588 2831 solum
2619 2780 2891 2835 hominem
2919 2782 3057 2838 ctelo
3080 2783 3310 2853 lapsum,
3344 2796 3440 2842 aut

1853 2864 2026 2919 solum
2052 2865 2220 2920 Deum
2250 2866 2386 2921 dice:
2419 2868 2768 2924 cruciﬁxum.
2802 2870 2907 2926 Sed
2939 2883 3150 2928 nonest
3178 2875 3271 2928 ita.
3302 2873 3440 2932 Nam

1852 2971 2027 3027 neque
2054 2959 2200 3014 solus
2229 2960 2369 3016 Deus
2392 2971 2620 3017 mortem
2644 2965 2868 3029 sentire,
2894 2979 3068 3036 neque
3110 2967 3257 3024 solus
3279 2969 3441 3026 homo

1853 3058 2081 3127 mortem
2133 3065 2394 3122 superare
2445 3054 2754 3124 potuisset,
2808 3073 2971 3127 quam
3026 3059 3435 3117 evidentissima

171 3147 352 3204 ductes
381 3150 655 3221 quoniam
696 3150 959 3219 spiritum
988 3160 1234 3207 εςιηοιιηη
1269 3153 1436 3207 Deum
1486 3169 1610 3211 esse
1661 3171 1751 3209 ηρ-
1776 3161 1823 3225 C
1854 3142 2083 3210 ratione,
2112 3146 2538 3201 substantiarum
2568 3148 2943 3215 distinctione,
2973 3151 3133 3205 homo
3175 3153 3433 3223 suscepit,

172 3240 365 3310 gabant,
403 3244 468 3299 de
495 3243 803 3314 Evangelio
829 3253 1115 3300 eraseruut
1138 3245 1269 3299 illud
1316 3248 1460 3316 quod
1500 3246 1751 3303 Salvator

171 3332 236 3388 ait
262 3351 273 3387 :
303 3333 534 3405 Spiritus
593 3346 668 3390 est
690 3334 834 3391 Deus
861 3336 1042 3408 (Joan.
1082 3351 1154 3401 tv,
1181 3337 1295 3407 24),
1329 3346 1383 3393 et
1411 3337 1478 3393 de
1513 3339 1750 3409 Epistula

171 3422 369 3483 Joannis
398 3438 698 3487 eraserunt
724 3445 738 3481 :
775 3428 842 3482 Et
870 3430 1041 3483 omnis
1068 3430 1302 3499 Spiritus
1342 3432 1434 3502 qui
1477 3432 1626 3487 solvit
1655 3433 1757 3487 Je‘

170 3531 288 3582 sum,
313 3534 375 3573 ea;
407 3518 518 3573 Deo
555 3535 664 3572 non
684 3528 760 3572 est
789 3515 841 3580 ll
866 3516 1029 3573 Joau.
1058 3534 1133 3584 tv,
1164 3521 1241 3589 5).
1289 3520 1442 3575 Sicut
1472 3520 1751 3577 Nestorius

170 3608 247 3675 qui
272 3610 478 3666 dicebat
503 3611 733 3666 beatam
768 3608 1043 3682 Virginem
1094 3628 1198 3667 non
1252 3612 1343 3668 Dei
1377 3614 1471 3668 sed
1514 3614 1749 3670 hominis

166 3705 356 3754 tantum
406 3700 781 3773 genitricem,
836 3709 897 3755 ιιι
955 3700 1114 3756 aliam
1172 3719 1458 3773 personam
1498 3704 1751 3761 hominis

168 3791 308 3847 aliain
352 3793 574 3849 laceret
621 3792 862 3860 deitatis,
917 3809 1093 3864 neque
1138 3810 1307 3849 unum
1358 3795 1637 3852 Christum
1692 3798 1783 3855 iu'

166 3883 327 3941 Verbo
357 3885 447 3939 Dei
473 3894 532 3941 et
566 3899 735 3939 carne
781 3893 837 3940 et
862 3885 1040 3939 anima
1066 3885 1293 3942 credens
1319 3886 1412 3943 sed
1456 3889 1747 3958 separatim

173 3976 378 4034 alterum
408 3978 610 4033 Filium
636 3977 754 4043 Dei,
785 3976 1016 4032 alterum
1063 3977 1229 4033 illium
1283 3980 1519 4036 hominis
1560 3983 1751 4055 praedi-

172 4084 306 4134 cans,
326 4081 380 4126 et
409 4071 563 4125 illum
594 4069 842 4140 Apostoli
876 4069 1050 4126 locum
1084 4071 1174 4126 ubi
1199 4071 1327 4127 dicit
1358 4090 1374 4128 :
1404 4072 1559 4139 Quod
1584 4092 1748 4145 appa-

171 4164 263 4216 ruit
297 4165 350 4217 iu
386 4179 549 4217 carne
602 4161 924 4230 vivi/iculum
976 4174 1050 4216 est
1105 4164 1160 4216 in
1191 4165 1378 4233 spiritu
1426 4164 1476 4238 (Ι
1514 4164 1662 4222 Petr.
1703 4183 1718 4221 l
1776 4237 1781 4243 ‘

173 4249 271 4319 18).
298 4251 463 4318 Quem
519 4252 704 4307 locum
759 4249 1108 4306 Macedonius
1160 4268 1259 4324 per
1315 4254 1744 4312 immutationem

175 4344 447 4414 Scriptum
474 4343 843 4415 apostolicum
869 4343 1070 4398 dictum
1111 4345 1191 4400 sic
1220 4345 1389 4401 voluit
1418 4348 1665 4412 delinire,
1693 4350 1745 4405 id

174 4444 262 4501 est,
292 4446 347 4490 ut
388 4446 534 4493 esset
573 4436 717 4490 Deus
747 4436 998 4506 apparuit
1029 4436 1082 4490 in
1129 4451 1312 4503 carne,
1345 4446 1396 4492 et
1425 4438 1476 4492 in
1506 4454 1572 4493 eo
1600 4441 1743 4511 quod

1853 3242 1907 3289 et
1932 3235 2074 3290 Deus
2101 3236 2248 3292 vicit.
2293 3238 2397 3294 Sed
2428 3239 2637 3306 Ariani,
2664 3251 2951 3312 utramque
2979 3244 3208 3299 formam
3241 3245 3435 3299 distin-

1853 3342 2017 3397 gnere
2057 3330 2380 3396 nescientes,
2404 3346 2525 3401 qua:
2550 3342 2705 3387 erant
2727 3333 2963 3389 hominis
2987 3337 3054 3389 ad
3083 3334 3248 3390 Deum
3275 3336 3439 3406 impie

1853 3420 2172 3477 retulerunt.
2219 3423 2430 3478 Nullam
2484 3425 2665 3495 itaque
2704 3435 2949 3482 tenentes
3003 3429 3143 3483 inter
3196 3429 3437 3486 coelestia

1853 3526 1908 3569 et
1934 3518 2210 3572 terrestria
2258 3520 2546 3586 rationem,
2572 3521 2700 3575 dum
2730 3521 2862 3576 dare
2899 3525 3259 3593 proprietates
3304 3540 3434 3580 suas

1850 3608 2097 3677 partibus
2119 3609 2384 3675 nesciunt,
2418 3621 2682 3681 quantum
2712 3612 2765 3666 in
2799 3613 2930 3683 ipsis
2957 3624 3040 3668 est
3062 3604 3152 3668 Dei
3181 3617 3436 3671 substan-

1855 3700 1984 3754 tiam
2034 3700 2352 3767 diviserunt,
2401 3712 2455 3757 et
2511 3702 2635 3757 dttm
2694 3703 2762 3758 ad
2812 3704 2924 3760 sola
2975 3705 3208 3762 hominis
3275 3708 3438 3764 verba

1853 3791 2167 3860 respiciunt,
2195 3791 2358 3848 Deum
2375 3794 2493 3849 sine
2515 3793 2821 3851 intellectus
2843 3795 3047 3850 lumine
3063 3798 3436 3867 perdidt-runt,

1852 3891 1909 3936 et
1957 3897 2159 3937 caseum
2199 3898 2416 3938 sensum
2470 3885 2522 3939 in
2567 3887 2863 3956 praecipitia
2892 3887 3081 3942 ducem
3120 3900 3433 3959 sequentes,

1853 3970 2159 4025 maluerunt
2186 3973 2368 4029 dicere
2418 3974 2682 4030 minorem
2728 3976 2919 4041 Deum,
2953 3992 3113 4047 quam
3160 3979 3433 4036 hominem

1851 4074 1907 4121 et
1954 4066 2145 4122 Deum.
2194 4066 2358 4123 Nobis
2387 4083 2516 4123 vero
2548 4070 2687 4125 hanc
2737 4070 3166 4126 substantiarum
3210 4071 3432 4129 diversi.

1854 4166 2018 4213 tatem
2050 4171 2119 4213 ex
2159 4158 2261 4213 hoc
2294 4159 2630 4230 perpendere
2677 4171 2984 4232 promptum
3027 4172 3110 4217 est
3135 4164 3276 4234 quod
3331 4164 3436 4218 alia

1850 4257 1933 4305 est
2003 4249 2092 4305 illa
2153 4250 2456 4316 nativitas,
2524 4250 2608 4306 vel
2671 4260 2909 4317 natura,
2982 4252 3033 4306 in
3089 4268 3230 4323 qua,
3280 4252 3437 4323 juxta

1851 4342 2205 4412 Apostolutn,
2262 4341 2463 4398 Factus
2514 4354 2600 4407 est
2657 4362 2722 4400 ea;
2784 4345 3040 4411 muliere,
3113 4351 3282 4417 (actus
3340 4348 3436 4402 sub

1850 4433 1961 4504 lege
2006 4430 2205 4505 (Galat.
2235 4450 2308 4501 tv,
2337 4435 2424 4505 4);
2456 4435 2560 4490 alia
2584 4452 2687 4507 qua
2731 4444 2848 4491 erat
2894 4437 2945 4491 iu
2973 4437 3242 4507 principio
3293 4437 3435 4508 apud

176 4528 243 4581 ait
297 4529 432 4583 idem
495 4527 795 4599 Apostolus
831 4543 846 4580 :
892 4524 961 4580 In
1013 4526 1418 4583 similitudinem
1467 4530 1738 4585 hominum
1767 4522 1820 4584 D
1850 4524 2042 4590 Deum,
2078 4524 2189 4598 (19)
2220 4526 2321 4581 alia
2352 4542 2461 4597 qua
2497 4536 2712 4581 creatus
2739 4540 2806 4581 es
2852 4528 3059 4598 virgine
3113 4527 3304 4595 Maria,
3331 4528 3430 4583 btt-

237 4727 361 4797 (l'l')
403 4725 521 4781 Duo
564 4726 687 4780 vitae
709 4731 1063 4797 sacramenta,
1110 4722 1182 4797 id
1205 4733 1302 4787 est,
1333 4722 1593 4797 Dominici
1633 4744 1750 4782 cor-

179 4794 301 4864 poris
321 4794 365 4852 et
402 4797 678 4868 sanguinis
708 4794 1064 4868 continentur.
1104 4794 1360 4857 Advorte,
1404 4795 1592 4862 lector,
1636 4799 1751 4854 lucc

182 4863 358 4922 verba:
392 4867 468 4939 Ne
497 4863 657 4939 putes
691 4880 896 4939 revera
916 4863 1525 4939 duqessgsacrautentu
1551 4885 1751 4939 corpus

181 4946 228 4990 et
249 4938 458 5007 sanguis
498 4933 709 5009 Christi
745 4933 978 4988 Domini.
1011 4933 1075 4987 D.
1127 4933 1319 4988 Thom.
1352 4934 1394 4989 si
1426 4933 1664 5006 quidem'
1692 4956 1745 5009 p.

184 5020 256 5066 tu,
300 5019 399 5063 art.
446 5008 503 5070 Ξ,
551 5022 609 5076 q.
660 5007 751 5072 73,
809 5019 1058 5076 quaerens
1112 5016 1292 5059 tttrutn
1347 5007 1747 5066 Sacratneututn

184 5080 503 5156 eueltaristia:
524 5074 600 5156 sit
629 5091 799 5156 unum
826 5074 909 5129 vel
937 5075 1110 5156 plura,
1145 5090 1289 5156 resp.
1317 5079 1459 5146 quod
1490 5081 1752 5156 materia-

180 5145 290 5202 liter
323 5159 446 5204 sunt
482 5148 647 5218 plura
680 5148 860 5219 signa,
914 5144 1007 5201 sed
1035 5144 1423 5219 formaliter'et
1455 5151 1753 5219 prelcCtive

171 5231 768 5340 illlfttlllSthl'ﬂlllellllllll,
799 5218 851 5269 itt
872 5224 1124 5284 quantum
1149 5233 1215 5272 ex
1243 5218 1322 5273 eis
1345 5218 1622 5289 perﬁcitur
1643 5236 1750 5276 una

171 5300 220 5340 re
237 5290 386 5340 cetio.

171 5290 386 5343 reiectio.

1851 4727 2075 4802 νόμισμᾳ
2123 4724 2291 4802 domuit
2340 4727 2400 4782 τὸ
2453 4727 2587 4802 θεῖον
2619 4728 3130 4802 παραχαράττοντας
3154 4768 3169 4792 ,
3327 4738 3434 4792 est,

1854 4796 2136 4867 "apt-sitas
2183 4796 2372 4861 inalos,
2408 4797 2498 4867 qui
2553 4796 2994 4852 velut'mon'etum
3019 4838 3032 4860 ,
3084 4801 3156 4852 ita
3196 4799 3431 4852 άηοὶιιιυη

1855 4868 2044 4937 dogma
2071 4878 2366 4935 pervertunt
2409 4877 2457 4920 et
2507 4868 2829 4923 adulteram.
2856 4867 3029 4934 Quam
3077 4870 3275 4924 reetius
3307 4868 3434 4925 tuba

1858 4936 1945 5009 illa
1997 4936 2224 4992 llmuani
2278 4940 2543 5009 sermonis
2595 4938 2905 5007 Latinaeque
2933 4940 3249 5009 eloquentia:
3286 4939 3435 4996 Klio-

1861 5008 2053 5081 danus,
2078 5009 2179 5081 boe
2225 5018 2309 5065 est
2350 5008 2592 5081 _l|ilarius
2621 5013 2686 5066 ad
2711 5010 2896 5066 Const.
2924 5008 3060 5081 Aug.
3089 5028 3102 5064 :
3137 5011 3439 5067 Catholicus

1861 5095 1997 5143 sum,
2026 5079 2221 5149 inquit,
2272 5078 2390 5133 nolo
2422 5097 2535 5138 esse
2574 5082 2896 5142 Ita’reticus;
2933 5078 3264 5138 Christianus
3297 5100 3438 5147 sum,

1863 5165 1966 5203 non
1988 5150 2240 5204 Arianus.
2275 5149 2339 5203 Et
2369 5152 2498 5207 mihi
2531 5155 2714 5208 melius
2756 5160 2829 5205 est
2859 5152 2913 5206 in
2943 5154 3039 5207 hoc
3087 5154 3280 5209 su'culo
3306 5157 3441 5207 mori

1861 5236 2039 5290 quant,
2089 5220 2318 5291 alicujus
2363 5223 2559 5289 privati
2595 5222 2822 5294 potentia
2873 5224 3198 5291 dominante,
3241 5234 3443 5280 castam

1863 5293 2096 5346 veritatis
2121 5294 2428 5363 dignitatem
2452 5293 2804 5365 corrumpere.
