4018 6380
548 362 648 418 {‘39

1427 356 1486 410 S.
1525 354 1868 409 FULBERTI
1908 353 2389 409 CARNOTENSlS
2433 354 2745 409 EPISCOP!

3681 348 3801 403 2‘30

545 471 781 525 initiatus
809 468 862 522 iu
890 477 1054 529 terra,
1080 466 1185 520 alia
1231 481 1334 534 qua
1367 466 1484 520 sine
1516 466 1669 519 initio
1708 482 1930 518 manens
1969 480 2119 518 crca-
2150 473 2196 528 Α
2224 469 2472 523 sensibus
2499 467 2717 527 nostris.
2746 480 3057 519 memoriam
3079 477 3188 518 suae
3212 463 3396 518 mortis
3424 476 3477 517 et
3504 464 3805 533 sepultura

545 560 625 613 vit
651 558 843 613 cwlum
887 566 941 612 et
987 568 1217 616 terrazn.
1248 556 1351 610 alia
1403 572 1507 625 qua
1547 557 1745 610 dicitur
1774 555 1828 609 in
1887 571 2121 610 matrore

546 650 818 714 doluisse,
867 649 920 702 in
962 648 1280 702 lassitudine
1330 648 1621 710 dormisse,
1667 647 1844 701 inedia
1888 647 2125 701 esurisse

548 737 778 802 ﬂevisse,
834 737 938 790 alia
987 752 1091 806 qua
1127 736 1325 790 dicitur
1379 735 1702 805 paralyticos
1750 749 1990 798 curasse,
2029 749 2124 803 per

548 849 707 902 quam
749 834 994 888 nesciens
1017 847 1258 902 gressum
1281 831 1501 902 jubetur
1541 830 1807 893 incedere,
1836 829 2047 883 solutus
2068 828 2121 882 in

551 923 777 978 muliere
799 922 1020 993 sanguis
1046 938 1303 976 venarum
1334 923 1566 985 sistitur,
1586 935 1760 975 emcus
1788 936 1817 973 a
1844 919 2124 974 nativitate

552 1014 911 1077 illuminatur,
946 1013 1173 1082 imperio
1227 1021 1493 1067 tumentes
1538 1010 1736 1065 ﬂuetus
1787 1008 2122 1073 solidantur,

552 1088 747 1157 mortui
781 1105 1134 1158 suscitantur.
1189 1102 1319 1170 Qua:
1345 1118 1467 1157 cum
1501 1102 1575 1155 ita
1606 1102 1732 1166 sint,
1764 1099 2039 1155 Christum
2070 1101 2122 1155 in

551 1194 760 1249 duabus
779 1193 1113 1249 isubstantiis
1140 1193 1521 1248 consistentem
1573 1208 1737 1245 unum
1766 1191 2125 1260 eamdemque
2150 1212 2168 1234 ο

552 1280 719 1336 Deum
762 1297 988 1347 verum,
1038 1282 1391 1350 eumdemque
1438 1281 1712 1335 hominem
1763 1294 1951 1333 vermu
2004 1297 2126 1335 esse

552 1374 787 1428 fateatur
818 1390 1037 1429 necesse
1074 1384 1177 1441 est,
1207 1373 1451 1444 quisquis
1504 1372 1776 1441 religionis
1804 1371 2126 1427 Christiana:

553 1482 660 1519 non
694 1466 808 1519 vult
853 1467 1114 1530 inaniter,
1145 1468 1254 1519 ἱηιυ
1296 1463 1674 1518 damnabiliter
1702 1474 1919 1531 portare
1964 1477 2126 1516 voca-

552 1557 758 1611 bulum.
788 1555 861 1608 lta
888 1557 1166 1626 utriusque
1194 1565 1401 1609 natura:
1430 1554 1653 1607 veritate
1682 1561 1916 1616 servata,
1938 1567 2125 1606 verum

549 1645 827 1701 Christum
870 1645 922 1698 in
946 1644 1233 1698 virtutibus
1259 1654 1311 1697 et
1340 1642 1680 1712 passionibus
1711 1656 1808 1695 nec
1834 1640 2129 1695 confundat

552 1734 687 1788 tides
715 1749 841 1787 vera
875 1748 977 1787 nec
1003 1733 1226 1795 dividat,
1272 1732 1396 1800 quia
1442 1729 1741 1801 personalis
1770 1729 1947 1784 unitas
1975 1731 2027 1783 in
2061 1744 2125 1784 eo

2227 571 2387 629 atque
2430 560 2591 612 etiam
2652 558 3057 613 resurrectionis
3109 555 3451 625 insculpens,
3498 555 3801 611 ineffabilia

2224 648 2451 704 contulit
2502 647 2752 716 baptismi
2810 662 3053 711 munera,
3088 662 3183 715 per
3226 662 3344 716 qua:
3382 647 3805 716 superveniente

2226 737 2411 806 prima:
2439 736 2663 805 originis
2696 735 2819 799 ﬁne,
2855 736 2904 789 ei
2951 735 3275 790 commortui
3306 742 3359 788 et
3408 735 3548 788 intra
3577 750 3803 790 sacrum

2222 826 2489 897 gurgitem
2540 824 2834 898 consepulti
2862 866 2877 890 ,
2910 824 3140 879 demersi
3202 838 3609 893 resurgeremus
3638 864 3655 889 ,
3684 826 3805 879 vita

2226 929 2534 990 emergente
2566 919 2897 974 criminibus.
2927 918 3061 974 Vide
3090 919 3218 987 quid
3250 920 3361 990 agit
3402 918 3599 974 artifex
3632 920 3801 974 mise-

2226 1010 2492 1064 ricordiae.
2524 1008 2653 1063 Tale
2684 1009 2778 1063 tibi
2809 1009 3017 1063 invenit
3044 1008 3234 1062 tumuli
3269 1024 3458 1079 genus,
3488 1023 3595 1078 quo
3633 1009 3809 1063 sciret

2226 1112 2445 1171 peccata
2490 1102 2737 1171 sepelire,
2788 1111 2843 1156 et
2886 1109 3227 1171 peccator-em
3284 1101 3516 1155 nesciret
3543 1101 3808 1168 obruere,

2224 1203 2284 1248 ut
2307 1195 2663 1250 descendente
2683 1194 2900 1249 herniae
2924 1194 2977 1248 in
2998 1192 3231 1264 fontem,
3254 1202 3503 1263 tanquam
3543 1193 3593 1246 in
3624 1193 3810 1263 δομιό

2226 1301 2378 1340 crum
2429 1284 2772 1348 delictorum,
2801 1299 2925 1339 rens
2971 1284 3145 1337 exiret
3200 1283 3264 1336 ad
3304 1292 3548 1351 portum,
3577 1292 3634 1337 ct
3685 1284 3805 1339 sola

2226 1383 2543 1445 paterentur
2598 1373 2790 1427 delicta
2845 1374 3205 1442 naufragium.
3263 1371 3495 1426 Proinde
3541 1388 3683 1442 aqua
3750 1382 3810 1427 et

2229 1464 2464 1534 Spiritus
2521 1475 2740 1519 sanctus
2797 1464 3073 1517 sociantur
3134 1465 3329 1525 causis,
3378 1463 3469 1517 sed
3522 1464 3810 1518 beneﬁciis

2228 1565 2566 1626 separantur.
2616 1556 2926 1626 Requiritur
2967 1572 3098 1611 sane
3139 1557 3192 1610 in
3224 1557 3562 1626 baptismatis
3613 1573 3808 1611 saera-

2230 1658 2427 1702 mentis
2463 1664 2601 1716 aqua
2646 1656 2870 1717 propter
2912 1646 3265 1715 sepulturam,
3299 1646 3530 1715 Spiritus
3579 1656 3810 1700 sanctus

2228 1747 2447 1805 propter
2472 1736 2635 1789 vitam
2670 1744 2945 1789 :cternam.
2979 1734 3214 1790 Remove
3260 1735 3533 1791 Crra'oris
3581 1751 3807 1799 nomen,

552 1827 869 1880 divisionem
914 1841 1017 1878 non
1044 1824 1251 1893 recipit,
1286 1832 1341 1877 et
1371 1822 1650 1890 utriusque
1692 1832 1898 1875 natura:
1924 1822 2129 1875 veritas
2159 1816 2203 1874 Β
2231 1838 2282 1882 et
2314 1843 2419 1881 non
2449 1827 2610 1882 habet
2638 1837 2883 1880 creatura
2918 1825 3059 1896 quod
3092 1836 3333 1896 ριεωειρι,
3381 1826 3506 1880 "me
3554 1826 3811 1879 simium-

555 1914 838 1970 iucont‘nsa
863 1913 1120 1983 persistit.
1148 1910 1261 1965 Non
1285 1913 1427 1965 enim
1452 1911 1587 1964 alter
1611 1910 1922 1975 Deus,alter
1942 1911 2124 1975 homo,

553 2008 648 2061 sed
701 2021 840 2060 unus
871 2006 1120 2073 idemque
1171 2003 1419 2058 Christus
1461 2002 1604 2057 Deus
1639 2002 1820 2056 homo.
1866 2000 2120 2056 Profecto

552 2098 694 2153 idem
725 2098 864 2152 Deus
889 2096 1139 2152 Christus
1182 2104 1284 2160 est,
1317 2095 1409 2165 qui
1439 2104 1667 2149 mortem
1698 2108 1793 2148 sua
1844 2093 2130 2147 divinitate

554 2208 845 2262 destruxit.
904 2206 1049 2260 idem
1097 2205 1294 2274 quippe
1333 2204 1427 2260 Dei
1474 2204 1667 2267 Filius,
1713 2203 1803 2266 qui
1851 2203 2131 2258 divinitate

557 2301 695 2354 mori
722 2316 825 2354 non
851 2299 1225 2370 potuit,carne
1254 2305 1497 2352 mortuus
1524 2308 1628 2364 est,
1655 2314 1814 2367 quam
1846 2295 2129 2350 mortalem

554 2390 695 2445 Deus
726 2388 1046 2446 immortalis
1090 2390 1335 2459 accepit;
1372 2399 1428 2443 et
1452 2389 1591 2445 idem
1614 2389 1863 2444 Christus
1893 2388 1988 2441 Dei
2039 2388 2128 2443 Fi—

552 2486 656 2541 lius
680 2501 844 2540 carne
872 2494 1116 2540 mortuus
1160 2481 1473 2545 resurrexit,
1499 2483 1623 2552 quia
1676 2482 1855 2535 immo:
1873 2480 2132 2538 talitatem

554 2593 673 2632 Sua:
710 2578 1011 2631 divinitatis
1039 2591 1203 2630 carne
1236 2584 1477 2627 mortuus
1509 2590 1614 2628 non
1646 2573 1848 2627 amisit.

627 2671 731 2724 Sed
756 2670 822 2724 de
839 2670 939 2724 huc
954 2670 1154 2723 dictum
1181 2667 1314 2720 satis
1343 2679 1439 2735 pro
1471 2665 1684 2720 modulo
1710 2674 1892 2718 nostro
1905 2664 2136 2718 aestima-

553 2779 692 2826 mus,
724 2779 827 2817 non
855 2759 1202 2830 quibuslibet,
1234 2758 1328 2812 sed
1371 2755 1564 2826 quibus
1591 2756 1642 2809 in
1681 2755 1977 2825 Scripturis
2006 2771 2133 2810 ver-

557 2864 710 2906 satur
764 2851 1001 2905 studiosa
1032 2848 1263 2902 devotio.
1321 2844 1484 2900 Nobis
1534 2843 1692 2915 plane
1731 2860 1792 2899 ea
1849 2844 2136 2916 singularis

558 2942 724 2997 instat
776 2941 1044 3003 intentio,
1082 2949 1171 3002 ut,
1212 2937 1464 3009 quoniam
1515 2937 1875 3008 comperimus
1929 2936 2138 3005 aliquos

557 3035 719 3089 nimis
743 3033 1034 3088 carnaliter
1057 3032 1326 3086 intuentes
1362 3030 1606 3100 quaedam
1639 3030 1827 3083 hormn
1859 3030 1911 3083 in
1940 3030 2135 3098 quibus

557 3134 756 3178 nostra:
805 3122 994 3178 salutis
1020 3122 1336 3193 mysterium
1375 3128 1608 3183 constat,
1641 3127 1919 3188 tanquanr
1952 3118 2133 3172 inania

558 3226 651 3270 aut
675 3217 847 3270 otiosa
874 3214 1154 3284 deputare,
1184 3214 1283 3279 lips
1320 3229 1351 3267 a
1377 3221 1483 3266 tam
1516 3210 1834 3281 pernicios:e
1862 3210 2135 3283 opinionis

557 3308 798 3359 vanitate
849 3312 1126 3359 revocatos
1184 3315 1626 3373 permoneremus
1656 3299 1707 3353 in
1766 3300 1924 3353 rebus
1954 3314 2136 3353 sacra-

556 3396 839 3452 tnentariis
863 3411 966 3448 non
996 3402 1203 3448 tantum
1238 3408 1357 3462 qua:
1392 3392 1643 3444 videntur
1668 3399 1932 3460 spectare,
1959 3404 2133 3454 quan-

558 3502 671 3544 tutn
721 3488 1041 3544 invisibilein
1108 3486 1487 3556 mysteriorum
1541 3485 1835 3553 potentiam
1895 3482 2127 3537 tidcliter

555 3580 856 3635 mstimare.
914 3578 1051 3645 Quid
1086 3578 1229 3630 enim
1278 3575 1344 3629 ad
1374 3576 1531 3629 tidem
1560 3574 1839 3627 venientes
1876 3576 2140 3642 proiicere

559 3671 931 3733 arbitramur,
961 3667 1005 3722 si
1051 3666 1183 3720 nihil
1242 3663 1378 3718 ultra
1426 3680 1587 3734 quam
1644 3662 1787 3732 quod
1836 3662 2140 3718 visibilibus

561 3764 797 3818 motibus
824 3760 1020 3832 agitur,
1051 3758 1424 3828 regenerantis
1448 3757 1635 3826 gratia:
1658 3764 1873 3826 praestet
1895 3753 2143 3807 eﬂ‘ectus?

554 3855 777 3911 Scimus
799 3864 855 3907 et
884 3867 1007 3904 vere
1033 3851 1249 3911 scimus,
1279 3864 1375 3901 nos
1395 3846 1565 3915 prima
1596 3845 1877 3900 nativitate
1894 3844 2142 3914 pollutos,

565 3947 800 4001 secunda
827 3943 1105 3997 uativitate
1134 3940 1445 4009 inundatos;
1476 3936 1645 4006 prima
1678 3935 1958 3989 nativitate
1978 3933 2147 4001 capti-

559 4052 679 4102 vos,
694 4037 923 4092 secunda
940 4034 1218 4088 nativitate
1243 4031 1466 4097 liberos;
1493 4032 1664 4100 prima
1688 4030 1966 4083 nativitate
1982 4037 2147 4082 terre-

563 4125 922 4191 nos,secunda
938 4124 1212 4177 nativitate
1229 4121 1493 4185 eretesxes;
1512 4120 1694 4189 prima:
1706 4119 2003 4173 nativitatis
2019 4117 2149 4172 vitio

560 4214 1077 4273 carnales.secund;c
1105 4210 1396 4265 nativitatis
1409 4210 1670 4265 beneﬂcio
1691 4209 2025 4279 spirituales;
2056 4223 2151 4279 per

568 4309 713 4365 illam
730 4306 867 4361 lilins
882 4307 1092 4375 irte,per
1106 4304 1261 4357 istam
1278 4302 1414 4357 ﬁlios
1429 4302 1628 4371 gratiae.
1650 4300 1878 4355 Proinde
1894 4299 2151 4369 quidquid

569 4414 795 4473 pravum
828 4398 1057 4467 Quisque
1101 4395 1336 4464 concipit
1383 4394 1643 4447 adversus
1692 4391 1834 4446 sacri
1893 4388 2150 4460 baptismi

2230 1919 2407 1974 dinem
2438 1918 2626 1971 mortis
2668 1917 2930 1982 imitatur,
2965 1917 3052 1971 ille
3082 1918 3362 1971 veritatem
3393 1916 3580 1971 salutis
3600 1932 3805 1986 opera.

2232 2019 2338 2063 tur.
2387 2008 2491 2065 Sed
2544 2008 2774 2064 fortasse
2802 2010 2867 2062 ad
2923 2008 3248 2063 credendum
3303 2011 3593 2080 propositis
3648 2024 3810 2064 mens

2232 2102 2457 2163 titubat,
2515 2102 2616 2154 nisi
2671 2101 3105 2155 testimoniorum
3158 2111 3413 2169 sequatur
3478 2102 3805 2156 auctoritas.

2230 2193 2366 2247 Audi
2402 2192 2563 2263 igitur
2609 2189 2924 2261 Apostolum
2977 2192 3046 2243 ad
3096 2188 3385 2244 Romanos.
3418 2190 3497 2243 Αη
3547 2191 3809 2257 ignoratis

2229 2283 2353 2353 quia
2377 2283 2669 2351 quicunque
2694 2281 2941 2348 baptismi
2985 2297 3162 2334 sumus
3190 2281 3242 2333 in
3272 2278 3478 2334 Chris'o
3499 2321 3514 2344 ,
3548 2281 3600 2331 in
3636 2290 3810 2333 morte

2231 2375 2394 2440 ipsius
2430 2371 2677 2434 baptizati
2723 2370 2942 2424 sumus?
2971 2369 3267 2439 Consepulti
3299 2370 3433 2423 enim
3471 2386 3653 2423 sumus
3683 2386 3810 2422 cum

2231 2463 2323 2516 illo
2360 2478 2454 2531 per
2484 2463 2794 2531 baptismum
2818 2462 2872 2514 in
2915 2471 3153 2522 mortem,
3192 2472 3244 2513 ut
3275 2462 3532 2530 quomodo
3563 2461 3811 2516 Christus

2234 2554 2514 2609 resurrexit
2550 2571 2582 2607 a
2629 2554 2848 2606 mortuis
2889 2569 2981 2621 per
3026 2552 3249 2621 gloriam
3278 2551 3474 2615 Patris,
3501 2553 3573 2605 ita
3618 2564 3667 2606 et
3712 2571 3810 2607 nos

2232 2647 2285 2699 in
2309 2645 2533 2700 novitate
2557 2646 2671 2698 vita:
2721 2645 3043 2697 ambulemus
3087 2643 3264 2713 (Rom.
3296 2659 3371 2707 vt,
3400 2643 3453 2705 '5,
3489 2642 3564 2712 4),
3596 2654 3653 2698 et
3679 2660 3810 2700 cum

2235 2737 2473 2796 dixisset,
2509 2735 2795 2799 eonsepulti
2857 2734 3147 2804 magniﬁce,
3181 2732 3375 2802 adjecit
3428 2752 3442 2786 :
3483 2732 3564 2788 Si.
3607 2735 3806 2803 inquit,

2234 2831 2570 2898 comptantati
2591 2829 2720 2897 [acti
2742 2844 2922 2882 sumus
2944 2826 3273 2880 similitudini
3290 2826 3467 2880 mortis
3490 2826 3625 2895 ejus,
3645 2826 3812 2880 simul

2232 2934 2279 2975 et
2317 2919 2711 2974 resurrectionis
2758 2919 2952 2971 erimus
3003 2915 3194 2987 (Ibid.,
3222 2916 3297 2986 5).
3337 2916 3488 2969 Sicut
3522 2931 3653 2985 ergo
3697 2917 3811 2972 Do-

2234 3012 2412 3065 minus
2442 3018 2624 3065 noster
2655 3005 2812 3062 Jesus
2840 3006 3089 3062 Christus
3117 3007 3286 3060 tribus
3311 3005 3518 3070 diebus,
3549 3015 3601 3060 et
3631 3007 3814 3063 tribus

2236 3098 2484 3153 noctibus
2529 3097 2885 3167 corporaliter
2923 3096 3024 3150 sub
3063 3106 3220 3150 terra:
3271 3095 3516 3166 sepulcro
3557 3096 3815 3151 conditus

2236 3189 2425 3245 fuisse‘
2450 3189 2797 3254 describitur,
2825 3196 2877 3243 et
2919 3189 3077 3242 homo
3114 3187 3183 3241 ita
3215 3186 3316 3241 sub
3365 3193 3593 3254 cognato
3649 3197 3817 3242 terra:

2236 3283 2500 3337 elemento
2541 3282 2680 3334 trina
2711 3281 2828 3333 vice
2858 3280 3136 3334 demersus
3156 3278 3417 3347 operitur,
3437 3292 3497 3332 ac
3522 3278 3601 3331 sic
3628 3277 3817 3332 vitalis

2238 3373 2543 3429 imitatione
2572 3372 2814 3443 mysterii
2841 3372 2966 3425 dum
2997 3371 3329 3439 demergitur
3354 3370 3638 3439 sepelitur,
3673 3370 3810 3424 dum

2237 3466 2482 3519 educitur
2515 3464 2827 3519 suscitatur.
2849 3462 2992 3516 Inter
3018 3462 3130 3515 lucc
3161 3462 3287 3530 quid
3316 3462 3382 3516 ad
3420 3461 3535 3516 luce
3561 3476 3731 3531 aqua,
3761 3472 3816 3515 et

2238 3558 2364 3626 quid
2392 3555 2624 3624 Spiritus
2670 3565 2888 3608 sanctus
2912 3562 3168 3622 operetur
3201 3553 3440 3606 adverte.
3474 3551 3628 3620 Aqua
3663 3551 3819 3605 velut

2243 3648 2558 3703 morientem
2608 3645 2820 3700 deducit
2866 3646 2918 3698 in
2973 3643 3270 3707 tumulum,
3308 3642 3542 3713 Spiritus
3587 3651 3820 3696 sanctus

2243 3740 2387 3793 velut
2426 3748 2794 3809 resurgentem
2823 3737 3067 3805 perducit
3111 3736 3176 3789 ad
3218 3736 3434 3790 coelum.
3465 3734 3655 3790 Utrum
3684 3750 3820 3789 vero

2244 3831 2407 3883 homo
2463 3830 2745 3898 baptizet,
2804 3843 2871 3881 an
2921 3827 3107 3891 Deus;
3162 3828 3298 3880 ratio
3370 3825 3484 3894 ipsa
3549 3823 3815 3878 declarat.

2246 3920 2378 3975 Nam
2406 3935 2527 3976 cum
2574 3928 2858 3989 peccatore
2897 3918 3210 3986 baptizante
3266 3922 3487 3985 peccata
3518 3914 3818 3977 donentur,

2247 4015 2371 4069 dum
2404 4026 2785 4080 nonnunquam
2835 4010 3155 4072 criminoso,
3191 4007 3438 4077 baptismi
3494 4003 3817 4076 mysterium

2248 4106 2595 4163 celebrante.
2649 4101 2874 4157 erimina
2939 4099 3308 4157 remittuntur.
3357 4097 3446 4150 hic
3503 4096 3665 4149 homo
3724 4095 3819 4163 qui

2250 4198 2461 4252 videtur
2517 4195 2766 4250 conferre
2816 4192 2959 4262 quod
3026 4205 3129 4245 non
3181 4189 3392 4251 habet,
3442 4188 3628 4255 utique
3677 4184 3819 4239 una

2252 4286 2491 4342 tuuneris
2557 4299 2664 4338 non
2738 4291 2966 4345 auctor,
3011 4280 3103 4334 sed
3168 4276 3411 4331 minister
3460 4273 3816 4343 intelligitur,

2253 4378 2392 4432 unde
2419 4376 2580 4431 etiam
2607 4373 2844 4443 Baptista
2899 4371 3012 4439 ipse
3045 4367 3379 4423 saetissimus
3422 4364 3495 4418 ait
3528 4381 3542 4416 :
3582 4361 3687 4427 Qui
3740 4378 3821 4416 ms

565 4493 952 4553 reverentiam,
982 4490 1120 4543 sciat
1151 4486 1358 4542 rotundi
1395 4487 1446 4540 in
1482 4485 1572 4540 Dei
1604 4484 1877 4552 iujuriam,
1908 4485 1997 4554 qui
2025 4483 2099 4537 ait
2127 4500 2136 4538 :

2252 4468 2393 4521 misit
2437 4465 2699 4534 baptizare
2741 4463 2849 4531 ipse
2888 4460 3016 4513 mihi
3054 4458 3187 4512 dixit
3214 4471 3232 4509 :
3256 4455 3427 4524 Super
3448 4470 3595 4523 quem
3629 4452 3820 4507 videris

574 4587 694 4643 Nisi
719 4586 835 4655 qitis
860 4594 1066 4636 renatus
1096 4580 1249 4649 fuerit
1276 4595 1340 4632 ex
1369 4595 1506 4649 aqua
1537 4588 1582 4631 et
1616 4577 1802 4645 spiritu
1840 4591 1942 4628 non
1982 4584 2144 4642 potest

568 4679 788 4735 introire
816 4677 872 4729 in
896 4689 1106 4743 regnum
1134 4670 1226 4724 Dei
1249 4670 1427 4738 (Joan.
1459 4685 1547 4732 ut,
1581 4667 1656 4734 5).
1691 4666 1954 4720 Salutaris
1985 4665 2147 4733 igitur

570 4766 866 4837 disciplina:
896 4762 1067 4833 gratia
1116 4768 1220 4821 est,
1252 4755 1497 4826 baptismi
1545 4760 1805 4810 rationem
1859 4768 2019 4808 nosse
2064 4752 2145 4805 vel

566 4873 814 4920 causam,
846 4854 985 4906 sicut
1022 4848 1303 4919 Apostolus
1333 4848 1407 4900 ait
1436 4866 1449 4900 :
1498 4846 1557 4901 Si
1588 4846 1723 4899 enim
1748 4845 1938 4897 mortui
1966 4858 2146 4896 sumus

569 4965 690 5003 cum
716 4944 949 5004 Christo,
981 4940 1238 4994 credimus
1269 4937 1391 5001 quia
1415 4934 1572 4989 simul
1594 4935 1816 4988 vivemus
1840 4950 1956 4986 cum
1979 4929 2133 4984 Chriv

568 5047 676 5089 sto.
713 5032 994 5104 (Joan.vr,
1023 5028 1100 5098 8).
1142 5026 1413 5082 Counnuri
1460 5025 1603 5080 enim
1654 5037 1775 5076 eum
1823 5022 2142 5082 Christo,ct

576 5123 791 5194 sepeliri
826 5122 893 5175 ad
925 5122 1028 5175 hoc
1059 5116 1245 5179 tendit,
1282 5124 1339 5168 ut
1367 5130 1487 5169 cum
1514 5113 1604 5166 illo
1639 5125 1924 5182 resurgere
1976 5109 2151 5178 possi-

574 5233 719 5281 mus,
747 5223 802 5269 et
841 5229 963 5269 cum
998 5212 1086 5266 illo
1123 5211 1323 5264 vivere.
1358 5205 1462 5261 Sed
1492 5205 1627 5260 dicis
1652 5203 1781 5259 mihi
1817 5222 1830 5258 :
1871 5203 2162 5269 Quomodo.

572 5309 682 5363 hoc
712 5305 854 5376 quod
882 5306 949 5358 ad
984 5302 1263 5361 defunctos
1293 5298 1541 5370 pertinet,
1569 5296 1621 5350 in
1655 5294 1957 5349 viventibus
1983 5294 2152 5362 possit

576 5394 825 5464 impleri?
870 5391 1124 5446 Dominus
1176 5384 1556 5442 iicsterchsus
1593 5383 1844 5439 Christus
1891 5381 2151 5435 beneﬁcia

573 5484 737 5539 nobis
762 5496 855 5536 sua
886 5495 983 5550 pro
1004 5487 1184 5531 nostra
1208 5476 1379 5530 salute
1404 5474 1808 5537 commendans,
1836 5479 1891 5524 ct
1920 5470 2152 5524 soll.c:te

653 5613 765 5682 (9.0)
804 5610 1206 5665 Caterhumenos
1251 5603 1554 5673 baptizatos.
1585 5597 1864 5682 INonnulla
1900 5600 2152 5682 videntur

581 5669 791 5744 deesse,
821 5692 872 5736 et
912 5695 1093 5733 revera
1126 5669 1325 5729 sensus
1366 5689 1469 5744 nou
1502 5672 1775 5744 _coh:vret_._
1821 5669 2056 5744 liabetur
2089 5671 2140 5719 in

573 5739 1028 5808 ea.:e.irttostrunt
1071 5746 1345 5815 baptisma.
1381 5743 1467 5796 Sic
1498 5740 1685 5794 Patres
1714 5741 1838 5793 olim
1870 5739 1921 5792 in
1954 5747 2147 5791 neutro

2251 4558 2504 4628 Spiritum
2532 4564 2768 4609 sanctum
2812 4553 3203 4606 descendentem
3241 4558 3290 4602 et
3334 4560 3623 4602 maneuiem
3662 4562 3823 4613 super

2249 4670 2386 4716 eum,
2412 4652 2495 4704 hic
2509 4660 2582 4705 est
2603 4650 2693 4720 qui
2714 4650 2939 4717 baptizat
2955 4650 3008 4701 iu
3032 4646 3234 4717 Spiritu
3250 4641 3623 4712 suurtoanu.
3648 4656 3687 4704 ι,
3702 4639 3819 4710 35).

2249 4744 2402 4810 Quod
2430 4742 2686 4796 nimirum
2723 4741 2834 4809 ipsa
2877 4738 3202 4809 baptizantis
3249 4734 3410 4791 verba
3452 4734 3681 4790 mini~tri
3726 4750 3824 4803 μιν

2252 4846 2427 4890 tenter
2452 4833 2749 4896 insinuant,
2790 4848 2910 4887 cum
2944 4829 3192 4900 baptismi
3220 4844 3373 4882 sacra
3404 4842 3625 4882 numera
3654 4842 3764 4880 nzm
3789 4843 3819 4879 ιι

2253 4944 2310 4982 se
2339 4935 2656 4997 arroganter
2684 4926 2823 4990 dari,
2850 4924 2943 4978 sed
2976 4923 3041 4978 ab
3066 4922 3184 4990 ipso
3215 4921 3323 4977 Deo
3355 4935 3571 4976 auctore
3602 4920 3823 4987 protite-

2253 5028 2361 5079 tur,
2396 5018 2494 5072 sub
2542 5016 2721 5071 verbis
2762 5013 3066 5083 bujusmodi
3094 5030 3107 5065 :
3138 5011 3279 5066 Deus
3303 5011 3393 5081 qt.t'
3434 5021 3482 5063 te
3507 5011 3817 5078 regenerarii

2248 5126 2312 5163 ea:
2333 5124 2470 5179 aqua
2498 5117 2546 5162 et
2566 5107 2774 5178 spiritu,
2798 5108 2977 5175 ipsete
3000 5103 3119 5157 linit
3154 5104 3430 5157 chrismate
3465 5099 3674 5153 salutis.
3703 5097 3819 5151 Non

2253 5197 2412 5267 igitur
2438 5195 2689 5249 audiendi
2732 5204 2877 5257 sunt,
2913 5193 3003 5263 qui
3045 5193 3230 5247 dicunt
3266 5190 3333 5244 ad
3376 5188 3533 5242 {idem
3578 5198 3820 5240 nostram

2253 5288 2568 5351 venientes,
2622 5284 2927 5355 specialiter
2975 5285 3043 5337 ab
3102 5282 3316 5337 homine
3372 5276 3675 5348 baptizari,
3741 5276 3821 5327 vvl

2254 5379 2587 5434 Christianos
2653 5375 2883 5445 primum
2955 5382 3050 5427 aut
3112 5372 3529 5426 catechumenos
3580 5365 3822 5434 baptiza-

2256 5479 2338 5523 tos
2370 5468 2481 5531 (20)
2515 5485 2528 5520 :
2555 5466 2696 5522 auod
2729 5466 2945 5519 uuidetn
2977 5463 3212 5519 haeretici
3241 5462 3307 5515 de
3336 5460 3574 5515 Baptista
3612 5456 3819 5512 Joanne

2254 5587 2723 5669 usurpabanﬂsic
2774 5598 2965 5666 sacpius
3019 5597 3070 5648 ia
3122 5582 3599 5648 constitutionibus
3639 5585 3817 5644 Caroli

2212 5702 2225 5717 ο
2251 5671 2424 5741 Magni
2455 5669 2734 5737 reperitur.
