3974 5374
157 272 247 327 201

1559 249 1920 311 ΕΡιδτοίιᾹΞ

3290 249 3401 305 202

153 376 368 450 intelligi
400 374 610 430 volunt.
631 371 736 428 Sed
765 372 887 442 quis
909 384 1032 426 eum
1059 368 1515 426 catechumenum
1543 365 1727 422 dicere
1752 369 1805 427 Α
1830 359 1962 414 vidit
1979 358 2339 450 expiameuta,
2366 364 2451 450 ut,
2479 355 2606 428 quia
2637 369 2831 450 corpus
2859 370 3035 450 suum,
3066 358 3208 427 quod
3238 361 3407 416 semel

156 468 379 527 audeat?
414 466 537 537 qui,
565 464 740 519 adhuc
779 463 835 517 in
875 471 1028 516 utero
1051 458 1264 524 matris,
1301 455 1506 527 Spiritu
1542 462 1733 510 sancto

153 571 228 620 est
251 557 522 627 repletus,
551 554 646 624 qui
677 554 903 625 gratiam
935 559 1061 606 ante
1084 550 1271 613 vitam,
1301 544 1731 602 benedictionem

154 650 344 707 meruit
376 646 609 702 haurire
636 653 923 713 antequam
954 640 1160 696 lucem?
1179 638 1293 708 qui,
1314 636 1382 691 ad
1410 634 1734 705 baptismum

152 742 468 814 praelectus
493 753 528 792 a
562 737 812 803 Domino,
841 734 958 805 ipso
981 730 1234 800 baptismi
1276 727 1451 783 oﬁicio
1486 733 1569 780 est
1611 738 1736 778 san-

156 834 461 889 ctiﬁcatus:
500 829 649 898 quod
690 825 907 896 quidem
936 822 1261 892 baptismum
1305 818 1405 874 sub
1449 815 1735 871 Trinitatis

155 929 498 981 sacramento
544 919 747 972 factum
776 915 968 987 legitur
992 930 1009 979 ;
1033 912 1249 967 dicente
1286 908 1430 964 enim
1460 906 1687 960 Domino
1717 919 1731 957 :

156 1014 253 1069 llic
281 1020 361 1067 est
391 1009 445 1065 F
448 1010 576 1065 ilius
617 1024 764 1063 meus
792 1005 1009 1061 dilectus
1044 1001 1262 1069 (Matth.
1306 1014 1441 1063 xvu,
1470 996 1550 1066 5),
1578 995 1736 1049 Pater

156 1108 203 1163 in
226 1119 385 1164 voce.
412 1102 659 1173 Spiritus
688 1106 905 1155 sanctus
949 1096 1003 1150 in
1038 1092 1220 1164 specie
1256 1090 1542 1153 columbae,
1570 1085 1736 1141 Filius

156 1196 390 1252 adfuisse
443 1193 714 1263 probatur
761 1188 814 1243 in
866 1199 1118 1256 corpore.
1160 1182 1443 1238 Postremo
1476 1179 1545 1233 de
1587 1186 1734 1233 cate-

155 1286 421 1342 chumeno
460 1280 715 1350 Baptista
743 1292 852 1332 non
893 1289 1010 1340 nos,
1049 1272 1144 1328 sed
1196 1272 1372 1339 ipsum
1397 1266 1737 1339 baptismatis

155 1374 561 1433 calumniantur
596 1376 897 1424 auctorem.
939 1363 1196 1420 Nostrum
1237 1376 1371 1416 vero
1410 1359 1738 1429 baptismum

156 1464 408 1523 conditor
430 1476 497 1516 ac
518 1458 836 1527 redemptor
858 1452 1092 1509 instituit
1111 1452 1300 1507 dicens
1321 1467 1335 1504 :
1363 1447 1738 1516 Ite,baptizale

157 1570 328 1609 omns
354 1559 533 1622 gentes
572 1548 631 1603 in
672 1545 879 1601 nomine
912 1541 1115 1605 Patris,
1149 1551 1197 1595 et
1242 1538 1390 1605 Filii,
1428 1548 1479 1593 et
1510 1536 1737 1606 Spiritus

155 1642 319 1696 sancti
365 1636 593 1711 (Matth.
644 1650 840 1701 xxvttt,
889 1632 997 1707 l9).
1035 1630 1092 1685 In
1135 1646 1242 1701 quo
1287 1643 1416 1684 sane
1458 1625 1736 1697 mysterio,

157 1696 392 1802 Spiritus
422 1735 650 1784 sanctus
677 1696 836 1781 Patri
853 1734 910 1782 et
937 1696 1075 1779 Filio
1099 1696 1449 1793 iamparabili
1476 1696 1739 1775 societate
1769 1696 1814 1756 Β

156 1823 517 1886 murtectitur,
564 1829 627 1875 et
661 1829 947 1890 propterea
984 1818 1042 1872 in
1083 1815 1302 1872 Christo
1331 1811 1507 1870 renati
1545 1809 1741 1864 merito

156 1929 278 1970 eum
306 1913 436 1968 vitae
465 1919 755 1966 auctorem
786 1908 1038 1972 credunt,
1069 1905 1189 1961 sine
1213 1917 1322 1972 quo
1348 1900 1569 1956 omnino
1594 1896 1740 1953 cele-

159 2004 303 2060 brari
330 2004 459 2057 vita:
487 2006 829 2055 sacramenta
856 2012 968 2052 non
997 2003 1242 2067 possunt.
1268 1991 1386 2063 Ipse
1410 1988 1554 2045 enim
1581 1984 1743 2043 cmic-

160 2096 322 2151 stium
351 2093 752 2150 charismatum
783 2095 990 2152 auctor,
1022 2087 1138 2154 ipse
1167 2080 1528 2153 spiritualium
1560 2092 1746 2134 mune-

160 2200 277 2240 rum
296 2184 673 2254 dispensator,
703 2179 818 2248 ipse
864 2175 1152 2231 criminum
1177 2170 1452 2227 absolutor
1475 2177 1529 2224 et
1549 2181 1742 2238 pecca-

162 2285 336 2330 torum
378 2273 666 2328 remissor.
715 2267 886 2336 Quem
929 2266 1077 2322 enim
1122 2260 1275 2316 vides
1319 2268 1527 2313 natura:
1564 2255 1744 2310 debita

161 2365 363 2425 laxare,
388 2371 672 2418 auctorem
692 2372 956 2430 cognosce
978 2364 1205 2410 naturae.
1225 2353 1317 2408 Sic
1342 2351 1487 2405 enim
1508 2346 1744 2417 Spiritus

162 2460 381 2507 sanctus
405 2452 483 2506 ita
506 2451 672 2505 unius
693 2456 779 2503 est
794 2461 919 2502 cum
948 2445 1111 2498 Patre
1130 2441 1406 2512 potentiae,
1436 2447 1516 2502 ut,
1545 2437 1598 2490 in
1627 2433 1745 2501 ejus

165 2541 598 2612 comparatione,
626 2536 766 2593 nihil
799 2534 1030 2605 amplius
1066 2542 1305 2602 paternae
1343 2527 1515 2600 possit
1545 2523 1743 2580 ascribl

163 2630 344 2702 gloria:
372 2628 459 2682 vel
492 2636 723 2682 natura}.
1608 2690 1615 2697 ἱ

221 2718 344 2774 Jam
373 2732 525 2773 nunc
548 2717 618 2770 ad
656 2714 786 2769 illud
816 2711 1080 2769 Dominici
1112 2708 1358 2780 corporis
1384 2714 1442 2761 et
1472 2702 1749 2773 sanguinis

166 2817 502 2863 transeamus
528 2803 842 2862 venerabile
883 2809 1310 2862 sacramentum,
1346 2795 1491 2866 quod
1529 2793 1745 2863 quidem

164 2910 365 2959 tantum
392 2896 746 2952 formidabile
775 2903 861 2951 est
881 2893 947 2948 ad
976 2890 1333 2961 loquendum:
1358 2893 1617 2957 quantum
1640 2898 1747 2939 non

164 2996 464 3051 terrenum,
501 2986 598 3040 sed
625 2983 848 3039 cmleste
870 2990 953 3037 est
984 2977 1333 3052 mysterium;
1364 2991 1470 3029 non
1498 2975 1748 3028 humana:

164 3077 515 3133 :estimationi
556 3073 943 3145 comparabile,
974 3073 1067 3128 sed
1105 3069 1462 3135 admirabile;
1501 3083 1606 3122 non
1637 3066 1749 3123 dis-

166 3169 481 3239 putandum,
539 3165 636 3223 sed
679 3163 1048 3220 metuendum.
1095 3162 1171 3216 De
1224 3175 1332 3230 quo
1374 3159 1532 3214 silere
1574 3158 1751 3227 potius

167 3260 567 3314 astimaveram
609 3271 769 3325 quam
817 3254 1106 3310 temeraria
1134 3249 1500 3320 disputatione
1536 3247 1752 3317 indigne

168 3349 359 3419 aliquid
370 3348 642 3412 deﬁnire;
668 3347 792 3417 quia
818 3344 1059 3401 caelestis
1083 3342 1311 3396 altitudo
1331 3338 1573 3411 mysterii
1595 3337 1753 3408 plane

168 3456 268 3497 non
284 3440 435 3496 valet
447 3436 630 3494 oﬁicio
647 3437 840 3507 linguae
859 3432 1225 3503 corruptibilis
1245 3430 1463 3500 exponi.
1495 3428 1586 3484 Est
1609 3428 1753 3482 enim

168 3530 493 3603 mysterium
527 3527 635 3582 ﬁde
671 3542 777 3582 non
819 3524 1002 3594 specie
1036 3521 1437 3584 aestimandum,
1486 3534 1593 3573 non
1634 3517 1753 3571 visu

168 3627 456 3691 corporeo,
500 3615 600 3673 sed
645 3615 839 3684 spiritu
880 3611 1224 3669 intuendum.
1271 3607 1372 3665 Cui
1418 3608 1636 3680 quidem
1687 3606 1756 3662 ad

169 3726 319 3770 ustum
351 3707 593 3780 profuit,
626 3721 731 3761 non
766 3704 1144 3775 superstitiosa
1179 3700 1490 3757 mortalium
1521 3698 1754 3762 cultura,

170 3800 263 3854 sed
306 3797 557 3855 calestis
611 3794 910 3865 disciplinae
956 3792 1214 3862 magistra
1266 3791 1589 3853 auctoritas,
1648 3804 1755 3844 non

172 3890 419 3945 doctrina
442 3888 701 3951 humana,
716 3886 813 3940 sed
828 3884 1098 3940 institutio
1124 3879 1508 3949 divina.Cujus
1523 3880 1759 3949 potentis

174 3977 429 4048 mysterii
458 3984 731 4031 secretum
760 3972 1196 4043 quandoquidem
1226 3970 1366 4025 ratio
1399 3983 1580 4023 rerum
1620 3967 1761 4022 mole

171 4070 315 4125 victa
356 4067 830 4138 comprehendere
876 4078 983 4120 non
1031 4063 1192 4129 valet,
1239 4062 1345 4118 huc
1390 4070 1596 4116 tantum
1625 4060 1762 4118 ﬁdes

172 4166 380 4223 teneat,
412 4157 543 4226 quia
572 4153 837 4225 quidquid
886 4154 1029 4207 inter
1074 4151 1322 4206 homines
1363 4149 1505 4206 Deus
1531 4149 1642 4220 egit
1666 4158 1763 4208 aut

172 4250 421 4320 pertulit,
449 4261 612 4303 causa
645 4245 902 4302 servandi
948 4233 1170 4298 humani
1219 4242 1434 4314 generis
1477 4242 1565 4297 vel
1606 4256 1762 4312 repa-

1834 466 1934 520 pro
1962 451 2119 507 nobis
2145 449 2406 505 offerebat
2434 449 2488 502 in
2525 448 2779 518 pretium,
2804 442 2975 518 ‘paulo
3002 457 3120 518 post
3148 465 3180 504 a
3207 452 3406 509 matris

1834 542 2039 597 visibus
2067 540 2377 596 sublaturus
2405 538 2580 594 fuerat
2608 540 2659 593 in
2695 539 2917 606 cmlum,
2964 556 3034 595 ne
3061 540 3254 599 sublati
3285 558 3407 597 cor-

1834 632 1980 700 poris
2016 630 2394 685 fraudaremur
2428 629 2679 698 praesenti
2712 631 3028 696 munimine,
3056 634 3299 702 corporis
3326 635 3410 689 ni-

1838 721 2125 776 hilominus
2168 730 2224 774 ct
2274 719 2555 788 sanguinis
2600 720 2682 774 sui
2735 721 2928 791 pignus
2968 721 3206 778 salutare
3251 724 3410 781 nobis

1838 811 2076 879 reliquit,
2111 825 2219 863 non
2258 810 2435 863 inanis
2477 809 2715 880 mysterii
2759 810 3084 880 symbolum,
3124 813 3218 868 sed
3260 829 3406 870 com-

1836 902 2125 972 paginante
2149 899 2354 970 Spiritu
2377 910 2566 955 sancto
2594 915 2791 971 corpus
2813 900 3016 958 Christi
3041 919 3250 969 verum,
3268 908 3412 975 quod

1837 992 2148 1063 quotidiana
2174 991 2522 1046 veneratione
2539 1030 2555 1056 ,
2578 991 2679 1047 sub
2707 991 2902 1047 visibili
2945 1002 3207 1050 creatura:
3236 996 3410 1052 forma

1838 1082 2183 1138 invisibiliter
2208 1082 2381 1136 virtus
2412 1091 2619 1137 secreta
2645 1082 2699 1135 in
2729 1083 2903 1139 sacris
2930 1084 3263 1141 solemnibus
3285 1102 3415 1158 ope-

1839 1184 2010 1230 ratur.
2037 1174 2113 1229 De
2140 1189 2248 1244 quo
2275 1174 2373 1229 sub
2395 1174 2527 1229 hora
2553 1174 2820 1245 passionis
2850 1190 2961 1230 suae
2990 1177 3105 1246 ipse
3128 1177 3277 1233 famil
3299 1180 3413 1233 ari-

1838 1268 1938 1321 bus
1966 1264 2079 1320 suis
2107 1264 2182 1318 ait
2207 1281 2221 1317 :
2257 1263 2368 1317 Hoc
2390 1274 2465 1317 est
2491 1280 2677 1335 corpus
2699 1264 3097 1337 meum(tllault.
3116 1282 3263 1333 χχχι,
3285 1269 3410 1341 26);

1839 1364 1893 1410 et
1914 1353 2075 1426 paulo
2094 1362 2253 1424 post:
2277 1351 2378 1407 Hic
2401 1364 2475 1408 est
2501 1355 2715 1424 sanguis
2737 1371 2881 1410 meus
2921 1354 3057 1411 Nori
3079 1357 3415 1424 Tutamenti,

1839 1444 1928 1513 qui
1973 1459 2067 1513 pro
2113 1445 2251 1497 vobis
2293 1442 2542 1511 fundatur
2592 1443 2790 1514 (lbid.,
2830 1443 2967 1516 28);
3010 1455 3064 1500 et
3112 1447 3279 1502 alili:
3313 1446 3430 1514 Qui

1840 1535 2121 1587 manduca!
2150 1550 2318 1587 meam
2348 1550 2578 1598 carnem,
2617 1544 2664 1588 et
2705 1536 2830 1589 bibit
2870 1553 3039 1591 meum
3083 1540 3413 1609 sanguinem,

1838 1624 1893 1677 in
1914 1640 1994 1677 me
2021 1633 2214 1690 manet,
2245 1634 2292 1678 et
2316 1640 2409 1695 ego
2436 1625 2491 1677 in
2517 1641 2576 1678 eo
2599 1623 2782 1693 (Joan.
2804 1641 2882 1691 Vl,
2911 1627 3002 1692 55,
3024 1627 3136 1699 57).
3158 1628 3275 1695 Qua
3299 1629 3419 1684 veri

1841 1714 2086 1784 magistri
2126 1715 2451 1771 auctoritate
2493 1716 2742 1783 animati,
2779 1718 2906 1773 dum
2950 1721 3162 1790 corpori
3196 1729 3251 1776 et
3284 1734 3417 1775 san-

1839 1805 1987 1876 guini
2022 1803 2138 1873 ejus
2177 1806 2675 1872 communicamus,
2737 1810 3002 1865 audenter
3039 1810 3273 1866 fatemur
3317 1827 3419 1867 nos

1842 1895 1898 1949 in
1924 1911 2120 1969 corpus
2146 1896 2290 1952 illius
2313 1896 2645 1963 transfundi,
2667 1907 2723 1954 et
2750 1898 2924 1969 ipsum
2938 1900 2990 1954 in
3012 1901 3166 1957 nobis
3179 1918 3419 1958 manere.

1841 1987 1900 2041 lu
1924 1986 2083 2043 nobis
2109 1988 2283 2058 ipsum
2312 2002 2532 2043 manere
2552 1989 2692 2054 dico,
2726 2005 2837 2046 non
2868 1991 3042 2046 solum
3071 2008 3168 2061 per
3193 2009 3423 2050 concor-

1844 2079 1987 2133 diam
2014 2079 2324 2144 voluntatis,
2352 2079 2446 2134 sed
2475 2080 2639 2135 etiam
2666 2094 2764 2150 per
2792 2092 2999 2138 naturae
3024 2083 3187 2139 unita:
3218 2087 3421 2140 verita-

1845 2176 1976 2223 tem.
2011 2166 2068 2222 Si
2095 2167 2241 2223 enim
2269 2166 2506 2221 Verbum
2528 2182 2661 2222 caro
2702 2167 2905 2224 factum
2945 2179 3048 2236 est,
3079 2181 3133 2226 et
3171 2188 3269 2227 nos
3297 2189 3424 2230 vere

1845 2258 2082 2315 Verbum
2110 2273 2331 2315 carnem
2367 2259 2488 2314 cibo
2514 2258 2792 2315 Doniinico
2820 2262 3083 2318 sumimus
3101 2303 3116 2327 ,
3151 2269 3424 2333 quomodo

1844 2363 1951 2403 non
2000 2347 2321 2402 naturaliter
2363 2346 2611 2402 Christus
2650 2348 2705 2402 in
2758 2350 2915 2404 nobis
2965 2366 3186 2406 manere
3232 2353 3426 2409 existi—

1846 2438 2075 2495 mandus
2108 2439 2226 2494 est?
2255 2439 2349 2509 qui
2384 2447 2439 2494 et
2482 2448 2732 2493 naturam
2763 2442 2943 2496 carnis
2973 2452 3170 2498 nostrae
3193 2442 3306 2511 jam
3342 2446 3427 2500 in-

1846 2528 2203 2600 separabilem
2250 2529 2352 2584 sibi
2385 2530 2546 2583 homo
2572 2538 2731 2584 natus
2756 2530 3068 2600 assumpsit,
3100 2541 3154 2587 et
3172 2544 3423 2589 naturam

1844 2621 2027 2677 carnis
2063 2635 2174 2675 sua:
2198 2621 2263 2673 ad
2294 2629 2541 2674 naturam
2575 2621 2893 2677 aeternitatis
2930 2623 3030 2677 sub
3078 2635 3423 2681 sacramento

1846 2712 2003 2768 nobis
2036 2710 2498 2766 communicanda:
2526 2709 2712 2764 carnis
2752 2711 3077 2767 admiscuit?
3101 2712 3178 2767 lta
3213 2729 3343 2785 ergo
3370 2715 3426 2769 itt

1848 2803 1958 2858 Deo
1980 2816 2196 2864 sumus,
2224 2801 2349 2869 quia
2382 2800 2511 2855 etin
2533 2799 2751 2856 Christo
2780 2800 2942 2857 Pater
2966 2810 3050 2858 est
3096 2815 3150 2858 et
3180 2802 3429 2860 Christus

1848 2892 1902 2946 in
1944 2891 2101 2946 nobis
2145 2899 2247 2944 est.
2299 2889 2432 2945 Cum
2477 2906 2607 2945 vero
2646 2891 2699 2945 in
2742 2906 2801 2947 re
2845 2894 2991 2949 omni
3036 2894 3145 2948 sint
3168 2910 3299 2966 erga
3329 2910 3429 2953 nos

1854 2979 2255 3036 inaestimabiles
2269 2980 2470 3035 divitia:
2495 2979 2610 3045 Dei,
2640 2981 2775 3036 adeo
2803 2991 2864 3036 ut
2891 2983 3171 3053 majestate
3195 2986 3431 3042 abscon-e

1852 3076 1963 3132 dita
1991 3071 2345 3144 corruptibile
2389 3086 2487 3144 pro
2528 3073 2683 3130 nobis
2710 3088 2904 3147 corpus
2940 3075 3203 3143 induerit;
3234 3087 3428 3133 contu-

1852 3164 2028 3220 meliis
2062 3173 2117 3219 et
2160 3164 2500 3234 passionihus
2540 3165 2860 3233 subdiderit,
2901 3181 3009 3237 quo
3055 3184 3212 3238 opem
3260 3169 3434 3227 ferret

1852 3264 2129 3325 assumpto
2190 3254 2429 3320 homini;
2494 3255 2624 3324 quid
2683 3256 2957 3326 indignum
3028 3258 3138 3314 Deo
3197 3259 3430 3328 iudicari

1852 3352 2064 3416 potest,
2106 3344 2199 3416 qui
2248 3352 2461 3399 uterum
2511 3345 2747 3417 Virginis
2794 3347 2988 3414 subiit,
3034 3349 3080 3404 si
3134 3350 3435 3421 virginibus

1855 3436 2052 3492 creatis
2075 3434 2410 3491 infunditur?
2444 3450 2563 3504 qua:
2587 3436 2712 3492 licet
2739 3438 2999 3507 simplicis
3025 3449 3234 3495 natura:
3270 3442 3433 3513 paulo

1856 3536 1981 3581 ante
2016 3523 2309 3595 praeferant
2335 3523 2647 3593 imaginem,
2672 3528 3013 3596 postmodum
3049 3529 3305 3594 caelestis,
3339 3531 3433 3587 ubi

1804 3676 1808 3682 |
1856 3615 2280 3671 sanctiﬁcatione
2318 3614 2578 3687 inspirata
2618 3617 2874 3687 majestas
2922 3633 3048 3673 vera
3092 3618 3436 3687 dill‘unditnr,

1857 3716 1913 3763 et
1953 3722 2071 3776 qua:
2096 3705 2399 3763 substantia
2425 3706 2581 3775 panis
2613 3714 2669 3761 et
2698 3708 2806 3761 vini
2832 3708 3131 3777 apparebat
3170 3708 3458 3775 exterius,“

1852 3797 1965 3866 jam
2012 3812 2208 3867 corpus
2256 3795 2455 3851 Christi
2500 3805 2556 3850 et
2595 3797 2814 3868 sanguis
2859 3802 2921 3852 tit
2968 3798 3214 3853 interius.
3261 3796 3437 3854 Gustu

1860 3890 2022 3961 igitur
2058 3897 2113 3942 et
2157 3885 2278 3941 vide
2316 3901 2478 3955 quam
2506 3887 2686 3941 suavis
2717 3888 2889 3950 cibus,
2919 3898 2976 3943 et
3011 3898 3264 3959 pergusta
3305 3887 3439 3958 quid

1859 3983 2020 4050 sapit.
2069 3976 2239 4049 Sapit,
2285 3979 2341 4032 ni
2387 3976 2563 4042 fallor,
2601 3978 2783 4033 cibum
2816 3978 2963 4033 illum
2998 3980 3295 4051 angelicum
3341 3981 3438 4037 bit-.-

1859 4071 2078 4126 bentem
2106 4071 2249 4124 intra
2270 4084 2329 4123 se
2357 4069 2568 4139 mystici
2595 4069 2804 4138 saporis
2832 4069 3437 4136 delectamentum,non

1861 4164 2002 4233 quod
2040 4176 2136 4217 ore
2180 4161 2482 4225 discernes,
2524 4162 2618 4216 scd
2654 4163 2795 4230 quod
2837 4160 3029 4216 all’ectu
3058 4161 3302 4227 interiori
3341 4163 3439 4217 da-

1862 4263 2064 4325 gusles.
2121 4252 2293 4307 Exere
2323 4252 2561 4323 palatum
2591 4253 2712 4308 ﬁdei
2732 4293 2745 4315 ,
2778 4253 2941 4307 dilat‘a
2976 4252 3159 4309 fauces
3189 4254 3327 4323 spei,
3358 4254 3440 4307 vi-

175 4342 332 4397 randi
361 4341 536 4413 gratia
563 4338 666 4394 fuit
690 4358 704 4393 :
738 4340 793 4393 in
820 4353 929 4408 quo
948 4336 1214 4394 beneﬁcia
1233 4351 1352 4401 sua,
1374 4350 1492 4406 quae
1514 4336 1581 4391 ab
1605 4335 1749 4390 initit

1866 4360 2017 4401 scera
2046 4343 2327 4399 charilatis
2364 4344 2613 4409 extende,
2637 4353 2691 4400 et
2717 4358 2868 4399 sume
2891 4359 3084 4413 panem
3118 4346 3260 4409 vitm,
3302 4342 3441 4400 intc-

177 4432 422 4497 dederat,
458 4432 539 4487 sic
588 4445 806 4501 semper
832 4428 1042 4492 dilexit,
1087 4437 1168 4493 ut,
1216 4428 1417 4482 nostris
1455 4426 1611 4482 malis
1637 4427 1764 4483 licet

175 4520 436 4586 oll'ensus,
455 4521 678 4592 pronior
697 4534 915 4588 semper
934 4519 1001 4573 ad
1025 4518 1408 4589 indulgentiam
1435 4516 1576 4574 foret
1600 4532 1763 4587 quam

174 4613 253 4668 ad
296 4611 615 4667 vindictam.
659 4609 790 4664 inde
836 4616 922 4663 est
966 4609 1108 4677 quod
1155 4607 1518 4663 damnationis
1566 4616 1766 4663 nostra:

178 4703 658 4775 proscriptionem,
713 4715 879 4769 quam
924 4701 1084 4771 primi
1122 4700 1366 4770 parentis
1412 4699 1767 4769 transgressio

185 4792 575 4848 miserabiliter
624 4792 680 4845 in
736 4797 989 4859 posteros
1042 4790 1445 4852 transfuderat,
1502 4801 1771 4843 evacuare

180 4884 488 4953 disponens,
516 4882 704 4939 carnis
733 4888 937 4933 nostrae
974 4880 1332 4933 morticinium
1377 4879 1634 4948 suscepit,
1671 4893 1769 4948 per

183 4989 347 5044 quam
368 4974 697 5031 immortalis
711 4968 997 5025 moriendo
1007 4971 1332 5038 captivitatis
1342 4980 1540 5025 nostra:
1550 4983 1769 5025 causam

188 5064 443 5122 solvisset.
470 5066 603 5122 lude
631 5071 724 5119 est
745 5059 914 5130 quod,
942 5070 1240 5128 reparatam
1264 5063 1515 5118 humana:
1546 5061 1771 5134 originis

189 5159 488 5229 dignitatem
511 5160 700 5217 sciens
728 5165 952 5220 semper
981 5152 1248 5210 diabolum
1282 5154 1549 5223 invidere,
1579 5166 1636 5212 et
1677 5168 1773 5209 ne-

405 5268 508 5274 me-..
554 5261 680 5274 --.Α
734 5256 984 5274 ngam-noro
1028 5246 1256 5274 ηοιηηιΑ..
1300 5245 1567 5274 λιιηηξ..ιιησι
1626 5263 1653 5274 ιι
1688 5245 1769 5274 an:

192 5266 357 5274 ...ιι--..-

1864 4434 2023 4488 rioris
2043 4432 2278 4487 hominis
2304 4433 2643 4498 alimentum,
2676 4448 2781 4487 non
2812 4442 2931 4489 arte
2952 4434 3181 4503 pistoria
3203 4434 3440 4490 fermen-

1864 4533 2070 4591 tatum,
2111 4525 2204 4579 sed
2250 4524 2549 4579 incarnatus
2592 4524 2813 4578 deitatis
2868 4523 3035 4577 vitale
3077 4525 3437 4591 pulmenlmn.

1866 4615 2032 4669 Smne
2062 4614 2412 4670 nihilominus
2446 4614 2623 4666 vinum
2655 4628 2763 4666 non
2797 4612 3017 4667 sordido
3035 4612 3241 4667 cultore
3266 4612 3443 4667 calca-

1867 4712 2011 4765 tum.
2062 4704 2158 4758 sed
2216 4703 2284 4757 de
2333 4700 2589 4756 torculari
2627 4701 2804 4755 crucis
2855 4715 3191 4769 expressum.
3244 4700 3438 4765 Gustu,
3492 4760 3493 4763 η

1870 4794 2122 4860 inquam,
2148 4790 2387 4846 cmlestis
2413 4789 2595 4859 pabuli
2624 4788 2970 4854 suavitatem,
3005 4789 3098 4844 sed
3124 4803 3194 4843 ne
3218 4802 3446 4844 nausces

1872 4885 2070 4939 terreni
2115 4882 2378 4955 germinis
2408 4897 2676 4954 saporem.
2711 4881 2784 4935 De
2814 4880 2918 4934 ﬁde
2944 4882 3145 4936 etenim
3174 4880 3447 4936 interioris

1870 4974 2107 5029 hominis
2151 4972 2395 5044 procedit
2426 4974 2593 5028 divini
2629 4980 2816 5042 gustus
2862 4972 3094 5040 saporis,
3125 4971 3253 5026 dum
3301 4977 3451 5026 certe

1870 5081 1969 5136 per
1999 5066 2254 5122 salutaris
2283 5063 2629 5121 eucharistiz
2653 5057 2981 5117 inlusionem
3006 5063 3178 5119 inﬂuit
3200 5063 3453 5120 Christus

1874 5158 1928 5211 in
1953 5156 2165 5213 viscera
2195 5155 2388 5211 anima:
2421 5158 2712 5216 sumentis,
2745 5166 2905 5221 quem
2937 5155 3063 5213 diva
3101 5171 3253 5213 mens
3284 5155 3454 5212 castis

1874 5255 2029 5274 n..o\nI
2040 5247 2237 5274 -..ἰείη-η

2268 5246 2321 5274 ζει
2348 5260 2408 5274 nn
2455 5246 2699 5274 ..ἕλικι-ιιι
2735 5244 2901 5274 rnnmn
2940 5248 3167 5274 δ-ιΑηξ-κῖο
3222 5262 3321 5274 θ’..-
3354 5245 3454 5274 Iull-
