3974 5374
518 268 623 322 203

1489 271 1544 328 S.
1583 272 1927 341 FULBERTI
1956 276 2438 337 CARNOTENSIS
2467 281 2772 340 EPISCOPI

3672 286 3776 343 205

517 389 690 458 gloria
718 386 898 443 Patris
922 386 1223 442 sublimem.
1272 383 1430 441 Juxta
1461 402 1595 456 quas
1623 389 1829 457 species
1854 390 2103 445 (Tbristus
2132 394 2176 452 Α
2205 393 2443 450 caelestis
2468 396 2911 463 artiﬁcium,vidc
2934 401 3301 470 regenerantis
3321 386 3506 473 gratiae
3527 402 3776 461 mirabile

516 488 727 550 gratum
767 478 1215 533 communicantis
1244 477 1451 532 intrans
1479 478 1865 545 habitaculum,
1902 491 1998 546 tot,
2032 492 2089 535 ιιι

2192 494 2618 551 sacramentum,
2651 497 2703 540 et
2734 486 2959 543 adverte
2987 488 3039 543 in
3071 489 3189 545 istis
3228 491 3574 561 imperiosum
3611 490 3773 547 Verbi

515 573 589 629 ita
615 573 813 637 dicam,
845 570 1129 626 suavitatis
1159 569 1414 624 odoribus
1457 578 1690 625 mentem
1738 572 1929 637 reﬁcit,
1961 581 2090 642 quot
2189 575 2466 641 operantis
2503 575 2799 645 opiﬁcium,
2832 579 2986 648 cujus
3012 588 3144 634 nutu
3172 595 3351 635 rerum
3380 582 3676 649 elementa,
3708 584 3773 637 de

515 662 701 717 formis
737 660 941 716 iutisz
981 659 1327 717 revelationis
1374 659 1562 717 oculus
1604 660 1916 718 meditantis
1964 678 2086 717 eum

514 751 774 813 meruerit
802 750 1017 805 intueri.

570 842 690 899 ‘Ncc
718 857 916 903 vanum
960 842 1053 905 tibi
1083 842 1326 897 videatur
1353 842 1495 912 quod
1534 840 1690 912 juxta
1720 843 1914 899 anima:
1946 844 2086 899 desi-

509 933 750 989 derantis
792 934 1048 989 lntuitum
1088 933 1317 989 dicimus
1360 934 1636 988 Christum
1670 934 1894 990 formari
1944 936 2085 990 intra

507 1023 805 1095 prtecordia
853 1022 1324 1088 communicantis,
1381 1038 1501 1078 cum
1532 1038 1637 1077 non
1668 1024 1878 1079 nescias
1903 1033 2085 1094 patres

507 1124 724 1170 nostros
751 1113 950 1169 veteris
977 1114 1143 1168 eremi
1173 1112 1519 1168 solitudinem
1549 1125 1898 1185 peragrantes
1926 1117 2081 1185 pasti.

505 1206 604 1260 bus
630 1205 862 1261 refectos
887 1223 911 1272 ς⁴
931 1205 1125 1276 quibus
1152 1205 1323 1258 imber
1351 1203 1611 1258 fecundus
1638 1205 1816 1259 cibum
1843 1205 2083 1260 unicolo-

506 1308 641 1363 re’m,
674 1299 768 1353 sed
799 1298 997 1353 diversi
1020 1296 1228 1367 saporis
1251 1295 1450 1361 intulit,
1483 1306 1539 1352 et
1563 1286 1718 1366 juxta
1747 1296 2080 1366 singulorum

506 1390 802 1461 appetitum
834 1388 1153 1444 infundebat
1172 1388 1380 1457 saporis
1408 1387 1541 1441 varii
1572 1387 1995 1442 oblectamenta:
2024 1398 2081 1443 ut

501 1481 759 1552 quidquid
801 1480 1030 1536 aviditas
1075 1480 1503 1549 concupisceret,
1548 1479 1759 1535 occulta
1806 1478 2079 1550 largitoris

500 1569 832 1640 dispensatio
881 1568 1238 1633 subinferret;
1282 1568 1478 1638 quibus
1539 1567 1811 1637 praebebat
1862 1577 2076 1639 gustus,

498 1659 642 1726 quod
679 1659 963 1728 ignorabat
992 1666 1263 1728 aspectus,
1294 1658 1420 1727 quia
1445 1658 1591 1713 aliud
1616 1667 1735 1712 erat
1763 1659 1903 1728 quod
1926 1659 2074 1714 vide-

2190 662 2360 717 nihilo
2382 663 2435 716 in
2468 665 2609 719 hanc
2639 668 2821 721 mundi
2855 668 3082 723 formam
3115 670 3360 724 mutabili
3396 672 3591 726 ordine
3625 687 3776 726 com-

2187 751 2457 821 paginala,
2507 753 2940 824 inexplicabilem
2985 760 3102 828 ejus
3147 761 3440 828 potentiam
3481 762 3600 831 ipsa
3657 776 3769 816 sua:

2187 841 2604 910 pulchritudinis
2634 846 2814 914 specie
2845 854 3132 901 testantur.
3156 849 3212 903 Si
3235 864 3364 920 ergo
3386 851 3555 905 Deum
3589 849 3771 905 omnia

2184 944 2344 999 posse
2392 933 2591 998 credis,
2642 944 2698 988 et
2747 935 2850 990 hoc
2897 938 3245 1006 consequitur
3303 948 3361 992 ut
3404 940 3629 1005 credas;
3676 954 3773 994 nec

2184 1019 2434 1076 hmnanis
2464 1021 2921 1092 disputationibus
2939 1024 3252 1081 discernere
3264 1027 3513 1082 curiosus
3526 1027 3771 1091 insistes,

2185 1109 2229 1163 si
2257 1120 2534 1166 creaturas
2564 1127 2700 1181 quas
2725 1113 2792 1168 de
2822 1115 2993 1169 nihilo
3030 1117 3204 1186 potuit
3244 1132 3455 1183 creare,
3489 1117 3593 1171 has
3621 1117 3771 1186 ipsas

2183 1200 2353 1254 multo
2371 1201 2542 1271 magis
2557 1202 2798 1256 valeatin
2815 1204 3429 1260 cxcellentiorisnatune
3445 1205 3769 1275 dignitatem

2181 1300 2519 1362 convertere,
2549 1302 2604 1348 et
2630 1293 2684 1347 in
2716 1296 2795 1348 sui
2829 1296 3069 1365 corporis
3098 1298 3454 1352 substantiam
3490 1296 3774 1351 transfun-

2181 1381 2328 1435 dere.
2356 1380 2520 1436 Multo
2554 1384 2726 1453 magis
2760 1384 2902 1451 dico,
2928 1401 3033 1441 non
3058 1388 3199 1455 quod
3224 1387 3541 1442 inﬁrmioris
3570 1398 3769 1456 poten-

2182 1475 2269 1528 tiae
2326 1473 2378 1528 in
2426 1475 2587 1530 rebus
2632 1475 2882 1531 creandis
2929 1492 3092 1546 quam
3160 1477 3514 1531 immutandis
3552 1478 3769 1532 fuisset.

2181 1563 2285 1618 Sed
2335 1565 2582 1619 humanae
2623 1565 2861 1635 opinioni
2907 1566 3128 1633 usuale,
3167 1580 3272 1621 non
3320 1567 3518 1621 divinae
3569 1568 3769 1621 rationi

2178 1654 2564 1725 comparabile.
2590 1654 2715 1709 Ideo
2746 1656 2879 1710 ﬁdes
2908 1670 3018 1725 prae
3038 1657 3290 1711 omnibus
3311 1658 3468 1712 bonis
3488 1672 3766 1712 summum

499 1751 678 1813 batur,
723 1759 779 1805 et
826 1750 970 1805 aliud
1017 1750 1350 1805 sumebatur.
1391 1749 1600 1804 Desiste
1648 1749 1812 1818 igitur
1839 1748 2025 1803 mirari
2055 1765 2069 1802 :
2107 1738 2147 1796 Β
2182 1747 2428 1801 meritum
2456 1755 2576 1812 est;
2610 1748 2723 1801 htec
2745 1757 2797 1802 te
2834 1748 3050 1802 inducat
3074 1749 3141 1803 ad
3170 1748 3522 1812 credendum,
3554 1757 3608 1803 te
3635 1764 3770 1804 con-

497 1841 640 1910 quod
664 1840 799 1910 legis
829 1855 1025 1894 manna
1050 1840 1151 1894 sub
1175 1839 1363 1895 umbra
1391 1839 1781 1910 signabat,hoc
1807 1838 2072 1893 Dominiei

498 1932 744 2000 corporis
791 1929 977 1999 pandit
1024 1929 1226 1985 veritas
1272 1928 1568 2000 patefacta;
1627 1928 1839 1997 inquo
1884 1928 2075 1983 deiﬁca

497 2017 754 2088 majestas
779 2020 1104 2074 miseranter
1130 2028 1327 2073 nostrae
1349 2017 1649 2072 inﬁrmitati
1668 2017 2069 2084 condesccndit,

497 2117 707 2179 ut,an
754 2108 994 2163 alimenti
1033 2122 1229 2180 genere
1271 2122 1498 2178 corpora
1550 2107 1768 2163 aluntur
1814 2108 2067 2173 humana,

495 2200 636 2255 idem
653 2201 703 2255 in
723 2214 949 2269 corpore
963 2197 1288 2254 sensualiter
1310 2200 1502 2270 sapiat,
1519 2199 1610 2255 sed
1628 2200 1768 2253 Deus
1784 2199 1836 2253 in
1854 2206 2073 2269 pectore

493 2290 755 2358 perﬁciat,
776 2291 917 2345 sicut
946 2290 1059 2360 ipse
1087 2289 1162 2344 ait
1188 2305 1202 2343 :
1236 2288 1339 2354 Qui
1362 2288 1647 2344 mandarat
1676 2305 1776 2355 me,
1809 2290 1918 2358 ipse
1944 2287 2069 2342 vivet

490 2392 699 2452 propter
724 2397 823 2435 me.
849 2380 952 2435 Hic
981 2392 1056 2436 est
1090 2382 1242 2451 panis
1277 2383 1366 2450 qui
1386 2381 1450 2434 de
1485 2381 1610 2436 ra’lo
1638 2381 1924 2434 descendit.
1946 2378 2070 2433 Non

488 2473 623 2525 sicut
667 2471 1111 2529 manducaverunt
1148 2483 1322 2542 patres
1366 2473 1519 2526 restri
1550 2488 1745 2525 manna
1783 2471 1837 2525 in
1867 2471 2068 2524 deserto

490 2573 536 2616 et
578 2563 771 2616 mortui
812 2572 955 2617 sunt.
998 2562 1100 2628 Qui
1139 2565 1420 2617 manducet
1461 2565 1599 2617 hunc
1625 2579 1835 2634 panem,
1859 2563 1986 2616 vivet
2014 2563 2068 2616 in

490 2661 763 2705 a'tcmum.
792 2649 860 2704 Et
892 2653 1044 2721 panis
1089 2668 1239 2721 quem
1270 2669 1362 2723 ego
1391 2652 1545 2718 dabo,
1584 2666 1707 2706 caro
1738 2668 1851 2706 mea
1878 2660 1953 2705 est
1974 2667 2067 2721 pro

490 2741 674 2794 mundi
695 2741 795 2795 vita
810 2740 993 2812 (Jaan.
1009 2759 1088 2810 vt,
1101 2742 1213 2815 58).
1236 2742 1353 2799 Jam
1372 2742 1482 2812 jam
1510 2743 1696 2813 procul
1711 2744 2068 2798 removendus

487 2840 570 2886 est
600 2832 764 2888 totius
809 2831 1027 2888 lubricze
1056 2833 1340 2902 scrupulus
1381 2834 1667 2890 dubietatis
1694 2851 1707 2887 :
1735 2849 1858 2889 cum
1898 2834 1944 2889 is
1975 2833 2066 2903 qui
2115 2862 2119 2866 -

486 2932 570 2978 est
620 2932 810 2979 auctor
856 2925 1114 2991 muneris,
1169 2925 1326 2981 testis
1372 2934 1456 2981 est
1501 2926 1769 2981 veritatis.
1820 2925 2065 2980 Dubitari

485 3015 690 3071 etenim
719 3016 872 3071 nefas
896 3024 979 3072 est
1021 3017 1088 3072 ad
1134 3016 1286 3085 cujus
1326 3027 1515 3074 nutum
1567 3028 1761 3075 cuneta
1788 3019 1967 3075 subito
1997 3034 2061 3075 es

485 3106 657 3161 nihilo
692 3107 1073 3174 substiterunt,
1097 3108 1162 3174 si,
1186 3109 1303 3180 pari
1328 3110 1588 3178 potentia,
1619 3110 1673 3165 in
1702 3110 2067 3181 spiritualibus

487 3196 844 3252 sacramentis
897 3205 1111 3253 terrena
1142 3199 1417 3265 materies,
1443 3209 1648 3256 naturte
1673 3208 1728 3256 et
1751 3196 1964 3270 generis
1984 3202 2066 3257 sui

484 3286 738 3341 meritum
771 3287 1180 3355 transcenderis,
1221 3289 1277 3344 in
1302 3288 1506 3346 Christi
1540 3292 1895 3346 substantiam
1920 3304 2067 3348 coni-

486 3384 748 3456 mutetur,
775 3390 897 3431 cum
934 3376 1048 3446 ipse
1077 3376 1224 3433 dicat
1249 3395 1262 3431 :
1291 3377 1405 3432 Hoc
1446 3389 1520 3433 est
1550 3396 1737 3449 corpus
1768 3397 1938 3435 meum
1961 3398 1982 3447 ;
2011 3390 2065 3436 et

477 3467 643 3536 paulo
690 3476 853 3539 post:
885 3468 989 3523 Hie
1035 3479 1112 3525 est
1150 3472 1366 3542 sanguis
1412 3488 1575 3526 meus.
1628 3470 1734 3527 Sed
1779 3473 1919 3529 hanc
1968 3475 2060 3529 Del

477 3559 889 3629 possibilitatem
932 3561 1218 3618 {estimatio
1258 3563 1491 3619 humana
1519 3580 1620 3619 non
1649 3566 1814 3635 capit,
1849 3566 1952 3621 nisi
1985 3574 2061 3622 te-

480 3647 680 3717 lpsum,
725 3649 1031 3720 quicunque
1069 3665 1150 3717 es,
1175 3652 1461 3720 discutias,
1497 3654 1731 3725 qualiter
1772 3656 1837 3710 de
1882 3672 2060 3711 massa

479 3738 798 3808 perditionis
850 3740 1029 3796 factus
1068 3754 1128 3796 es
1170 3742 1223 3796 in
1257 3743 1510 3812 populum
1562 3746 1952 3815 acquisitionis,
1986 3757 2062 3807 .et

481 3831 548 3883 de
580 3844 705 3885 vase
729 3830 827 3886 ira:
851 3829 1076 3900 prodisti
1106 3846 1202 3886 vas
1237 3833 1625 3888 misericordia:
1651 3853 1663 3889 :
1690 3843 1749 3889 ut
1775 3836 1871 3905 qui
1900 3837 2061 3907 paulo

481 3927 608 3971 ante
657 3916 843 3972 fueras
877 3912 1106 3975 'alienus
1150 3934 1181 3972 a
1236 3920 1375 3985 vita,
1432 3922 1748 3993 peregrinus
1784 3939 1813 3977 a
1869 3926 2056 3990 venia,

479 4005 658 4061 subito
685 4006 933 4062 initiatus
953 4006 1154 4063 Christi
1183 4008 1411 4080 legibus,
1434 4020 1487 4066 et
1507 4012 1838 4069 salutaribus
1861 4025 2061 4086 myste-

478 4094 579 4148 riis
609 4094 913 4161 innovatus,
954 4095 1008 4150 in
1038 4111 1235 4166 corpus
1264 4098 1538 4166 Ecclesire,
1571 4116 1676 4156 non
1709 4111 1914 4156 naturae
1942 4104 2056 4172 pri—

478 4181 802 4253 vilegio,sed
816 4181 940 4239 ﬁdei
963 4185 1141 4254 pretio
1158 4188 1419 4256 transisti,
1436 4189 1582 4245 nullo
1605 4191 1761 4246 molis
1784 4207 2057 4262 corporeae

478 4272 877 4340 sdditamento,
931 4283 984 4329 te
1031 4277 1149 4346 ipso
1195 4277 1370 4349 major
1414 4279 1591 4337 factus
1637 4297 1697 4338 es
1730 4301 1742 4337 :
1773 4284 2057 4341 invisibilis

2177 1838 2440 1892 sccrantis
2468 1838 2705 1907 potentia
2744 1839 2961 1892 roboret
3004 1839 3070 1893 ad
3108 1838 3448 1894 sumendum.
3491 1836 3769 1892 Promittit

2151 1930 2336 2000 ,dignc
2370 1931 2711 1984 sumentibus
2739 1929 2910 1984 beatae
2949 1945 3095 1999 spem
3134 1930 3590 1995 immortalitatis;
3616 1928 3765 1999 judi-

2175 2022 2317 2076 cium
2368 2021 2605 2075 minatur
2658 2021 2920 2091 indignis,
2969 2030 3027 2075 ut
3062 2030 3145 2075 est
3186 2022 3311 2075 illud
3350 2022 3592 2092 Apostoli
3622 2039 3636 2075 :
3664 2020 3769 2086 Qus

2173 2112 2456 2169 manducat
2478 2121 2524 2165 et
2555 2112 2679 2166 bibit
2705 2112 2938 2182 indigne,
2967 2112 3233 2181 judicium
3262 2113 3362 2166 sibi
3393 2113 3686 2166 mandarat
3716 2122 3766 2166 et

2173 2201 2297 2255 bibit
2341 2199 2393 2271 (1
2428 2199 2552 2254 Cor.
2593 2216 2668 2266 x1,
2710 2200 2825 2270 29).
2866 2200 2983 2266 Quo
3026 2200 3493 2266 multi,scelerum
3542 2215 3769 2255 suorum

2172 2289 2556 2345 conscientiam
2580 2290 2963 2360 perhorrentes
2984 2290 3266 2354 attentius,
3294 2305 3352 2345 se
3373 2289 3534 2360 longe
3558 2289 3768 2344 faciun'

2174 2394 2202 2433 a
2232 2387 2572 2434 sacramento
2610 2378 2764 2444 vitae,
2805 2394 2911 2433 non
2956 2364 3299 2435 attendentes
3352 2395 3514 2449 quam
3552 2379 3765 2433 terribi-

2172 2469 2298 2523 liter
2338 2468 2597 2523 Dominus
2644 2469 3027 2532 comminatur,
3053 2469 3238 2524 dicens
3268 2487 3281 2521 :
3313 2468 3434 2521 Nisi
3473 2467 3765 2521 manduca-

2171 2558 2345 2614 veritis
2366 2573 2575 2611 carnem
2604 2556 2704 2626 ﬁlii
2736 2558 2962 2611 hominis
2979 2566 3026 2611 et
3051 2559 3281 2612 biberitis
3300 2558 3413 2628 ejus
3428 2557 3765 2627 sanguinem,

2173 2667 2276 2705 non
2324 2650 2576 2705 habebitis
2625 2652 2786 2704 vitam
2832 2651 2888 2704 in
2928 2650 3067 2704 vobis
3097 2649 3279 2721 (Joan.
3319 2663 3399 2712 γι,
3439 2647 3556 2719 5t).
3610 2645 3768 2713 Quod

2169 2742 2547 2797 alternantium
2575 2756 2862 2796 causarum
2888 2739 3150 2811 judicium
3177 2736 3528 2801 intuentibus,
3547 2751 3767 2791 summa

2167 2831 2442 2903 vigilantia
2482 2841 2567 2887 est
2611 2832 2912 2888 adhibenda
2949 2839 3008 2886 ut
3039 2830 3341 2887 emendatis
3393 2829 3609 2885 actibus
3663 2841 3767 2883 nec

2169 2921 2385 2994 indigne
2412 2932 2648 2986 sumant,
2681 2938 2781 2977 nec
2808 2923 3111 2993 perniciose
3147 2922 3436 2992 refugiant.

2583 3013 2917 3069 EPISTOLA
2947 3014 3019 3068 Vl
3064 3013 3214 3085 [olim
3248 3012 3357 3086 Vl].

2761 3086 2939 3154 (Anno
2980 3086 3164 3155 1008.)

2554 3175 2698 3229 Noto
2730 3184 2882 3229 notus
2916 3174 2982 3228 R.
3015 3174 3357 3231 Fuunenrus.

2235 3266 2348 3323 Hoc
2394 3282 2425 3336 ᾳ
2472 3266 2624 3321 vobis
2667 3266 2824 3337 exigo
2859 3267 3242 3322 :securitatem
3289 3266 3358 3321 de
3404 3281 3528 3322 mea
3560 3267 3679 3322 vita
3707 3274 3765 3323 et

2165 3359 2445 3425 membris,
2457 3367 2665 3414 etterra
2678 3374 2837 3428 quam
2850 3359 3018 3413 habes
3030 3357 3382 3430 [habeo't],vel
3399 3373 3502 3428 per
3514 3368 3765 3413 vestrum

2168 3452 2451 3508 consilium
2479 3451 2774 3520 acquiram.
2806 3450 2882 3505 De
2908 3451 3110 3506 auxilio
3140 3461 3320 3506 vestro
3347 3461 3540 3505 contra
3566 3466 3767 3506 omnes

2167 3543 2432 3609 homines,
2465 3540 2610 3595 salva
2640 3539 2894 3595 ﬁdelitate
2924 3539 3167 3606 Roberti,
3200 3541 3265 3595 de
3296 3549 3520 3609 receptu
3552 3539 3763 3595 Vindo-

2163 3633 2270 3687 nici
2301 3632 2468 3687 castri
2498 3630 2566 3685 ad
2597 3646 2774 3685 meum
2803 3646 2959 3685 usum
2998 3639 3053 3685 et
3078 3645 3320 3685 meorum
3361 3631 3633 3696 ﬁdelium,
3665 3631 3762 3701 qui

2162 3726 2316 3781 vobis
2362 3724 2751 3779 assecurabunt
2777 3722 2943 3790 illud;
2975 3723 3500 3778 commendationem
3543 3734 3762 3778 vestro-

2162 3831 2281 3869 rum
2304 3814 2553 3878 militum,
2568 3813 2657 3883 qui
2676 3813 2740 3867 de
2752 3822 2937 3868 nostro
2951 3822 3261 3869 casamento
3275 3813 3412 3885 (20‘)
3426 3813 3759 3869 beneﬁcium

2163 3912 2369 3968 tenent,
2421 3902 2567 3956 salva
2619 3902 2877 3957 ﬁdelitate
2915 3912 3124 3969 vestra;
3156 3903 3427 3975 justitiam
3468 3904 3536 3959 de
3565 3905 3756 3973 queri-

2163 3995 2343 4049 monia
2375 3993 2679 4049 Sanctionis
2707 4002 2761 4048 et
2794 3993 3042 4061 Huberli,
3074 4004 3129 4049 et
3169 3996 3235 4051 dc
3264 3995 3631 4064 querimoniis
3661 4010 3758 4050 ca-

2164 4083 2481 4137 nonieorum
2515 4083 2767 4139 Ecclesia:
2800 4096 3019 4148 nostrae,
3051 4095 3107 4139 et
3137 4085 3203 4140 de
3244 4085 3453 4156 legibus
3482 4086 3755 4141 atriorum

2160 4184 2489 4229 nostrorum.
2523 4172 2579 4227 Si
2614 4174 2725 4229 hare
2770 4175 2946 4230 facere
2972 4175 3153 4242 vultis,
3184 4185 3407 4246 paratus
3450 4192 3573 4232 sum
3622 4192 3756 4232 con-

2160 4265 2464 4320 ventionem
2510 4280 2671 4333 quam
2718 4265 2993 4320 vobiscum
3038 4267 3135 4321 inii
3179 4267 3507 4337 observare;
3556 4268 3604 4325 si
3644 4284 3754 4324 non

477 4364 795 4432 quantitatis
840 4376 1150 4436 augmento,
1197 4369 1251 4423 in
1298 4372 1657 4428 exterioribus
1697 4375 1838 4430 idem
1887 4370 2050 4443 es,'in

2177 4355 2344 4422 mltis,
2365 4354 2531 4410 nolite
2560 4369 2646 4409 me
2675 4355 2870 4412 itinere
2898 4356 3145 4427 fatigare.
3182 4359 3392 4415 Valete.

450 4454 826 4522 interioribus
870 4456 1028 4528 longe
1057 4458 1194 4512 alter
1235 4474 1313 4515 es.
1352 4462 1551 4533 Sicque
1602 4465 1669 4519 de
1711 4478 1868 4521 servo
1909 4466 2051 4524 ﬁlius

444 4542 730 4632 effectus,
771 4543 1042 4616 praeterita
1081 4548 1290 4612 vilitate
1324 4550 1602 4620 deposita,
1647 4568 1839 4610 novam
1876 4557 2053 4613 subito

472 4633 697 4690 induisti
726 4636 1067 4707 dignitatem,
1095 4647 1154 4693 ut
1177 4654 1284 4695 non
1307 4642 1479 4697 solum
1509 4644 1706 4711 haeres,
1731 4647 1823 4701 sed
1853 4662 2051 4717 corpus

473 4725 674 4781 Christi
710 4726 905 4795 factus,
947 4730 1115 4785 Deum
1152 4731 1205 4786 in
1238 4746 1466 4803 corpore
1503 4743 1593 4787 tuo
1620 4743 1887 4804 portares.
1924 4737 2053 4804 Qua:

474 4829 563 4869 res
612 4824 778 4872 tantae
821 4816 1095 4882 novitatis,
1122 4826 1307 4876 .tantae
1356 4822 1653 4892 dignitatis,
1704 4832 1812 4878 tam
1862 4825 2053 4880 subita:

473 4910 788 4966 mutationis
815 4911 1088 4980 pretium?
1116 4911 1250 4967 Vide
1282 4914 1339 4967 in
1369 4913 1620 4968 omnibus
1667 4916 2052 4971 misericordia:

549 5065 688 5134 (π’)
726 5030 959 5119 Militum
984 5066 1073 5134 qui
1115 5064 1179 5118 de
1207 5074 1384 5119 nostra
1428 5076 1725 5119 casamento
1750 5065 2052 5134 beneﬁcium

2542 4462 2872 4538 EPISTOLA
2911 4464 2999 4538 vn
3030 4463 3176 4538 [olim
3207 4464 3348 4538 vn]

2747 4536 2923 4603 (Anno
2956 4536 3141 4605 1008.)

2154 4623 2336 4701 Gloria
2383 4634 2429 4678 et
2477 4623 2875 4701 honor:e_d_igno
2920 4626 3060 4694 patri
3093 4636 3152 4701 _et
3208 4628 3608 4701 archiepiscopo
3655 4649 3754 4688 suo

2224 4692 2709 4768 Leusnsmcoiitl)
2737 4692 3057 4768 Fuwsnrus
3084 4697 3294 4768 humilis
3322 4692 3602 4768 episcopus
3632 4719 3752 4756 cum

2224 4763 2501 4885 itanerabiti
2547 4762 3015 4817 Cenomanensium
3055 4766 3294 4835 episcopo
3319 4762 3629 4838 Avisgaudo
3661 4791 3754 4826 sa-

2249 4842 2407 4886 atem.

2228 4922 2474 4978 Scientes
2513 4937 2608 4978 vos
2647 4923 2848 4978 habere
2878 4923 3051 4978 zelum
3081 4925 3276 4980 divina:
3307 4924 3465 4996 legis,
3509 4943 3617 4984 nec
3648 4930 3754 4985 nii-

2154 5078 2294 5132 misit
2317 5078 2600 5131 exercitum
2624 5092 2775 5130 suum
2803 5093 2921 5130 cum
2965 5075 3275 5131 Leutherico
3309 5080 3551 5134 arcltien.
3581 5079 3751 5134 Seno-
