3974 5374
177 366 276 423 205

175 576 263 630 sed
291 585 345 629 et
366 574 664 645 plurimum
694 589 877 644 posse;
913 574 1233 646 fiducialiter
1256 589 1288 628 a
1310 574 1463 629 vobis
1489 576 1748 630 auxilium

175 663 401 732 petimus
447 663 504 716 in
559 662 966 717 necessitatibus
1005 664 1222 725 nostris,
1266 663 1320 716 in
1360 677 1750 732 prmcursorem

175 754 487 807 Antichristi
538 753 827 808 Hebcrtum
873 753 1123 808 comitem
1162 752 1409 818 Cenom.,
1447 754 1538 822 qui
1570 755 1749 809 sedem

175 843 526 912 episcopalem
570 841 809 907 ejusdem
846 843 1084 896 civitatis
1111 852 1353 897 evertere
1382 842 1592 898 nititur.
1626 844 1751 913 Epi-

175 950 388 1004 scopum
434 938 585 989 enim
636 934 945 1004 praedictum
991 934 1237 988 videlicet
1291 934 1656 1005 Avisgaudum
1696 935 1748 989 in

171 1039 230 1078 ea
256 1039 378 1078 eum
411 1039 551 1093 pace
580 1038 801 1078 manere
844 1039 950 1078 non
991 1024 1119 1078 sinit
1146 1041 1159 1078 :
1194 1024 1382 1078 domos
1417 1025 1535 1091 ejus
1563 1034 1618 1079 et
1648 1033 1749 1080 ter-

173 1129 273 1179 ras,
308 1123 365 1168 et
413 1114 602 1184 fruges
631 1122 685 1169 et
712 1114 893 1169 omnia
943 1115 1217 1179 victualia,
1266 1116 1487 1185 insuper
1524 1125 1579 1171 et
1609 1132 1749 1187 prmo

172 1202 366 1257 bendas
394 1203 694 1258 canonicos
716 1202 968 1258 Ecclesia:
998 1204 1256 1273 pervasit.
1290 1204 1413 1259 llaec
1444 1206 1626 1274 itaque
1655 1221 1750 1260 vos

168 1291 232 1345 ad
279 1292 464 1345 vivum
514 1293 717 1346 sentire
760 1290 1029 1356 volumus,
1084 1293 1311 1362 nisuque
1356 1292 1750 1347 iudissimulato

168 1382 463 1453 propellere
494 1400 510 1436 :
543 1391 599 1437 et
629 1392 688 1437 ut
711 1382 926 1438 facilem
958 1383 1175 1438 modum
1204 1383 1399 1438 habeat
1437 1383 1627 1453 petitio
1654 1398 1752 1437 no-

169 1483 295 1538 stra,
323 1488 620 1543 precamur
656 1489 753 1529 vos
794 1474 869 1528 illi
900 1474 1371 1529 commonitorium
1402 1474 1659 1539 scribere,
1692 1481 1750 1527 ut

164 1562 263 1631 jam
286 1564 434 1618 dicto
456 1565 712 1633 episc0po
741 1579 836 1618 sua
868 1563 1075 1629 reddat,
1108 1572 1162 1617 et
1186 1579 1309 1618 eum
1334 1565 1384 1617 in
1408 1578 1538 1632 pace
1569 1564 1750 1617 vivere

165 1652 316 1704 sinat.
349 1652 608 1722 Alioquin
638 1668 735 1722 pro
770 1662 922 1707 certo
949 1654 1158 1707 noverit
1201 1668 1260 1707 se
1303 1668 1332 1706 a
1374 1652 1527 1707 vobis
1553 1662 1607 1707 et
1637 1651 1748 1707 suf-

168 1741 433 1811 fraganeis
480 1744 682 1798 vestris
731 1744 1256 1804 excommunicatum
1289 1745 1375 1810 iri,
1425 1760 1494 1800 ex
1542 1745 1633 1799 illo
1662 1745 1748 1799 die

960 432 973 437 κ
1591 366 1969 421 answers.

176 500 274 540 nus
311 481 569 553 opitulari
607 484 739 540 velle
777 497 936 554 quam
984 481 1180 539 debere
1228 481 1484 538 fratribus
1524 481 1742 545 vestris,
1773 485 1820 545 Α

3313 373 3420 433 206

2254 485 2588 544 EPISTOLA
2613 486 2659 542 Χ
2689 487 2838 561 [olim
2866 490 3034 564 XIX].

2444 580 2619 647 (Anno
2650 582 2831 650 1008.)

1850 663 2168 742 Potasti-rus
2198 666 2301 742 _De_i
2339 671 2511 738 gratia
2542 674 2810 742 episcopus
2837 675 3136 733 GUNTARTO
3164 678 3423 741 "UBEM'O

1921 737 2227 823 t'icecp‘miti.
2265 738 2526 823 ﬂoccum,
2557 737 2827 823 Bue-inoo,
2861 745 3075 823 Hircosi
3092 749 3205 823 ﬁlio
3240 737 3428 823 Ruga;

1923 806 2022 868 nis,
2055 805 2300 886 prnsuo.
2328 809 2627 886 Habacum,
2656 805 2871 886 lincunt
2891 816 3003 883 ﬁlio
3028 805 3357 886 Herbraudi:
3372 805 3423 879 et

1922 876 2074 928 uxori
2101 874 2515 970 Cuismandi,"et
2554 882 2792 970 omnibus
2816 874 2922 938 illis
2950 890 3037 970 qui
3056 874 3426 970 'l‘eneutca'sa;

1920 948 2611 1035 mentumnsanctatrflqrite
2644 948 2998 1032 .Carnotcnsis
3045 955 3296 1024 Ecclesig
3328 979 3428 1035 per

1919 1013 2112 1066 donum
2139 1013 2412 1084 Reginaldi
2432 1018 2675 1088 episcopi.

1920 1099 2067 1156 'v'oco
2097 1118 2193 1158 vos
2240 1113 2297 1158 et
2342 1107 2609 1162 admoneo
2660 1124 2727 1164 ex
2773 1122 2928 1181 parte
2969 1116 3062 1173 Dei
3110 1130 3166 1177 et
3220 1137 3424 1184 sancta:

1849 1187 2030 1243 Maria:
2073 1200 2128 1244 et
2184 1200 2385 1258 nostra,
2426 1202 2487 1248 ut
2534 1196 2673 1251 infra
2719 1204 3024 1268 proximum
3076 1208 3279 1268 Pascha
3332 1232 3424 1273 ve-

1848 1280 2015 1336 niatis
2043 1281 2109 1335 ad
2137 1297 2255 1346 nos,
2288 1293 2381 1337 aut
2417 1296 2658 1342 nostrum
2690 1294 2971 1348 servitium
2999 1296 3204 1369 facere,
3232 1314 3325 1359 aut
3356 1308 3424 1364 de

1847 1373 2044 1426 vestris
2064 1376 2389 1429 casamentis
2411 1376 2701 1442 legitimam
2719 1384 2983 1440 rationem
3006 1390 3247 1449 reddere.
3264 1396 3421 1464 Quod

1849 1462 1895 1517 si
1925 1478 2030 1525 non
2060 1462 2321 1530 feceritis,
2354 1471 2835 1528 excommunicabo
2858 1489 2953 1530 vos
2978 1490 3198 1549 propter
3226 1462 3419 1543 contu-

1848 1552 2061 1607 meliam
2088 1564 2347 1622 vestram,
2373 1567 2426 1612 et
2452 1558 2767 1617 interdicam
2802 1574 2860 1620 ttt
2888 1584 2991 1624 non
3026 1573 3255 1631 audiatis
3286 1579 3425 1637 divi-

1848 1656 1976 1695 num
2017 1640 2289 1707 ollicium,
2336 1661 2437 1701 nec
2485 1648 2592 1703 vivi
2644 1653 2915 1722 recipiatis
2965 1665 3421 1734 communionem,

1847 1745 2024 1800 neque
2080 1736 2276 1789 mortui
2325 1739 2676 1807 sepulturam.
2729 1744 2869 1811 Quin
2910 1749 3072 1806 etiam
3130 1758 3421 1817 castellum

166 1848 263 1901 quo
306 1848 434 1886 eum
480 1835 1037 1890 excommunicaverit
1073 1836 1409 1906 Avisgaudus
1442 1836 1741 1907 episcopus.

1863 1823 2222 1917 Vindocinium
2277 1837 2333 1882 et
2391 1831 2721 1888 territorium
2766 1836 2884 1905 ejus
2932 1813 3419 1917 anatltematizabo,

167 1925 645 1980 Commonitorium
702 1936 882 1981 autem
938 1927 1079 1996 quod
1130 1928 1205 1982 illi
1258 1929 1518 2000 sacrilego
1567 1939 1745 1984 vestra

168 2014 397 2083 dignatio
425 2015 630 2081 mittet,
683 2017 843 2071 nobis
889 2017 1176 2073 transcribi
1207 2018 1471 2085 volumus,
1503 2028 1559 2074 et
1584 2020 1741 2073 mitti.

170 2100 288 2155 Vale
317 2104 368 2156 in
393 2103 696 2172 inﬁnitum,
726 2105 948 2176 angelus
979 2107 1158 2176 magni
1189 2107 1398 2163 consilii
1427 2116 1500 2174 te,
1529 2107 1746 2163 consule

166 2190 395 2258 Christo,
430 2202 638 2248 servet.
1010 2224 1015 2225 ν

533 2327 870 2384 EPISTOLA
908 2327 1021 2383 VIII
1054 2328 1203 2400 [olim
1239 2327 1357 2402 IX].

644 2419 823 2492 (Circa
854 2436 1053 2475 annum
1085 2420 1268 2491 1008.)

166 2531 501 2616 Ἑιχιεεειιξυε,
532 2534 630 2590 Dei
647 2536 830 2616 .gratia
850 2534 1509 2616 ρᾳνηοιεηδξρρρξςσορυς,
1532 2536 1745 2591 domino

229 2604 315 2677 li.,
357 2605 750 2677 Turonensium
781 2606 1076 2677 suadet-ano
1116 2607 1213 2660 sibi
1242 2604 1599 2673 dilectissimo,
1620 2623 1744 2677 gra-

225 2676 350 2727 tiam
388 2686 441 2729 et
473 2675 883 2729 benedictionem
914 2674 1034 2727 Dei.

226 2806 357 2862 Cum
410 2818 656 2864 vestram
708 2809 1031 2865 charitatem
1081 2810 1326 2866 noverim
1387 2811 1634 2882 plurimis
1691 2814 1744 2870 in

165 2898 432 2967 obsequiis
453 2900 690 2955 libenter
712 2901 842 2954 milii
872 2902 1142 2969 paruisse,
1168 2903 1345 2958 adhuc
1369 2904 1533 2958 etiam
1555 2920 1746 2974 parere

167 2991 490 3059 cupientem,
525 2993 615 3048 vix
642 2992 758 3065 [ob]
776 2996 1084 3049 satietatem
1122 2996 1334 3062 cedere,
1367 2999 1565 3053 mando
1594 2999 1747 3054 vobis

169 3075 355 3133 obnixe
381 3094 619 3148 precatus
639 3089 697 3133 ut
736 3081 1093 3149 accingamini
1116 3082 1189 3136 ad
1207 3097 1424 3137 causam
1454 3099 1615 3153 quam
1653 3101 1747 3141 ex-

167 3186 312 3240 pono.
349 3171 514 3240 Apud
547 3186 644 3225 vos
682 3173 997 3227 morabatur
1043 3172 1173 3227 olim
1200 3173 1430 3242 ‘quidam
1479 3176 1744 3231 bonorum
1771 3171 1816 3207 ῖδ

166 3269 421 3326 extortor,
477 3260 655 3332 legum
703 3268 1003 3327 contortor,
1033 3262 1296 3319 Girardus
1340 3265 1600 3331 nomine,
1651 3268 1744 3336 qui

166 3361 468 3420 susceptum
521 3366 687 3405 unum
744 3351 1014 3407 caballum
1067 3367 1097 3406 a
1148 3353 1347 3408 famulo
1381 3362 1568 3409 nostro
1609 3355 1746 3411 Deo-

167 3437 281 3492 dato
306 3439 501 3493 debuit
528 3454 847 3507 comparare
896 3441 1114 3511 triginta
1158 3443 1367 3498 duobus
1412 3446 1617 3512 solidis,
1648 3461 1745 3515 pro

166 3529 470 3583 arrliabone
498 3529 644 3585 datis
669 3531 951 3587 duodecim
982 3533 1234 3597 nummis,
1261 3548 1489 3604 cumque
1512 3536 1745 3605 reliquos

165 3632 403 3691 speraret
433 3625 706 3680 Deodatus
735 3627 802 3681 ad
830 3627 1113 3696 praefixum
1149 3629 1440 3684 terminum
1489 3644 1548 3684 se
1570 3633 1744 3684 "rece-

165 3722 400 3780 pturum,
433 3713 628 3769 fefellit
653 3731 775 3771 eum
812 3717 903 3772 ille
925 3717 1199 3784 subdolus,
1232 3736 1261 3772 a
1292 3721 1448 3774 nobis
1476 3719 1744 3775 'l‘uronem

166 3804 499 3874 profugiens,
531 3819 632 3859 nec
677 3820 875 3875 equum
917 3814 1106 3875 postea
1153 3822 1254 3861 nec
1286 3809 1517 3877 pretium
1560 3809 1747 3863 remit-

167 3893 567 3963 tens,quamvis
581 3910 700 3949 eum
723 3897 990 3951 Deodatus
1000 3912 1142 3967 saepe
1152 3898 1465 3953 utrumlibet
1479 3915 1638 3969 agere
1652 3915 1747 3969 per

166 3983 363 4056 legatos
426 3987 800 4054 postulaverit.
855 3990 967 4045 llac
1006 3991 1073 4045 de
1120 4006 1284 4045 causa
1330 3993 1487 4047 mitto
1540 3994 1607 4048 ad
1653 4008 1748 4050 vos

164 4094 324 4134 unum
377 4094 450 4135 ex
495 4082 700 4136 nostris
731 4083 1061 4149 hominibus,
1107 4086 1199 4154 qui
1244 4086 1418 4154 ipsum
1457 4086 1746 4143 Girardum

165 4184 346 4229 notum
399 4160 558 4230 vobis
608 4174 802 4241 faciat,
857 4176 912 4229 iu
966 4175 1343 4246 audientiaque
1389 4189 1574 4233 vestra
1630 4181 1749 4236 vice

165 4260 384 4318 Deodati
418 4263 561 4318 banc
595 4263 698 4333 ipsi
747 4264 1025 4334 querelam
1070 4266 1331 4332 intendat,
1367 4270 1607 4338 qualibet
1633 4269 1750 4341 lege

166 4353 486 4409 censueritis
510 4354 857 4410 revincturus
883 4370 1029 4420 eum,
1051 4355 1094 4410 si
1126 4355 1285 4418 forte,
1308 4367 1366 4411 ut
1388 4360 1748 4429 estimpurus,

1845 1918 1907 1964 ut
1948 1910 2000 1964 in
2048 1913 2129 1968 eis
2165 1914 2402 1999 divinum
2454 1918 2690 1976 oﬂicium
2740 1940 2847 1980 non
2883 1928 3206 2001 celebretur,
3242 1910 3422 2009 neque

1845 2011 2090 2057 mortuus
2112 2004 2421 2071 sepeliatur.
2449 2005 2643 2064 Postea
2664 2026 2793 2069 vero
2819 2015 2933 2084 ipsa
2966 2033 3276 2079 casamenta
3299 2004 3420 2097 qua!

1849 2089 2040 2143 tenetis
2076 2099 2169 2164 aut
2206 2092 2295 2145 uni
2330 2102 2423 2146 aut
2459 2094 2704 2163 pluribus
2753 2104 2913 2168 dabo,
2955 2108 3093 2164 ultra
3126 2116 3288 2171 etiam
3315 2089 3420 2175 vo-

1846 2176 2053 2278 bis-cum
2080 2180 2145 2236 de
2170 2181 2276 2238 illis
2303 2199 2411 2239 non
2436 2191 2968 2264 concordabo..Deus
2997 2216 3093 2258 vos
3116 2216 3429 2278 convertat,

1842 2261 1938 2319 filii
1964 2267 2091 2322 mei.

2177 2381 2510 2443 EPISTOLA
2544 2390 2616 2446 x1
2655 2390 2810 2466 [olim
2850 2396 3032 2458 xxm.

2360 2534 2363 2537 .
2430 2479 2610 2551 (Anno
2642 2478 2822 2556 l008.)

1844 2553 2368 2651 Digctifsiutopa'tri
2407 2581 2455 2623 et
2492 2572 2878 2651 archiepiscopo
2922 2598 3020 2637 suo
3050 2584 3395 2651 Lemni:an

1912 2628 2237 2729 Ξ
2269 2636 2368 2717 Dei
2391 2643 2565 2707 gratia
2613 2628 3420 2729 cirnbiézisi33p523§$37zl

1912 2700 2068 2755 tionis
2100 2700 2434 2775 stt/fragium.

1915 2808 2137 2914 .Multum
2175 2819 2375 2875 amoris
2413 2829 2576 2893 atque
2615 2826 2889 2890 ﬁdelitatis
2932 2837 3049 2905 tibi,
3098 2840 3279 2914 Pater,
3332 2866 3422 2906 me

1846 2898 2041 2956 debere
2067 2919 2282 2973 censeo,
2313 2925 2409 2979 per
2451 2914 2606 2984 cujus
2640 2935 2857 2979 manum
2891 2941 2922 2980 a
2951 2898 3061 2985 Deo
3088 2898 3423 2997 benedictio-

1846 3079 1920 3134 ita
1946 3085 2149 3181 pendet
2174 3102 2240 3142 ex
2277 3099 2387 3155 tuo,
2430 3103 2489 3149 ut
2518 3079 2775 3170 quidquid
2803 3115 2853 3161 te
2890 3107 3041 3176 justa
3087 3079 3422 3181 ratione-aii;

1846 3175 2130 3275 contristat
2156 3190 2271 3275 aut
2303 3181 2520 3255 ltilarat,
2559 3189 2701 3247 idem
2737 3211 2824 3252 me
2848 3175 2900 3255 si
2924 3208 3214 3267 resciscam

1844 3263 2005 3368 modo
2030 3266 2248 3323 alliciat.
2277 3271 2633 3346 Congratulor
2670 3284 2851 3356 itaque
2881 3293 2976 3348 tibi

1844 3357 2052 3429 sacris;
2078 3368 2134 3415 et
2172 3362 2303 3428 Deo,
2343 3369 2471 3437 quia
2504 3380 2747 3445 tempore
2780 3389 2873 3438 tuo
2916 3357 3161 3449 revelare
3203 3399 3419 3469 maluit,

1843 3465 2046 3520 pronus
2086 3459 2290 3559 gratias
2311 3478 2443 3559 ago.
2495 3467 2699 3527 Deinde
2746 3490 2875 3532 vero
2903 3486 3048 3549 quod
3076 3459 3419 3559 Arnulphum

1846 3554 2087 3642 casatum
2120 3547 2374 3608 Ecclesia:
2396 3566 2594 3614 nostra:
2622 3562 2717 3618 tibi
2750 3547 2961 3640 tuisque
2984 3547 3419 3653 scripsisti'inju:

1844 3645 2007 3698 rrum,
2053 3651 2202 3731 aegre
2244 3652 2431 3699 contra
2482 3647 2631 3705 illum
2676 3662 2731 3708 et
2766 3662 2950 3729 accepi
2981 3671 3036 3718 et
3080 3645 3219 3725 fero.
3264 3645 3421 3731 Unde

1846 3735 1971 3823 mox:
1999 3725 2066 3831 ad
2114 3727 2297 3785 villam
2345 3733 2617 3807 Alogiam,
2654 3743 2746 3798 ubi
2798 3725 2928 3805 tunc
2968 3766 3089 3811 esse
3117 3725 3419 3831 dicebatur,

1846 3810 1969 3911 misi
2000 3813 2233 3884 legatum
2281 3837 2481 3893 meum,
2523 3830 2620 3884 sed
2660 3832 2725 3887 in
2778 3835 2913 3894 alias
2953 3810 3429 3911 partes—abierat:-

1852 3899 1999 4011 llxor
2028 3915 2205 4011 tamen
2231 3911 2348 3982 ejus
2373 3918 2501 3972 mihi
2528 3925 2861 3983 retnandavit
2881 3899 3148 4000 quodulbi
3176 3899 3421 4011 redierit;

1849 4000 1933 4097 sta
1941 3996 2051 4097 tim.
2064 4000 2136 4097 ad
2158 4016 2246 4059 me
2268 4007 2466 4063 veniet.
2492 4008 2643 4076 Quod
2673 4015 2719 4071 si
2750 3996 2973 4079 veniens
2999 3996 3090 4082 tibi
3111 3996 3425 4097 satisfacere

1848 4084 2098 4184 voluerit,
2131 4104 2229 4184 per
2254 4108 2402 4151 meas
2433 4098 2640 4159 litteras
2662 4106 2823 4163 scies.
2850 4111 3102 4184 Alioquin
3143 4084 3425 4182 ultra

1850 4179 2055 4228 minum
2087 4179 2177 4247 qui
2210 4195 2241 4233 a
2267 4190 2319 4237 te
2346 4188 2600 4253 praeﬁxas
2620 4202 2725 4260 est,
2751 4196 2803 4250 in
2834 4179 3017 4257 nostra
3040 4179 3425 4271 communione

1850 4280 1982 4377 non.
2002 4270 2128 4324 erit.
2154 4360 2167 4377 ‘
2191 4270 2553 4335 Simoniacum
2602 4298 2732 4340 vero
2779 4292 3172 4367 presbyterum,
3201 4303 3270 4359 de
3312 4322 3423 4377 quo

1852 4354 1985 4467 mihi
2008 4360 2296 4429 mandasti,
2326 4365 2380 4420 in
2427 4368 2706 4427 dioecesim
2753 4354 3080 4442 ordinatoris
3115 4354 3199 4447 sui
3240 4354 3424 4467 replellvi

168 4444 590 4501 dissimulaverit
632 4462 691 4502 se
740 4461 855 4501 rem
890 4448 1048 4502 istam
1095 4449 1255 4513 scire,
1285 4462 1374 4504 aut
1415 4452 1459 4506 si
1502 4453 1573 4507 ita
1604 4466 1745 4516 esse,
1780 4475 1827 4533 υ
1853 4445 2081 4515 suadeo;
2109 4462 2218 4517 aut.
2255 4456 2302 4511 si
2335 4458 2386 4512 in
2414 4470 2503 4521 tua
2548 4471 2827 4538 manserit,
2854 4475 2923 4528 ab
2946 4444 3424 4554 oMciosuspeitdi,

164 4535 327 4588 etiam
353 4536 652 4606 negaverit.
687 4537 953 4606 Deinceps
986 4537 1145 4592 talem
1179 4539 1232 4592 in
1259 4556 1380 4593 eum
1415 4541 1627 4609 qualem
1661 4539 1751 4609 jus

168 4625 360 4691 poscit,
389 4625 532 4691 date,
557 4641 766 4696 quaeso,
796 4628 1145 4697 sententiam,
1172 4638 1231 4682 ut
1254 4627 1337 4683 vel
1371 4630 1607 4686 Deodato
1636 4646 1750 4684 rem

170 4727 319 4767 suam
366 4713 614 4784 legaliter
657 4715 856 4776 solvat.
889 4716 972 4769 vel
1021 4717 1228 4772 debitas
1252 4732 1444 4789 poenas
1501 4719 1633 4775 luat.
1665 4718 1752 4774 Vi-

172 4812 292 4872 geat
319 4819 531 4877 semper
555 4805 818 4862 alacritas
839 4819 1039 4861 veStra.

588 4951 932 5011 EPISTOLA
960 4946 1031 5007 Ix
1066 4953 1211 5026 [olim
1241 4952 1310 5025 χ]

541 5048 545 5055 ’
646 5042 833 5114 (Circa
859 5058 1057 5096 annum
1089 5044 1270 5110 l008.)

395 5132 549 5189 Patri
582 5143 631 5189 et
660 5134 1027 5187 eonsacerdoti
1053 5150 1147 5189 suo
1175 5134 1516 5191 FULssarus.

238 5262 400 5304 Cruda
451 5265 616 5304 θείοι-
674 5263 882 5304 nullan)
909 5278 994 5304 mo
1018 5265 1457 5304 nnmnncilinnnm
1494 5267 1750 5304 unm-an“

1852 4550 1921 4589 ne
1951 4538 2321 4647 [Ecclesiaetuai
2341 4553 2541 4608 candor
2556 4556 2845 4617 immundae
2863 4566 3083 4625 hzeresis
3105 4538 3426 4647 contagione

1853 4628 2149 4686 sordeseat.
2177 4632 2329 4702 Vale,
2361 4637 2523 4697 Pater
2547 4649 2767 4715 Optime,
2802 4651 2898 4706 ﬁlii
2931 4657 3008 4709 tui
3036 4673 3261 4728 memor.

2183 4751 2516 4811 EPISTOLA
2554 4760 2644 4813 Xll
2684 4762 2840 4833 [aliut
2879 4765 3106 4844 XXIV.]

2298 4845 2475 4916 (Anno
2512 4851 2647 4906 1008
2687 4855 2773 4909 vel
2814 4858 2994 4928 1009.)

1854 4928 2206 5027 Dilnectissimo
2242 4938 2380 5027 μίξιιῂ
2417 4950 2466 4991 ει
2502 4943 3014 5027 ςινεζξὶερὶδεορο-ειιο
3045 4952 3388 5016 ιευτιιειυεο
3410 5002 3427 5027 ,

1925 5003 2242 5101 ξυιιξειιτυε
2268 5006 2365 5101 Dei
2385 5012 2556 5088 gratia
2587 5003 3004 5101 [Gai-ttateitsium—
3023 5003 3406 5101 $512855}?
3408 5003 3431 5074 ί

1913 5072 2154 5142 fragium
2192 5072 2443 5131 orationis
2473 5094 2520 5134 et
2546 5084 2845 5153 obsequium
2873 5072 3165 5154 ﬁdeiitatis'.

1922 5160 2260 5231 Arnulphum
2309 5164 2526 5226 fidelem
2568 5187 2746 5227 meum
2786 5182 3064 5244 arguendo
3099 5191 3325 5246 conveni
3365 5191 3434 5246 de

1854 5252 1940 5304 his
1976 5253 2185 5304 iniuriis
2212 5256 2352 5304 unde
2375 5260 2506 5304 mihi
2537 5265 2928 5304 nnarimnnimn
2977 5277 3268 5304 .-_:....:-.:-
3326 5282 3394 5304 ο-
3419 5281 3433 5304 ι
