3974 5374
535 265 636 320 207

1531 267 1587 322 S.
1617 267 1959 324 FULBEIITI
1996 267 2470 324 CARNOTENSIS
2509 269 2810 326 EI‘ISCOPI

3689 269 3790 326 208

532 374 740 427 stellum
782 373 957 439 Ebraa,
984 373 1233 430 videlicet
1283 389 1445 444 super
1492 377 1660 445 ipsam
1693 385 1894 431 terram
1936 378 2109 432 sancti
2141 383 2186 441 Α
2215 379 2324 433 dim
2356 381 2647 449 naufragus
2680 381 3028 452 dcmcrgerls.
3059 381 3230 453 chat
3276 391 3325 436 te
3373 391 3568 450 manus
3618 383 3792 437 valida

533 465 826 529 Benedicti,
856 465 922 519 de
951 481 1057 534 qua
1090 467 1365 520 contentio
1406 476 1508 521 est.
1540 467 1852 536 Arnulpbus
1878 468 2019 522 enim
2052 468 2105 521 in

531 557 924 626 expeditionem
946 573 1067 612 cum
1089 557 1274 614 Odone
1297 558 1494 614 comite
1511 558 1775 628 proficisci
1797 559 2100 613 constituit.

540 647 689 702 Unde
712 663 806 703 vos
837 648 996 703 talem
1021 649 1160 703 diem
1197 648 1549 718 praescribere
1573 657 1809 717 oportet,
1839 658 1899 702 ut
1937 659 1992 704 et
2019 647 2108 704 ille

533 737 600 793 de
640 738 984 808 expeditione
1029 738 1198 807 possit
1245 753 1365 794 esse
1408 753 1680 804 reversus,
1724 748 1779 794 et
1824 754 1925 809 ego
1974 740 2110 794 meis
2210 758 2528 818 ιςπυωειιτυε
2559 762 2657 816 De,-

534 829 764 900 negotiis
798 836 1176 897 exoccupatus,
1199 827 1401 898 possim
1437 827 1589 884 vobis
1613 842 1921 884 occurrere.
1955 825 2109 884 Vale.

883 937 1216 995 EPISTOLA
1251 937 1370 993 xm
1409 936 1564 1010 [olim
1593 937 1799 1009 xxv.)

973 1031 1154 1100 (‘Anno
1189 1026 1327 1084 1008
1361 1036 1455 1083 aut
1491 1026 1674 1098 1009.)

541 1121 737 1178 Sancto
791 1128 839 1173 et
883 1118 1161 1173 uenerabili
1206 1134 1302 1172 suo
1359 1117 1740 1183 LEUTHERICO,
1794 1118 2114 1174 FULBERTUS

613 1193 968 1312 cqisroporum
1025 1188 1349 1243 humillimus
1442 1188 1708 1242 ﬁdelitatis
1765 1190 2009 1259 aﬂ‘ectum
2066 1199 2114 1244 et

615 1279 645 1311 0
667 1276 939 1312 meantum.

615 1276 939 1328 obsequium.

618 1352 694 1405 De
720 1350 1033 1419 presbytero
1060 1358 1241 1404 vestro
1291 1349 1358 1403 ab
1387 1347 1492 1404 alio
1518 1347 1770 1419 episcopo
1815 1362 1914 1418 per
1949 1361 2115 1418 pecu-

539 1442 683 1496 niam
713 1441 982 1504 ordinato,
1025 1455 1090 1494 ex
1131 1439 1460 1495 auctoritate
1503 1447 1815 1494 sanctorum
1847 1453 2114 1493 canonum

543 1535 649 1589 tale
700 1534 855 1588 vobis
912 1533 1196 1588 consilium
1241 1532 1401 1587 dono.
1471 1531 1708 1588 Primum
1772 1530 2114 1601 degradetur;

540 1627 753 1692 deinde,
787 1626 855 1682 ab
897 1627 1134 1682 Ecclesia
1173 1635 1477 1696 separatus,
1517 1625 1724 1681 duobus
1747 1626 1903 1680 annis
1932 1638 2118 1680 severa

2211 467 2600 536 omnipotentis
2628 469 2860 523 Domini.
2897 469 3046 524 Vale.

2522 579 2858 636 EPISTOLA
2895 581 3014 638 XVI
3048 581 3193 654 [ofim
3220 581 3473 655 LXXIII].

2693 672 2870 742 (Circa
2902 687 3102 728 annum
3133 673 3317 743 1008.)

2694 765 2865 838 gratia
2901 764 3300 838 _Carno_tensium
3336 767 3608 838 episcopus
3648 764 3797 824 GAU-

2554 847 2707 887 διιΝο
2737 834 2913 888 abbati
2942 836 3252 905 regulariter
3275 834 3446 906 agere.

2283 918 2486 975 Przesul
2523 921 2971 990 Aurelianorum,
3016 924 3108 993 qui
3143 938 3238 979 vos
3273 925 3797 988 excommunicavit,

2213 1009 2561 1080 coepiscopos
2588 1025 2714 1066 suos
2743 1012 2882 1066 idem
2925 1012 3102 1068 facere
3132 1015 3322 1084 poscit.
3361 1013 3432 1067 At
3463 1028 3583 1082 ego,
3612 1029 3791 1068 corre-

2214 1098 2409 1154 ctionis
2432 1108 2625 1154 vestra:
2652 1114 2760 1155 non
2785 1115 2979 1169 expers
3021 1101 3074 1154 in
3117 1100 3344 1156 Kalend.
3391 1099 3584 1156 Octob.
3623 1101 3674 1156 ei
3714 1116 3799 1155 re-

2215 1195 2457 1257 spectum
2501 1188 2642 1242 dedi.
2689 1187 2840 1243 Unde
2886 1204 3064 1255 nunc,
3099 1189 3295 1254 frater,
3345 1203 3668 1245 commoneo
3711 1198 3800 1252 ut,

2215 1275 2415 1347 gradus
2454 1276 2775 1331 humilitatis
2818 1275 3036 1331 interiui
3059 1277 3144 1331 vel
3172 1293 3340 1348 usque
3368 1280 3436 1332 ad
3469 1278 3688 1332 tertium
3713 1293 3803 1330 re--

2218 1366 2443 1437 legendo
2487 1367 2740 1437 episcopo
2789 1375 2972 1422 vestro
3015 1365 3408 1437 subjiciamini,
3446 1369 3588 1423 sicut
3624 1369 3801 1423 decet.

2217 1457 2324 1512 Aut
2351 1457 2396 1513 si
2424 1457 2576 1512 vobis
2603 1473 2710 1512 non
2739 1457 2812 1511 ita
2836 1457 3139 1513 faciendum
3160 1471 3281 1513 esse
3304 1459 3532 1523 videtur,
3564 1473 3666 1513 cur
3688 1458 3802 1512 fieri

2219 1565 2325 1604 non
2355 1550 2546 1605 debeat
2572 1550 2838 1606 rationem
2869 1549 3026 1604 nobis
3054 1550 3306 1604 intimare
3333 1565 3438 1604 non
3467 1550 3669 1620 pigeat.
3696 1548 3805 1618 Ego

2220 1641 2363 1692 enim
2391 1654 2564 1709 neque
2595 1638 2764 1708 legem
2813 1653 2986 1709 neque
3011 1641 3229 1694 modum
3257 1639 3694 1694 ratiocinationis
3722 1639 3804 1690 in-

538 1719 857 1790 poenitentia
890 1718 1241 1797 multetur,ut
1272 1717 1496 1773 honoris
1530 1717 1753 1788 gradus,
1784 1731 1917 1784 quos
1943 1716 2116 1785 pretio

2226 1727 2406 1783 venire
2441 1742 2681 1796 possum,
2732 1727 2824 1797 qui
2865 1742 2962 1784 vos
3004 1743 3034 1782 a
3073 1727 3203 1800 iugo
3246 1727 3598 1799 subiectionis
3647 1728 3806 1796 hujus

541 1817 839 1874 taxaverat,
863 1808 1124 1879 Iacrymis
1153 1807 1480 1877 conquirere
1515 1815 1572 1862 et
1607 1820 1864 1875 reparare
1896 1816 2120 1861 conten-

548 1901 657 1954 dat.
684 1898 875 1954 Postea
901 1937 915 1963 ,
945 1898 991 1952 si
1026 1897 1185 1967 digne
1230 1896 1567 1968 paenituerit,
1609 1903 1959 1950 restauretur.
1996 1893 2120 1947 Ilrec

547 2004 678 2044 vero
709 2003 830 2059 quae
859 1988 1112 2054 diximus,
1145 2003 1267 2044 eum
1313 1989 1366 2043 in
1395 1987 1515 2043 aliis
1561 1985 1696 2043 locis
1728 1994 1836 2040 tum
1864 1985 1995 2040 satis
2029 1992 2119 2038 ex:

539 2094 726 2152 presse
758 2079 1040 2134 invenietis
1065 2079 1115 2134 in
1141 2093 1347 2133 canone
1372 2077 1634 2132 ToIetano
1672 2091 1732 2141 II,
1755 2061 1881 2146 cap.
1910 2074 1964 2130 9.
1998 2074 2120 2129 ϐίης

541 2181 714 2225 terum
744 2167 1197 2238 rebaptizationes
1225 2176 1279 2221 et
1317 2164 1749 2221 reordinationes
1781 2163 1918 2230 fieri,
1949 2179 2120 2219 cano-

540 2273 642 2325 nes
663 2267 864 2313 vetant.
896 2256 1188 2326 Propterea
1231 2254 1531 2323 depositum
1573 2268 1680 2308 non
1710 2253 2117 2317 reordinabitis,

539 2354 635 2406 sed
665 2349 900 2404 reddens
945 2348 992 2402 ei
1025 2361 1152 2401 suos
1189 2346 1386 2417 gradus
1411 2359 1509 2413 per
1542 2344 1903 2399 instrumenta
1936 2351 1991 2398 et
2024 2359 2122 2414 per

541 2440 859 2496 vestimenta
894 2453 1013 2509 qua:
1050 2439 1118 2492 ad
1171 2437 1318 2506 ipsos
1365 2435 1561 2506 gradus
1598 2435 1899 2506 pertinent,
1935 2434 2010 2488 ita
2040 2434 2113 2488 di-

540 2531 712 2587 cendo
757 2547 771 2584 :
821 2529 1009 2583 Reddo
1038 2528 1134 2582 tibi
1167 2527 1390 2599 gradum
1421 2525 1649 2591 ostiarii,
1702 2534 1756 2580 et
1794 2533 2018 2580 cmtera.
2062 2523 2119 2578 ln

542 2622 764 2678 nomine
791 2619 991 2684 Patris,
1014 2627 1070 2673 ct
1094 2617 1214 2672 Filii
1249 2625 1304 2671 et
1331 2615 1563 2685 Spiritus
1591 2613 1785 2672 sancti.
1819 2613 2122 2670 Novissime

541 2723 721 2770 autem
773 2711 1154 2766 benedictione
1196 2705 1538 2763 lzetificabitis
1586 2718 1709 2762 eum
1770 2705 1852 2760 sic
1903 2704 2124 2760 conclu-

543 2805 718 2860 dendo
753 2819 765 2855 :
797 2798 1110 2855 Benedictio
1156 2797 1254 2854 Dei
1304 2795 1503 2862 Patris,
1531 2804 1583 2852 et
1624 2796 1772 2862 Filii,
1801 2804 1857 2851 et
1885 2794 2122 2867 Spiritus

539 2891 715 2948 sancti
761 2903 924 2959 super
965 2897 1017 2941 te
1065 2886 1375 2946 descendat,
1436 2893 1495 2939 ut
1542 2884 1618 2940 sis
1665 2884 2018 2941 confirmatus
2065 2884 2120 2940 in

541 2983 732 3036 ordine
767 2975 1112 3041 sacerdotali,
1136 2984 1193 3031 et
1234 2973 1431 3030 offeras
1457 2973 1750 3044 placabiles
1786 2975 1992 3030 hostias
2021 2989 2121 3045 pro

541 3160 673 3225 Deo,
700 3158 786 3215 cui
825 3165 911 3213 est
937 3155 1112 3212 honor
1151 3163 1206 3210 et
1235 3153 1402 3225 gloria
1445 3154 1499 3208 in
1543 3151 1737 3209 saecula
1777 3152 2119 3209 smculorum.

543 3247 716 3304 Amen
727 3287 742 3302 .

853 3353 1184 3412 EPISTOLA
1229 3351 1346 3409 XIV
1385 3351 1531 3425 [olim
1567 3350 1796 3424 xxvr]

1010 3443 1185 3515 (Circa
1223 3457 1422 3497 annum
1463 3439 1646 3509 1008.)

549 3534 790 3591 Plurima
813 3535 1034 3590 scientia
1066 3545 1114 3588 et
1163 3533 1440 3587 sanctitate
1469 3531 1681 3601 pollenti
1707 3534 1845 3601 patri
1872 3540 1920 3587 et
1947 3532 2118 3586 archi-

612 3607 850 3677 episcoyto
885 3608 1246 3677 Lpurusntco,
1280 3603 1482 3656 utinam
1513 3602 1609 3656 Dei
1637 3601 1888 3672 parvulus
1928 3605 2123 3656 oratio-

611 3676 691 3730 nis
721 3693 779 3730 ru
786 3676 1059 3745 (fragium.

566 3830 570 3836 .
625 3788 778 3856 Quod
808 3787 1177 3842 adversarium
1208 3793 1452 3840 nostrum
1496 3783 1768 3840 Gozonem
1805 3798 2121 3839 excommu-

545 3877 789 3941 nicastis,
811 3891 840 3929 a
875 3874 1100 3928 Domino
1123 3873 1453 3937 mercedem,
1474 3880 1530 3927 et
1553 3887 1583 3926 a
1609 3871 1767 3927 nobis
1795 3871 1978 3927 ﬁdeles
2003 3888 2124 3943 gra-

551 3970 656 4022 tias
684 3965 947 4022 habeatis.
985 3964 1099 4020 Hoc
1147 3965 1291 4020 enim
1342 3963 1610 4030 faciendo,
1639 3972 1694 4017 et
1722 3962 1951 4018 Domino
1989 3979 2124 4032 prm-

543 4057 738 4113 buistis
771 4054 1110 4124 obsequium,
1166 4062 1222 4109 et
1270 4061 1454 4109 vestro
1499 4053 1764 4124 discipulo
1812 4053 2123 4111 dilectionis

544 4147 822 4204 indicium.
851 4146 1185 4217 Quapropter
1203 4145 1248 4201 si
1272 4159 1358 4200 me
1384 4152 1566 4200 vestra
1582 4144 1822 4215 dignatio
1845 4145 1912 4199 de
1939 4146 2038 4200 hac
2061 4161 2124 4201 ac

545 4239 613 4294 de
641 4238 747 4293 alia
785 4252 946 4292 causa
978 4237 1266 4307 rogaverit,
1300 4236 1590 4306 benignam
1622 4251 1681 4290 se
1708 4235 1862 4291 vobis
1890 4245 1944 4291 et
1969 4236 2123 4292 obse-

545 4340 800 4404 quentem
824 4337 1008 4384 nostra
1034 4328 1310 4384 humilitas
1337 4328 1632 4384 exhibebit.
1660 4327 1862 4384 Valete.

841 4458 1173 4516 EPISTOLA
1238 4457 1333 4513 XV
1373 4457 1532 4531 [olim
1569 4455 1817 4528 XXVII.]

1018 4550 1195 4620 (Circa
1233 4563 1433 4603 annum
1474 4547 1658 4617 1008.)

517 4627 848 4707 Clarissima
899 4641 1036 4712 )mtri
1062 4650 1108 4692 et
1143 4638 1461 4720 archiepisco
1489 4655 1584 4691 suo
1616 4635 1960 4691 Leurnsmco
1985 4633 2123 4689 FUL-

1067 4723 1270 4763 Βειιτῠε
1307 4723 1595 4776 episcopus.

614 4822 836 4876 Proreta
868 4818 1021 4873 navis
1053 4815 1212 4886 regiae
1235 4823 1426 4869 cautus
1462 4821 1516 4867 ct
1535 4813 1959 4882 circumspectus
1983 4820 2117 4866 esto.

546 4908 770 4963 Terreni
796 4909 1017 4978 spiritus
1045 4904 1340 4960 insolenter
1386 4901 1684 4956 assibilant.
1717 4901 1939 4956 Fluctus
1965 4899 2121 4968 hujus

548 4996 729 5049 smculi
759 4996 1142 5050 intumescunt.
1171 4989 1545 5047 Promontoria
1576 4990 1862 5043 mundana
1883 4997 2119 5060 potesta-

549 5087 616 5142 tis
637 5085 871 5155 pericula
901 5087 1196 5147 minantur,
1220 5091 1273 5137 et
1298 5097 1448 5136 more
1472 5080 1773 5150 piratarum
1795 5079 2122 5138 insidiantur

516 5177 864 5248 .hypocritm.
903 5177 1046 5229 Inter
1071 5175 1184 5229 haec
1217 5173 1396 5228 omnia
1439 5171 1762 5226 tendendum
1804 5171 1871 5224 ad
1903 5178 2119 5239 portum

550 5268 790 5334 cmlcstis
832 5266 1039 5335 patriae.
1088 5263 1203 5319 Noli
1234 5279 1361 5335 ergo
1389 5273 1500 5317 tute
1534 5263 1649 5332 ipse
1684 5261 1778 5316 tibi
1805 5260 2119 5315 bitalassum

569 5360 581 5374 I
626 5361 638 5374 I
665 5358 676 5370 ο
719 5357 836 5374 ._..'-
877 5370 928 5374 -_
966 5354 1274 5374 J.__I2-!n_-’-
1308 5356 1319 5367 ⁶
1394 5370 1410 5374 _
1457 5356 1543 5374 --.1-
1575 5362 1658 5374 ι--..
1690 5353 1761 5374 ...ἓ

1639 5371 1658 5374 ..
1690 5353 1918 5374 ...:-..-..-
1975 5350 2085 5374 σε...

2147 4378 2197 4437 D

2219 1817 2480 1873 absolvat.
2511 1819 2582 1872 At
2615 1818 2660 1874 si
2685 1818 2808 1888 quis
2843 1817 2982 1874 alius
3003 1830 3204 1891 praeter
3224 1834 3321 1874 vos
3345 1818 3618 1873 invenisse
3639 1816 3808 1870 fatea-

2221 1917 2328 1975 tur,
2354 1923 2550 1964 novum
2581 1909 2728 1964 illum
2758 1909 3032 1964 rhetorem
3062 1909 3130 1965 de
3157 1909 3297 1965 coelo
3329 1909 3500 1978 magis
3541 1907 3808 1962 cecidisse

2219 2014 2380 2070 quam
2427 2001 2768 2057 descendisse
2813 2001 3157 2056 crediderim.
3209 1999 3400 2056 Videte
3445 2014 3515 2056 ne
3550 2000 3676 2070 quis
3714 2014 3808 2054 vos

2221 2090 2442 2146 seducat
2473 2092 2726 2146 inanibus
2760 2092 2961 2148 verbis.

2579 2181 2910 2238 EPISTOLA
2949 2181 3085 2238 XVII
3101 2188 3103 2190 ’
3117 2181 3265 2256 [olim
3289 2181 3447 2254 XLI].

2719 2274 2896 2345 (Circa
2913 2289 3110 2329 annum
3129 2275 3311 2348 1008.)

2325 2363 2508 2419 Fratri
2556 2375 2604 2418 et
2633 2366 2932 2435 coepiscopo
2961 2381 3055 2419 suo
3091 2365 3325 2421 FULconI
3353 2365 3699 2422 Fumeaws.

2292 2455 2444 2522 Quod
2473 2455 2541 2510 ad
2565 2471 2804 2526 prtesens
2836 2464 3076 2518 vestrum
3107 2457 3384 2528 placitum,
3436 2472 3545 2512 non
3572 2459 3712 2514 adeo
3741 2458 3805 2513 de

2223 2545 2428 2598 malitia
2484 2544 2644 2614 hujus
2678 2547 2935 2617 temporis
2977 2555 3111 2601 ortae
3135 2546 3478 2604 difﬁcultates
3509 2547 3804 2612 obsistunt,

2221 2634 2376 2688 vobis
2401 2635 2732 2704 exponenda:
2751 2649 2848 2706 per
2868 2636 3072 2703 otium;
3105 2639 3199 2693 sed
3229 2640 3371 2708 quod
3393 2653 3635 2710 praesens
3662 2639 3806 2693 diee-

2224 2742 2356 2793 rem,
2385 2742 2480 2797 per
2523 2727 2622 2784 hos
2655 2728 2834 2798 apices
2881 2728 3190 2801 signiﬁcare
3241 2730 3447 2786 curavi.
3479 2729 3808 2786 Defensores

2223 2819 2400 2888 legum
2431 2832 2654 2888 paucos,
2700 2819 3107 2891 impugnatorcs
3133 2836 3264 2877 vero
3299 2821 3482 2892 plures
3509 2835 3637 2877 esse
3658 2821 3808 2875 vide-

2224 2909 2311 2963 tis.
2343 2908 2482 2974 Quin
2530 2909 2694 2964 etiam
2728 2910 2975 2965 dominus
3005 2921 3190 2967 noster
3218 2928 3336 2978 rex,
3372 2927 3493 2968 cum
3533 2927 3807 2968 summum

543 2995 732 3036 nrume
767 2995 1112 3041 ειιοεταοιιιιι,
1136 2995 1193 3031 CI.
1234 2995 1431 3030 υιιεῐειδ
1459 2995 1750 3044 ριιιοξιυιιθδ
1787 2995 1992 3030 ηοειιίιε
2021 2995 2118 3045 pro

543 3068 779 3140 peccatis
839 3077 1002 3136 atque
1061 3062 1449 3119 offensionibus
1502 3061 1681 3133 populi
1761 3063 2118 3132 omnipotenti

2226 2995 2441 3066 iustitiae
2486 3006 2648 3069 caput
2681 2999 2964 3067 incumbit,
3019 2999 3244 3072 perfidia
3283 3001 3550 3057 malorum
3589 3002 3672 3057 sic
3699 3002 3808 3058 cir-

2226 3096 2539 3140 cumventus
2564 3096 2670 3140 est.
2720 3097 2782 3140 ut
2822 3090 2890 3140 ad
2918 3104 3159 3140 nrmsens
3191 3106 3367 3140 nemIe
3415 3106 3476 3140 se
3505 3093 3807 3140 vindicare.

2224 3096 2539 3143 cumventus
2564 3096 2670 3154 est,
2720 3097 2782 3144 ut
2822 3090 2890 3145 ad
2918 3104 3159 3160 praesens
3191 3106 3367 3162 neque
3415 3106 3476 3148 se
3505 3093 3808 3158 vindicare,

2223 3194 2398 3249 neque
2423 3195 2525 3236 nos
2571 3189 2633 3237 ut
2673 3189 2886 3252 oportet
2918 3181 3177 3251 adjuvare
3211 3183 3523 3253 prmvaleat.
3544 3182 3664 3238 Non
3693 3184 3808 3238 haec

2224 3267 2424 3324 idcirco
2457 3268 2706 3334 dixerim,
2747 3277 2808 3325 ut
2849 3268 3224 3327 fortitudinem
3269 3273 3433 3327 animi
3461 3273 3628 3327 vestri
3657 3271 3812 3327 fran-

2224 3369 2348 3427 gere
2369 3357 2552 3424 velim,
2597 3359 2690 3414 sed
2719 3368 2779 3414 ut
2807 3373 2935 3414 sana
2964 3359 3288 3418 discretione
3314 3377 3534 3418 causam
3567 3371 3805 3417 vestram

2224 3456 2459 3503 tractare
2489 3447 2866 3504 memineritis.
2919 3450 3088 3521 Igitur
3130 3452 3175 3506 si
3232 3452 3399 3507 abbas
3429 3452 3606 3506 sancti
3635 3452 3808 3506 Bene-

2224 3535 2352 3591 dicti
2385 3537 2452 3592 de
2477 3545 2660 3592 vestro
2684 3546 2996 3608 contemptu
3035 3539 3248 3610 culpam
3283 3554 3436 3596 suam
3467 3554 3801 3609 recognoveo

2223 3625 2316 3691 rit,
2345 3635 2398 3680 et
2452 3625 2597 3682 illam
2649 3627 2898 3697 deinceps
2927 3627 3315 3697 subjectionem
3346 3629 3660 3700 promiserit
3688 3644 3807 3697 quae

2222 3716 2376 3771 vobis
2409 3718 2668 3772 canonice
2695 3719 2942 3786 debetur,
2976 3721 3165 3776 hortor
3188 3732 3243 3777 et
3269 3721 3468 3776 suadeo
3493 3730 3552 3776 ut
3577 3721 3808 3791 recipia-

2225 3803 2325 3869 tis;
2355 3814 2697 3861 sacramenta
2749 3821 2901 3874 vero,
2929 3816 2985 3864 et
3013 3817 3208 3864 caetera
3240 3825 3360 3879 quae
3380 3809 3445 3864 ad
3471 3810 3804 3864 mundanam

2224 3896 2397 3966 legem
2425 3898 2720 3966 pertinent,
2747 3909 2968 3971 propter
2997 3917 3237 3958 amorem
3267 3902 3412 3972 regis
3444 3901 3649 3957 domini
3676 3902 3806 3956 Inis-

2225 4003 2282 4044 sa
2303 3987 2532 4056 faciatis,
2551 3997 2608 4044 ut
2631 3990 2942 4062 religionem
2965 3993 3139 4063 magis
3163 4009 3326 4064 quam
3356 3992 3676 4048 saecularem
3699 4008 3808 4046 am-

2223 4080 2480 4136 bitionem
2497 4096 2591 4137 vos
2617 4083 2813 4138 sectari
2838 4093 3147 4152 cognoscat.
3171 4086 3242 4140 At
3261 4085 3305 4140 si
3326 4085 3494 4139 abbas
3518 4083 3574 4138 in
3599 4093 3806 4138 tantam

2227 4170 2538 4240 superbiam
2571 4171 2908 4240 intumuerit,
2966 4186 3026 4230 ut
3057 4175 3229 4246 ipsam
3259 4190 3475 4245 quoque
3515 4175 3808 4246 snbjectioo

2226 4276 2349 4315 nem
2396 4263 2716 4318 canonicam
2764 4265 2921 4321 vobis
2967 4266 3232 4338 derogare
3277 4266 3594 4332 contendat,
3619 4281 3808 4334 super-

2225 4352 2347 4414 bim,
2379 4351 2464 4407 cui
2495 4369 2599 4408 non
2622 4355 2796 4424 parcit
2827 4357 2990 4423 Deus,
3024 4358 3120 4414 Dei
3154 4373 3346 4415 servus
3375 4357 3650 4428 quomodo
3679 4372 3806 4426 par-

2227 4451 2333 4508 cat,
2367 4443 2566 4498 nescio.
2605 4444 2806 4500 Valete.

2508 4547 2841 4610 EPISTOLA
2881 4556 3041 4613 XVIII
3069 4557 3216 4629 [olim
3256 4557 3514 4630 LXXIV].

2724 4646 2874 4718 (Post
2900 4663 3098 4704 annum
3129 4649 3309 4719 1008.)

2223 4739 2539 4794 FULBERTUS
2569 4736 2665 4791 Dei
2703 4737 2872 4806 gratia
2912 4736 3246 4856 Clarnotensis
3285 4738 3556 4806 episcopus
3599 4735 3666 4792 G.
3712 4754 3806 4790 suo

2915 4823 2942 4856 C
2965 4823 3123 4856 ertco.

2915 4823 3123 4859 σιενιεο.

2292 4897 2562 4967 Quidquid
2599 4895 2724 4950 boni
2754 4894 2820 4949 de
2858 4903 2910 4949 te
2935 4910 3158 4965 sperare
3185 4910 3638 4966 praesumpseram
3659 4936 3676 4961 ,
3721 4906 3802 4950 to-

2224 5001 2336 5046 tum
2364 5005 2494 5044 vere
2524 4989 2576 5043 in
2605 4987 2938 5042 contrarium
2959 4987 3135 5042 cedit:
3166 5002 3269 5042 non
3300 4987 3470 5042 solum
3503 4988 3649 5041 enim
3690 4988 3805 5041 nul-

2222 5082 2333 5136 lum
2363 5096 2430 5136 ex
2461 5088 2512 5134 te
2535 5077 2817 5134 consilium
2841 5076 2926 5130 vel
2955 5077 3212 5132 auxilium
3239 5077 3409 5147 capio,
3436 5092 3625 5131 verum
3657 5077 3806 5131 insu-

2221 5184 2317 5239 per
2342 5167 2525 5223 odium
2552 5181 2650 5236 pro
2672 5165 2958 5233 dilectione
2987 5166 3188 5231 reddis,
3209 5173 3263 5220 et
3293 5165 3506 5236 injuriis
3527 5180 3616 5219 me
3636 5164 3804 5218 aﬂicis

2225 5261 2616 5314 immerentem.
2646 5257 2721 5310 De
2749 5255 2945 5324 quibus
2976 5256 3089 5324 jam
3136 5257 3273 5326 apud
3305 5265 3355 5310 te
3382 5270 3481 5325 per
3530 5253 3694 5310 verba
3725 5256 3803 5309 Ie-

2225 5350 2330 5374 ...ιιι
2379 5349 2460 5374 ιιξη

2507 5347 2893 5374 ηΙιΛ-ιέανὶηηῖηιιι
3107 5363 3202 5374 ἉΛ-
3249 5347 3448 5374 ηΛκειιΙΔ
3495 5361 3612 5374 “\Al‘
3661 5362 3804 5374 ,ιιι-ιη
