4018 6394
274 267 389 325 209

267 470 499 530 chorum
529 487 836 533 nostrorum
868 482 1123 539 ecclesias
1159 485 1423 553 iuvasisti,
1467 488 1609 558 quod
1638 489 1714 543 tui
1755 489 1850 544 do-

266 567 485 621 mestici
521 571 902 626 eanonicorum
931 574 1084 629 villas
1131 576 1308 645 praeda
1353 586 1409 633 et
1453 578 1702 634 incendio
1754 594 1848 633 va-

263 664 415 711 stant
443 672 459 710 :
490 658 602 714 haec
627 659 858 732 denique
900 665 1114 732 omnia,
1145 675 1204 720 ut
1245 666 1448 721 dictum
1484 676 1600 734 est,
1633 667 1851 740 indigne

265 746 405 800 mihi
439 748 538 803 abs
567 758 620 804 te
653 751 768 804 ﬁeri
811 767 1039 822 queror,
1072 755 1159 809 cui
1200 755 1335 809 nihil
1378 771 1614 826 unquam
1647 757 1851 812 incom-

264 839 416 893 modi
438 839 521 893 vel
540 855 704 909 Opera
729 859 842 897 mea
871 845 952 900 vel
984 846 1258 902 instinctu
1293 848 1515 902 memini
1538 849 1847 920 contigisse.

265 926 424 993 Quod
452 930 497 984 si
527 931 655 999 quid
681 942 826 987 esset
852 936 997 990 unde
1025 951 1112 990 me
1136 946 1441 1007 suspectum
1473 939 1721 1001 haberes,
1754 955 1850 1008 pro

263 1016 654 1075 incertacausa
676 1031 852 1078 certas
872 1023 1197 1082 oﬁ‘ensiones
1218 1042 1322 1082 non
1343 1037 1614 1097 oporteret
1629 1029 1847 1083 inferre.

263 1105 336 1160 At
362 1107 406 1161 si
438 1108 569 1177 quid
593 1110 648 1164 in
678 1120 730 1166 te
760 1113 1042 1170 manifeste
1068 1131 1402 1186 peccassem,
1431 1127 1488 1173 et
1519 1127 1572 1173 tu
1601 1117 1851 1188 Scriptu-

263 1211 452 1251 rarum
484 1199 724 1255 consiliis
749 1202 1096 1270 acquiescere
1118 1205 1320 1280 velles,
1337 1215 1485 1262 tuutn
1515 1215 1692 1263 tamen
1715 1223 1851 1278 prte-

259 1284 440 1339 sulem
467 1301 588 1342 cum
609 1290 863 1358 patientia
890 1293 1208 1351 sustineres.
1235 1295 1341 1352 Sed
1362 1299 1487 1352 dum
1509 1298 1850 1353 discretionis

263 1374 485 1428 oculum
510 1375 590 1430 ira
617 1379 818 1443 turbat,
846 1382 1113 1449 cupiditas
1136 1393 1446 1449 cmeat,-nec
1469 1400 1687 1440 causam
1718 1386 1850 1440 satis

262 1465 563 1535 diligenter
590 1471 860 1538 attendis,
910 1489 1012 1528 nec
1051 1490 1208 1545 opem
1238 1477 1448 1532 consilii
1480 1476 1732 1532 salutaris
1758 1477 1850 1530 ad-

264 1556 460 1611 mittis.
507 1557 658 1613 Unde
695 1557 807 1626 jam
852 1561 947 1616 tibi
995 1563 1127 1619 satis
1191 1572 1507 1634 exspectato
1551 1564 1851 1634 prtcnuntio

262 1649 435 1716 quod,
461 1649 507 1703 si
529 1659 655 1706 ante
677 1650 862 1708 Natale
881 1653 1089 1710 Domini
1123 1657 1442 1725 resipiscens
1466 1657 1531 1711 ad
1558 1656 1852 1712 correctio-

263 1752 392 1791 nem
420 1753 526 1794 non
561 1743 801 1807 veneris,
838 1745 1042 1800 senties
1080 1761 1166 1802 me
1207 1747 1420 1803 divinas
1464 1748 1609 1818 leges
1647 1748 1850 1804 acriter
1881 1752 1924 1811 B

263 1828 672 1900 insequentem,
713 1849 871 1902 quem
917 1836 1075 1892 modo
1123 1837 1349 1909 negiigis
1389 1840 1628 1894 suaviter
1663 1839 1848 1894 admo-

263 1930 506 1978 nentem.
537 1924 667 1978 Vale
699 1925 938 1981 interim.

588 2015 918 2094 EPISTQLA
957 2018 1071 2073 XIX
1107 2019 1516 2094 [armum].

763 2087 913 2158 (Post
940 2087 1138 2142 annum
1172 2090 1352 2159 I008.)

547 2177 721 2232 Charo
749 2196 845 2233 suo
876 2179 941 2233 D.
970 2180 1286 2238 Futssnrus
1309 2183 1571 2237 sacerdos.

338 2267 416 2323 Ne
453 2269 715 2334 turberis,
765 2269 840 2324 ﬁli
887 2270 994 2337 mi,
1042 2286 1144 2327 nec
1188 2272 1403 2327 decidat
1445 2287 1542 2328 cor
1588 2280 1736 2326 tuum
1780 2273 1848 2327 ab

263 2375 456 2417 amore
479 2369 536 2416 et
563 2361 756 2416 ﬁducia
791 2364 987 2419 nostri.
1015 2363 1130 2419 Non
1160 2365 1305 2420 enim
1332 2364 1616 2433 dereliquit
1651 2373 1703 2419 te
1732 2365 1852 2419 ani-

265 2469 356 2508 ma
387 2467 544 2508 mea:
577 2453 672 2508 sed
711 2453 836 2523 quia
882 2455 1062 2511 minus
1099 2457 1326 2512 credere
1370 2453 1470 2509 sibi
1500 2464 1556 2511 et
1589 2455 1848 2511 obediens

264 2560 388 2599 esse
418 2545 709 2611 videbaris,
736 2545 1012 2616 paululum
1039 2546 1375 2602 dissimulato
1399 2547 1548 2601 vultu
1578 2547 1645 2602 ad
1667 2562 1849 2603 exem-

264 2635 414 2704 plum
445 2635 654 2690 Domini
687 2635 765 2691 ire
794 2651 853 2691 se
885 2636 1094 2708 longius
1123 2636 1298 2691 ﬁnxit.
1322 2636 1391 2690 At
1413 2651 1557 2692 nunc
1577 2637 1645 2692 ad
1668 2636 1848 2704 hospi-

267 2723 528 2777 talitatem
560 2724 720 2778 amici
752 2725 987 2794 pectoris
1017 2725 1248 2779 dulciter
1278 2727 1560 2790 revocata,
1590 2734 1644 2781 et
1669 2725 1847 2779 oblato

265 2829 407 2883 pane
445 2813 750 2869 divinarum
793 2815 1195 2885 Scripturarum
1237 2816 1536 2881 oblectata,
1581 2816 1635 2870 in
1677 2815 1847 2885 ipsius

265 2905 424 2972 punis
443 2904 706 2961 fraetione
730 2921 946 2962 onmem
967 2907 1147 2963 vultus
1174 2908 1580 2978 ambiguitatem
1606 2907 1844 2977 deponit,

265 3003 321 3046 et
344 2993 567 3063 antiqua
599 2995 780 3064 specie
807 2996 899 3051 tibi
931 2996 1171 3051 renitens
1198 2997 1491 3052 hilarescit.
1522 2997 1722 3052 Precor
1745 2999 1847 3052 ita-

265 3100 392 3151 que,
425 3085 466 3138 si
498 3085 650 3154 capia
668 3084 1034 3140 vehiculorum
1062 3087 1315 3156 suppetit,
1335 3095 1394 3141 ιιι
1425 3102 1522 3142 nos
1551 3088 1845 3157 corporali-
1873 3090 1918 3154 ο

267 3186 354 3229 ter
398 3176 614 3241 visites;
649 3176 694 3231 si
737 3192 865 3246 non,
903 3193 934 3233 a
965 3177 1121 3234 nobis
1157 3177 1251 3234 tibi
1284 3177 1425 3234 mitti
1455 3177 1580 3248 jure
1609 3179 1846 3235 debitam

269 3265 517 3321 mandes.
549 3263 700 3320 Vale.

576 3377 911 3435 EPISTOLA
951 3379 1047 3435 XX
1083 3379 1232 3452 [olim
1261 3379 1519 3452 LXXVI].

767 3471 919 3542 (Post
952 3488 1156 3527 annum
1191 3472 1373 3546 1008.)

265 3561 588 3617 Fontanus
624 3559 720 3615 Dei
750 3563 916 3632 gratia
942 3561 1342 3686 Cargotensium
1378 3577 1648 3632 episcopus
1689 3562 1847 3614 chara

930 3649 1026 3686 suo
1102 3648 1190 3686 sn.

930 3649 1026 3686 δυο
1056 3648 1190 3686 “ER.

336 3719 544 3773 Auctor
571 3719 794 3786 signata:
829 3720 1098 3776 schcdulte
1127 3736 1291 3790 quam
1341 3720 1472 3774 mihi
1505 3719 1722 3774 mittere
1749 3733 1847 3772 vo-

267 3810 436 3873 luisti,
463 3825 558 3864 seu
591 3808 819 3864 ﬁdeliter
841 3810 954 3865 sive
985 3810 1196 3878 impure
1226 3809 1277 3866 id
1312 3825 1440 3882 agas
1459 3849 1474 3876 ,
1504 3808 1736 3864 consulit
1761 3815 1847 3862 ta-

268 3917 392 3954 men
437 3899 586 3968 justa
639 3901 935 3970 leniterque
978 3900 1273 3957 blanditur.
1319 3901 1532 3956 Iustum
1578 3909 1664 3956 est
1707 3899 1849 3955 enim

267 3991 571 4046 Ecclesiam
610 4000 663 4046 te
691 3991 745 4046 in
775 4007 879 4061 qua
909 3993 984 4048 sis
1011 3993 1313 4060 ordinatus,
1341 3994 1520 4063 quoad
1551 3993 1604 4048 in
1642 4007 1706 4048 ea
1737 4000 1850 4046 tuto

269 4083 470 4152 degere
495 4083 692 4152 possis,
723 4098 831 4138 mn
857 4084 1124 4149 deserere,
1148 4097 1384 4154 ovesque
1409 4084 1504 4140 tibi
1530 4083 1851 4140 commissas

270 4171 517 4225 studiose
545 4185 759 4238 curare.
791 4171 1048 4226 Blandum
1075 4173 1239 4228 etiam
1270 4183 1354 4229 est
1378 4171 1634 4242 appellari
1659 4171 1848 4235 ﬁlium,

271 4260 604 4316 desiderium
638 4261 944 4332 signiﬁcare
987 4263 1231 4326 vivendi,
1282 4262 1624 4318 corollarium
1666 4262 1853 4332 gratia:
1891 4259 1898 4267 ’

270 4351 536 4422 polliceri.
587 4352 762 4419 Unde,
786 4354 830 4408 si
881 4354 996 4410 haec
1027 4353 1257 4410 ﬁdeliter
1283 4354 1464 4409 oblata
1502 4353 1850 4425 probaveris,

1700 283 2080 344 EPISTOLIE.

269 385 506 476 lationes
534 393 750 444 nostras
778 402 909 446 ausu
939 391 1201 464 sacrilego
1239 394 1466 460 detines,
1501 396 1644 466 quod
1672 413 1855 454 mona-
1881 417 1930 476 Α

2463 247 2559 265 σοι-’4⁸
2578 251 2582 256 ·

3415 301 3520 356 240

2266 404 2599 462 EPISTOLA
2638 406 2757 463 XXI
2789 407 2934 481 [olim
2961 408 3241 485 LXXVII].

2442 499 2596 569 (Post
2624 516 2825 556 annum
2862 502 3045 573 1008.)

1951 587 2268 668 Ὲυιιιιειιςιῐις
2297 590 2598 668 Dgi__gratia
2619 593 3027 668 parnotensium
3055 595 3322 668 episcopus
3361 597 3522 668 siqui-

2142 613 2268 645 nus
2297 613 2389 660 uel
2428 613 2598 661 grana
2635 613 3027 648 Laruatensmm
3121 613 3303 667 tscopu;

2142 661 2257 715 d'em
2286 661 2527 730 ﬁdelibus
2558 663 2750 726 adhuc,
2780 674 2836 716 ut
2863 665 3035 728 aiunt,
3169 664 3232 720 (ἕ.
3262 668 3303 718 Α

2021 770 2131 828 Nec
2168 781 2324 842 porta
2361 767 2584 843 iustitia:
2621 787 2720 830 nec
2749 773 2911 843 janua
2947 775 3332 833 misericordia!
3372 781 3524 836 vobis

1952 863 2136 916 clausa
2165 869 2249 917 est
2271 863 2410 932 apud
2434 879 2549 918 nos.
2582 863 2766 933 Neque
2799 880 2926 920 vero
2957 867 3020 920 de
3047 867 3249 924 Brietio
3277 870 3526 940 episcopo

1952 952 2176 1006 fecimus
2199 952 2503 1017 ostiarinm,
2530 955 2620 1022 qui
2651 969 2761 1017 vos,
2801 964 2861 1008 ut
2901 956 3237 1026 signiﬁcatis,
3266 973 3298 1013 a
3327 962 3526 1016 nostris

1952 1043 2312 1112 penetralibus
2338 1054 2581 1108 arceret,
2611 1045 2704 1100 sed
2742 1054 3030 1114 utrumque
3063 1048 3266 1103 aditum
3306 1064 3528 1105 servan-

1951 1131 2076 1185 dum
2102 1132 2297 1187 rationi
2323 1133 2712 1190 commisimus.
2757 1133 2815 1189 Si
2853 1136 3014 1191 vultis
3043 1136 3247 1194 intrare
3271 1153 3368 1209 per
3399 1155 3524 1211 por-

1954 1234 2061 1278 tam
2081 1223 2328 1292 justitiae,
2355 1224 2624 1281 defendite
2649 1225 2879 1296 culpam.
2907 1226 2965 1281 Si
2999 1243 3098 1297 per
3117 1229 3336 1298 januam
3369 1231 3527 1286 mise-

1951 1315 2217 1378 ricordiae,
2263 1317 2406 1387 agite
2450 1316 2842 1385 paenitentiam,
2884 1317 3043 1372 aliter
3079 1320 3220 1373 enim
3257 1335 3353 1375 vos
3391 1322 3526 1378 ratio

1951 1423 2056 1462 non
2100 1409 2366 1464 admittet.
2399 1408 2524 1462 litec
2563 1407 2798 1463 breviter
2829 1410 3215 1471 rescribentes,
3249 1412 3526 1467 vobiscum

1951 1497 2154 1550 sentire
2195 1503 2467 1565 putamus,
2504 1496 2632 1549 dum
2673 1497 2930 1551 terminos
2959 1505 3267 1553 sanctorum
3305 1499 3524 1554 Patrum

1951 1600 2052 1639 nec
2077 1584 2176 1655 ipsi
2210 1585 2660 1655 transgredintur,
2693 1599 2790 1641 nec
2817 1586 2970 1642 vobis
3002 1588 3299 1657 transgredi
3330 1587 3524 1643 suade-

1953 1691 2091 1730 mus.
2121 1674 2319 1730 V'alete.
3382 1693 3386 1698 ε

2243 1784 2574 1842 EPISTOLA
2612 1786 2753 1841 XXII
2786 1787 2932 1859 [olim
2958 1787 3258 1860 LXXVIII].

2439 1877 2586 1944 (Post
2624 1894 2823 1933 annum
2856 1880 3037 1951 1008.)

1951 1985 2269 2042 FULBER'I‘US
2295 1987 2391 2040 Dei
2416 1991 2591 2068 gratia
2620 1989 3029 2068 Car-notensium
3049 1995 3314 2068 episcopus
3335 1995 3399 2050 Α.
3422 1997 3527 2068 cpi-

2300 2073 2455 2128 scopo
2482 2059 2750 2129 designato
2779 2063 3029 2132 quidquid
3056 2059 3173 2118 sibi.

2023 2167 2112 2223 Sic
2143 2169 2274 2224 estis
2308 2185 2405 2240 per
2443 2169 2536 2226 Dei
2571 2172 2801 2240 gratiam
2848 2173 2902 2228 in
2937 2175 3145 2230 arbitrii
3175 2177 3334 2232 vestri
3370 2177 3530 2231 liber-

1952 2265 2060 2311 tate
2093 2258 2274 2326 positi,
2305 2268 2362 2314 et
2389 2258 2739 2315 ﬁnitimorum
2774 2263 3146 2334 episcoporum
3179 2267 3328 2335 copia
3375 2267 3488 2320 fulti
3509 2310 3524 2330 ,

1950 2358 2009 2403 ut
2055 2350 2110 2404 in
2158 2365 2350 2404 manus
2377 2350 2614 2423 episcOpi
2656 2351 3076 2410 Silvauecteusis
3108 2355 3343 2412 incidere
3382 2358 3528 2412 nulla

1948 2455 2044 2494 vos
2068 2441 2410 2497 necessitudo
2445 2441 2750 2512 compellat.
2782 2443 2887 2499 Sed
2917 2458 2984 2498 ne
3010 2444 3211 2498 civitati
3239 2444 3321 2499 vel
3343 2444 3530 2501 Eccle-

1948 2529 2042 2584 site
2071 2528 2489 2585 Catalaunorum
2525 2547 2680 2586 suum
2713 2532 2982 2602 derogetis
3017 2533 3296 2597 honorem,
3335 2536 3526 2589 metui-

1949 2619 2094 2674 nisse
2121 2635 2216 2674 vos
2245 2620 2401 2676 decet
2429 2621 2571 2690 quod
2599 2621 2654 2675 in
2680 2621 2899 2691 antiqua
2929 2623 3288 2694 descriptione
3315 2628 3530 2695 provin-

1948 2708 2046 2763 cim
2074 2709 2300 2778 Belgicae
2325 2709 2573 2764 secunda:
2605 2710 2718 2779 ipsa
2745 2711 2936 2766 civitas
2963 2727 2993 2766 a
3025 2711 3274 2768 Rcmensi
3311 2717 3526 2770 tertium

1947 2798 2124 2854 locum
2151 2800 2367 2857 habeat.
2399 2800 2638 2871 Sapienti
2685 2817 2874 2873 pauca.
2921 2802 3106 2858 Valete
3147 2805 3398 2861 intrando
3432 2821 3528 2875 per

1947 2891 2145 2942 ostium
2175 2889 2228 2943 in
2259 2889 2399 2945 ovile
2426 2891 2628 2946 ovium.

2298 3000 2630 3060 EPISTOLA
2658 3003 2821 3060 xxnt
2853 3003 2999 3076 [olim
3028 3005 3188 3078 XIV].

2449 3091 2601 3164 (Post
2629 3109 2827 3147 annum
2853 3093 3035 3164 1016.)

1959 3197 2296 3271 Venerando_
2317 3199 2746 3271 Normannorum
2800 3202 3026 3271 principi
3076 3201 3351 3257 thnanno
3395 3204 3530 3259 Fet.-

2016 3285 2237 3342 mzn'ws,
2261 3269 2358 3323 Dei
2378 3271 2549 3342 gratia
2572 3269 3280 3342 Cernote’nsium‘episcorms,
3307 3274 3527 3328 salutem

2016 3350 2063 3392 et
2097 3341 2393 3393 orationum
2415 3341 2691 3409 suﬂ‘ragia.

2020 3447 2180 3502 Multa
2205 3450 2342 3503 bona
2368 3447 2572 3506 fecistis
2592 3449 2836 3506 ecclesiae
2862 3452 3074 3506 Sancta:
3096 3451 3275 3507 liiarite
3300 3455 3528 3508 dominae

1949 3548 2148 3593 nostra:
2187 3538 2322 3608 (22).
2385 3539 2672 3594 Retribuat
2722 3528 2882 3594 vobis
2924 3541 3060 3596 Deus
3117 3556 3214 3611 per
3271 3545 3530 3598 interces-

1949 3631 2156 3685 sionem
2205 3630 2394 3700 ipsius.
2427 3629 2540 3686 Nos
2575 3645 2792 3700 quoque
2822 3647 2918 3701 pro
2948 3631 3054 3687 illis
3098 3634 3294 3688 animae
3336 3646 3528 3689 vestrae

1948 3720 2272 3790 corporique
2317 3729 2499 3776 vestro
2525 3729 2581 3776 et
2605 3719 2789 3776 ﬁdeles
2821 3735 3032 3787 sumus,
3067 3729 3125 3777 et
3164 3737 3376 3792 semper
3409 3736 3529 3778 esse

1949 3811 2244 3866 valeamus.
2275 3809 2380 3867 Sed
2402 3826 2572 3881 nuper
2597 3811 2663 3866 ad
2687 3825 2785 3866 vos
2813 3811 3086 3880 insperata
3114 3813 3264 3867 venit
3293 3813 3522 3881 iegatio:

1951 3900 2092 3969 quod
2142 3900 2312 3970 ipsam
2359 3907 2563 3955 terram
2586 3915 2750 3970 quam
2791 3899 2950 3956 nobis
2994 3899 3221 3957 dedistis
3250 3901 3528 3957 Baidricus

1950 3990 2195 4045 minister
2231 3990 2612 4056 revocaverit;
2657 3998 2845 4046 nostro
2900 3990 3170 4058 ministro,
3229 4007 3388 4062 quem
3451 3993 3527 4048 ibi

1951 4081 2290 4150 praefecimus
2320 4121 2335 4148 ,
2380 4081 2585 4152 aliquid
2622 4082 2942 4152 disponendi
2991 4091 3312 4153 potestatem
3361 4084 3530 4138 inter‘

1951 4170 2168 4237 dixerit;
2202 4175 2330 4245 sum
2353 4171 2518 4227 etiam
2544 4185 2633 4226 res
2671 4171 2963 4238 invaserit;
2993 4173 3194 4228 nostris
3222 4173 3530 4228 hominibus

1951 4275 2148 4315 novam
2197 4260 2477 4331 angariam
2520 4259 2817 4327 induxerit,
2864 4260 3170 4317 banniendo
3219 4261 3428 4316 scilicet
3471 4270 3532 4316 ut

1955 4348 2093 4405 irent
2120 4350 2189 4403 ad
2234 4348 2602 4406 molendinum
2641 4350 2818 4405 sancti
2860 4349 3130 4416 Audoeni,
3159 4349 3398 4420 quinque
3419 4348 3533 4405 leu-

274 4443 506 4498 ﬁdeliter
531 4454 711 4498 autent
737 4443 859 4500 dico
877 4445 993 4501 sine
1021 4446 1479 4501 circumventione
1502 4445 1696 4502 animm
1724 4458 1849 4500 tum:

1957 4439 2058 4502 cis,
2086 4448 2146 4493 ut
2175 4438 2368 4505 fertur,
2394 4441 2463 4496 ab
2489 4455 2677 4495 eorum
2703 4438 2951 4508 itaSpitiis
2973 4447 3264 4494 remotum.
3301 4437 3358 4493 Si
3390 4439 3526 4502 Ιιωε.

273 4548 370 4601 per
395 4532 558 4587 noxia
579 4531 887 4600 juramenta
923 4548 1027 4589 non
1054 4533 1252 4589 suadeo
1274 4533 1530 4590 refutare.
1557 4533 1689 4588 Nam
1712 4535 1854 4604 quod

275 4624 328 4677 in
353 4624 704 4678 ordinatione
733 4625 904 4694 ipsius
939 4633 1174 4680 erratum
1217 4633 1320 4690 est,
1367 4641 1540 4696 neque
1583 4634 1640 4680 tu
1685 4625 1857 4680 corri-

274 4727 401 4781 gere
431 4723 610 4781 potes,
638 4728 740 4768 nec
768 4715 963 4768 amodo
990 4714 1068 4769 sic
1103 4723 1190 4768 tua
1224 4715 1411 4782 refert,
1441 4726 1498 4770 ut
1528 4717 1598 4771 ob
1627 4715 1856 4769 aliorum

273 4801 490 4870 culpam
519 4809 669 4856 tuum
695 4803 892 4858 debeas
922 4803 1156 4859 cilicium
1189 4803 1448 4860 devitarc.
1479 4803 1678 4858 Tamen
1705 4806 1858 4874 quiti-

273 4891 403 4958 qitid
432 4890 593 4958 hujus
621 4893 799 4962 egeris
822 4909 945 4948 cum
972 4892 1204 4963 Rogerio
1229 4895 1482 4964 episcopo
1513 4902 1564 4948 te
1583 4901 1707 4947 ante
1729 4908 1854 4962 per-

277 4991 518 5036 tractare
542 4998 758 5048 moneo,
788 4993 844 5038 et
871 4999 992 5040 cum
1022 4986 1218 5040 domno
1247 4985 1650 5056 Rudoipho,cui
1677 4994 1854 5040 tecum

275 5085 381 5122 una
413 5085 580 5123 causa
606 5081 710 5135 est,
738 5081 792 5126 et
816 5088 914 5141 par
938 5087 1099 5143 pazna
1127 5068 1324 5129 exsilii.
1352 5073 1484 5130 Vale
1519 5088 1628 5129 non
1662 5073 1857 5128 dubius

278 5159 538 5214 amicitia:
565 5175 714 5215 mea}.

347 5311 466 5387 (22)
496 5311 736 5387 Habetur
758 5315 813 5387 in
835 5317 1162 5387 manuscrip.
1189 5325 1373 5372 nostro
1392 5318 1687 5374 Chronico:
1707 5318 1856 5372 Anno

273 5384 556 5438 millesimo
571 5386 720 5437 tertio
741 5384 941 5439 decimo
963 5387 1085 5440 obiit
1105 5384 1395 5442 Hic/tardus
1414 5390 1525 5442 dua:
1547 5389 1857 5442 Normania:

277 5453 448 5518 Pius,
496 5454 678 5507 tertius
739 5453 1000 5510 Norman.
1053 5457 1182 5521 dux,
1238 5460 1610 5512 monachorum
1649 5468 1854 5518 auctor,

275 5526 519 5592 provisor
548 5525 878 5589 clericorum,
906 5537 953 5578 et
1001 5543 1341 5594 personarum
1381 5528 1854 5582 ecclesiasticarum

275 5596 619 5662 stt/fragatur,
650 5596 1000 5662 orpltauorum
1027 5607 1187 5661 tutor,
1218 5609 1262 5651 et
1287 5597 1569 5650 viduarum
1591 5595 1852 5661 defensor,

276 5668 333 5716 in
363 5665 539 5719 multis
563 5663 705 5718 bellis
740 5667 901 5718 victor
929 5667 1145 5721 exstitit.
1194 5667 1326 5720 Nota
1361 5668 1574 5720 interim
1633 5667 1853 5719 verbum

1957 4531 2154 4600 optime
2183 4531 2457 4601 princeps,
2491 4542 2674 4586 vestro
2703 4529 2880 4601 jussu,
2910 4530 3052 4600 quod
3093 4527 3314 4584 minime
3349 4524 3530 4584 credi-

1957 4638 2102 4690 mus,
2135 4622 2274 4678 iacta
2297 4633 2443 4691 sunt,
2468 4623 2757 4693 plurimum
2787 4623 2952 4678 vestri
2983 4636 3149 4677 causa
3187 4621 3447 4684 dolemus,
3477 4628 3531 4673 et

1957 4721 2017 4766 ut
2055 4714 2395 4783 corrigantur
2433 4711 2747 4781 suppliciter
2787 4709 3123 4780 postulamus
3146 4747 3162 4762 .
3198 4707 3337 4774 Quin
3365 4707 3528 4762 etiam

1952 4801 2141 4872 iubeat
2166 4802 2450 4872 prudentia
2477 4810 2656 4856 vestra
2679 4799 2940 4855 ministris
2968 4797 3169 4854 vestris
3212 4812 3281 4852 ne
3301 4795 3530 4850 ulterius

1959 4893 2257 4963 inquietent
2280 4901 2496 4948 nostros
2521 4892 2790 4958 homines,
2814 4898 2870 4946 et
2890 4889 3143 4958 deinceps
3170 4897 3366 4942 terram
3397 4901 3531 4956 prte-

1957 4983 2159 5038 dictam
2187 4983 2262 5038 ita
2282 4997 2381 5038 nos
2404 4982 2679 5054 possidere
2705 4981 2906 5048 sinant,
2928 4988 2988 5035 ut
3006 4993 3127 5036 eam
3145 4976 3531 5044 benignissima

1957 5084 2138 5128 vestra
2164 5088 2326 5128 manu
2347 5073 2701 5144 suscepimus.
2719 5073 2906 5144 Vigeat
2925 5070 3225 5126 diutissime
3246 5067 3530 5124 incolumi-

1959 5177 2042 5224 tas
2069 5177 2124 5224 et
2147 5169 2386 5240 potentia
2409 5177 2609 5224 vestra.

1960 5322 2274 5396 ῥςιηηίςτιάον
2307 5322 2494 5396 idest.
2539 5319 2844 5396 οωίεωιςίο·
2877 5319 3136 5396 ιη.<ξοιιει·
3165 5313 3302 5396 .05":
3341 5310 3480 5396 513$.-
3516 5327 3528 5362 ³

1959 5392 2027 5446 Ut
2054 5391 2228 5444 nullus
2251 5383 2318 5444 ad
2337 5391 2586 5460 placitum
2606 5383 2907 5460 rbdrmiatur,
2937 5387 2989 5441 id
3012 5396 3095 5460 est
3116 5383 3528 5460 adjttrisdictio-

1960 5477 2075 5525 nes,
2125 5460 2212 5514 vel
2261 5451 2486 5530 judicia,
2516 5459 2618 5530 Δγει
2668 5451 2965 5512 conventus
2999 5459 3098 5530 (sic
3142 5451 3286 5510 enim
3338 5451 3532 5520 placita

1959 5533 2173 5599 sonant)
2197 5528 2480 5600 obligetur.
2515 5528 2740 5600 Videtur
2759 5537 2938 5582 autem
2980 5528 3263 5582 deductum
3294 5539 3324 5577 a
3351 5531 3533 5575 nostro

1959 5602 2058 5654 ban
2087 5598 2391 5667 Gallico,'ct
2413 5598 2762 5651 arriére-ban.
