3974 5374
563 204 661 257 2H

888 288 1218 374 EPISTULA
1246 303 1412 379 'xxrv
1442 323 1590 397 [olim
1615 325 1801 401 xvu].

1171 408 1338 480 (Anno
1364 414 1547 488 1015.)

554 489 877 581 Forentum
919 496 1022 553 Dei
1062 504 1236 581 gratia
1268 502 1614 581 _Carnotensts
1653 514 1923 581 episcopus
1957 517 2134 570 comiti

624 562 986 653 gestu-manna
1020 562 1085 651 et:
1104 574 1280 653 comiti
1296 562 1978 653 ,cuu.«;snm_fc?g;iér'ééiae'
2002 562 2131 653 ﬁliis

626 634 969 706 fidelibusque
988 641 1119 705 suis,
1152 634 1374 697 salutem
1397 656 1444 699 et
1468 634 1897 706 benedictionem:

627 720 849 791 Sciatis,
878 726 1098 794 fratres,
1127 732 1255 800 quia
1283 749 1381 788 rex
1416 735 1684 795 Robertus
1709 741 1980 798 benefacit
2007 760 2129 800 cum

555 809 894 872 Christianos
916 818 1151 888 adjuvat,
1184 832 1239 877 et
1262 825 1544 884 haereticos
1575 831 1814 888 damnat.
1853 836 1917 890 Et
1938 838 2004 891 ad
2027 838 2129 894 hoc

552 901 752 961 debent
777 922 899 963 eum
922 910 1231 969 confortare
1252 926 1309 969 et
1327 918 1581 988 adjuvare
1608 938 1817 979 mecum
1837 941 2025 983 omnes
2044 930 2126 984 sui

551 993 760 1063 fideles,
785 999 912 1068 quia
934 999 1039 1057 boc
1068 1003 1433 1061 ministerium
1455 1009 1573 1080 ejus
1601 1020 1705 1076 est,
1731 1029 1829 1084 per
1856 1017 1999 1085 quod
2021 1020 2126 1074 sal-

553 1100 656 1142 vus
683 1103 804 1145 esse
831 1091 1012 1148 debet.
1053 1093 1253 1151 Sciatis
1285 1097 1480 1153 iterum
1514 1104 1654 1172 quod
1691 1106 2125 1179 archiepiscopus

549 1174 972 1237 Cenomanensis
986 1183 1266 1252 requisivit
1290 1201 1318 1240 a
1335 1202 1421 1243 me
1443 1191 1747 1260 consilium,
1764 1174 1894 1264 quid
1905 1174 2126 1254 deberet

544 1266 730 1325 facere
773 1272 841 1327 de
883 1272 1190 1345 Raginardo
1233 1277 1512 1345 haeretico,
1560 1283 1655 1351 qui
1699 1289 2124 1357 persequebatur

543 1359 845 1419 Ecclesiam
894 1365 1008 1421 Dei.
1053 1366 1121 1422 Et
1149 1384 1248 1439 ego
1273 1370 1322 1425 ei
1353 1370 1474 1427 dedi
1504 1373 1612 1430 tale
1651 1378 1938 1435 consilium
1962 1382 2122 1451 quale

545 1456 614 1508 ad
646 1472 802 1510 suum
844 1459 1091 1513 ordinem
1132 1462 1460 1530 pertinebat.
1503 1465 1573 1520 Et
1620 1483 1747 1523 ecce
1784 1471 1940 1526 mitto
1970 1473 2120 1529 vobis

542 1557 837 1619 utrumque
891 1551 1193 1622 scriptum,
1240 1562 1297 1609 et
1354 1556 1751 1625 complanctum
1812 1576 2012 1629 suum,
2065 1573 2122 1620 et

539 1638 826 1696 co;isilium
875 1655 1054 1696 meum
1105 1643 1248 1711 quod
1287 1644 1408 1699 dedi
1457 1646 1507 1700 ei
1536 1650 1831 1705 secundum
1872 1653 2117 1711 ordinem
2151 1665 2195 1724 Β

538 1743 718 1784 suum.
770 1729 828 1785 Si
859 1731 981 1800 quis
1015 1740 1195 1788 autem
1226 1732 1480 1790 falsarius
1520 1735 1666 1791 dicat
1695 1740 1838 1807 quod
1869 1756 1969 1812 ego
1995 1744 2123 1799 alte-

536 1830 661 1872 rum
692 1818 742 1873 ei
776 1819 1064 1874 consilium
1095 1821 1351 1891 deinceps
1381 1823 1467 1899 vel
1505 1827 1814 1896 scripserim
1848 1832 1934 1886 vel
1970 1835 2121 1889 dixe-

536 1906 644 1963 rim
676 1908 759 1963 vel
808 1911 1197 1977 mandaverim,
1234 1928 1365 1984 rogo
1406 1923 1464 1969 ut
1498 1932 1585 1971 me
1613 1918 1756 1974 sicut
1786 1919 2000 1977 Patrem
2030 1939 2119 1980 ve-

538 2006 713 2055 strum
742 2001 1076 2071 spiritualem
1105 2003 1431 2074 defendatis,
1479 2009 1604 2079 quia
1632 2011 1959 2070 liducialiter
2009 2016 2115 2073 hoc

535 2087 719 2148 facere
740 2094 987 2163 potestis.
1022 2094 1230 2151 Valete.

893 2184 1231 2243 EPISTOLA
1258 2189 1405 2247 XXV
1432 2188 1591 2262 [olim
1617 2192 1766 2267 XII].

1099 2277 1278 2350 (Anno
1305 2280 1554 2352 incerto.)

490 2348 499 2357 ’
528 2365 757 2423 Domino
798 2386 999 2436 servus,
1033 2388 1223 2441 magna
1265 2373 1479 2441 pratsult'
1513 2373 1801 2433 Funnsnro
1837 2377 2109 2435 "ILDEGA-

602 2454 958 2519 n_tus.suo-rum
984 2443 1231 2519 minimus
1255 2443 1393 2511 quod
1414 2444 1548 2514 potis
1571 2448 1668 2499 erit
1690 2456 1961 2504 strenuum
1980 2450 2112 2519 ﬁde-

600 2508 766 2563 Iitatis
793 2509 1113 2581 obsequium.

598 2594 682 2651 Ex
709 2598 830 2663 hoc,
850 2598 1069 2655 domine
1081 2600 1157 2654 mi
1169 2604 1635 2672 reverendissime,
1649 2608 1789 2677 quod
1806 2616 1876 2674 te,
1889 2621 2109 2680 prapter

525 2698 713 2742 mores
778 2696 903 2744 tuos
962 2698 1173 2746 matura
1230 2694 1516 2750 sanctitate
1570 2698 1888 2754 suavissime
1949 2701 2105 2754 redo-

529 2778 725 2847 lentcs,
749 2795 880 2853 erga
928 2782 1018 2838 tibi
1049 2783 1292 2840 subditos
1318 2801 1384 2842 eo
1413 2789 1593 2843 animo
1620 2805 1740 2846 esse
1769 2791 2012 2862 intelligo
2047 2801 2107 2847 ut

523 2869 698 2926 bonos
729 2871 928 2928 sinceri
960 2875 1161 2930 amoris
1196 2877 1368 2947 gratia
1396 2879 1773 2949 complectaris
1794 2923 1811 2947 ,
1844 2883 1999 2938 malis
2026 2884 2101 2953 pii

1511 213 1570 267 S.
1612 215 1959 301 FULBERTI.
1982 219 2459 280 CARNOTENSIS
2483 221 2782 282 EPISCOPI

3701 232 3806 291 2ιῖ

2162 339 2213 398 Α
2240 335 2364 395 aliis
2385 338 2763 409 qmedam,ftibi
2787 340 2966 396 omnia
2992 343 3191 399 detexi.
3220 342 3410 411 Quaeso
3430 361 3561 419 ergo
3589 355 3670 414 te,
3693 363 3806 419 pro.

2237 427 2390 482 fusus
2422 426 2674 498 lacrymis
2699 428 2890 484 faciem
2920 431 3134 494 mentis,
3170 448 3259 498 ne,
3291 434 3396 488 mei
3422 449 3552 490 cura
3581 436 3803 505 postha-

2235 513 2367 582 bita,
2422 517 2785 573 necessariam
2852 518 3218 588 castigationis
3278 522 3367 577 vel
3419 523 3804 581 admonitionis

2233 603 2629 677 eleemosynam
2659 608 2792 663 mihi
2820 610 3131 666 subtrahas.
3170 610 3305 666 Nam
3351 612 3396 666 si
3440 613 3566 679 hoc,
3596 626 3807 672 avertat

2232 703 2413 751 autem
2460 698 2640 752 divina
2669 699 2879 768 pietas!
2913 702 3111 771 egeris,
3153 718 3427 772 nunquam
3476 712 3630 760 tanta
3666 706 3805 762 mole

2232 786 2456 858 frangar
2483 789 2848 856 incommodi,
2889 806 3050 861 quam
3095 809 3215 848 cum
3245 809 3331 848 me
3359 796 3544 851 videro
3576 797 3660 851 sic
3693 813 3725 851 a
3753 808 3810 852 te

2230 882 2530 952 neglectum
2558 884 2647 939 iri.
2678 884 2918 954 Rogatus
2949 887 3267 955 opusculum
3293 903 3473 944 meum
3504 890 3797 960 corrigere,

2227 970 2383 1037 vale,
2433 986 2646 1028 summa
2695 988 2819 1045 spes
2865 975 3077 1032 consilii
3139 977 3247 1032 mei
3304 986 3427 1049 post
3488 980 3797 1036 Dominum.

2224 1063 2420 1120 Amen.
3390 1112 3393 1115 λ

2540 1155 2867 1215 EPISTOLA
2906 1158 3075 1215 xxvr
3112 1160 3259 1233 [olim
3293 1160 3475 1236 LXII].

2820 1248 2998 1319 (Anno
3032 1250 3213 1320 1016.)

2398 1333 2584 1389 Fratri
2613 1337 2978 1406 THEODORICO,
3007 1339 3330 1397 FULBKRTUS
3362 1343 3629 1398 sacerdos.

2292 1423 2445 1491 Quod
2476 1434 2528 1480 te
2553 1427 2761 1495 pridem
2801 1430 3053 1484 ordinare
3088 1430 3378 1497 nohtimus,
3413 1433 3687 1488 mirantur
3719 1441 3807 1489 te-

2221 1526 2366 1580 cum,
2390 1523 2450 1570 ut
2476 1514 2650 1581 aiunt,
2681 1517 2840 1572 amici
2872 1518 2972 1583 tui,
3003 1519 3223 1588 insuper
3245 1529 3301 1574 et
3333 1520 3587 1577 dominus
3614 1534 3799 1578 noster

2212 1619 2342 1669 rex,
2373 1613 2448 1670 et,
2473 1622 2570 1660 cur
2589 1607 2847 1662 omissum
2888 1610 2958 1663 sit
2988 1623 3205 1664 causam
3238 1611 3569 1681 ignorantes,
3605 1629 3796 1670 omnes

2222 1693 2337 1751 fere
2358 1696 2411 1751 id
2440 1695 2639 1765 injuste
2666 1714 2729 1754 ac
2756 1701 3141 1758 contumeliose
3168 1702 3371 1759 factum
3401 1704 3660 1760 clamant.
3688 1705 3798 1761 Nos

2223 1804 2375 1856 vero,
2400 1791 2491 1860 qui
2522 1807 2628 1847 non
2659 1791 2853 1861 injuste
2880 1808 2984 1849 nec
3014 1796 3401 1851 contumeliose
3434 1797 3637 1852 factum
3677 1813 3797 1855 esse

2220 1879 2439 1943 scimus,
2471 1896 2579 1935 non
2611 1898 2772 1937 unam
2804 1891 3031 1949 tantum,
3063 1887 3156 1940 sed
3192 1887 3377 1956 plures
3416 1902 3577 1943 veras
3609 1898 3667 1943 et
3694 1905 3793 1943 au-

2221 1969 2486 2025 thenticos
2525 1971 2650 2026 inde
2688 1973 2964 2029 reddimus
3002 1975 3260 2039 rationes,
3290 1992 3410 2046 quas
3454 1978 3548 2032 tibi
3589 1988 3647 2032 et
3689 1979 3796 2034 illis

2217 2059 2380 2116 finem
2426 2064 2557 2118 recti
2601 2064 2975 2132 persuadeant,
3006 2080 3071 2120 ac
3107 2081 3137 2119 a
3167 2082 3330 2135 prava
3366 2068 3676 2140 suspicione
3706 2086 3794 2125 re-

2215 2161 2488 2206 moveant.
2521 2151 2638 2208 Una
2685 2153 2849 2223 igitur
2892 2170 3175 2210 causarum
3224 2157 3342 2211 haec
3381 2157 3501 2221 fuit,
3533 2160 3663 2227 quia
3709 2160 3796 2214 die

2214 2241 2304 2296 illo
2329 2257 2437 2311 quo
2464 2246 2763 2300 sacrandus
2790 2261 2907 2301 esse
2936 2247 3228 2312 videbaris,
3256 2251 3792 2318 comprovincialium

2211 2334 2605 2405 episcoporum,
2648 2337 2741 2405 qui
2784 2338 3031 2403 aberant,
3069 2354 3170 2409 nec
3207 2338 3415 2394 litteras
3449 2355 3550 2394 nec
3588 2340 3794 2410 legatos

2211 2424 2519 2480 habuimus.
2561 2426 2713 2493 Quod
2757 2428 2928 2482 solum
2978 2436 3186 2483 tantum
3233 2429 3407 2494 valet,
3449 2440 3528 2495 ut,
3554 2432 3601 2485 si
3647 2432 3791 2486 nullo

2208 2518 2439 2586 amplius
2476 2519 2804 2575 adminiculo
2840 2520 3130 2591 indigeres,
3162 2529 3341 2576 tamen
3386 2522 3505 2576 sine
3551 2522 3664 2577 isto
3708 2540 3791 2578 re-

2207 2605 2467 2677 gulariter
2498 2608 2739 2663 ordinari
2776 2624 2883 2664 non
2920 2625 3125 2679 posses.
3158 2610 3340 2665 Talem
3380 2611 3524 2666 enim
3568 2613 3789 2667 ordina-

2208 2699 2407 2754 tionem
2446 2700 2657 2755 irritam
2692 2716 2811 2757 esse
2850 2710 3117 2757 testantur
3157 2703 3343 2758 Niceni
3382 2704 3600 2760 concilii
3643 2707 3791 2776 capi-

2208 2788 2374 2843 tulum
2424 2798 2705 2859 quartum,
2755 2801 2811 2845 et
2853 2790 3175 2845 Antiocheni
3229 2808 3428 2845 nonmn
3488 2792 3785 2847 decimum.

2203 2874 2328 2931 Haec
2370 2884 2551 2932 tamen
2593 2893 2757 2935 causa
2802 2879 2941 2933 datis
2988 2880 3218 2934 induciis
3259 2878 3455 2950 corrigi
3499 2882 3785 2951 potuisset.

526 2963 709 3018 cordis
730 2964 1127 3022 miserationem
1150 2967 1447 3038 impendas,
1465 2972 1629 3026 ullum
1653 2988 1778 3028 vero
1799 2975 1978 3030 odisse
1997 2976 2103 3031 vel-

2208 2965 2390 3019 Altera
2436 2965 2560 3030 fuit,
2596 2966 2738 3036 quod
2781 2967 2880 3022 sub
2924 2968 3042 3037 ipso
3081 2967 3383 3022 deliberata:
3422 2970 3789 3026 ordinationis
3830 2966 3841 2977 “

442 3120 445 3121 ν
524 3054 1051 3112 m‘nocentissimam
1090 3066 1292 3125 pestem
1319 3061 1572 3128 horreas;
1597 3078 1801 3134 magna:
1828 3067 2110 3123 revelatio-

523 3140 610 3196 nis
648 3143 903 3198 solatium
942 3145 1072 3202 mihi
1109 3158 1471 3219 comparatur,
1519 3152 1673 3208 valde
1711 3158 1991 3221 metuenti,
2042 3174 2106 3213 eo

525 3234 671 3301 quod
699 3235 860 3291 nimis
878 3251 995 3291 sum
1024 3238 1090 3293 ad
1117 3238 1456 3295 irascendum
1483 3248 1893 3316 pronus,gratia
1918 3256 2006 3303 tua
2033 3259 2107 3303 et-

522 3324 570 3378 si
622 3338 727 3378 non
784 3324 1026 3382 funditus
1065 3328 1401 3398 aliquatenus
1444 3338 1624 3387 tamen
1677 3336 1937 3391 caruisse.
2004 3337 2101 3394 Cui

522 3413 689 3480 enim,
718 3415 879 3469 etiam
909 3417 1245 3495 gravioribus
1280 3419 1493 3476 delictis
1519 3422 1773 3489 obnoxio,
1813 3426 1953 3495 apud
1992 3436 2100 3483 tam

524 3504 681 3560 bona:
711 3506 1033 3563 moralitatis
1060 3494 1230 3564 virtﬂn
1259 3511 1594 3580 desperanda
1621 3515 1693 3570 sit
1722 3494 1903 3573 venia?
1923 3521 2101 3575 consi-

524 3598 712 3652 derata
732 3599 873 3667 quod
897 3600 1225 3671 delinquenti
1241 3603 1418 3673 potius
1441 3609 1765 3677 compateris
1784 3624 1943 3678 quam
1957 3612 2095 3678 odis,

521 3689 937 3759 compatieutem
964 3705 1090 3745 vero
1118 3692 1184 3746 ad
1207 3692 1587 3763 ignoscendum
1613 3697 1832 3753 minime
1853 3714 1971 3754 esse
1996 3701 2097 3755 dif-

520 3777 739 3846 ﬁcilem;
772 3780 944 3849 ipsum
965 3782 1201 3850 quidem,
1227 3784 1514 3841 dummodo
1534 3789 1925 3843 correctionem
1949 3791 2097 3844 exhi-

517 3868 668 3932 beat,
692 3869 914 3936 majoris
935 3856 1041 3925 abs.
1058 3879 1115 3924 te
1138 3873 1532 3929 usumfructum
1561 3877 1862 3932 dilectionis
1888 3878 2096 3933 habitu-

518 3956 851 4011 rum.Tanta
880 3958 1065 4027 itaque
1090 3959 1142 4013 vi
1171 3961 1433 4020 bonitatis
1477 3965 1747 4021 animatus
1772 3968 2015 4037 supplico
2036 3979 2095 4024 ut

520 4060 646 4100 cum
676 4047 808 4103 mihi
839 4062 937 4117 pro
966 4050 1100 4105 meis
1124 4048 1347 4106 offensis
1377 4053 1721 4122 misereseas,
1755 4066 1867 4112 tum
1903 4059 2089 4124 etiam,

519 4136 602 4191 eis
656 4139 1025 4194 renuntiatum
1062 4140 1143 4196 ire
1178 4143 1397 4196 conanti
1434 4144 1758 4216 veniamque
1796 4150 2091 4217 postulanti

521 4243 772 4299 parcens,
803 4232 1005 4287 amoris
1030 4233 1206 4287 sinum
1237 4234 1467 4304 amplius
1494 4237 1726 4294 relaxes.
1769 4240 1924 4297 Unde
1951 4244 2093 4298 absit

2209 3055 2455 3119 articulo,
2500 3066 2724 3127 propter
2764 3058 2969 3112 crimen
2992 3058 3284 3119 homicidii,
3322 3059 3463 3126 quod
3511 3060 3784 3124 audierat,

2207 3148 2434 3201 missum
2473 3162 2503 3200 a
2541 3144 2759 3203 domino
2792 3163 2926 3218 papa
2957 3148 3188 3203 vidimus
3223 3149 3591 3204 interdictum.
3632 3150 3787 3217 Quod

2206 3235 2251 3290 si
2278 3235 2367 3290 ille
2392 3252 2496 3290 non
2525 3238 2783 3302 mitteret,
2820 3246 2963 3292 esset
2993 3245 3168 3293 tamen
3199 3239 3534 3293 observanda
3565 3249 3787 3295 senten~

2206 3325 2277 3379 tia
2303 3326 2342 3379 Δ
2351 3326 2543 3395 postoli
2569 3328 2813 3392 dicentis,
2837 3339 3086 3397 oportere
3110 3323 3212 3383 non
3240 3329 3413 3383 solum
3442 3330 3783 3399 episcopum,

2203 3415 2296 3470 sed
2336 3417 2704 3487 presbyterum
2735 3432 2948 3485 quoque
2986 3426 3042 3471 et
3077 3417 3359 3472 diaconum
3399 3418 3516 3472 sine
3551 3419 3784 3473 crimine

2201 3522 2340 3561 esse.
2386 3506 2495 3562 Nec
2538 3509 2897 3577 spernendum
2930 3508 3057 3562 illud
3086 3510 3227 3577 quod
3260 3509 3601 3578 apertissime
3638 3510 3780 3563 scri-

2198 3606 2347 3667 ptum
2388 3607 2472 3653 est
2523 3598 2574 3651 in
2627 3598 2919 3667 Rhegiensi
2965 3599 3214 3665 concilio,
3245 3600 3328 3653 his
3377 3600 3559 3655 verbis
3606 3614 3623 3654 :
3675 3600 3780 3665 Qui

2197 3689 2436 3759 deinceps
2478 3706 2580 3743 non
2622 3691 2973 3759 provehantur
3003 3692 3072 3744 ad
3110 3693 3456 3745 sacerdotium
3489 3708 3555 3745 εῖτ
3586 3691 3778 3761 regulis

2196 3792 2484 3843 canonum,
2535 3780 2826 3832 necessario
2879 3780 3141 3832 credimus
3187 3780 3548 3845 inserendum,
3591 3780 3649 3833 id
3705 3787 3777 3833 est

2194 3867 2284 3935 qui
2306 3868 2361 3919 in
2396 3866 2573 3937 aliquo
2616 3869 2832 3922 crimine
2871 3869 3059 3923 delecti
3093 3880 3237 3934 sunt,
3264 3878 3319 3925 et
3358 3880 3576 3933 cmtera,
3609 3886 3779 3941 usque

2194 3958 2495 4027 subjacebit.
2535 3960 2606 4013 At
2648 3960 2695 4014 si
2735 3961 2856 4030 quis
2896 3959 3120 4029 objiciat
3159 3961 3390 4030 aliquem
3424 3976 3492 4016 ex
3520 3960 3778 4016 Patribus

2194 4060 2313 4120 post
2340 4059 2617 4119 peractam
2646 4052 3018 4121 paenitentiam
3051 4060 3106 4106 et
3151 4052 3363 4122 longam
3395 4052 3774 4107 anachoresim

2193 4149 2414 4211 propter
2455 4141 2770 4211 religionem
2806 4156 2961 4195 suam
2998 4151 3209 4210 raptum
3256 4141 3421 4195 fuisse
3458 4141 3525 4193 ad
3564 4142 3778 4209 episco-

2193 4240 2402 4301 patum,
2432 4232 2790 4300 respondetur
2821 4232 2964 4301 quod
3005 4231 3108 4301 legi
3143 4231 3415 4286 communi
3457 4238 3513 4284 et
3550 4226 3777 4285 univer-

519 4326 582 4372 ut
626 4329 678 4373 te
704 4331 1008 4383 remoretur
1034 4321 1125 4377 illa
1157 4325 1430 4394 cogitatio,
1475 4341 1562 4381 me
1601 4328 1808 4385 scilicet
1838 4331 1931 4386 ira:
1960 4333 2092 4387 vitio

2208 4321 2292 4375 sali
2325 4320 2625 4391 singulares
2655 4336 2900 4391 personae
2927 4321 3011 4376 vel
3043 4337 3219 4376 causas
3252 4336 3357 4375 non
3395 4319 3772 4389 prccjudicant.

516 4422 815 4478 perennem
842 4409 1036 4467 fecisse
1057 4413 1383 4470 deditionem
1404 4455 1419 4481 ,
1449 4419 1884 4488 quandoquidem
1909 4424 2093 4478 multis

518 4501 841 4567 astantibus,
872 4517 973 4557 nec
1003 4517 1109 4556 non
1136 4504 1301 4558 etiam
1328 4504 1383 4559 in
1415 4508 1701 4575 praesentia
1736 4509 1833 4575 tui,
1858 4511 1943 4564 cui
1973 4511 2093 4581 plus

518 4593 772 4650 omnibus
800 4595 1003 4649 cultum
1037 4597 1357 4653 reverentia:
1392 4598 1584 4666 debeo,
1614 4601 1901 4670 aliquoties
1932 4602 2092 4659 irasci

516 4699 625 4741 nou
654 4686 901 4753 omittam
925 4686 939 4740 ι
970 4686 1131 4743 Certe
1157 4698 1361 4758 quanto
1391 4691 1637 4747 crebrius
1660 4691 1971 4762 hujusmodi
2008 4695 2090 4749 vi-

518 4776 651 4828 tium
691 4776 1091 4843 manifestatur,
1136 4787 1190 4834 et
1237 4779 1440 4849 majore
1478 4782 1758 4838 hominum
1788 4783 2094 4854 frequentia

514 4864 880 4932 redarguitur,
908 4874 1060 4925 tanto
1088 4869 1318 4924 celerius
1346 4870 1473 4925 hinc
1497 4872 1790 4927 evasurum
1822 4874 1936 4942 qui,
1965 4888 2093 4928 vere

507 4958 763 5034 captivus
772 4952 1101 5035 ejus,[liber]
1119 4962 1255 5017 eliici
1269 4954 1521 5030 voluerit,
1534 4978 1754 5022 auctore
1772 4968 1983 5022 abbatis
1995 4967 2092 5022 Sc-

512 5050 761 5124 rapionis
777 5052 1085 5117 collatione,
1099 5054 1442 5109 crediderim.
1458 5055 1658 5122 Quare,
1679 5072 1799 5111 cum
1815 5058 1948 5112 alios
1963 5059 2092 5113 mihi

513 5154 840 5197 succensere
861 5140 1097 5208 cupiam,
1131 5150 1183 5196 te
1206 5142 1550 5210 potissimum
1577 5154 1637 5198 ut
1666 5145 1718 5199 id
1746 5146 1935 5200 sedulo
1965 5162 2094 5215 agas

512 5249 634 5288 oro.
662 5231 738 5285 Te
758 5233 902 5287 enim
925 5245 1089 5304 super
1119 5243 1343 5287 cunctos
1369 5233 1641 5297 mortales,
1666 5235 1806 5302 quod
1838 5235 2094 5302 simplici-

512 5331 600 5366 tas
638 5319 961 5366 adulationis
988 5320 1172 5366 ignara
1213 5319 1433 5366 fatetur-
1466 5321 1661 5366 animm
1700 5338 1831 5366 mpm
1876 5324 2095 5366 viennri-

2194 4408 2397 4463 Deinde
2423 4416 2570 4463 certe
2597 4410 2741 4477 quod
2768 4409 2900 4463 nihil
2930 4418 3075 4465 esset
3098 4408 3464 4478 exemplorum
3502 4408 3772 4473 inductio,

2194 4500 2282 4553 ubi
2315 4514 2491 4568 neque
2521 4514 2872 4568 personarum
2905 4515 3079 4569 neque
3108 4500 3447 4570 negotiorum
3474 4499 3773 4552 similitudo

2194 4592 2562 4659 consequitur.
2586 4591 2745 4653 Nune
2775 4601 2970 4645 cwtera
3011 4592 3307 4646 videamus.
3341 4590 3581 4644 Tertiam
3617 4591 3773 4644 nobis

2193 4697 2412 4735 causam
2454 4688 2542 4736 tua
2571 4682 2839 4736 confessio
2869 4682 3034 4747 dedit,
3064 4696 3183 4751 quae
3223 4695 3322 4735 nos
3358 4681 3597 4734 maxime
3624 4696 3654 4733 a
3683 4689 3772 4733 tua

2193 4770 2538 4825 ordinatione
2580 4771 2870 4834 deterruit;
2903 4786 3025 4825 nam
3067 4786 3166 4840 pro
3208 4779 3367 4838 captu
3397 4779 3600 4824 nostrae
3641 4769 3772 4822 sim-

2193 4860 2446 4930 plicitatis
2484 4872 2711 4916 cmteras
2754 4862 2969 4930 quidem
3005 4877 3214 4933 graves,
3249 4862 3343 4917 sed
3379 4860 3594 4914 tertiam
3632 4860 3771 4912 hanc

2195 4953 2365 5022 magis
2398 4951 2755 5020 periculosam
2793 4967 2913 5008 esse
2953 4954 3057 5007 rati
3102 4967 3308 5015 sumus.
3346 4950 3630 5019 Proprium
3673 4964 3769 5004 ca-

2194 5044 2417 5113 pitulum
2458 5044 2615 5113 hujus
2650 5059 2828 5099 causae
2864 5044 3134 5099 noluimus
3168 5044 3461 5106 ascribere,
3494 5041 3588 5095 sed
3616 5055 3768 5094 com-

2195 5149 2354 5188 mune
2384 5136 2485 5188 hoc
2512 5142 2593 5188 est
2628 5133 2838 5188 concilii
2875 5134 3061 5188 Niceni
3102 5134 3393 5205 capitulum
3433 5146 3635 5185 nouum
3666 5148 3679 5183 :
3711 5127 3772 5182 Si

2192 5227 2281 5295 qui
2322 5228 2433 5280 sine
2476 5226 2858 5279 examinatione
2907 5227 3128 5296 promoti
3185 5225 3466 5297 presbyteri
3516 5232 3669 5289 sunt,
3720 5231 3774 5275 et

2194 5326 2371 5366 nostea
2418 5317 2705 5366 examinati
2745 5315 2966 5366 confessi
3007 5325 3125 5366 sunt
3167 5325 3375 5366 peccata
3415 5330 3532 5366 sua.
3563 5323 3613 5366 et
3647 5328 3771 5364 cum
