  <div class='ocr_page' id='page_1' title='image "/cluster/home/n/w/nwhite01/storage/ocr_20150623/141/hvd.32044015471790/112.png"; bbox 0 0 4018 6392; ppageno 0'>
   <div class='ocr_carea' id='block_1_1' title="bbox 286 325 402 389">
    <p class='ocr_par' dir='ltr' id='par_1_1' title="bbox 286 325 402 389">
     <span class='ocr_line' id='line_1_1' title="bbox 286 325 402 389; baseline -0.017 0"><span class='ocrx_word' id='word_1_1' title='bbox 286 325 402 389; x_wconf 73' lang='lat'><strong>9.13</strong></span> 
     </span>
    </p>
   </div>
   <div class='ocr_carea' id='block_1_2' title="bbox 1707 341 2076 404">
    <p class='ocr_par' dir='ltr' id='par_1_2' title="bbox 1707 341 2076 404">
     <span class='ocr_line' id='line_1_2' title="bbox 1707 341 2076 404; baseline 0.016 -6"><span class='ocrx_word' id='word_1_2' title='bbox 1707 341 2076 404; x_wconf 52' lang='lat' dir='ltr'><strong>EPISTOLgF.</strong></span> 
     </span>
    </p>
   </div>
   <div class='ocr_carea' id='block_1_3' title="bbox 3450 356 3553 412">
    <p class='ocr_par' dir='ltr' id='par_1_3' title="bbox 3450 356 3553 412">
     <span class='ocr_line' id='line_1_3' title="bbox 3450 356 3553 412; baseline 0.019 -2"><span class='ocrx_word' id='word_1_3' title='bbox 3450 356 3553 412; x_wconf 71' lang='grc' dir='ltr'><strong>ιιι</strong></span> 
     </span>
    </p>
   </div>
   <div class='ocr_carea' id='block_1_4' title="bbox 288 444 3548 536">
    <p class='ocr_par' dir='ltr' id='par_1_4' title="bbox 288 444 3548 536">
     <span class='ocr_line' id='line_1_4' title="bbox 288 444 3548 536; baseline 0.005 -34"><span class='ocrx_word' id='word_1_4' title='bbox 288 444 656 518; x_wconf 85' lang='lat' dir='ltr'><strong>prehensibile</strong></span> <span class='ocrx_word' id='word_1_5' title='bbox 708 456 791 507; x_wconf 85' lang='lat' dir='ltr'><strong>est</strong></span> <span class='ocrx_word' id='word_1_6' title='bbox 842 450 1081 508; x_wconf 87' lang='lat' dir='ltr'><strong>defendit</strong></span> <span class='ocrx_word' id='word_1_7' title='bbox 1137 452 1401 512; x_wconf 69' lang='lat' dir='ltr'><strong>Ecclesia.</strong></span> <span class='ocrx_word' id='word_1_8' title='bbox 1456 455 1698 524; x_wconf 89' lang='lat' dir='ltr'><strong>Quarum</strong></span> <span class='ocrx_word' id='word_1_9' title='bbox 1751 474 1877 513; x_wconf 84' lang='lat' dir='ltr'><strong>vero</strong></span> <span class='ocrx_word' id='word_1_10' title='bbox 1908 469 1953 522; x_wconf 83' lang='grc' dir='ltr'>Λ</span> <span class='ocrx_word' id='word_1_11' title='bbox 1980 460 2176 515; x_wconf 83' lang='lat' dir='ltr'><strong>Audito</strong></span> <span class='ocrx_word' id='word_1_12' title='bbox 2216 461 2377 533; x_wconf 97' lang='lat' dir='ltr'><strong>igitur</strong></span> <span class='ocrx_word' id='word_1_13' title='bbox 2429 463 2569 520; x_wconf 81' lang='lat' dir='ltr'><strong>inter</strong></span> <span class='ocrx_word' id='word_1_14' title='bbox 2602 465 2705 521; x_wconf 85' lang='lat' dir='ltr'><strong>alia</strong></span> <span class='ocrx_word' id='word_1_15' title='bbox 2744 465 2884 536; x_wconf 90' lang='lat' dir='ltr'><strong>quod</strong></span> <span class='ocrx_word' id='word_1_16' title='bbox 2926 464 3171 535; x_wconf 82' lang='lat' dir='ltr'><strong>proxima</strong></span> <span class='ocrx_word' id='word_1_17' title='bbox 3207 464 3548 521; x_wconf 82' lang='lat' dir='ltr'><strong>solemnitate</strong></span> 
     </span>
    </p>
   </div>
   <div class='ocr_carea' id='block_1_5' title="bbox 286 543 1877 618">
    <p class='ocr_par' dir='ltr' id='par_1_5' title="bbox 286 543 1877 618">
     <span class='ocr_line' id='line_1_5' title="bbox 286 543 1877 618; baseline 0.005 -23"><span class='ocrx_word' id='word_1_18' title='bbox 286 543 559 611; x_wconf 77' lang='lat' dir='ltr'><strong>promovit</strong></span> <span class='ocrx_word' id='word_1_19' title='bbox 614 544 939 614; x_wconf 76' lang='lat' dir='ltr'><strong>proscriptio</strong></span> <span class='ocrx_word' id='word_1_20' title='bbox 1003 546 1393 618; x_wconf 86' lang='lat' dir='ltr'><strong>refragantium</strong></span> <span class='ocrx_word' id='word_1_21' title='bbox 1448 547 1772 604; x_wconf 88' lang='lat' dir='ltr'><strong>clericorum</strong></span> <span class='ocrx_word' id='word_1_22' title='bbox 1822 559 1877 605; x_wconf 92' lang='lat' dir='ltr'><strong>et</strong></span> 
     </span>
    </p>
   </div>
   <div class='ocr_carea' id='block_1_6' title="bbox 282 634 1875 704">
    <p class='ocr_par' dir='ltr' id='par_1_6' title="bbox 282 634 1875 704">
     <span class='ocr_line' id='line_1_6' title="bbox 282 634 1875 704; baseline 0.006 -19"><span class='ocrx_word' id='word_1_23' title='bbox 282 636 501 686; x_wconf 79' lang='lat' dir='ltr'><strong>extorta</strong></span> <span class='ocrx_word' id='word_1_24' title='bbox 531 634 729 690; x_wconf 84' lang='lat' dir='ltr'><strong>timore</strong></span> <span class='ocrx_word' id='word_1_25' title='bbox 755 636 970 704; x_wconf 91' lang='lat' dir='ltr'><strong>electio,</strong></span> <span class='ocrx_word' id='word_1_26' title='bbox 1000 652 1188 693; x_wconf 90' lang='lat' dir='ltr'><strong>verum</strong></span> <span class='ocrx_word' id='word_1_27' title='bbox 1215 653 1323 695; x_wconf 91' lang='lat' dir='ltr'><strong>non</strong></span> <span class='ocrx_word' id='word_1_28' title='bbox 1349 641 1562 697; x_wconf 89' lang='lat' dir='ltr'><strong>electio.</strong></span> <span class='ocrx_word' id='word_1_29' title='bbox 1592 640 1726 695; x_wconf 83' lang='lat' dir='ltr'><strong>Nam</strong></span> <span class='ocrx_word' id='word_1_30' title='bbox 1752 656 1875 696; x_wconf 91' lang='lat' dir='ltr'><strong>cum</strong></span> 
     </span>
    </p>
   </div>
   <div class='ocr_carea' id='block_1_7' title="bbox 282 720 1874 801">
    <p class='ocr_par' dir='ltr' id='par_1_7' title="bbox 282 720 1874 801">
     <span class='ocr_line' id='line_1_7' title="bbox 282 720 1874 801; baseline 0.007 -28"><span class='ocrx_word' id='word_1_31' title='bbox 282 720 356 774; x_wconf 93' lang='lat' dir='ltr'><strong>sit</strong></span> <span class='ocrx_word' id='word_1_32' title='bbox 404 721 602 778; x_wconf 91' lang='lat' dir='ltr'><strong>electio</strong></span> <span class='ocrx_word' id='word_1_33' title='bbox 653 724 813 778; x_wconf 90' lang='lat' dir='ltr'><strong>unius</strong></span> <span class='ocrx_word' id='word_1_34' title='bbox 866 726 933 781; x_wconf 91' lang='lat' dir='ltr'><strong>de</strong></span> <span class='ocrx_word' id='word_1_35' title='bbox 982 726 1225 797; x_wconf 86' lang='lat' dir='ltr'><strong>pluribus</strong></span> <span class='ocrx_word' id='word_1_36' title='bbox 1280 730 1516 785; x_wconf 83' lang='lat' dir='ltr'><strong>maxime</strong></span> <span class='ocrx_word' id='word_1_37' title='bbox 1569 730 1874 801; x_wconf 87' lang='lat' dir='ltr'><strong>complaciti</strong></span> 
     </span>
    </p>
   </div>
   <div class='ocr_carea' id='block_1_8' title="bbox 281 812 1871 895">
    <p class='ocr_par' dir='ltr' id='par_1_8' title="bbox 281 812 1871 895">
     <span class='ocr_line' id='line_1_8' title="bbox 281 812 1871 895; baseline 0.009 -31"><span class='ocrx_word' id='word_1_38' title='bbox 281 812 585 866; x_wconf 85' lang='lat' dir='ltr'><strong>secundum</strong></span> <span class='ocrx_word' id='word_1_39' title='bbox 647 812 873 870; x_wconf 82' lang='lat' dir='ltr'><strong>liberam</strong></span> <span class='ocrx_word' id='word_1_40' title='bbox 943 818 1156 873; x_wconf 83' lang='lat' dir='ltr'><strong>arbitrii</strong></span> <span class='ocrx_word' id='word_1_41' title='bbox 1210 821 1542 877; x_wconf 74' lang='lat' dir='ltr'><strong>voluntatem</strong></span> <span class='ocrx_word' id='word_1_42' title='bbox 1604 824 1871 895; x_wconf 89' lang='lat' dir='ltr'><strong>acceptio,</strong></span> 
     </span>
    </p>
   </div>
   <div class='ocr_carea' id='block_1_9' title="bbox 280 903 1874 984">
    <p class='ocr_par' dir='ltr' id='par_1_9' title="bbox 280 903 1874 984">
     <span class='ocr_line' id='line_1_9' title="bbox 280 903 1874 984; baseline 0.009 -30"><span class='ocrx_word' id='word_1_43' title='bbox 280 904 558 971; x_wconf 86' lang='lat' dir='ltr'><strong>quomodo</strong></span> <span class='ocrx_word' id='word_1_44' title='bbox 581 903 776 961; x_wconf 87' lang='lat' dir='ltr'><strong>electio</strong></span> <span class='ocrx_word' id='word_1_45' title='bbox 802 914 951 963; x_wconf 88' lang='lat' dir='ltr'><strong>recte</strong></span> <span class='ocrx_word' id='word_1_46' title='bbox 987 909 1091 963; x_wconf 89' lang='lat' dir='ltr'><strong>dici</strong></span> <span class='ocrx_word' id='word_1_47' title='bbox 1125 912 1315 980; x_wconf 87' lang='lat' dir='ltr'><strong>possit,</strong></span> <span class='ocrx_word' id='word_1_48' title='bbox 1348 912 1435 966; x_wconf 89' lang='lat' dir='ltr'><strong>ubi</strong></span> <span class='ocrx_word' id='word_1_49' title='bbox 1463 913 1543 969; x_wconf 89' lang='lat' dir='ltr'><strong>sic</strong></span> <span class='ocrx_word' id='word_1_50' title='bbox 1574 930 1604 968; x_wconf 92' lang='lat' dir='ltr'><strong>a</strong></span> <span class='ocrx_word' id='word_1_51' title='bbox 1632 914 1874 984; x_wconf 84' lang='lat' dir='ltr'><strong>principe</strong></span> 
     </span>
    </p>
   </div>
   <div class='ocr_carea' id='block_1_10' title="bbox 277 992 1873 1072">
    <p class='ocr_par' dir='ltr' id='par_1_10' title="bbox 277 992 1873 1072">
     <span class='ocr_line' id='line_1_10' title="bbox 277 992 1873 1072; baseline 0.009 -27"><span class='ocrx_word' id='word_1_52' title='bbox 277 1006 421 1046; x_wconf 91' lang='lat' dir='ltr'><strong>unus</strong></span> <span class='ocrx_word' id='word_1_53' title='bbox 451 992 785 1060; x_wconf 86' lang='lat' dir='ltr'><strong>obtruditur,</strong></span> <span class='ocrx_word' id='word_1_54' title='bbox 815 1004 873 1050; x_wconf 91' lang='lat' dir='ltr'><strong>ut</strong></span> <span class='ocrx_word' id='word_1_55' title='bbox 902 1012 1002 1052; x_wconf 90' lang='lat' dir='ltr'><strong>nec</strong></span> <span class='ocrx_word' id='word_1_56' title='bbox 1032 998 1198 1067; x_wconf 91' lang='lat' dir='ltr'><strong>clero,</strong></span> <span class='ocrx_word' id='word_1_57' title='bbox 1229 1017 1328 1057; x_wconf 91' lang='lat' dir='ltr'><strong>nec</strong></span> <span class='ocrx_word' id='word_1_58' title='bbox 1359 1003 1578 1072; x_wconf 90' lang='lat' dir='ltr'><strong>populo,</strong></span> <span class='ocrx_word' id='word_1_59' title='bbox 1623 1018 1722 1058; x_wconf 90' lang='lat' dir='ltr'><strong>nec</strong></span> <span class='ocrx_word' id='word_1_60' title='bbox 1744 1004 1873 1072; x_wconf 90' lang='lat' dir='ltr'><strong>ipsis</strong></span> 
     </span>
    </p>
   </div>
   <div class='ocr_carea' id='block_1_11' title="bbox 281 1084 1869 1149">
    <p class='ocr_par' dir='ltr' id='par_1_11' title="bbox 281 1084 1869 1149">
     <span class='ocr_line' id='line_1_11' title="bbox 281 1084 1869 1149; baseline 0.007 -12"><span class='ocrx_word' id='word_1_61' title='bbox 281 1084 513 1139; x_wconf 85' lang='lat' dir='ltr'><strong>summis</strong></span> <span class='ocrx_word' id='word_1_62' title='bbox 534 1087 909 1147; x_wconf 86' lang='lat' dir='ltr'><strong>sacerdotibus</strong></span> <span class='ocrx_word' id='word_1_63' title='bbox 933 1089 1001 1144; x_wconf 92' lang='lat' dir='ltr'><strong>ad</strong></span> <span class='ocrx_word' id='word_1_64' title='bbox 1022 1090 1189 1145; x_wconf 87' lang='lat' dir='ltr'><strong>alium</strong></span> <span class='ocrx_word' id='word_1_65' title='bbox 1212 1092 1499 1148; x_wconf 89' lang='lat' dir='ltr'><strong>deflectere</strong></span> <span class='ocrx_word' id='word_1_66' title='bbox 1523 1093 1869 1149; x_wconf 85' lang='lat' dir='ltr'><strong>concedatur.</strong></span> 
     </span>
    </p>
   </div>
   <div class='ocr_carea' id='block_1_12' title="bbox 198 1173 1869 1254">
    <p class='ocr_par' dir='ltr' id='par_1_12' title="bbox 198 1173 1869 1254">
     <span class='ocr_line' id='line_1_12' title="bbox 198 1173 1869 1254; baseline 0.004 -23"><span class='ocrx_word' id='word_1_67' title='bbox 198 1227 203 1231; x_wconf 85' lang='lat'><strong>.</strong></span> <span class='ocrx_word' id='word_1_68' title='bbox 279 1173 357 1228; x_wconf 84' lang='lat' dir='ltr'><strong>De</strong></span> <span class='ocrx_word' id='word_1_69' title='bbox 379 1174 637 1230; x_wconf 75' lang='lat' dir='ltr'><strong>violentia</strong></span> <span class='ocrx_word' id='word_1_70' title='bbox 665 1176 971 1246; x_wconf 87' lang='lat' dir='ltr'><strong>lmjusmodi</strong></span> <span class='ocrx_word' id='word_1_71' title='bbox 995 1179 1382 1237; x_wconf 89' lang='lat' dir='ltr'><strong>Constantinus</strong></span> <span class='ocrx_word' id='word_1_72' title='bbox 1404 1183 1677 1254; x_wconf 79' lang='lat' dir='ltr'><strong>Augustus</strong></span> <span class='ocrx_word' id='word_1_73' title='bbox 1708 1184 1869 1239; x_wconf 89' lang='lat' dir='ltr'><strong>talem</strong></span> 
     </span>
    </p>
   </div>
   <div class='ocr_carea' id='block_1_13' title="bbox 278 1268 1870 1342">
    <p class='ocr_par' dir='ltr' id='par_1_13' title="bbox 278 1268 1870 1342">
     <span class='ocr_line' id='line_1_13' title="bbox 278 1268 1870 1342; baseline 0.008 -25"><span class='ocrx_word' id='word_1_74' title='bbox 278 1270 474 1318; x_wconf 85' lang='lat' dir='ltr'><strong>contra</strong></span> <span class='ocrx_word' id='word_1_75' title='bbox 509 1279 572 1320; x_wconf 90' lang='lat' dir='ltr'><strong>se</strong></span> <span class='ocrx_word' id='word_1_76' title='bbox 609 1273 666 1321; x_wconf 90' lang='lat' dir='ltr'><strong>et</strong></span> <span class='ocrx_word' id='word_1_77' title='bbox 704 1275 894 1323; x_wconf 89' lang='lat' dir='ltr'><strong>contra</strong></span> <span class='ocrx_word' id='word_1_78' title='bbox 937 1268 1071 1325; x_wconf 88' lang='lat' dir='ltr'><strong>alios</strong></span> <span class='ocrx_word' id='word_1_79' title='bbox 1111 1271 1381 1342; x_wconf 88' lang='lat' dir='ltr'><strong>principes</strong></span> <span class='ocrx_word' id='word_1_80' title='bbox 1418 1274 1743 1328; x_wconf 84' lang='lat' dir='ltr'><strong>sententiam</strong></span> <span class='ocrx_word' id='word_1_81' title='bbox 1779 1274 1870 1329; x_wconf 60' lang='lat' dir='ltr'><strong>dev</strong></span> 
     </span>
    </p>
   </div>
   <div class='ocr_carea' id='block_1_14' title="bbox 277 1357 1865 1435">
    <p class='ocr_par' dir='ltr' id='par_1_14' title="bbox 277 1357 1865 1435">
     <span class='ocr_line' id='line_1_14' title="bbox 277 1357 1865 1435; baseline 0.005 -23"><span class='ocrx_word' id='word_1_82' title='bbox 277 1358 357 1413; x_wconf 82' lang='lat' dir='ltr'><strong>tIit</strong></span> <span class='ocrx_word' id='word_1_83' title='bbox 388 1375 403 1413; x_wconf 91' lang='lat'><strong>:</strong></span> <span class='ocrx_word' id='word_1_84' title='bbox 437 1357 797 1431; x_wconf 74' lang='lat' dir='ltr'><strong>Quwcauque,</strong></span> <span class='ocrx_word' id='word_1_85' title='bbox 831 1362 1025 1430; x_wconf 83' lang='lat' dir='ltr'><strong>inquit,</strong></span> <span class='ocrx_word' id='word_1_86' title='bbox 1055 1373 1237 1417; x_wconf 82' lang='lat' dir='ltr'><strong>contra</strong></span> <span class='ocrx_word' id='word_1_87' title='bbox 1268 1364 1403 1434; x_wconf 84' lang='lat' dir='ltr'><strong>leges</strong></span> <span class='ocrx_word' id='word_1_88' title='bbox 1434 1366 1628 1435; x_wconf 76' lang='lat' dir='ltr'><strong>fuerint</strong></span> <span class='ocrx_word' id='word_1_89' title='bbox 1659 1384 1691 1419; x_wconf 92' lang='lat' dir='ltr'><strong>a</strong></span> <span class='ocrx_word' id='word_1_90' title='bbox 1718 1368 1865 1435; x_wconf 85' lang='lat' dir='ltr'><strong>prin-</strong></span> 
     </span>
    </p>
   </div>
   <div class='ocr_carea' id='block_1_15' title="bbox 271 1447 1866 1524">
    <p class='ocr_par' dir='ltr' id='par_1_15' title="bbox 271 1447 1866 1524">
     <span class='ocr_line' id='line_1_15' title="bbox 271 1447 1866 1524; baseline 0.004 -21"><span class='ocrx_word' id='word_1_91' title='bbox 271 1447 480 1513; x_wconf 75' lang='lat' dir='ltr'><strong>cipibus</strong></span> <span class='ocrx_word' id='word_1_92' title='bbox 526 1447 767 1513; x_wconf 80' lang='lat' dir='ltr'><strong>obtenta,</strong></span> <span class='ocrx_word' id='word_1_93' title='bbox 818 1466 937 1503; x_wconf 75' lang='lat' dir='ltr'><strong>non</strong></span> <span class='ocrx_word' id='word_1_94' title='bbox 972 1449 1194 1505; x_wconf 76' lang='lat' dir='ltr'><strong>valeant.</strong></span> <span class='ocrx_word' id='word_1_95' title='bbox 1229 1452 1297 1506; x_wconf 85' lang='lat' dir='ltr'><strong>Et</strong></span> <span class='ocrx_word' id='word_1_96' title='bbox 1337 1454 1643 1524; x_wconf 79' lang='lat' dir='ltr'><strong>Rhegiense</strong></span> <span class='ocrx_word' id='word_1_97' title='bbox 1685 1455 1866 1509; x_wconf 43' lang='lat' dir='ltr'><strong>conci;</strong></span> 
     </span>
    </p>
   </div>
   <div class='ocr_carea' id='block_1_16' title="bbox 270 1532 1865 1613">
    <p class='ocr_par' dir='ltr' id='par_1_16' title="bbox 270 1532 1865 1613">
     <span class='ocr_line' id='line_1_16' title="bbox 270 1532 1865 1613; baseline 0.004 -22"><span class='ocrx_word' id='word_1_98' title='bbox 270 1532 408 1591; x_wconf 69' lang='lat' dir='ltr'><strong>Itium</strong></span> <span class='ocrx_word' id='word_1_99' title='bbox 440 1554 455 1590; x_wconf 89' lang='lat'>:</span> <span class='ocrx_word' id='word_1_100' title='bbox 488 1536 593 1592; x_wconf 75' lang='lat' dir='ltr'><strong>Sed</strong></span> <span class='ocrx_word' id='word_1_101' title='bbox 633 1555 733 1592; x_wconf 79' lang='lat' dir='ltr'><strong>nec</strong></span> <span class='ocrx_word' id='word_1_102' title='bbox 768 1538 878 1604; x_wconf 84' lang='lat' dir='ltr'><strong>ill’e,</strong></span> <span class='ocrx_word' id='word_1_103' title='bbox 919 1539 1114 1608; x_wconf 83' lang='lat' dir='ltr'><strong>inquit,</strong></span> <span class='ocrx_word' id='word_1_104' title='bbox 1156 1542 1397 1612; x_wconf 82' lang='lat' dir='ltr'><strong>deinceps</strong></span> <span class='ocrx_word' id='word_1_105' title='bbox 1436 1546 1702 1613; x_wconf 83' lang='lat' dir='ltr'><strong>episcopus</strong></span> <span class='ocrx_word' id='word_1_106' title='bbox 1746 1545 1865 1609; x_wconf 87' lang='lat' dir='ltr'><strong>erit,</strong></span> 
     </span>
    </p>
   </div>
   <div class='ocr_carea' id='block_1_17' title="bbox 269 1627 1866 1706">
    <p class='ocr_par' dir='ltr' id='par_1_17' title="bbox 269 1627 1866 1706">
     <span class='ocr_line' id='line_1_17' title="bbox 269 1627 1866 1706; baseline 0.007 -27"><span class='ocrx_word' id='word_1_107' title='bbox 269 1640 428 1697; x_wconf 81' lang='lat' dir='ltr'><strong>quem</strong></span> <span class='ocrx_word' id='word_1_108' title='bbox 475 1644 567 1681; x_wconf 84' lang='lat' dir='ltr'><strong>nec</strong></span> <span class='ocrx_word' id='word_1_109' title='bbox 605 1627 775 1682; x_wconf 84' lang='lat' dir='ltr'><strong>clerus</strong></span> <span class='ocrx_word' id='word_1_110' title='bbox 808 1646 900 1684; x_wconf 83' lang='lat' dir='ltr'><strong>nec</strong></span> <span class='ocrx_word' id='word_1_111' title='bbox 929 1631 1153 1701; x_wconf 81' lang='lat' dir='ltr'><strong>populus</strong></span> <span class='ocrx_word' id='word_1_112' title='bbox 1188 1634 1414 1704; x_wconf 78' lang='lat' dir='ltr'><strong>propria:</strong></span> <span class='ocrx_word' id='word_1_113' title='bbox 1449 1635 1671 1689; x_wconf 76' lang='lat' dir='ltr'><strong>civitatis</strong></span> <span class='ocrx_word' id='word_1_114' title='bbox 1704 1635 1866 1706; x_wconf 86' lang='lat' dir='ltr'><strong>elege-</strong></span> 
     </span>
    </p>
   </div>
   <div class='ocr_carea' id='block_1_18' title="bbox 271 1719 1863 1805">
    <p class='ocr_par' dir='ltr' id='par_1_18' title="bbox 271 1719 1863 1805">
     <span class='ocr_line' id='line_1_18' title="bbox 271 1719 1863 1805; baseline 0.008 -34"><span class='ocrx_word' id='word_1_115' title='bbox 271 1720 365 1773; x_wconf 83' lang='lat' dir='ltr'><strong>rit.</strong></span> <span class='ocrx_word' id='word_1_116' title='bbox 393 1719 535 1775; x_wconf 85' lang='lat' dir='ltr'><strong>Ecce</strong></span> <span class='ocrx_word' id='word_1_117' title='bbox 565 1721 658 1776; x_wconf 88' lang='lat' dir='ltr'><strong>tibi</strong></span> <span class='ocrx_word' id='word_1_118' title='bbox 687 1725 981 1791; x_wconf 85' lang='lat' dir='ltr'><strong>promissas</strong></span> <span class='ocrx_word' id='word_1_119' title='bbox 1012 1725 1252 1780; x_wconf 88' lang='lat' dir='ltr'><strong>rationes</strong></span> <span class='ocrx_word' id='word_1_120' title='bbox 1280 1726 1629 1805; x_wconf 76' lang='lat' dir='ltr'><strong>exsolvimus.</strong></span> <span class='ocrx_word' id='word_1_121' title='bbox 1660 1728 1790 1795; x_wconf 89' lang='lat' dir='ltr'><strong>Quae</strong></span> <span class='ocrx_word' id='word_1_122' title='bbox 1818 1729 1863 1783; x_wconf 93' lang='lat' dir='ltr'><strong>si</strong></span> 
     </span>
    </p>
   </div>
   <div class='ocr_carea' id='block_1_19' title="bbox 1978 553 3553 629">
    <p class='ocr_par' dir='ltr' id='par_1_19' title="bbox 1978 553 3553 629">
     <span class='ocr_line' id='line_1_19' title="bbox 1978 553 3553 629; baseline 0.004 -23"><span class='ocrx_word' id='word_1_123' title='bbox 1978 553 2184 609; x_wconf 83' lang='lat' dir='ltr'><strong>Natalis</strong></span> <span class='ocrx_word' id='word_1_124' title='bbox 2205 555 2417 611; x_wconf 84' lang='lat' dir='ltr'><strong>Domini</strong></span> <span class='ocrx_word' id='word_1_125' title='bbox 2462 557 2745 612; x_wconf 82' lang='lat' dir='ltr'><strong>consilium</strong></span> <span class='ocrx_word' id='word_1_126' title='bbox 2786 558 3066 614; x_wconf 87' lang='lat' dir='ltr'><strong>habiturus</strong></span> <span class='ocrx_word' id='word_1_127' title='bbox 3101 558 3178 614; x_wconf 85' lang='lat' dir='ltr'><strong>sis</strong></span> <span class='ocrx_word' id='word_1_128' title='bbox 3206 574 3327 614; x_wconf 91' lang='lat' dir='ltr'><strong>cum</strong></span> <span class='ocrx_word' id='word_1_129' title='bbox 3353 558 3553 629; x_wconf 70' lang='lat' dir='ltr'><strong>princi-</strong></span> 
     </span>
    </p>
   </div>
   <div class='ocr_carea' id='block_1_20' title="bbox 1977 645 3553 721">
    <p class='ocr_par' dir='ltr' id='par_1_20' title="bbox 1977 645 3553 721">
     <span class='ocr_line' id='line_1_20' title="bbox 1977 645 3553 721; baseline 0.004 -23"><span class='ocrx_word' id='word_1_130' title='bbox 1977 645 2135 714; x_wconf 90' lang='lat' dir='ltr'><strong>pibus</strong></span> <span class='ocrx_word' id='word_1_131' title='bbox 2166 646 2315 717; x_wconf 86' lang='lat' dir='ltr'><strong>regni</strong></span> <span class='ocrx_word' id='word_1_132' title='bbox 2348 648 2414 703; x_wconf 90' lang='lat' dir='ltr'><strong>de</strong></span> <span class='ocrx_word' id='word_1_133' title='bbox 2457 662 2591 718; x_wconf 84' lang='lat' dir='ltr'><strong>pace</strong></span> <span class='ocrx_word' id='word_1_134' title='bbox 2627 650 3019 720; x_wconf 87' lang='lat' dir='ltr'><strong>componenda,</strong></span> <span class='ocrx_word' id='word_1_135' title='bbox 3054 645 3283 721; x_wconf 76' lang='lat' dir='ltr'><strong>gaudeo.</strong></span> <span class='ocrx_word' id='word_1_136' title='bbox 3316 650 3423 707; x_wconf 88' lang='lat' dir='ltr'><strong>Sed</strong></span> <span class='ocrx_word' id='word_1_137' title='bbox 3456 667 3553 705; x_wconf 78' lang='lat' dir='ltr'><strong>at:-</strong></span> 
     </span>
    </p>
   </div>
   <div class='ocr_carea' id='block_1_21' title="bbox 1978 737 3542 807">
    <p class='ocr_par' dir='ltr' id='par_1_21' title="bbox 1978 737 3542 807">
     <span class='ocr_line' id='line_1_21' title="bbox 1978 737 3542 807; baseline 0.003 -15"><span class='ocrx_word' id='word_1_138' title='bbox 1978 737 2089 792; x_wconf 91' lang='lat' dir='ltr'><strong>dito</strong></span> <span class='ocrx_word' id='word_1_139' title='bbox 2137 737 2279 807; x_wconf 90' lang='lat' dir='ltr'><strong>quod</strong></span> <span class='ocrx_word' id='word_1_140' title='bbox 2329 739 2620 794; x_wconf 85' lang='lat' dir='ltr'><strong>Aureliana</strong></span> <span class='ocrx_word' id='word_1_141' title='bbox 2669 740 2861 795; x_wconf 90' lang='lat' dir='ltr'><strong>civitas</strong></span> <span class='ocrx_word' id='word_1_142' title='bbox 2902 739 2973 796; x_wconf 89' lang='lat' dir='ltr'><strong>sit</strong></span> <span class='ocrx_word' id='word_1_143' title='bbox 3020 740 3269 796; x_wconf 85' lang='lat' dir='ltr'><strong>incendio</strong></span> <span class='ocrx_word' id='word_1_144' title='bbox 3309 748 3542 796; x_wconf 86' lang='lat' dir='ltr'><strong>vastata.</strong></span> 
     </span>
    </p>
   </div>
   <div class='ocr_carea' id='block_1_22' title="bbox 1977 826 3547 898">
    <p class='ocr_par' dir='ltr' id='par_1_22' title="bbox 1977 826 3547 898">
     <span class='ocr_line' id='line_1_22' title="bbox 1977 826 3547 898; baseline 0.001 -16"><span class='ocrx_word' id='word_1_145' title='bbox 1977 826 2274 898; x_wconf 84' lang='lat' dir='ltr'><strong>sacrilegiis</strong></span> <span class='ocrx_word' id='word_1_146' title='bbox 2304 827 2610 898; x_wconf 84' lang='lat' dir='ltr'><strong>profanata,</strong></span> <span class='ocrx_word' id='word_1_147' title='bbox 2644 837 2699 883; x_wconf 92' lang='lat' dir='ltr'><strong>et</strong></span> <span class='ocrx_word' id='word_1_148' title='bbox 2737 828 2957 898; x_wconf 83' lang='lat' dir='ltr'><strong>insuper</strong></span> <span class='ocrx_word' id='word_1_149' title='bbox 2986 829 3547 885; x_wconf 87' lang='lat' dir='ltr'><strong>excommunicatione</strong></span> 
     </span>
    </p>
   </div>
   <div class='ocr_carea' id='block_1_23' title="bbox 1976 919 3547 991">
    <p class='ocr_par' dir='ltr' id='par_1_23' title="bbox 1976 919 3547 991">
     <span class='ocr_line' id='line_1_23' title="bbox 1976 919 3547 991; baseline 0.001 -18"><span class='ocrx_word' id='word_1_150' title='bbox 1976 919 2250 986; x_wconf 85' lang='lat' dir='ltr'><strong>damnata,</strong></span> <span class='ocrx_word' id='word_1_151' title='bbox 2294 936 2392 976; x_wconf 92' lang='lat' dir='ltr'><strong>nec</strong></span> <span class='ocrx_word' id='word_1_152' title='bbox 2440 930 2563 991; x_wconf 88' lang='lat' dir='ltr'><strong>post</strong></span> <span class='ocrx_word' id='word_1_153' title='bbox 2617 921 2983 987; x_wconf 86' lang='lat' dir='ltr'><strong>reconciliata,</strong></span> <span class='ocrx_word' id='word_1_154' title='bbox 3045 921 3231 985; x_wconf 87' lang='lat' dir='ltr'><strong>miror,</strong></span> <span class='ocrx_word' id='word_1_155' title='bbox 3276 930 3331 977; x_wconf 91' lang='lat' dir='ltr'><strong>et</strong></span> <span class='ocrx_word' id='word_1_156' title='bbox 3355 936 3547 991; x_wconf 91' lang='lat' dir='ltr'><strong>paveo.</strong></span> 
     </span>
    </p>
   </div>
   <div class='ocr_carea' id='block_1_24' title="bbox 1975 1011 3544 1082">
    <p class='ocr_par' dir='ltr' id='par_1_24' title="bbox 1975 1011 3544 1082">
     <span class='ocr_line' id='line_1_24' title="bbox 1975 1011 3544 1082; baseline 0.001 -17"><span class='ocrx_word' id='word_1_157' title='bbox 1975 1012 2188 1079; x_wconf 85' lang='lat' dir='ltr'><strong>Quanto</strong></span> <span class='ocrx_word' id='word_1_158' title='bbox 2221 1012 2368 1067; x_wconf 90' lang='lat' dir='ltr'><strong>enim</strong></span> <span class='ocrx_word' id='word_1_159' title='bbox 2396 1011 2580 1067; x_wconf 90' lang='lat' dir='ltr'><strong>dolore</strong></span> <span class='ocrx_word' id='word_1_160' title='bbox 2601 1023 2759 1082; x_wconf 89' lang='lat' dir='ltr'><strong>putas</strong></span> <span class='ocrx_word' id='word_1_161' title='bbox 2801 1012 3113 1067; x_wconf 83' lang='lat' dir='ltr'><strong>alliciendos</strong></span> <span class='ocrx_word' id='word_1_162' title='bbox 3140 1025 3258 1067; x_wconf 87' lang='lat' dir='ltr'><strong>esse</strong></span> <span class='ocrx_word' id='word_1_163' title='bbox 3289 1013 3544 1067; x_wconf 76' lang='lat' dir='ltr'><strong>sacerdo~</strong></span> 
     </span>
    </p>
   </div>
   <div class='ocr_carea' id='block_1_25' title="bbox 1976 1102 3544 1173">
    <p class='ocr_par' dir='ltr' id='par_1_25' title="bbox 1976 1102 3544 1173">
     <span class='ocr_line' id='line_1_25' title="bbox 1976 1102 3544 1173; baseline -0.001 -14"><span class='ocrx_word' id='word_1_164' title='bbox 1976 1113 2058 1159; x_wconf 88' lang='lat' dir='ltr'><strong>tes</strong></span> <span class='ocrx_word' id='word_1_165' title='bbox 2081 1103 2264 1159; x_wconf 76' lang='lat' dir='ltr'><strong>fideles</strong></span> <span class='ocrx_word' id='word_1_166' title='bbox 2297 1111 2440 1170; x_wconf 88' lang='lat' dir='ltr'><strong>tuos,</strong></span> <span class='ocrx_word' id='word_1_167' title='bbox 2462 1103 2554 1173; x_wconf 90' lang='lat' dir='ltr'><strong>qui</strong></span> <span class='ocrx_word' id='word_1_168' title='bbox 2602 1104 2669 1158; x_wconf 88' lang='lat' dir='ltr'><strong>ad</strong></span> <span class='ocrx_word' id='word_1_169' title='bbox 2700 1103 3166 1159; x_wconf 81' lang='lat' dir='ltr'><strong>honoriﬁcentiam</strong></span> <span class='ocrx_word' id='word_1_170' title='bbox 3193 1102 3287 1158; x_wconf 88' lang='lat' dir='ltr'><strong>Dei</strong></span> <span class='ocrx_word' id='word_1_171' title='bbox 3313 1113 3367 1158; x_wconf 88' lang='lat' dir='ltr'><strong>et</strong></span> <span class='ocrx_word' id='word_1_172' title='bbox 3399 1111 3544 1158; x_wconf 86' lang='lat' dir='ltr'><strong>tuam</strong></span> 
     </span>
    </p>
   </div>
   <div class='ocr_carea' id='block_1_26' title="bbox 1975 1193 3545 1265">
    <p class='ocr_par' dir='ltr' id='par_1_26' title="bbox 1975 1193 3545 1265">
     <span class='ocr_line' id='line_1_26' title="bbox 1975 1193 3545 1265; baseline -0.001 -15"><span class='ocrx_word' id='word_1_173' title='bbox 1975 1195 2091 1265; x_wconf 85' lang='lat' dir='ltr'><strong>ipso</strong></span> <span class='ocrx_word' id='word_1_174' title='bbox 2123 1195 2210 1249; x_wconf 90' lang='lat' dir='ltr'><strong>die</strong></span> <span class='ocrx_word' id='word_1_175' title='bbox 2237 1195 2600 1265; x_wconf 84' lang='lat' dir='ltr'><strong>eongregandi</strong></span> <span class='ocrx_word' id='word_1_176' title='bbox 2625 1204 2773 1261; x_wconf 85' lang='lat' dir='ltr'><strong>sunt,</strong></span> <span class='ocrx_word' id='word_1_177' title='bbox 2803 1196 2849 1250; x_wconf 92' lang='lat' dir='ltr'><strong>si</strong></span> <span class='ocrx_word' id='word_1_178' title='bbox 2900 1196 2953 1250; x_wconf 90' lang='lat' dir='ltr'><strong>in</strong></span> <span class='ocrx_word' id='word_1_179' title='bbox 2986 1210 3052 1252; x_wconf 91' lang='lat' dir='ltr'><strong>eo</strong></span> <span class='ocrx_word' id='word_1_180' title='bbox 3077 1195 3196 1251; x_wconf 91' lang='lat' dir='ltr'><strong>loco</strong></span> <span class='ocrx_word' id='word_1_181' title='bbox 3227 1193 3427 1250; x_wconf 79' lang='lat' dir='ltr'><strong>fuerint</strong></span> <span class='ocrx_word' id='word_1_182' title='bbox 3458 1196 3545 1249; x_wconf 90' lang='lat' dir='ltr'><strong>ubi</strong></span> 
     </span>
    </p>
   </div>
   <div class='ocr_carea' id='block_1_27' title="bbox 1972 1282 3543 1354">
    <p class='ocr_par' dir='ltr' id='par_1_27' title="bbox 1972 1282 3543 1354">
     <span class='ocr_line' id='line_1_27' title="bbox 1972 1282 3543 1354; baseline -0.001 -15"><span class='ocrx_word' id='word_1_183' title='bbox 1972 1300 2074 1339; x_wconf 90' lang='lat' dir='ltr'><strong>nec</strong></span> <span class='ocrx_word' id='word_1_184' title='bbox 2102 1282 2231 1354; x_wconf 88' lang='lat' dir='ltr'><strong>ipsis</strong></span> <span class='ocrx_word' id='word_1_185' title='bbox 2274 1284 2581 1341; x_wconf 90' lang='lat' dir='ltr'><strong>sacrificare</strong></span> <span class='ocrx_word' id='word_1_186' title='bbox 2624 1285 2803 1352; x_wconf 88' lang='lat' dir='ltr'><strong>liceat,</strong></span> <span class='ocrx_word' id='word_1_187' title='bbox 2863 1300 2964 1340; x_wconf 91' lang='lat' dir='ltr'><strong>nec</strong></span> <span class='ocrx_word' id='word_1_188' title='bbox 3008 1285 3100 1341; x_wconf 90' lang='lat' dir='ltr'><strong>tibi</strong></span> <span class='ocrx_word' id='word_1_189' title='bbox 3141 1297 3543 1341; x_wconf 81' lang='lat' dir='ltr'><strong>sacrosanctam</strong></span> 
     </span>
    </p>
   </div>
   <div class='ocr_carea' id='block_1_28' title="bbox 1971 1372 3539 1444">
    <p class='ocr_par' dir='ltr' id='par_1_28' title="bbox 1971 1372 3539 1444">
     <span class='ocr_line' id='line_1_28' title="bbox 1971 1372 3539 1444; baseline 0.001 -17"><span class='ocrx_word' id='word_1_190' title='bbox 1971 1372 2352 1429; x_wconf 87' lang='lat' dir='ltr'><strong>eucharistiam</strong></span> <span class='ocrx_word' id='word_1_191' title='bbox 2389 1372 2633 1428; x_wconf 85' lang='lat' dir='ltr'><strong>absolute</strong></span> <span class='ocrx_word' id='word_1_192' title='bbox 2684 1374 3003 1444; x_wconf 83' lang='lat' dir='ltr'><strong>percipere?</strong></span> <span class='ocrx_word' id='word_1_193' title='bbox 3047 1374 3203 1431; x_wconf 79' lang='lat' dir='ltr'><strong>Absit</strong></span> <span class='ocrx_word' id='word_1_194' title='bbox 3239 1375 3342 1430; x_wconf 86' lang='lat' dir='ltr'><strong>hoc</strong></span> <span class='ocrx_word' id='word_1_195' title='bbox 3392 1391 3422 1429; x_wconf 91' lang='lat' dir='ltr'><strong>a</strong></span> <span class='ocrx_word' id='word_1_196' title='bbox 3467 1384 3539 1437; x_wconf 83' lang='lat' dir='ltr'><strong>te,</strong></span> 
     </span>
    </p>
   </div>
   <div class='ocr_carea' id='block_1_29' title="bbox 1970 1462 3545 1530">
    <p class='ocr_par' dir='ltr' id='par_1_29' title="bbox 1970 1462 3545 1530">
     <span class='ocr_line' id='line_1_29' title="bbox 1970 1462 3545 1530; baseline 0.001 -13"><span class='ocrx_word' id='word_1_197' title='bbox 1970 1463 2287 1518; x_wconf 84' lang='lat' dir='ltr'><strong>charissime</strong></span> <span class='ocrx_word' id='word_1_198' title='bbox 2308 1462 2543 1530; x_wconf 86' lang='lat' dir='ltr'><strong>domine,</strong></span> <span class='ocrx_word' id='word_1_199' title='bbox 2575 1472 2633 1517; x_wconf 91' lang='lat' dir='ltr'><strong>ut</strong></span> <span class='ocrx_word' id='word_1_200' title='bbox 2654 1473 2706 1517; x_wconf 90' lang='lat' dir='ltr'><strong>tn</strong></span> <span class='ocrx_word' id='word_1_201' title='bbox 2740 1465 2790 1518; x_wconf 92' lang='lat' dir='ltr'><strong>in</strong></span> <span class='ocrx_word' id='word_1_202' title='bbox 2810 1474 2956 1519; x_wconf 87' lang='lat' dir='ltr'><strong>tanta</strong></span> <span class='ocrx_word' id='word_1_203' title='bbox 2988 1464 3330 1520; x_wconf 85' lang='lat' dir='ltr'><strong>solemnitate</strong></span> <span class='ocrx_word' id='word_1_204' title='bbox 3351 1473 3443 1519; x_wconf 90' lang='lat' dir='ltr'><strong>aut</strong></span> <span class='ocrx_word' id='word_1_205' title='bbox 3465 1464 3545 1519; x_wconf 90' lang='lat' dir='ltr'><strong>di-</strong></span> 
     </span>
    </p>
   </div>
   <div class='ocr_carea' id='block_1_30' title="bbox 1969 1552 3539 1626">
    <p class='ocr_par' dir='ltr' id='par_1_30' title="bbox 1969 1552 3539 1626">
     <span class='ocr_line' id='line_1_30' title="bbox 1969 1552 3539 1626; baseline -0.001 -19"><span class='ocrx_word' id='word_1_206' title='bbox 1969 1554 2108 1608; x_wconf 85' lang='lat' dir='ltr'><strong>vinis</strong></span> <span class='ocrx_word' id='word_1_207' title='bbox 2125 1552 2314 1608; x_wconf 76' lang='lat' dir='ltr'><strong>ofI‘tCiis</strong></span> <span class='ocrx_word' id='word_1_208' title='bbox 2330 1568 2539 1618; x_wconf 87' lang='lat' dir='ltr'><strong>careas,</strong></span> <span class='ocrx_word' id='word_1_209' title='bbox 2561 1562 2651 1608; x_wconf 86' lang='lat' dir='ltr'><strong>aut</strong></span> <span class='ocrx_word' id='word_1_210' title='bbox 2668 1555 2854 1610; x_wconf 90' lang='lat' dir='ltr'><strong>illicite</strong></span> <span class='ocrx_word' id='word_1_211' title='bbox 2879 1554 3214 1626; x_wconf 84' lang='lat' dir='ltr'><strong>velindigne,</strong></span> <span class='ocrx_word' id='word_1_212' title='bbox 3238 1564 3291 1610; x_wconf 87' lang='lat' dir='ltr'><strong>te</strong></span> <span class='ocrx_word' id='word_1_213' title='bbox 3314 1555 3539 1619; x_wconf 84' lang='lat' dir='ltr'><strong>sciente,</strong></span> 
     </span>
    </p>
   </div>
   <div class='ocr_carea' id='block_1_31' title="bbox 1967 1642 3539 1715">
    <p class='ocr_par' dir='ltr' id='par_1_31' title="bbox 1967 1642 3539 1715">
     <span class='ocr_line' id='line_1_31' title="bbox 1967 1642 3539 1715; baseline -0.001 -18"><span class='ocrx_word' id='word_1_214' title='bbox 1967 1643 2212 1712; x_wconf 88' lang='lat' dir='ltr'><strong>usurpari</strong></span> <span class='ocrx_word' id='word_1_215' title='bbox 2238 1642 2546 1712; x_wconf 86' lang='lat' dir='ltr'><strong>permittas!</strong></span> <span class='ocrx_word' id='word_1_216' title='bbox 2577 1643 2727 1710; x_wconf 84' lang='lat' dir='ltr'><strong>Quod</strong></span> <span class='ocrx_word' id='word_1_217' title='bbox 2755 1644 2874 1699; x_wconf 91' lang='lat' dir='ltr'><strong>ideo</strong></span> <span class='ocrx_word' id='word_1_218' title='bbox 2899 1652 2949 1698; x_wconf 92' lang='lat' dir='ltr'><strong>te</strong></span> <span class='ocrx_word' id='word_1_219' title='bbox 2976 1659 3308 1715; x_wconf 70' lang='lat' dir='ltr'><strong>prtemonere</strong></span> <span class='ocrx_word' id='word_1_220' title='bbox 3334 1645 3539 1707; x_wconf 84' lang='lat' dir='ltr'><strong>curavi,</strong></span> 
     </span>
    </p>
   </div>
   <div class='ocr_carea' id='block_1_32' title="bbox 1967 1734 3527 1802">
    <p class='ocr_par' dir='ltr' id='par_1_32' title="bbox 1967 1734 3527 1802">
     <span class='ocr_line' id='line_1_32' title="bbox 1967 1734 3527 1802; baseline 0.001 -15"><span class='ocrx_word' id='word_1_221' title='bbox 1967 1744 2025 1789; x_wconf 91' lang='lat' dir='ltr'><strong>ut</strong></span> <span class='ocrx_word' id='word_1_222' title='bbox 2054 1735 2136 1790; x_wconf 86' lang='lat' dir='ltr'><strong>vel</strong></span> <span class='ocrx_word' id='word_1_223' title='bbox 2163 1734 2311 1790; x_wconf 90' lang='lat' dir='ltr'><strong>illum</strong></span> <span class='ocrx_word' id='word_1_224' title='bbox 2340 1734 2516 1790; x_wconf 92' lang='lat' dir='ltr'><strong>locum</strong></span> <span class='ocrx_word' id='word_1_225' title='bbox 2554 1735 2721 1791; x_wconf 80' lang='lat' dir='ltr'><strong>facias</strong></span> <span class='ocrx_word' id='word_1_226' title='bbox 2759 1736 3118 1802; x_wconf 88' lang='lat' dir='ltr'><strong>reconciliari,</strong></span> <span class='ocrx_word' id='word_1_227' title='bbox 3157 1745 3252 1791; x_wconf 90' lang='lat' dir='ltr'><strong>aut</strong></span> <span class='ocrx_word' id='word_1_228' title='bbox 3286 1736 3375 1791; x_wconf 92' lang='lat' dir='ltr'><strong>ubi</strong></span> <span class='ocrx_word' id='word_1_229' title='bbox 3407 1752 3527 1789; x_wconf 86' lang='lat' dir='ltr'><strong>me-</strong></span> 
     </span>
    </p>
   </div>
   <div class='ocr_carea' id='block_1_33' title="bbox 262 1800 3538 1884">
    <p class='ocr_par' dir='ltr' id='par_1_33' title="bbox 262 1800 3538 1884">
     <span class='ocr_line' id='line_1_33' title="bbox 262 1800 3538 1884; baseline 0.005 -21"><span class='ocrx_word' id='word_1_230' title='bbox 262 1808 432 1878; x_wconf 78' lang='lat' dir='ltr'><strong>justa:</strong></span> <span class='ocrx_word' id='word_1_231' title='bbox 460 1820 609 1877; x_wconf 90' lang='lat' dir='ltr'><strong>sunt,</strong></span> <span class='ocrx_word' id='word_1_232' title='bbox 636 1812 921 1882; x_wconf 88' lang='lat' dir='ltr'><strong>displicere</strong></span> <span class='ocrx_word' id='word_1_233' title='bbox 960 1829 1068 1867; x_wconf 92' lang='lat' dir='ltr'><strong>non</strong></span> <span class='ocrx_word' id='word_1_234' title='bbox 1107 1815 1322 1870; x_wconf 89' lang='lat' dir='ltr'><strong>debent.</strong></span> <span class='ocrx_word' id='word_1_235' title='bbox 1354 1800 1666 1884; x_wconf 69' lang='lat' dir='ltr'><strong>Atljecimits</strong></span> <span class='ocrx_word' id='word_1_236' title='bbox 1700 1817 1862 1871; x_wconf 89' lang='lat' dir='ltr'><strong>etiam</strong></span> <span class='ocrx_word' id='word_1_237' title='bbox 1893 1800 1938 1858; x_wconf 79' lang='grc' dir='ltr'><strong><em>Β</em></strong></span> <span class='ocrx_word' id='word_1_238' title='bbox 1967 1827 2071 1883; x_wconf 76' lang='lat' dir='ltr'><strong>[ius</strong></span> <span class='ocrx_word' id='word_1_239' title='bbox 2106 1827 2178 1882; x_wconf 73' lang='lat' dir='ltr'><strong>sit</strong></span> <span class='ocrx_word' id='word_1_240' title='bbox 2222 1827 2620 1883; x_wconf 73' lang='lat' dir='ltr'><strong>solemnitatem</strong></span> <span class='ocrx_word' id='word_1_241' title='bbox 2669 1827 2945 1883; x_wconf 79' lang='lat' dir='ltr'><strong>celebrare</strong></span> <span class='ocrx_word' id='word_1_242' title='bbox 2993 1800 3326 1882; x_wconf 81' lang='lat' dir='ltr'><strong>memineris.</strong></span> <span class='ocrx_word' id='word_1_243' title='bbox 3371 1826 3538 1881; x_wconf 83' lang='lat' dir='ltr'><strong>Velim</strong></span> 
     </span>
    </p>
   </div>
   <div class='ocr_carea' id='block_1_34' title="bbox 270 1901 1859 1976">
    <p class='ocr_par' dir='ltr' id='par_1_34' title="bbox 270 1901 1859 1976">
     <span class='ocr_line' id='line_1_34' title="bbox 270 1901 1859 1976; baseline 0.004 -24"><span class='ocrx_word' id='word_1_244' title='bbox 270 1913 447 1967; x_wconf 84' lang='lat' dir='ltr'><strong>pauca</strong></span> <span class='ocrx_word' id='word_1_245' title='bbox 504 1909 727 1969; x_wconf 87' lang='lat' dir='ltr'><strong>propter</strong></span> <span class='ocrx_word' id='word_1_246' title='bbox 786 1901 1109 1957; x_wconf 82' lang='lat' dir='ltr'><strong>brevitatem</strong></span> <span class='ocrx_word' id='word_1_247' title='bbox 1166 1904 1402 1974; x_wconf 88' lang='lat' dir='ltr'><strong>capitula</strong></span> <span class='ocrx_word' id='word_1_248' title='bbox 1456 1906 1652 1960; x_wconf 69' lang='lat' dir='ltr'><strong>divinae</strong></span> <span class='ocrx_word' id='word_1_249' title='bbox 1707 1905 1859 1976; x_wconf 73' lang='lat' dir='ltr'><strong>legis.</strong></span> 
     </span>
    </p>
   </div>
   <div class='ocr_carea' id='block_1_35' title="bbox 266 1990 1864 2067">
    <p class='ocr_par' dir='ltr' id='par_1_35' title="bbox 266 1990 1864 2067">
     <span class='ocr_line' id='line_1_35' title="bbox 266 1990 1864 2067; baseline 0.006 -25"><span class='ocrx_word' id='word_1_250' title='bbox 266 1990 445 2057; x_wconf 88' lang='lat' dir='ltr'><strong>Quam</strong></span> <span class='ocrx_word' id='word_1_251' title='bbox 479 1991 653 2060; x_wconf 90' lang='lat' dir='ltr'><strong>primo</strong></span> <span class='ocrx_word' id='word_1_252' title='bbox 678 1993 891 2060; x_wconf 84' lang='lat' dir='ltr'><strong>quidem</strong></span> <span class='ocrx_word' id='word_1_253' title='bbox 925 1994 1157 2049; x_wconf 90' lang='lat' dir='ltr'><strong>condere</strong></span> <span class='ocrx_word' id='word_1_254' title='bbox 1201 1996 1381 2067; x_wconf 88' lang='lat' dir='ltr'><strong>magni</strong></span> <span class='ocrx_word' id='word_1_255' title='bbox 1412 1997 1642 2061; x_wconf 90' lang='lat' dir='ltr'><strong>consilii,</strong></span> <span class='ocrx_word' id='word_1_256' title='bbox 1674 2007 1864 2066; x_wconf 89' lang='lat' dir='ltr'><strong>postea</strong></span> 
     </span>
    </p>
   </div>
   <div class='ocr_carea' id='block_1_36' title="bbox 267 2079 1864 2159">
    <p class='ocr_par' dir='ltr' id='par_1_36' title="bbox 267 2079 1864 2159">
     <span class='ocr_line' id='line_1_36' title="bbox 267 2079 1864 2159; baseline 0.006 -26"><span class='ocrx_word' id='word_1_257' title='bbox 267 2079 477 2135; x_wconf 87' lang='lat' dir='ltr'><strong>violare</strong></span> <span class='ocrx_word' id='word_1_258' title='bbox 518 2097 741 2137; x_wconf 70' lang='lat' dir='ltr'><strong>summa:</strong></span> <span class='ocrx_word' id='word_1_259' title='bbox 780 2083 1170 2151; x_wconf 86' lang='lat' dir='ltr'><strong>irreverentiae,</strong></span> <span class='ocrx_word' id='word_1_260' title='bbox 1209 2101 1427 2141; x_wconf 86' lang='lat' dir='ltr'><strong>scrvare</strong></span> <span class='ocrx_word' id='word_1_261' title='bbox 1458 2088 1721 2143; x_wconf 87' lang='lat' dir='ltr'><strong>hactenus</strong></span> <span class='ocrx_word' id='word_1_262' title='bbox 1749 2088 1864 2159; x_wconf 81' lang='lat' dir='ltr'><strong>glo—</strong></span> 
     </span>
    </p>
   </div>
   <div class='ocr_carea' id='block_1_37' title="bbox 270 2169 1860 2246">
    <p class='ocr_par' dir='ltr' id='par_1_37' title="bbox 270 2169 1860 2246">
     <span class='ocr_line' id='line_1_37' title="bbox 270 2169 1860 2246; baseline 0.006 -24"><span class='ocrx_word' id='word_1_263' title='bbox 270 2169 372 2223; x_wconf 61' lang='lat' dir='ltr'><strong>riae</strong></span> <span class='ocrx_word' id='word_1_264' title='bbox 401 2178 563 2225; x_wconf 64' lang='lat' dir='ltr'><strong>tantae</strong></span> <span class='ocrx_word' id='word_1_265' title='bbox 588 2169 712 2237; x_wconf 88' lang='lat' dir='ltr'><strong>fuit,</strong></span> <span class='ocrx_word' id='word_1_266' title='bbox 755 2180 817 2226; x_wconf 93' lang='lat' dir='ltr'><strong>ut</strong></span> <span class='ocrx_word' id='word_1_267' title='bbox 841 2173 1088 2243; x_wconf 89' lang='lat' dir='ltr'><strong>quisquis</strong></span> <span class='ocrx_word' id='word_1_268' title='bbox 1118 2176 1414 2231; x_wconf 82' lang='lat' dir='ltr'><strong>secundum</strong></span> <span class='ocrx_word' id='word_1_269' title='bbox 1454 2172 1603 2232; x_wconf 86' lang='lat' dir='ltr'><strong>illam</strong></span> <span class='ocrx_word' id='word_1_270' title='bbox 1640 2178 1860 2246; x_wconf 84' lang='lat' dir='ltr'><strong>vixerit,</strong></span> 
     </span>
    </p>
   </div>
   <div class='ocr_carea' id='block_1_38' title="bbox 267 2258 1862 2338">
    <p class='ocr_par' dir='ltr' id='par_1_38' title="bbox 267 2258 1862 2338">
     <span class='ocr_line' id='line_1_38' title="bbox 267 2258 1862 2338; baseline 0.008 -28"><span class='ocrx_word' id='word_1_271' title='bbox 267 2259 466 2326; x_wconf 90' lang='lat' dir='ltr'><strong>procul</strong></span> <span class='ocrx_word' id='word_1_272' title='bbox 503 2258 667 2315; x_wconf 90' lang='lat' dir='ltr'><strong>dubio</strong></span> <span class='ocrx_word' id='word_1_273' title='bbox 705 2260 847 2315; x_wconf 91' lang='lat' dir='ltr'><strong>inter</strong></span> <span class='ocrx_word' id='word_1_274' title='bbox 884 2261 1072 2320; x_wconf 89' lang='lat' dir='ltr'><strong>beatos</strong></span> <span class='ocrx_word' id='word_1_275' title='bbox 1109 2275 1450 2337; x_wconf 88' lang='lat' dir='ltr'><strong>computatus</strong></span> <span class='ocrx_word' id='word_1_276' title='bbox 1494 2268 1581 2323; x_wconf 90' lang='lat' dir='ltr'><strong>sit.</strong></span> <span class='ocrx_word' id='word_1_277' title='bbox 1634 2268 1862 2338; x_wconf 89' lang='lat' dir='ltr'><strong>Propter</strong></span> 
     </span>
    </p>
   </div>
   <div class='ocr_carea' id='block_1_39' title="bbox 267 2346 1860 2427">
    <p class='ocr_par' dir='ltr' id='par_1_39' title="bbox 267 2346 1860 2427">
     <span class='ocr_line' id='line_1_39' title="bbox 267 2346 1860 2427; baseline 0.009 -28"><span class='ocrx_word' id='word_1_278' title='bbox 267 2346 373 2401; x_wconf 86' lang='lat' dir='ltr'><strong>has</strong></span> <span class='ocrx_word' id='word_1_279' title='bbox 400 2346 583 2416; x_wconf 85' lang='lat' dir='ltr'><strong>itaque</strong></span> <span class='ocrx_word' id='word_1_280' title='bbox 613 2349 854 2407; x_wconf 87' lang='lat' dir='ltr'><strong>rationes</strong></span> <span class='ocrx_word' id='word_1_281' title='bbox 897 2367 1005 2407; x_wconf 91' lang='lat' dir='ltr'><strong>non</strong></span> <span class='ocrx_word' id='word_1_282' title='bbox 1043 2356 1303 2412; x_wconf 86' lang='lat' dir='ltr'><strong>audentes</strong></span> <span class='ocrx_word' id='word_1_283' title='bbox 1331 2356 1429 2412; x_wconf 89' lang='lat' dir='ltr'><strong>tibi</strong></span> <span class='ocrx_word' id='word_1_284' title='bbox 1458 2373 1651 2413; x_wconf 88' lang='lat' dir='ltr'><strong>manus</strong></span> <span class='ocrx_word' id='word_1_285' title='bbox 1691 2359 1860 2427; x_wconf 91' lang='lat' dir='ltr'><strong>impo-</strong></span> 
     </span>
    </p>
   </div>
   <div class='ocr_carea' id='block_1_40' title="bbox 265 2438 1855 2515">
    <p class='ocr_par' dir='ltr' id='par_1_40' title="bbox 265 2438 1855 2515">
     <span class='ocr_line' id='line_1_40' title="bbox 265 2438 1855 2515; baseline 0.011 -29"><span class='ocrx_word' id='word_1_286' title='bbox 265 2448 425 2499; x_wconf 87' lang='lat' dir='ltr'><strong>nere,</strong></span> <span class='ocrx_word' id='word_1_287' title='bbox 468 2443 671 2505; x_wconf 88' lang='lat' dir='ltr'><strong>utpote</strong></span> <span class='ocrx_word' id='word_1_288' title='bbox 710 2438 967 2510; x_wconf 87' lang='lat' dir='ltr'><strong>deinceps</strong></span> <span class='ocrx_word' id='word_1_289' title='bbox 991 2442 1278 2499; x_wconf 89' lang='lat' dir='ltr'><strong>ordinandi</strong></span> <span class='ocrx_word' id='word_1_290' title='bbox 1318 2446 1561 2514; x_wconf 87' lang='lat' dir='ltr'><strong>potentia</strong></span> <span class='ocrx_word' id='word_1_291' title='bbox 1610 2449 1855 2515; x_wconf 89' lang='lat' dir='ltr'><strong>carituri,</strong></span> 
     </span>
    </p>
   </div>
   <div class='ocr_carea' id='block_1_41' title="bbox 262 2524 1858 2606">
    <p class='ocr_par' dir='ltr' id='par_1_41' title="bbox 262 2524 1858 2606">
     <span class='ocr_line' id='line_1_41' title="bbox 262 2524 1858 2606; baseline 0.01 -31"><span class='ocrx_word' id='word_1_292' title='bbox 262 2524 723 2592; x_wconf 67' lang='lat' dir='ltr'><strong>praevaricatores</strong></span> <span class='ocrx_word' id='word_1_293' title='bbox 770 2527 904 2599; x_wconf 80' lang='lat' dir='ltr'><strong>legis</strong></span> <span class='ocrx_word' id='word_1_294' title='bbox 952 2545 1074 2585; x_wconf 84' lang='lat' dir='ltr'><strong>esse</strong></span> <span class='ocrx_word' id='word_1_295' title='bbox 1120 2532 1408 2589; x_wconf 89' lang='lat' dir='ltr'><strong>noluimus.</strong></span> <span class='ocrx_word' id='word_1_296' title='bbox 1451 2533 1495 2590; x_wconf 91' lang='grc' dir='ltr'>Ο</span> <span class='ocrx_word' id='word_1_297' title='bbox 1536 2536 1858 2606; x_wconf 85' lang='lat' dir='ltr'><strong>sacrilegam</strong></span> 
     </span>
    </p>
   </div>
   <div class='ocr_carea' id='block_1_42' title="bbox 261 2613 1857 2689">
    <p class='ocr_par' dir='ltr' id='par_1_42' title="bbox 261 2613 1857 2689">
     <span class='ocr_line' id='line_1_42' title="bbox 261 2613 1857 2689; baseline 0.009 -19"><span class='ocrx_word' id='word_1_298' title='bbox 261 2613 639 2683; x_wconf 84' lang='lat' dir='ltr'><strong>impietatem!</strong></span> <span class='ocrx_word' id='word_1_299' title='bbox 674 2617 729 2673; x_wconf 91' lang='lat' dir='ltr'><strong>in</strong></span> <span class='ocrx_word' id='word_1_300' title='bbox 762 2618 882 2689; x_wconf 92' lang='lat' dir='ltr'><strong>ipso</strong></span> <span class='ocrx_word' id='word_1_301' title='bbox 909 2621 1031 2677; x_wconf 89' lang='lat' dir='ltr'><strong>sinu</strong></span> <span class='ocrx_word' id='word_1_302' title='bbox 1066 2631 1271 2680; x_wconf 80' lang='lat' dir='ltr'><strong>sanctze</strong></span> <span class='ocrx_word' id='word_1_303' title='bbox 1305 2626 1498 2683; x_wconf 88' lang='lat' dir='ltr'><strong>matris</strong></span> <span class='ocrx_word' id='word_1_304' title='bbox 1529 2627 1791 2684; x_wconf 87' lang='lat' dir='ltr'><strong>Ecclesiae</strong></span> <span class='ocrx_word' id='word_1_305' title='bbox 1825 2643 1857 2684; x_wconf 91' lang='lat' dir='ltr'><strong>a</strong></span> 
     </span>
    </p>
   </div>
   <div class='ocr_carea' id='block_1_43' title="bbox 259 2700 1856 2789">
    <p class='ocr_par' dir='ltr' id='par_1_43' title="bbox 259 2700 1856 2789">
     <span class='ocr_line' id='line_1_43' title="bbox 259 2700 1856 2789; baseline 0.011 -31"><span class='ocrx_word' id='word_1_306' title='bbox 259 2700 576 2761; x_wconf 81' lang='lat' dir='ltr'><strong>fautoribus</strong></span> <span class='ocrx_word' id='word_1_307' title='bbox 629 2709 736 2764; x_wconf 89' lang='lat' dir='ltr'><strong>tuis</strong></span> <span class='ocrx_word' id='word_1_308' title='bbox 780 2724 919 2779; x_wconf 89' lang='lat' dir='ltr'><strong>pene</strong></span> <span class='ocrx_word' id='word_1_309' title='bbox 967 2715 1236 2784; x_wconf 86' lang='lat' dir='ltr'><strong>perempti</strong></span> <span class='ocrx_word' id='word_1_310' title='bbox 1280 2731 1497 2783; x_wconf 90' lang='lat' dir='ltr'><strong>sumus;</strong></span> <span class='ocrx_word' id='word_1_311' title='bbox 1548 2727 1603 2774; x_wconf 90' lang='lat' dir='ltr'><strong>et</strong></span> <span class='ocrx_word' id='word_1_312' title='bbox 1639 2721 1856 2789; x_wconf 89' lang='lat' dir='ltr'><strong>quidem</strong></span> 
     </span>
    </p>
   </div>
   <div class='ocr_carea' id='block_1_44' title="bbox 261 2795 1856 2883">
    <p class='ocr_par' dir='ltr' id='par_1_44' title="bbox 261 2795 1856 2883">
     <span class='ocr_line' id='line_1_44' title="bbox 261 2795 1856 2883; baseline 0.011 -32"><span class='ocrx_word' id='word_1_313' title='bbox 261 2795 345 2853; x_wconf 84' lang='lat' dir='ltr'><strong>ita</strong></span> <span class='ocrx_word' id='word_1_314' title='bbox 373 2812 565 2853; x_wconf 88' lang='lat' dir='ltr'><strong>carum</strong></span> <span class='ocrx_word' id='word_1_315' title='bbox 611 2799 714 2857; x_wconf 85' lang='lat' dir='ltr'><strong>fuit</strong></span> <span class='ocrx_word' id='word_1_316' title='bbox 755 2804 999 2861; x_wconf 85' lang='lat' dir='ltr'><strong>evasisse</strong></span> <span class='ocrx_word' id='word_1_317' title='bbox 1028 2807 1199 2874; x_wconf 90' lang='lat' dir='ltr'><strong>vivos,</strong></span> <span class='ocrx_word' id='word_1_318' title='bbox 1228 2818 1289 2863; x_wconf 88' lang='lat' dir='ltr'><strong>ut</strong></span> <span class='ocrx_word' id='word_1_319' title='bbox 1331 2811 1633 2868; x_wconf 63' lang='lat' dir='ltr'><strong>subsecutae</strong></span> <span class='ocrx_word' id='word_1_320' title='bbox 1659 2814 1856 2883; x_wconf 82' lang='lat' dir='ltr'><strong>praedae</strong></span> 
     </span>
    </p>
   </div>
   <div class='ocr_carea' id='block_1_45' title="bbox 259 2884 1852 2970">
    <p class='ocr_par' dir='ltr' id='par_1_45' title="bbox 259 2884 1852 2970">
     <span class='ocr_line' id='line_1_45' title="bbox 259 2884 1852 2970; baseline 0.011 -30"><span class='ocrx_word' id='word_1_321' title='bbox 259 2884 398 2941; x_wconf 81' lang='lat' dir='ltr'><strong>levis</strong></span> <span class='ocrx_word' id='word_1_322' title='bbox 427 2901 551 2943; x_wconf 89' lang='lat' dir='ltr'><strong>esse</strong></span> <span class='ocrx_word' id='word_1_323' title='bbox 572 2887 789 2958; x_wconf 87' lang='lat' dir='ltr'><strong>jactura</strong></span> <span class='ocrx_word' id='word_1_324' title='bbox 819 2893 1097 2963; x_wconf 88' lang='lat' dir='ltr'><strong>videatur;</strong></span> <span class='ocrx_word' id='word_1_325' title='bbox 1129 2898 1224 2954; x_wconf 90' lang='lat' dir='ltr'><strong>sed</strong></span> <span class='ocrx_word' id='word_1_326' title='bbox 1267 2900 1394 2970; x_wconf 87' lang='lat' dir='ltr'><strong>quia</strong></span> <span class='ocrx_word' id='word_1_327' title='bbox 1438 2902 1553 2959; x_wconf 68' lang='lat' dir='ltr'><strong>haec</strong></span> <span class='ocrx_word' id='word_1_328' title='bbox 1594 2904 1852 2959; x_wconf 89' lang='lat' dir='ltr'><strong>scandala</strong></span> 
     </span>
    </p>
   </div>
   <div class='ocr_carea' id='block_1_46' title="bbox 261 2980 1853 3067">
    <p class='ocr_par' dir='ltr' id='par_1_46' title="bbox 261 2980 1853 3067">
     <span class='ocr_line' id='line_1_46' title="bbox 261 2980 1853 3067; baseline 0.016 -40"><span class='ocrx_word' id='word_1_329' title='bbox 261 2985 493 3067; x_wconf 77' lang='lat' dir='ltr'><strong>propter</strong></span> <span class='ocrx_word' id='word_1_330' title='bbox 523 2987 574 3034; x_wconf 89' lang='lat' dir='ltr'><strong>te</strong></span> <span class='ocrx_word' id='word_1_331' title='bbox 604 2980 758 3037; x_wconf 88' lang='lat' dir='ltr'><strong>nobis</strong></span> <span class='ocrx_word' id='word_1_332' title='bbox 789 2982 944 3051; x_wconf 89' lang='lat' dir='ltr'><strong>fiunt,</strong></span> <span class='ocrx_word' id='word_1_333' title='bbox 971 2984 1086 3056; x_wconf 89' lang='lat' dir='ltr'><strong>jam</strong></span> <span class='ocrx_word' id='word_1_334' title='bbox 1114 2998 1173 3044; x_wconf 88' lang='lat' dir='ltr'><strong>ut</strong></span> <span class='ocrx_word' id='word_1_335' title='bbox 1202 2990 1467 3048; x_wconf 81' lang='lat' dir='ltr'><strong>desiStant</strong></span> <span class='ocrx_word' id='word_1_336' title='bbox 1499 3003 1550 3050; x_wconf 91' lang='lat' dir='ltr'><strong>te</strong></span> <span class='ocrx_word' id='word_1_337' title='bbox 1584 2996 1722 3067; x_wconf 91' lang='lat' dir='ltr'><strong>apud</strong></span> <span class='ocrx_word' id='word_1_338' title='bbox 1759 3011 1853 3053; x_wconf 92' lang='lat' dir='ltr'><strong>eos</strong></span> 
     </span>
    </p>
   </div>
   <div class='ocr_carea' id='block_1_47' title="bbox 257 3066 1847 3155">
    <p class='ocr_par' dir='ltr' id='par_1_47' title="bbox 257 3066 1847 3155">
     <span class='ocr_line' id='line_1_47' title="bbox 257 3066 1847 3155; baseline 0.014 -34"><span class='ocrx_word' id='word_1_339' title='bbox 257 3066 513 3124; x_wconf 89' lang='lat' dir='ltr'><strong>obtinere</strong></span> <span class='ocrx_word' id='word_1_340' title='bbox 548 3081 785 3141; x_wconf 87' lang='lat' dir='ltr'><strong>oportet,</strong></span> <span class='ocrx_word' id='word_1_341' title='bbox 824 3077 964 3146; x_wconf 89' lang='lat' dir='ltr'><strong>apud</strong></span> <span class='ocrx_word' id='word_1_342' title='bbox 1004 3093 1140 3148; x_wconf 90' lang='lat' dir='ltr'><strong>quos</strong></span> <span class='ocrx_word' id='word_1_343' title='bbox 1181 3081 1320 3138; x_wconf 89' lang='lat' dir='ltr'><strong>hanc</strong></span> <span class='ocrx_word' id='word_1_344' title='bbox 1358 3066 1720 3155; x_wconf 88' lang='lat' dir='ltr'><strong>persequendi</strong></span> <span class='ocrx_word' id='word_1_345' title='bbox 1759 3102 1847 3143; x_wconf 86' lang='lat' dir='ltr'><strong>sa-</strong></span> 
     </span>
    </p>
   </div>
   <div class='ocr_carea' id='block_1_48' title="bbox 256 3163 1844 3248">
    <p class='ocr_par' dir='ltr' id='par_1_48' title="bbox 256 3163 1844 3248">
     <span class='ocr_line' id='line_1_48' title="bbox 256 3163 1844 3248; baseline 0.011 -33"><span class='ocrx_word' id='word_1_346' title='bbox 256 3163 515 3218; x_wconf 84' lang='lat' dir='ltr'><strong>cerdotes</strong></span> <span class='ocrx_word' id='word_1_347' title='bbox 543 3165 774 3235; x_wconf 80' lang='lat' dir='ltr'><strong>gratiam</strong></span> <span class='ocrx_word' id='word_1_348' title='bbox 806 3166 1085 3225; x_wconf 88' lang='lat' dir='ltr'><strong>invenisti.</strong></span> <span class='ocrx_word' id='word_1_349' title='bbox 1115 3170 1264 3229; x_wconf 85' lang='lat' dir='ltr'><strong>Nosti</strong></span> <span class='ocrx_word' id='word_1_350' title='bbox 1299 3174 1443 3229; x_wconf 90' lang='lat' dir='ltr'><strong>enim</strong></span> <span class='ocrx_word' id='word_1_351' title='bbox 1471 3176 1598 3245; x_wconf 89' lang='lat' dir='ltr'><strong>quid</strong></span> <span class='ocrx_word' id='word_1_352' title='bbox 1625 3185 1844 3248; x_wconf 89' lang='lat' dir='ltr'><strong>porten-</strong></span> 
     </span>
    </p>
   </div>
   <div class='ocr_carea' id='block_1_49' title="bbox 256 3254 1847 3328">
    <p class='ocr_par' dir='ltr' id='par_1_49' title="bbox 256 3254 1847 3328">
     <span class='ocr_line' id='line_1_49' title="bbox 256 3254 1847 3328; baseline 0.01 -22"><span class='ocrx_word' id='word_1_353' title='bbox 256 3254 421 3309; x_wconf 86' lang='lat' dir='ltr'><strong>datur</strong></span> <span class='ocrx_word' id='word_1_354' title='bbox 451 3254 660 3310; x_wconf 90' lang='lat' dir='ltr'><strong>homini</strong></span> <span class='ocrx_word' id='word_1_355' title='bbox 689 3273 788 3328; x_wconf 90' lang='lat' dir='ltr'><strong>per</strong></span> <span class='ocrx_word' id='word_1_356' title='bbox 812 3274 972 3328; x_wconf 90' lang='lat' dir='ltr'><strong>quem</strong></span> <span class='ocrx_word' id='word_1_357' title='bbox 1005 3263 1316 3318; x_wconf 82' lang='lat' dir='ltr'><strong>scandalum</strong></span> <span class='ocrx_word' id='word_1_358' title='bbox 1344 3266 1510 3322; x_wconf 85' lang='lat' dir='ltr'><strong>venit.</strong></span> <span class='ocrx_word' id='word_1_359' title='bbox 1546 3267 1622 3322; x_wconf 88' lang='lat' dir='ltr'><strong>De</strong></span> <span class='ocrx_word' id='word_1_360' title='bbox 1650 3264 1847 3323; x_wconf 70' lang='lat' dir='ltr'><strong>etatem</strong></span> 
     </span>
    </p>
   </div>
   <div class='ocr_carea' id='block_1_50' title="bbox 254 3344 1845 3423">
    <p class='ocr_par' dir='ltr' id='par_1_50' title="bbox 254 3344 1845 3423">
     <span class='ocr_line' id='line_1_50' title="bbox 254 3344 1845 3423; baseline 0.009 -25"><span class='ocrx_word' id='word_1_361' title='bbox 254 3354 463 3411; x_wconf 87' lang='lat' dir='ltr'><strong>autem,</strong></span> <span class='ocrx_word' id='word_1_362' title='bbox 494 3344 682 3411; x_wconf 82' lang='lat' dir='ltr'><strong>frater,</strong></span> <span class='ocrx_word' id='word_1_363' title='bbox 714 3357 798 3403; x_wconf 90' lang='lat' dir='ltr'><strong>est</strong></span> <span class='ocrx_word' id='word_1_364' title='bbox 827 3351 970 3419; x_wconf 89' lang='lat' dir='ltr'><strong>quod</strong></span> <span class='ocrx_word' id='word_1_365' title='bbox 1012 3361 1062 3407; x_wconf 89' lang='lat' dir='ltr'><strong>te</strong></span> <span class='ocrx_word' id='word_1_366' title='bbox 1100 3352 1280 3409; x_wconf 89' lang='lat' dir='ltr'><strong>celare</strong></span> <span class='ocrx_word' id='word_1_367' title='bbox 1311 3369 1418 3410; x_wconf 90' lang='lat' dir='ltr'><strong>non</strong></span> <span class='ocrx_word' id='word_1_368' title='bbox 1451 3355 1730 3423; x_wconf 89' lang='lat' dir='ltr'><strong>debemus,</strong></span> <span class='ocrx_word' id='word_1_369' title='bbox 1760 3359 1845 3412; x_wconf 88' lang='lat' dir='ltr'><strong>vi-</strong></span> 
     </span>
    </p>
   </div>
   <div class='ocr_carea' id='block_1_51' title="bbox 252 3437 1845 3518">
    <p class='ocr_par' dir='ltr' id='par_1_51' title="bbox 252 3437 1845 3518">
     <span class='ocr_line' id='line_1_51' title="bbox 252 3437 1845 3518; baseline 0.009 -27"><span class='ocrx_word' id='word_1_370' title='bbox 252 3437 404 3494; x_wconf 87' lang='lat' dir='ltr'><strong>deris</strong></span> <span class='ocrx_word' id='word_1_371' title='bbox 439 3439 585 3494; x_wconf 89' lang='lat' dir='ltr'><strong>enim</strong></span> <span class='ocrx_word' id='word_1_372' title='bbox 634 3440 789 3497; x_wconf 84' lang='lat' dir='ltr'><strong>nobis</strong></span> <span class='ocrx_word' id='word_1_373' title='bbox 827 3444 1178 3501; x_wconf 86' lang='lat' dir='ltr'><strong>vehementer</strong></span> <span class='ocrx_word' id='word_1_374' title='bbox 1212 3462 1432 3513; x_wconf 89' lang='lat' dir='ltr'><strong>errare,</strong></span> <span class='ocrx_word' id='word_1_375' title='bbox 1469 3448 1560 3518; x_wconf 92' lang='lat' dir='ltr'><strong>qui</strong></span> <span class='ocrx_word' id='word_1_376' title='bbox 1598 3449 1716 3504; x_wconf 90' lang='lat' dir='ltr'><strong>sine</strong></span> <span class='ocrx_word' id='word_1_377' title='bbox 1760 3464 1845 3504; x_wconf 87' lang='lat' dir='ltr'><strong>re-</strong></span> 
     </span>
    </p>
   </div>
   <div class='ocr_carea' id='block_1_52' title="bbox 252 3530 1842 3602">
    <p class='ocr_par' dir='ltr' id='par_1_52' title="bbox 252 3530 1842 3602">
     <span class='ocr_line' id='line_1_52' title="bbox 252 3530 1842 3602; baseline 0.01 -21"><span class='ocrx_word' id='word_1_378' title='bbox 252 3538 444 3597; x_wconf 85' lang='lat' dir='ltr'><strong>spectu</strong></span> <span class='ocrx_word' id='word_1_379' title='bbox 495 3530 591 3585; x_wconf 89' lang='lat' dir='ltr'><strong>Dei</strong></span> <span class='ocrx_word' id='word_1_380' title='bbox 632 3534 979 3602; x_wconf 82' lang='lat' dir='ltr'><strong>praesulatum</strong></span> <span class='ocrx_word' id='word_1_381' title='bbox 1024 3538 1291 3594; x_wconf 88' lang='lat' dir='ltr'><strong>violentus</strong></span> <span class='ocrx_word' id='word_1_382' title='bbox 1334 3540 1564 3595; x_wconf 88' lang='lat' dir='ltr'><strong>invadis.</strong></span> <span class='ocrx_word' id='word_1_383' title='bbox 1614 3540 1749 3596; x_wconf 87' lang='lat' dir='ltr'><strong>Nam</strong></span> <span class='ocrx_word' id='word_1_384' title='bbox 1797 3542 1842 3597; x_wconf 92' lang='lat' dir='ltr'><strong>si</strong></span> 
     </span>
    </p>
   </div>
   <div class='ocr_carea' id='block_1_53' title="bbox 250 3618 1843 3702">
    <p class='ocr_par' dir='ltr' id='par_1_53' title="bbox 250 3618 1843 3702">
     <span class='ocr_line' id='line_1_53' title="bbox 250 3618 1843 3702; baseline 0.007 -27"><span class='ocrx_word' id='word_1_385' title='bbox 250 3618 368 3675; x_wconf 85' lang='lat' dir='ltr'><strong>sola</strong></span> <span class='ocrx_word' id='word_1_386' title='bbox 402 3621 696 3677; x_wconf 87' lang='lat' dir='ltr'><strong>damnatur</strong></span> <span class='ocrx_word' id='word_1_387' title='bbox 735 3626 984 3690; x_wconf 88' lang='lat' dir='ltr'><strong>ambitio,</strong></span> <span class='ocrx_word' id='word_1_388' title='bbox 1043 3628 1172 3697; x_wconf 83' lang='lat' dir='ltr'><strong>quid</strong></span> <span class='ocrx_word' id='word_1_389' title='bbox 1217 3631 1284 3683; x_wconf 83' lang='lat' dir='ltr'><strong>tle</strong></span> <span class='ocrx_word' id='word_1_390' title='bbox 1326 3629 1595 3686; x_wconf 74' lang='lat' dir='ltr'><strong>violentiae</strong></span> <span class='ocrx_word' id='word_1_391' title='bbox 1644 3631 1843 3702; x_wconf 90' lang='lat' dir='ltr'><strong>impor-</strong></span> 
     </span>
    </p>
   </div>
   <div class='ocr_carea' id='block_1_54' title="bbox 256 3712 1840 3792">
    <p class='ocr_par' dir='ltr' id='par_1_54' title="bbox 256 3712 1840 3792">
     <span class='ocr_line' id='line_1_54' title="bbox 256 3712 1840 3792; baseline 0.009 -26"><span class='ocrx_word' id='word_1_392' title='bbox 256 3712 496 3767; x_wconf 90' lang='lat' dir='ltr'><strong>tunitate</strong></span> <span class='ocrx_word' id='word_1_393' title='bbox 538 3717 883 3772; x_wconf 83' lang='lat' dir='ltr'><strong>censebitur?</strong></span> <span class='ocrx_word' id='word_1_394' title='bbox 920 3720 1116 3775; x_wconf 81' lang='lat' dir='ltr'><strong>Verum</strong></span> <span class='ocrx_word' id='word_1_395' title='bbox 1152 3737 1257 3777; x_wconf 90' lang='lat' dir='ltr'><strong>non</strong></span> <span class='ocrx_word' id='word_1_396' title='bbox 1294 3722 1469 3777; x_wconf 89' lang='lat' dir='ltr'><strong>solum</strong></span> <span class='ocrx_word' id='word_1_397' title='bbox 1505 3724 1629 3792; x_wconf 87' lang='lat' dir='ltr'><strong>hoc,</strong></span> <span class='ocrx_word' id='word_1_398' title='bbox 1656 3727 1750 3781; x_wconf 92' lang='lat' dir='ltr'><strong>sed</strong></span> <span class='ocrx_word' id='word_1_399' title='bbox 1785 3726 1840 3780; x_wconf 86' lang='lat' dir='ltr'><strong>in</strong></span> 
     </span>
    </p>
   </div>
   <div class='ocr_carea' id='block_1_55' title="bbox 249 3803 1840 3879">
    <p class='ocr_par' dir='ltr' id='par_1_55' title="bbox 249 3803 1840 3879">
     <span class='ocr_line' id='line_1_55' title="bbox 249 3803 1840 3879; baseline 0.01 -22"><span class='ocrx_word' id='word_1_400' title='bbox 249 3803 369 3873; x_wconf 88' lang='lat' dir='ltr'><strong>ipsa</strong></span> <span class='ocrx_word' id='word_1_401' title='bbox 398 3804 602 3860; x_wconf 84' lang='lat' dir='ltr'><strong>violata</strong></span> <span class='ocrx_word' id='word_1_402' title='bbox 639 3821 741 3862; x_wconf 86' lang='lat' dir='ltr'><strong>nec</strong></span> <span class='ocrx_word' id='word_1_403' title='bbox 766 3817 954 3879; x_wconf 90' lang='lat' dir='ltr'><strong>postea</strong></span> <span class='ocrx_word' id='word_1_404' title='bbox 989 3813 1336 3868; x_wconf 85' lang='lat' dir='ltr'><strong>reconciliata</strong></span> <span class='ocrx_word' id='word_1_405' title='bbox 1361 3814 1604 3871; x_wconf 87' lang='lat' dir='ltr'><strong>Ecclesia</strong></span> <span class='ocrx_word' id='word_1_406' title='bbox 1643 3817 1840 3873; x_wconf 86' lang='lat' dir='ltr'><strong>missa-</strong></span> 
     </span>
    </p>
   </div>
   <div class='ocr_carea' id='block_1_56' title="bbox 250 3896 1839 3975">
    <p class='ocr_par' dir='ltr' id='par_1_56' title="bbox 250 3896 1839 3975">
     <span class='ocr_line' id='line_1_56' title="bbox 250 3896 1839 3975; baseline 0.011 -26"><span class='ocrx_word' id='word_1_407' title='bbox 250 3911 375 3950; x_wconf 85' lang='lat' dir='ltr'><strong>rum</strong></span> <span class='ocrx_word' id='word_1_408' title='bbox 426 3896 690 3954; x_wconf 88' lang='lat' dir='ltr'><strong>solemnia</strong></span> <span class='ocrx_word' id='word_1_409' title='bbox 735 3900 1011 3959; x_wconf 89' lang='lat' dir='ltr'><strong>celebrare</strong></span> <span class='ocrx_word' id='word_1_410' title='bbox 1061 3906 1372 3975; x_wconf 80' lang='lat' dir='ltr'><strong>praesumis;</strong></span> <span class='ocrx_word' id='word_1_411' title='bbox 1422 3916 1607 3963; x_wconf 89' lang='lat' dir='ltr'><strong>utrum</strong></span> <span class='ocrx_word' id='word_1_412' title='bbox 1658 3917 1839 3966; x_wconf 87' lang='lat' dir='ltr'><strong>tamen</strong></span> 
     </span>
    </p>
   </div>
   <div class='ocr_carea' id='block_1_57' title="bbox 247 3986 1839 4066">
    <p class='ocr_par' dir='ltr' id='par_1_57' title="bbox 247 3986 1839 4066">
     <span class='ocr_line' id='line_1_57' title="bbox 247 3986 1839 4066; baseline 0.011 -26"><span class='ocrx_word' id='word_1_413' title='bbox 247 3986 643 4057; x_wconf 87' lang='lat' dir='ltr'><strong>imprudenter,</strong></span> <span class='ocrx_word' id='word_1_414' title='bbox 691 4006 760 4046; x_wconf 88' lang='lat' dir='ltr'><strong>an</strong></span> <span class='ocrx_word' id='word_1_415' title='bbox 788 3994 1038 4051; x_wconf 89' lang='lat' dir='ltr'><strong>consulto</strong></span> <span class='ocrx_word' id='word_1_416' title='bbox 1078 3995 1251 4053; x_wconf 81' lang='lat' dir='ltr'><strong>facias</strong></span> <span class='ocrx_word' id='word_1_417' title='bbox 1289 3999 1424 4066; x_wconf 65' lang='lat' dir='ltr'><strong>haec,</strong></span> <span class='ocrx_word' id='word_1_418' title='bbox 1459 4000 1722 4056; x_wconf 89' lang='lat' dir='ltr'><strong>habemus</strong></span> <span class='ocrx_word' id='word_1_419' title='bbox 1756 4001 1839 4056; x_wconf 88' lang='lat' dir='ltr'><strong>in-</strong></span> 
     </span>
    </p>
   </div>
   <div class='ocr_carea' id='block_1_58' title="bbox 246 4080 1830 4161">
    <p class='ocr_par' dir='ltr' id='par_1_58' title="bbox 246 4080 1830 4161">
     <span class='ocr_line' id='line_1_58' title="bbox 246 4080 1830 4161; baseline 0.009 -29"><span class='ocrx_word' id='word_1_420' title='bbox 246 4087 485 4134; x_wconf 89' lang='lat' dir='ltr'><strong>certum.</strong></span> <span class='ocrx_word' id='word_1_421' title='bbox 519 4080 625 4136; x_wconf 90' lang='lat' dir='ltr'><strong>Sed</strong></span> <span class='ocrx_word' id='word_1_422' title='bbox 638 4083 695 4145; x_wconf 42' lang='lat' dir='ltr'><strong>,si</strong></span> <span class='ocrx_word' id='word_1_423' title='bbox 724 4084 1113 4154; x_wconf 88' lang='lat' dir='ltr'><strong>imprudenter,</strong></span> <span class='ocrx_word' id='word_1_424' title='bbox 1138 4088 1456 4145; x_wconf 87' lang='lat' dir='ltr'><strong>instruenda</strong></span> <span class='ocrx_word' id='word_1_425' title='bbox 1484 4091 1830 4161; x_wconf 89' lang='lat' dir='ltr'><strong>simplicitas;</strong></span> 
     </span>
    </p>
   </div>
   <div class='ocr_carea' id='block_1_59' title="bbox 246 4170 1834 4252">
    <p class='ocr_par' dir='ltr' id='par_1_59' title="bbox 246 4170 1834 4252">
     <span class='ocr_line' id='line_1_59' title="bbox 246 4170 1834 4252; baseline 0.01 -28"><span class='ocrx_word' id='word_1_426' title='bbox 246 4170 296 4224; x_wconf 90' lang='lat' dir='ltr'><strong>si</strong></span> <span class='ocrx_word' id='word_1_427' title='bbox 330 4185 463 4227; x_wconf 90' lang='lat' dir='ltr'><strong>vero</strong></span> <span class='ocrx_word' id='word_1_428' title='bbox 497 4174 765 4241; x_wconf 90' lang='lat' dir='ltr'><strong>consulto,</strong></span> <span class='ocrx_word' id='word_1_429' title='bbox 789 4180 1139 4249; x_wconf 70' lang='lat' dir='ltr'><strong>prrcsumptio</strong></span> <span class='ocrx_word' id='word_1_430' title='bbox 1176 4191 1259 4236; x_wconf 90' lang='lat' dir='ltr'><strong>est</strong></span> <span class='ocrx_word' id='word_1_431' title='bbox 1298 4183 1587 4252; x_wconf 89' lang='lat' dir='ltr'><strong>punienda.</strong></span> <span class='ocrx_word' id='word_1_432' title='bbox 1620 4183 1757 4240; x_wconf 89' lang='lat' dir='ltr'><strong>Nam</strong></span> <span class='ocrx_word' id='word_1_433' title='bbox 1788 4185 1834 4240; x_wconf 89' lang='lat' dir='ltr'><strong>si</strong></span> 
     </span>
    </p>
   </div>
   <div class='ocr_carea' id='block_1_60' title="bbox 250 4263 1836 4341">
    <p class='ocr_par' dir='ltr' id='par_1_60' title="bbox 250 4263 1836 4341">
     <span class='ocr_line' id='line_1_60' title="bbox 250 4263 1836 4341; baseline 0.01 -28"><span class='ocrx_word' id='word_1_434' title='bbox 250 4268 305 4314; x_wconf 91' lang='lat' dir='ltr'><strong>te</strong></span> <span class='ocrx_word' id='word_1_435' title='bbox 336 4276 575 4317; x_wconf 86' lang='lat' dir='ltr'><strong>canones</strong></span> <span class='ocrx_word' id='word_1_436' title='bbox 605 4263 747 4320; x_wconf 91' lang='lat' dir='ltr'><strong>scire</strong></span> <span class='ocrx_word' id='word_1_437' title='bbox 775 4275 1008 4335; x_wconf 89' lang='lat' dir='ltr'><strong>constat,</strong></span> <span class='ocrx_word' id='word_1_438' title='bbox 1041 4278 1096 4323; x_wconf 89' lang='lat' dir='ltr'><strong>et</strong></span> <span class='ocrx_word' id='word_1_439' title='bbox 1133 4277 1308 4326; x_wconf 87' lang='lat' dir='ltr'><strong>tamen</strong></span> <span class='ocrx_word' id='word_1_440' title='bbox 1341 4271 1710 4341; x_wconf 88' lang='lat' dir='ltr'><strong>imprudenter</strong></span> <span class='ocrx_word' id='word_1_441' title='bbox 1738 4274 1836 4329; x_wconf 90' lang='lat' dir='ltr'><strong>ob-</strong></span> 
     </span>
    </p>
   </div>
   <div class='ocr_carea' id='block_1_61' title="bbox 246 4350 1832 4434">
    <p class='ocr_par' dir='ltr' id='par_1_61' title="bbox 246 4350 1832 4434">
     <span class='ocr_line' id='line_1_61' title="bbox 246 4350 1832 4434; baseline 0.01 -30"><span class='ocrx_word' id='word_1_442' title='bbox 246 4350 575 4408; x_wconf 84' lang='lat' dir='ltr'><strong>surdescere</strong></span> <span class='ocrx_word' id='word_1_443' title='bbox 619 4362 673 4409; x_wconf 91' lang='lat' dir='ltr'><strong>et</strong></span> <span class='ocrx_word' id='word_1_444' title='bbox 700 4357 972 4412; x_wconf 87' lang='lat' dir='ltr'><strong>contraire</strong></span> <span class='ocrx_word' id='word_1_445' title='bbox 1014 4360 1318 4427; x_wconf 89' lang='lat' dir='ltr'><strong>contendis,</strong></span> <span class='ocrx_word' id='word_1_446' title='bbox 1358 4376 1464 4416; x_wconf 92' lang='lat' dir='ltr'><strong>non</strong></span> <span class='ocrx_word' id='word_1_447' title='bbox 1509 4362 1668 4419; x_wconf 90' lang='lat' dir='ltr'><strong>modo</strong></span> <span class='ocrx_word' id='word_1_448' title='bbox 1695 4380 1832 4434; x_wconf 74' lang='lat' dir='ltr'><strong>prte-</strong></span> 
     </span>
    </p>
   </div>
   <div class='ocr_carea' id='block_1_62' title="bbox 244 4438 1909 4526">
    <p class='ocr_par' dir='ltr' id='par_1_62' title="bbox 244 4438 1909 4526">
     <span class='ocr_line' id='line_1_62' title="bbox 244 4438 1909 4526; baseline 0.01 -30"><span class='ocrx_word' id='word_1_449' title='bbox 244 4438 488 4497; x_wconf 83' lang='lat' dir='ltr'><strong>sulatum</strong></span> <span class='ocrx_word' id='word_1_450' title='bbox 521 4443 813 4516; x_wconf 77' lang='lat' dir='ltr'><strong>fugientem</strong></span> <span class='ocrx_word' id='word_1_451' title='bbox 858 4465 965 4505; x_wconf 92' lang='lat' dir='ltr'><strong>non</strong></span> <span class='ocrx_word' id='word_1_452' title='bbox 1017 4454 1348 4522; x_wconf 88' lang='lat' dir='ltr'><strong>assequeris,</strong></span> <span class='ocrx_word' id='word_1_453' title='bbox 1395 4455 1490 4510; x_wconf 90' lang='lat' dir='ltr'><strong>sed</strong></span> <span class='ocrx_word' id='word_1_454' title='bbox 1542 4470 1643 4511; x_wconf 90' lang='lat' dir='ltr'><strong>nec</strong></span> <span class='ocrx_word' id='word_1_455' title='bbox 1682 4457 1827 4526; x_wconf 89' lang='lat' dir='ltr'><strong>quod</strong></span> <span class='ocrx_word' id='word_1_456' title='bbox 1860 4469 1909 4525; x_wconf 85' lang='grc' dir='ltr'><strong>ι)</strong></span> 
     </span>
    </p>
   </div>
   <div class='ocr_carea' id='block_1_63' title="bbox 246 4534 1827 4613">
    <p class='ocr_par' dir='ltr' id='par_1_63' title="bbox 246 4534 1827 4613">
     <span class='ocr_line' id='line_1_63' title="bbox 246 4534 1827 4613; baseline 0.008 -27"><span class='ocrx_word' id='word_1_457' title='bbox 246 4534 672 4605; x_wconf 89' lang='lat' dir='ltr'><strong>apprehendisse</strong></span> <span class='ocrx_word' id='word_1_458' title='bbox 691 4537 955 4595; x_wconf 89' lang='lat' dir='ltr'><strong>debueras</strong></span> <span class='ocrx_word' id='word_1_459' title='bbox 978 4543 1374 4613; x_wconf 86' lang='lat' dir='ltr'><strong>presbyterium</strong></span> <span class='ocrx_word' id='word_1_460' title='bbox 1400 4545 1641 4600; x_wconf 90' lang='lat' dir='ltr'><strong>tenuisti.</strong></span> <span class='ocrx_word' id='word_1_461' title='bbox 1674 4546 1827 4601; x_wconf 85' lang='lat' dir='ltr'><strong>Vale.</strong></span> 
     </span>
    </p>
   </div>
   <div class='ocr_carea' id='block_1_64' title="bbox 560 4666 1547 4748">
    <p class='ocr_par' dir='ltr' id='par_1_64' title="bbox 560 4666 1547 4748">
     <span class='ocr_line' id='line_1_64' title="bbox 560 4666 1547 4748; baseline 0.009 -28"><span class='ocrx_word' id='word_1_462' title='bbox 560 4666 896 4738; x_wconf 84' lang='lat' dir='ltr'><strong>EPISTOLA</strong></span> <span class='ocrx_word' id='word_1_463' title='bbox 914 4666 1125 4726; x_wconf 78' lang='lat' dir='ltr'><strong>‘xxvn</strong></span> <span class='ocrx_word' id='word_1_464' title='bbox 1153 4671 1300 4745; x_wconf 76' lang='lat' dir='ltr'><strong>[oliui</strong></span> <span class='ocrx_word' id='word_1_465' title='bbox 1344 4674 1547 4748; x_wconf 71' lang='lat' dir='ltr'><strong>XCIII].</strong></span> 
     </span>
    </p>
   </div>
   <div class='ocr_carea' id='block_1_65' title="bbox 699 4760 1381 4836">
    <p class='ocr_par' dir='ltr' id='par_1_65' title="bbox 699 4760 1381 4836">
     <span class='ocr_line' id='line_1_65' title="bbox 699 4760 1381 4836; baseline 0.009 -22"><span class='ocrx_word' id='word_1_466' title='bbox 699 4760 878 4830; x_wconf 84' lang='lat' dir='ltr'><strong>(Anno</strong></span> <span class='ocrx_word' id='word_1_467' title='bbox 904 4762 1042 4818; x_wconf 86' lang='lat' dir='ltr'><strong>IOI6</strong></span> <span class='ocrx_word' id='word_1_468' title='bbox 1066 4773 1165 4820; x_wconf 86' lang='lat' dir='ltr'><strong>aut</strong></span> <span class='ocrx_word' id='word_1_469' title='bbox 1199 4764 1381 4836; x_wconf 81' lang='grc'><strong>1017.)</strong></span> 
     </span>
    </p>
   </div>
   <div class='ocr_carea' id='block_1_66' title="bbox 240 4866 1830 4934">
    <p class='ocr_par' dir='ltr' id='par_1_66' title="bbox 240 4866 1830 4934">
     <span class='ocr_line' id='line_1_66' title="bbox 240 4866 1830 4934; baseline 0.009 -14"><span class='ocrx_word' id='word_1_470' title='bbox 240 4866 697 4924; x_wconf 70' lang='grc' dir='ltr'><strong>Επειιεηιξιείητο</strong></span> <span class='ocrx_word' id='word_1_471' title='bbox 772 4882 821 4926; x_wconf 86' lang='lat' dir='ltr'><strong>et</strong></span> <span class='ocrx_word' id='word_1_472' title='bbox 900 4874 1059 4928; x_wconf 83' lang='lat' dir='ltr'><strong>chara</strong></span> <span class='ocrx_word' id='word_1_473' title='bbox 1130 4875 1341 4929; x_wconf 87' lang='lat' dir='ltr'><strong>domino</strong></span> <span class='ocrx_word' id='word_1_474' title='bbox 1412 4893 1506 4930; x_wconf 82' lang='lat' dir='ltr'><strong>suo</strong></span> <span class='ocrx_word' id='word_1_475' title='bbox 1570 4876 1830 4934; x_wconf 78' lang='lat' dir='ltr'><strong>Rossn&#39;ro</strong></span> 
     </span>
    </p>
   </div>
   <div class='ocr_carea' id='block_1_67' title="bbox 309 4936 1828 5015">
    <p class='ocr_par' dir='ltr' id='par_1_67' title="bbox 309 4936 1828 5015">
     <span class='ocr_line' id='line_1_67' title="bbox 309 4936 1828 5015; baseline 0.007 -24"><span class='ocrx_word' id='word_1_476' title='bbox 309 4936 635 5015; x_wconf 67' lang='lat' dir='ltr'><strong>Fonnsarus</strong></span> <span class='ocrx_word' id='word_1_477' title='bbox 661 4938 1063 5015; x_wconf 68' lang='lat' dir='ltr'><strong>Garnotensiam</strong></span> <span class='ocrx_word' id='word_1_478' title='bbox 1094 4946 1362 5015; x_wconf 84' lang='lat' dir='ltr'><strong>episcopus</strong></span> <span class='ocrx_word' id='word_1_479' title='bbox 1391 4963 1602 5001; x_wconf 85' lang='lat' dir='ltr'><strong>cursum</strong></span> <span class='ocrx_word' id='word_1_480' title='bbox 1624 4950 1828 5004; x_wconf 61' lang='lat' dir='ltr'><strong>honesti</strong></span> 
     </span>
    </p>
   </div>
   <div class='ocr_carea' id='block_1_68' title="bbox 311 5008 1295 5083">
    <p class='ocr_par' dir='ltr' id='par_1_68' title="bbox 311 5008 1295 5083">
     <span class='ocr_line' id='line_1_68' title="bbox 311 5008 1295 5083; baseline 0.01 -24"><span class='ocrx_word' id='word_1_481' title='bbox 311 5008 623 5062; x_wconf 84' lang='lat' dir='ltr'><strong>continuum</strong></span> <span class='ocrx_word' id='word_1_482' title='bbox 647 5008 720 5063; x_wconf 89' lang='lat' dir='ltr'><strong>ad</strong></span> <span class='ocrx_word' id='word_1_483' title='bbox 750 5010 1093 5067; x_wconf 82' lang='lat' dir='ltr'><strong>beatitudinis</strong></span> <span class='ocrx_word' id='word_1_484' title='bbox 1116 5008 1295 5083; x_wconf 71' lang='lat' dir='ltr'><strong>finem.</strong></span> 
     </span>
    </p>
   </div>
   <div class='ocr_carea' id='block_1_69' title="bbox 309 5139 1823 5218">
    <p class='ocr_par' dir='ltr' id='par_1_69' title="bbox 309 5139 1823 5218">
     <span class='ocr_line' id='line_1_69' title="bbox 309 5139 1823 5218; baseline 0.009 -24"><span class='ocrx_word' id='word_1_485' title='bbox 309 5139 461 5196; x_wconf 85' lang='lat' dir='ltr'><strong>Inter</strong></span> <span class='ocrx_word' id='word_1_486' title='bbox 473 5141 671 5199; x_wconf 88' lang='lat' dir='ltr'><strong>multas</strong></span> <span class='ocrx_word' id='word_1_487' title='bbox 685 5143 1078 5203; x_wconf 84' lang='lat' dir='ltr'><strong>sollicitudines</strong></span> <span class='ocrx_word' id='word_1_488' title='bbox 1105 5164 1275 5217; x_wconf 89' lang='lat' dir='ltr'><strong>meas,</strong></span> <span class='ocrx_word' id='word_1_489' title='bbox 1301 5164 1432 5205; x_wconf 89' lang='lat' dir='ltr'><strong>cura</strong></span> <span class='ocrx_word' id='word_1_490' title='bbox 1458 5151 1554 5216; x_wconf 91' lang='lat' dir='ltr'><strong>tui,</strong></span> <span class='ocrx_word' id='word_1_491' title='bbox 1583 5152 1823 5218; x_wconf 91' lang='lat' dir='ltr'><strong>domine,</strong></span> 
     </span>
    </p>
   </div>
   <div class='ocr_carea' id='block_1_70' title="bbox 243 5233 1827 5312">
    <p class='ocr_par' dir='ltr' id='par_1_70' title="bbox 243 5233 1827 5312">
     <span class='ocr_line' id='line_1_70' title="bbox 243 5233 1827 5312; baseline 0.008 -28"><span class='ocrx_word' id='word_1_492' title='bbox 243 5245 336 5285; x_wconf 89' lang='lat' dir='ltr'><strong>me</strong></span> <span class='ocrx_word' id='word_1_493' title='bbox 363 5246 473 5287; x_wconf 86' lang='lat' dir='ltr'><strong>non</strong></span> <span class='ocrx_word' id='word_1_494' title='bbox 494 5233 841 5290; x_wconf 78' lang='lat' dir='ltr'><strong>mediocriter</strong></span> <span class='ocrx_word' id='word_1_495' title='bbox 871 5235 1057 5293; x_wconf 80' lang='lat' dir='ltr'><strong>afﬁcit.</strong></span> <span class='ocrx_word' id='word_1_496' title='bbox 1095 5238 1229 5295; x_wconf 88' lang='lat' dir='ltr'><strong>Cum</strong></span> <span class='ocrx_word' id='word_1_497' title='bbox 1266 5241 1412 5296; x_wconf 90' lang='lat' dir='ltr'><strong>enim</strong></span> <span class='ocrx_word' id='word_1_498' title='bbox 1450 5249 1505 5297; x_wconf 92' lang='lat' dir='ltr'><strong>te</strong></span> <span class='ocrx_word' id='word_1_499' title='bbox 1531 5242 1827 5312; x_wconf 86' lang='lat' dir='ltr'><strong>prudenter</strong></span> 
     </span>
    </p>
   </div>
   <div class='ocr_carea' id='block_1_71' title="bbox 233 5322 1821 5398">
    <p class='ocr_par' dir='ltr' id='par_1_71' title="bbox 233 5322 1821 5398">
     <span class='ocr_line' id='line_1_71' title="bbox 233 5322 1821 5398; baseline 0.008 -22"><span class='ocrx_word' id='word_1_500' title='bbox 233 5334 403 5395; x_wconf 84' lang='lat' dir='ltr'><strong>agere</strong></span> <span class='ocrx_word' id='word_1_501' title='bbox 445 5322 679 5395; x_wconf 86' lang='lat' dir='ltr'><strong>accipio,</strong></span> <span class='ocrx_word' id='word_1_502' title='bbox 710 5324 896 5396; x_wconf 59' lang='lat' dir='ltr'><strong>laetor;</strong></span> <span class='ocrx_word' id='word_1_503' title='bbox 940 5329 1025 5386; x_wconf 90' lang='lat' dir='ltr'><strong>sin</strong></span> <span class='ocrx_word' id='word_1_504' title='bbox 1069 5339 1269 5398; x_wconf 88' lang='lat' dir='ltr'><strong>autem,</strong></span> <span class='ocrx_word' id='word_1_505' title='bbox 1317 5332 1506 5389; x_wconf 89' lang='lat' dir='ltr'><strong>tristor</strong></span> <span class='ocrx_word' id='word_1_506' title='bbox 1543 5342 1598 5388; x_wconf 91' lang='lat' dir='ltr'><strong>et</strong></span> <span class='ocrx_word' id='word_1_507' title='bbox 1635 5333 1821 5388; x_wconf 89' lang='lat' dir='ltr'><strong>timeo.</strong></span> 
     </span>
    </p>
   </div>
   <div class='ocr_carea' id='block_1_72' title="bbox 310 5495 1816 5578">
    <p class='ocr_par' dir='ltr' id='par_1_72' title="bbox 310 5495 1816 5578">
     <span class='ocr_line' id='line_1_72' title="bbox 310 5495 1816 5578; baseline 0.007 -28"><span class='ocrx_word' id='word_1_508' title='bbox 310 5495 430 5567; x_wconf 76' lang='grc'><strong>(25)</strong></span> <span class='ocrx_word' id='word_1_509' title='bbox 459 5496 593 5578; x_wconf 84' lang='lat' dir='ltr'><strong>Nota</strong></span> <span class='ocrx_word' id='word_1_510' title='bbox 616 5500 686 5578; x_wconf 84' lang='lat' dir='ltr'><strong>_id</strong></span> <span class='ocrx_word' id='word_1_511' title='bbox 715 5502 855 5572; x_wconf 86' lang='lat' dir='ltr'><strong>juris</strong></span> <span class='ocrx_word' id='word_1_512' title='bbox 893 5512 1022 5578; x_wconf 76' lang='lat' dir='ltr'><strong>tunc</strong></span> <span class='ocrx_word' id='word_1_513' title='bbox 1075 5504 1243 5578; x_wconf 79' lang='lat' dir='ltr'><strong>fuisse</strong></span> <span class='ocrx_word' id='word_1_514' title='bbox 1277 5504 1628 5578; x_wconf 78' lang='lat' dir='ltr'><strong>sull‘raganeis</strong></span> <span class='ocrx_word' id='word_1_515' title='bbox 1652 5514 1712 5561; x_wconf 92' lang='lat' dir='ltr'><strong>ut</strong></span> <span class='ocrx_word' id='word_1_516' title='bbox 1742 5507 1816 5561; x_wconf 70' lang='lat' dir='ltr'><strong>in«</strong></span> 
     </span>
    </p>
   </div>
   <div class='ocr_carea' id='block_1_73' title="bbox 238 5570 1822 5646">
    <p class='ocr_par' dir='ltr' id='par_1_73' title="bbox 238 5570 1822 5646">
     <span class='ocr_line' id='line_1_73' title="bbox 238 5570 1822 5646; baseline 0.009 -27"><span class='ocrx_word' id='word_1_517' title='bbox 238 5575 511 5646; x_wconf 69' lang='lat' dir='ltr'><strong>ter-essent</strong></span> <span class='ocrx_word' id='word_1_518' title='bbox 530 5579 586 5625; x_wconf 92' lang='lat' dir='ltr'><strong>et</strong></span> <span class='ocrx_word' id='word_1_519' title='bbox 609 5570 857 5646; x_wconf 79' lang='lat' dir='ltr'><strong>faverent</strong></span> <span class='ocrx_word' id='word_1_520' title='bbox 879 5575 1309 5632; x_wconf 88' lang='lat' dir='ltr'><strong>ordinationibus</strong></span> <span class='ocrx_word' id='word_1_521' title='bbox 1325 5570 1544 5633; x_wconf 62' lang='lat' dir='ltr'><strong>suorum</strong></span> <span class='ocrx_word' id='word_1_522' title='bbox 1574 5592 1822 5646; x_wconf 84' lang='lat' dir='ltr'><strong>compro-</strong></span> 
     </span>
    </p>
   </div>
   <div class='ocr_carea' id='block_1_74' title="bbox 236 5636 970 5711">
    <p class='ocr_par' dir='ltr' id='par_1_74' title="bbox 236 5636 970 5711">
     <span class='ocr_line' id='line_1_74' title="bbox 236 5636 970 5711; baseline 0.01 -21"><span class='ocrx_word' id='word_1_523' title='bbox 236 5636 552 5695; x_wconf 81' lang='lat' dir='ltr'><strong>vincialium</strong></span> <span class='ocrx_word' id='word_1_524' title='bbox 577 5643 970 5711; x_wconf 84' lang='lat' dir='ltr'><strong>episcoporum.</strong></span> 
     </span>
    </p>
   </div>
   <div class='ocr_carea' id='block_1_75' title="bbox 1966 1920 3540 1990">
    <p class='ocr_par' dir='ltr' id='par_1_75' title="bbox 1966 1920 3540 1990">
     <span class='ocr_line' id='line_1_75' title="bbox 1966 1920 3540 1990; baseline -0.001 -16"><span class='ocrx_word' id='word_1_525' title='bbox 1966 1931 2145 1976; x_wconf 89' lang='lat' dir='ltr'><strong>autem</strong></span> <span class='ocrx_word' id='word_1_526' title='bbox 2172 1921 2400 1976; x_wconf 84' lang='lat' dir='ltr'><strong>suadere</strong></span> <span class='ocrx_word' id='word_1_527' title='bbox 2426 1920 2545 1984; x_wconf 89' lang='lat' dir='ltr'><strong>tibi,</strong></span> <span class='ocrx_word' id='word_1_528' title='bbox 2581 1921 2625 1975; x_wconf 89' lang='lat' dir='ltr'><strong>si</strong></span> <span class='ocrx_word' id='word_1_529' title='bbox 2658 1921 2857 1990; x_wconf 88' lang='lat' dir='ltr'><strong>possim</strong></span> <span class='ocrx_word' id='word_1_530' title='bbox 2876 1963 2891 1987; x_wconf 91' lang='lat'><strong>,</strong></span> <span class='ocrx_word' id='word_1_531' title='bbox 2933 1936 3005 1976; x_wconf 87' lang='lat' dir='ltr'><strong>ne</strong></span> <span class='ocrx_word' id='word_1_532' title='bbox 3030 1921 3291 1987; x_wconf 88' lang='lat' dir='ltr'><strong>dimittas,</strong></span> <span class='ocrx_word' id='word_1_533' title='bbox 3320 1933 3540 1988; x_wconf 73' lang='lat' dir='ltr'><strong>propter</strong></span> 
     </span>
    </p>
   </div>
   <div class='ocr_carea' id='block_1_76' title="bbox 1966 2011 3539 2084">
    <p class='ocr_par' dir='ltr' id='par_1_76' title="bbox 1966 2011 3539 2084">
     <span class='ocr_line' id='line_1_76' title="bbox 1966 2011 3539 2084; baseline 0.001 -19"><span class='ocrx_word' id='word_1_534' title='bbox 1966 2011 2122 2075; x_wconf 88' lang='lat' dir='ltr'><strong>iram,</strong></span> <span class='ocrx_word' id='word_1_535' title='bbox 2145 2027 2265 2082; x_wconf 74' lang='lat' dir='ltr'><strong>qua:</strong></span> <span class='ocrx_word' id='word_1_536' title='bbox 2286 2012 2554 2079; x_wconf 78' lang='lat' dir='ltr'><strong>justitiam</strong></span> <span class='ocrx_word' id='word_1_537' title='bbox 2579 2012 2672 2068; x_wconf 89' lang='lat' dir='ltr'><strong>Dei</strong></span> <span class='ocrx_word' id='word_1_538' title='bbox 2696 2030 2800 2068; x_wconf 91' lang='lat' dir='ltr'><strong>non</strong></span> <span class='ocrx_word' id='word_1_539' title='bbox 2821 2022 3100 2083; x_wconf 83' lang='lat' dir='ltr'><strong>operatur,</strong></span> <span class='ocrx_word' id='word_1_540' title='bbox 3129 2014 3259 2083; x_wconf 90' lang='lat' dir='ltr'><strong>quin</strong></span> <span class='ocrx_word' id='word_1_541' title='bbox 3286 2013 3539 2084; x_wconf 89' lang='lat' dir='ltr'><strong>episcopo</strong></span> 
     </span>
    </p>
   </div>
   <div class='ocr_carea' id='block_1_77' title="bbox 1966 2101 3541 2174">
    <p class='ocr_par' dir='ltr' id='par_1_77' title="bbox 1966 2101 3541 2174">
     <span class='ocr_line' id='line_1_77' title="bbox 1966 2101 3541 2174; baseline 0.001 -19"><span class='ocrx_word' id='word_1_542' title='bbox 1966 2110 2056 2157; x_wconf 89' lang='lat' dir='ltr'><strong>tuo</strong></span> <span class='ocrx_word' id='word_1_543' title='bbox 2110 2111 2354 2173; x_wconf 90' lang='lat' dir='ltr'><strong>treugam</strong></span> <span class='ocrx_word' id='word_1_544' title='bbox 2398 2101 2517 2167; x_wconf 88' lang='lat' dir='ltr'><strong>des,</strong></span> <span class='ocrx_word' id='word_1_545' title='bbox 2556 2103 2847 2173; x_wconf 87' lang='lat' dir='ltr'><strong>polliceare</strong></span> <span class='ocrx_word' id='word_1_546' title='bbox 2894 2104 3179 2174; x_wconf 85' lang='lat' dir='ltr'><strong>justitiam,</strong></span> <span class='ocrx_word' id='word_1_547' title='bbox 3228 2103 3447 2173; x_wconf 88' lang='lat' dir='ltr'><strong>insuper</strong></span> <span class='ocrx_word' id='word_1_548' title='bbox 3486 2111 3541 2157; x_wconf 90' lang='lat' dir='ltr'><strong>et</strong></span> 
     </span>
    </p>
   </div>
   <div class='ocr_carea' id='block_1_78' title="bbox 1964 2192 3535 2263">
    <p class='ocr_par' dir='ltr' id='par_1_78' title="bbox 1964 2192 3535 2263">
     <span class='ocr_line' id='line_1_78' title="bbox 1964 2192 3535 2263; baseline 0.002 -17"><span class='ocrx_word' id='word_1_549' title='bbox 1964 2192 2291 2247; x_wconf 91' lang='lat' dir='ltr'><strong>conductum</strong></span> <span class='ocrx_word' id='word_1_550' title='bbox 2314 2194 2580 2263; x_wconf 73' lang='lat' dir='ltr'><strong>przebeas,</strong></span> <span class='ocrx_word' id='word_1_551' title='bbox 2613 2194 2659 2249; x_wconf 90' lang='lat' dir='ltr'><strong>si</strong></span> <span class='ocrx_word' id='word_1_552' title='bbox 2686 2194 2832 2258; x_wconf 87' lang='lat' dir='ltr'><strong>velit,</strong></span> <span class='ocrx_word' id='word_1_553' title='bbox 2873 2196 2941 2249; x_wconf 91' lang='lat' dir='ltr'><strong>ad</strong></span> <span class='ocrx_word' id='word_1_554' title='bbox 2977 2193 3405 2256; x_wconf 59' lang='lat' dir='ltr'><strong>reconciliandae</strong></span> <span class='ocrx_word' id='word_1_555' title='bbox 3433 2194 3535 2249; x_wconf 89' lang='lat' dir='ltr'><strong>Ec-</strong></span> 
     </span>
    </p>
   </div>
   <div class='ocr_carea' id='block_1_79' title="bbox 1961 2282 3532 2355">
    <p class='ocr_par' dir='ltr' id='par_1_79' title="bbox 1961 2282 3532 2355">
     <span class='ocr_line' id='line_1_79' title="bbox 1961 2282 3532 2355; baseline 0 -19"><span class='ocrx_word' id='word_1_556' title='bbox 1961 2282 2155 2337; x_wconf 86' lang='lat' dir='ltr'><strong>clesias</strong></span> <span class='ocrx_word' id='word_1_557' title='bbox 2177 2299 2323 2339; x_wconf 89' lang='lat' dir='ltr'><strong>suas.</strong></span> <span class='ocrx_word' id='word_1_558' title='bbox 2358 2283 2511 2352; x_wconf 84' lang='lat' dir='ltr'><strong>Quod</strong></span> <span class='ocrx_word' id='word_1_559' title='bbox 2542 2284 2588 2339; x_wconf 88' lang='lat' dir='ltr'><strong>si</strong></span> <span class='ocrx_word' id='word_1_560' title='bbox 2608 2285 3011 2352; x_wconf 78' lang='lat' dir='ltr'><strong>detrectaverit,</strong></span> <span class='ocrx_word' id='word_1_561' title='bbox 3046 2285 3161 2354; x_wconf 84' lang='lat' dir='ltr'><strong>ipse</strong></span> <span class='ocrx_word' id='word_1_562' title='bbox 3187 2286 3239 2340; x_wconf 83' lang='lat' dir='ltr'><strong>in</strong></span> <span class='ocrx_word' id='word_1_563' title='bbox 3272 2283 3532 2355; x_wconf 88' lang='lat' dir='ltr'><strong>periculo,</strong></span> 
     </span>
    </p>
   </div>
   <div class='ocr_carea' id='block_1_80' title="bbox 1964 2372 3527 2445">
    <p class='ocr_par' dir='ltr' id='par_1_80' title="bbox 1964 2372 3527 2445">
     <span class='ocr_line' id='line_1_80' title="bbox 1964 2372 3527 2445; baseline 0.003 -19"><span class='ocrx_word' id='word_1_564' title='bbox 1964 2380 2018 2426; x_wconf 91' lang='lat' dir='ltr'><strong>tu</strong></span> <span class='ocrx_word' id='word_1_565' title='bbox 2054 2372 2333 2442; x_wconf 88' lang='lat' dir='ltr'><strong>navigabis</strong></span> <span class='ocrx_word' id='word_1_566' title='bbox 2368 2375 2420 2428; x_wconf 94' lang='lat' dir='ltr'><strong>in</strong></span> <span class='ocrx_word' id='word_1_567' title='bbox 2448 2384 2626 2444; x_wconf 90' lang='lat' dir='ltr'><strong>portu.</strong></span> <span class='ocrx_word' id='word_1_568' title='bbox 2653 2374 2945 2441; x_wconf 67' lang='lat' dir='ltr'><strong>Caeterum,</strong></span> <span class='ocrx_word' id='word_1_569' title='bbox 2969 2375 3094 2445; x_wconf 87' lang='lat' dir='ltr'><strong>quia</strong></span> <span class='ocrx_word' id='word_1_570' title='bbox 3126 2375 3231 2431; x_wconf 91' lang='lat' dir='ltr'><strong>tuis</strong></span> <span class='ocrx_word' id='word_1_571' title='bbox 3252 2376 3527 2445; x_wconf 84' lang='lat' dir='ltr'><strong>obsequiis</strong></span> 
     </span>
    </p>
   </div>
   <div class='ocr_carea' id='block_1_81' title="bbox 1961 2461 3534 2533">
    <p class='ocr_par' dir='ltr' id='par_1_81' title="bbox 1961 2461 3534 2533">
     <span class='ocr_line' id='line_1_81' title="bbox 1961 2461 3534 2533; baseline 0.003 -19"><span class='ocrx_word' id='word_1_572' title='bbox 1961 2476 2048 2516; x_wconf 90' lang='lat' dir='ltr'><strong>me</strong></span> <span class='ocrx_word' id='word_1_573' title='bbox 2089 2469 2220 2516; x_wconf 91' lang='lat' dir='ltr'><strong>tunc</strong></span> <span class='ocrx_word' id='word_1_574' title='bbox 2259 2461 2569 2517; x_wconf 85' lang='lat' dir='ltr'><strong>adfuturum</strong></span> <span class='ocrx_word' id='word_1_575' title='bbox 2613 2478 2737 2518; x_wconf 90' lang='lat' dir='ltr'><strong>esse</strong></span> <span class='ocrx_word' id='word_1_576' title='bbox 2779 2463 3069 2528; x_wconf 82' lang='lat' dir='ltr'><strong>mandasti,</strong></span> <span class='ocrx_word' id='word_1_577' title='bbox 3113 2464 3252 2533; x_wconf 88' lang='lat' dir='ltr'><strong>apud</strong></span> <span class='ocrx_word' id='word_1_578' title='bbox 3273 2462 3534 2519; x_wconf 89' lang='lat' dir='ltr'><strong>Sanctum</strong></span> 
     </span>
    </p>
   </div>
   <div class='ocr_carea' id='block_1_82' title="bbox 1959 2552 3535 2626">
    <p class='ocr_par' dir='ltr' id='par_1_82' title="bbox 1959 2552 3535 2626">
     <span class='ocr_line' id='line_1_82' title="bbox 1959 2552 3535 2626; baseline 0.004 -20"><span class='ocrx_word' id='word_1_579' title='bbox 1959 2552 2313 2609; x_wconf 77' lang='lat' dir='ltr'><strong>Maximinum</strong></span> <span class='ocrx_word' id='word_1_580' title='bbox 2351 2555 2612 2624; x_wconf 87' lang='lat' dir='ltr'><strong>hospitari</strong></span> <span class='ocrx_word' id='word_1_581' title='bbox 2660 2555 2890 2626; x_wconf 91' lang='lat' dir='ltr'><strong>postulo,</strong></span> <span class='ocrx_word' id='word_1_582' title='bbox 2931 2556 3075 2626; x_wconf 88' lang='lat' dir='ltr'><strong>quod</strong></span> <span class='ocrx_word' id='word_1_583' title='bbox 3115 2570 3215 2611; x_wconf 88' lang='lat' dir='ltr'><strong>nec</strong></span> <span class='ocrx_word' id='word_1_584' title='bbox 3251 2557 3535 2617; x_wconf 75' lang='lat' dir='ltr'><strong>monachis</strong></span> 
     </span>
    </p>
   </div>
   <div class='ocr_carea' id='block_1_83' title="bbox 1958 2646 3532 2719">
    <p class='ocr_par' dir='ltr' id='par_1_83' title="bbox 1958 2646 3532 2719">
     <span class='ocr_line' id='line_1_83' title="bbox 1958 2646 3532 2719; baseline 0.004 -22"><span class='ocrx_word' id='word_1_585' title='bbox 1958 2646 2175 2718; x_wconf 86' lang='lat' dir='ltr'><strong>quidem</strong></span> <span class='ocrx_word' id='word_1_586' title='bbox 2205 2646 2374 2717; x_wconf 87' lang='lat' dir='ltr'><strong>ipsius</strong></span> <span class='ocrx_word' id='word_1_587' title='bbox 2401 2647 2506 2702; x_wconf 92' lang='lat' dir='ltr'><strong>loci</strong></span> <span class='ocrx_word' id='word_1_588' title='bbox 2538 2647 2653 2702; x_wconf 89' lang='lat' dir='ltr'><strong>fore</strong></span> <span class='ocrx_word' id='word_1_589' title='bbox 2681 2648 2951 2718; x_wconf 87' lang='lat' dir='ltr'><strong>ingratum</strong></span> <span class='ocrx_word' id='word_1_590' title='bbox 2980 2656 3109 2719; x_wconf 90' lang='lat' dir='ltr'><strong>puto</strong></span> <span class='ocrx_word' id='word_1_591' title='bbox 3138 2665 3152 2701; x_wconf 91' lang='lat'><strong>:</strong></span> <span class='ocrx_word' id='word_1_592' title='bbox 3190 2657 3248 2702; x_wconf 92' lang='lat' dir='ltr'><strong>ut</strong></span> <span class='ocrx_word' id='word_1_593' title='bbox 3271 2648 3343 2703; x_wconf 90' lang='lat' dir='ltr'><strong>ibi</strong></span> <span class='ocrx_word' id='word_1_594' title='bbox 3375 2647 3532 2704; x_wconf 81' lang='lat' dir='ltr'><strong>Nata-</strong></span> 
     </span>
    </p>
   </div>
   <div class='ocr_carea' id='block_1_84' title="bbox 1957 2734 3532 2814">
    <p class='ocr_par' dir='ltr' id='par_1_84' title="bbox 1957 2734 3532 2814">
     <span class='ocr_line' id='line_1_84' title="bbox 1957 2734 3532 2814; baseline 0.001 -20"><span class='ocrx_word' id='word_1_595' title='bbox 1957 2734 2069 2796; x_wconf 85' lang='lat' dir='ltr'><strong>liiia</strong></span> <span class='ocrx_word' id='word_1_596' title='bbox 2098 2752 2257 2798; x_wconf 91' lang='lat' dir='ltr'><strong>nocte</strong></span> <span class='ocrx_word' id='word_1_597' title='bbox 2280 2743 2568 2799; x_wconf 88' lang='lat' dir='ltr'><strong>celebratis</strong></span> <span class='ocrx_word' id='word_1_598' title='bbox 2594 2743 2811 2814; x_wconf 83' lang='lat' dir='ltr'><strong>vigiliis,</strong></span> <span class='ocrx_word' id='word_1_599' title='bbox 2840 2743 3086 2812; x_wconf 84' lang='lat' dir='ltr'><strong>sequenti</strong></span> <span class='ocrx_word' id='word_1_600' title='bbox 3119 2755 3277 2797; x_wconf 86' lang='lat' dir='ltr'><strong>mane</strong></span> <span class='ocrx_word' id='word_1_601' title='bbox 3303 2741 3356 2797; x_wconf 90' lang='lat' dir='ltr'><strong>in</strong></span> <span class='ocrx_word' id='word_1_602' title='bbox 3382 2751 3532 2796; x_wconf 90' lang='lat' dir='ltr'><strong>tuum</strong></span> 
     </span>
    </p>
   </div>
   <div class='ocr_carea' id='block_1_85' title="bbox 1956 2833 3529 2905">
    <p class='ocr_par' dir='ltr' id='par_1_85' title="bbox 1956 2833 3529 2905">
     <span class='ocr_line' id='line_1_85' title="bbox 1956 2833 3529 2905; baseline -0.001 -18"><span class='ocrx_word' id='word_1_603' title='bbox 1956 2833 2236 2887; x_wconf 87' lang='lat' dir='ltr'><strong>servitium</strong></span> <span class='ocrx_word' id='word_1_604' title='bbox 2262 2835 2463 2903; x_wconf 89' lang='lat' dir='ltr'><strong>possim</strong></span> <span class='ocrx_word' id='word_1_605' title='bbox 2492 2848 2614 2890; x_wconf 88' lang='lat' dir='ltr'><strong>esse</strong></span> <span class='ocrx_word' id='word_1_606' title='bbox 2636 2842 2878 2905; x_wconf 89' lang='lat' dir='ltr'><strong>paratus.</strong></span> <span class='ocrx_word' id='word_1_607' title='bbox 2910 2833 3037 2888; x_wconf 82' lang='lat' dir='ltr'><strong>Vale</strong></span> <span class='ocrx_word' id='word_1_608' title='bbox 3062 2848 3307 2903; x_wconf 79' lang='lat' dir='ltr'><strong>semper,</strong></span> <span class='ocrx_word' id='word_1_609' title='bbox 3331 2840 3384 2888; x_wconf 89' lang='lat' dir='ltr'><strong>et</strong></span> <span class='ocrx_word' id='word_1_610' title='bbox 3404 2848 3529 2902; x_wconf 87' lang='lat' dir='ltr'><strong>pro-</strong></span> 
     </span>
    </p>
   </div>
   <div class='ocr_carea' id='block_1_86' title="bbox 1955 2924 2530 2992">
    <p class='ocr_par' dir='ltr' id='par_1_86' title="bbox 1955 2924 2530 2992">
     <span class='ocr_line' id='line_1_86' title="bbox 1955 2924 2530 2992; baseline 0 -14"><span class='ocrx_word' id='word_1_611' title='bbox 1955 2938 2177 2992; x_wconf 86' lang='lat' dir='ltr'><strong>sperare</strong></span> <span class='ocrx_word' id='word_1_612' title='bbox 2198 2924 2254 2978; x_wconf 91' lang='lat' dir='ltr'><strong>in</strong></span> <span class='ocrx_word' id='word_1_613' title='bbox 2281 2924 2530 2981; x_wconf 87' lang='lat' dir='ltr'><strong>Domino.</strong></span> 
     </span>
    </p>
   </div>
   <div class='ocr_carea' id='block_1_87' title="bbox 2199 3053 3278 3131">
    <p class='ocr_par' dir='ltr' id='par_1_87' title="bbox 2199 3053 3278 3131">
     <span class='ocr_line' id='line_1_87' title="bbox 2199 3053 3278 3131; baseline 0.004 -23"><span class='ocrx_word' id='word_1_614' title='bbox 2199 3053 2531 3111; x_wconf 79' lang='lat' dir='ltr'><strong>EPISTOLA</strong></span> <span class='ocrx_word' id='word_1_615' title='bbox 2572 3054 2780 3112; x_wconf 76' lang='lat' dir='ltr'><strong>XXVIII</strong></span> <span class='ocrx_word' id='word_1_616' title='bbox 2821 3056 2968 3130; x_wconf 78' lang='lat' dir='ltr'><strong>[olim</strong></span> <span class='ocrx_word' id='word_1_617' title='bbox 3024 3058 3278 3131; x_wconf 71' lang='lat' dir='ltr'><strong>XXVIII].</strong></span> 
     </span>
    </p>
   </div>
   <div class='ocr_carea' id='block_1_88' title="bbox 2445 3147 3033 3221">
    <p class='ocr_par' dir='ltr' id='par_1_88' title="bbox 2445 3147 3033 3221">
     <span class='ocr_line' id='line_1_88' title="bbox 2445 3147 3033 3221; baseline 0.003 -20"><span class='ocrx_word' id='word_1_618' title='bbox 2445 3147 2591 3219; x_wconf 85' lang='lat' dir='ltr'><strong>(Post</strong></span> <span class='ocrx_word' id='word_1_619' title='bbox 2623 3165 2821 3204; x_wconf 90' lang='lat' dir='ltr'><strong>annum</strong></span> <span class='ocrx_word' id='word_1_620' title='bbox 2853 3150 3033 3221; x_wconf 81' lang='grc'><strong>1017.)</strong></span> 
     </span>
    </p>
   </div>
   <div class='ocr_carea' id='block_1_89' title="bbox 2073 3235 3410 3299">
    <p class='ocr_par' dir='ltr' id='par_1_89' title="bbox 2073 3235 3410 3299">
     <span class='ocr_line' id='line_1_89' title="bbox 2073 3235 3410 3299; baseline 0.004 -7"><span class='ocrx_word' id='word_1_621' title='bbox 2073 3235 2450 3293; x_wconf 79' lang='lat' dir='ltr'><strong>Senonensium</strong></span> <span class='ocrx_word' id='word_1_622' title='bbox 2481 3240 2694 3299; x_wconf 76' lang='lat' dir='ltr'><strong>prtvstth&#39;</strong></span> <span class='ocrx_word' id='word_1_623' title='bbox 2720 3240 3067 3296; x_wconf 71' lang='lat' dir='ltr'><strong>Lsurnsmco</strong></span> <span class='ocrx_word' id='word_1_624' title='bbox 3090 3241 3410 3299; x_wconf 72' lang='lat' dir='ltr'><strong>FULBERTUS</strong></span> 
     </span>
    </p>
   </div>
   <div class='ocr_carea' id='block_1_90' title="bbox 2505 3313 3015 3367">
    <p class='ocr_par' dir='ltr' id='par_1_90' title="bbox 2505 3313 3015 3367">
     <span class='ocr_line' id='line_1_90' title="bbox 2505 3313 3015 3367; baseline 0.008 -5"><span class='ocrx_word' id='word_1_625' title='bbox 2505 3320 2720 3366; x_wconf 82' lang='lat' dir='ltr'><strong>amotas</strong></span> <span class='ocrx_word' id='word_1_626' title='bbox 2748 3313 3015 3367; x_wconf 73' lang='lat' dir='ltr'><strong>sacerdos.</strong></span> 
     </span>
    </p>
   </div>
   <div class='ocr_carea' id='block_1_91' title="bbox 2017 3438 3529 3515">
    <p class='ocr_par' dir='ltr' id='par_1_91' title="bbox 2017 3438 3529 3515">
     <span class='ocr_line' id='line_1_91' title="bbox 2017 3438 3529 3515; baseline 0.004 -22"><span class='ocrx_word' id='word_1_627' title='bbox 2017 3438 2168 3505; x_wconf 85' lang='lat' dir='ltr'><strong>Quod</strong></span> <span class='ocrx_word' id='word_1_628' title='bbox 2199 3453 2304 3500; x_wconf 85' lang='lat' dir='ltr'><strong>me.</strong></span> <span class='ocrx_word' id='word_1_629' title='bbox 2329 3440 2507 3505; x_wconf 85' lang='lat' dir='ltr'><strong>Pater,</strong></span> <span class='ocrx_word' id='word_1_630' title='bbox 2545 3442 2778 3498; x_wconf 89' lang='lat' dir='ltr'><strong>amicum</strong></span> <span class='ocrx_word' id='word_1_631' title='bbox 2817 3443 3086 3514; x_wconf 88' lang='lat' dir='ltr'><strong>appellas,</strong></span> <span class='ocrx_word' id='word_1_632' title='bbox 3113 3455 3392 3515; x_wconf 80' lang='lat' dir='ltr'><strong>gratanter</strong></span> <span class='ocrx_word' id='word_1_633' title='bbox 3435 3446 3529 3499; x_wconf 48' lang='lat' dir='ltr'><strong>adv</strong></span> 
     </span>
    </p>
   </div>
   <div class='ocr_carea' id='block_1_92' title="bbox 1944 3530 3529 3601">
    <p class='ocr_par' dir='ltr' id='par_1_92' title="bbox 1944 3530 3529 3601">
     <span class='ocr_line' id='line_1_92' title="bbox 1944 3530 3529 3601; baseline 0.006 -20"><span class='ocrx_word' id='word_1_634' title='bbox 1944 3542 2166 3583; x_wconf 89' lang='lat' dir='ltr'><strong>nuerem</strong></span> <span class='ocrx_word' id='word_1_635' title='bbox 2188 3530 2235 3584; x_wconf 84' lang='lat' dir='ltr'><strong>si</strong></span> <span class='ocrx_word' id='word_1_636' title='bbox 2260 3538 2317 3601; x_wconf 86' lang='lat' dir='ltr'><strong>te</strong></span> <span class='ocrx_word' id='word_1_637' title='bbox 2339 3545 2552 3600; x_wconf 90' lang='lat' dir='ltr'><strong>quoque</strong></span> <span class='ocrx_word' id='word_1_638' title='bbox 2576 3532 3121 3591; x_wconf 86' lang='lat' dir='ltr'><strong>exhiberesamicum.</strong></span> <span class='ocrx_word' id='word_1_639' title='bbox 3150 3535 3254 3590; x_wconf 83' lang='lat' dir='ltr'><strong>Sed</strong></span> <span class='ocrx_word' id='word_1_640' title='bbox 3276 3536 3529 3590; x_wconf 88' lang='lat' dir='ltr'><strong>cumsine</strong></span> 
     </span>
    </p>
   </div>
   <div class='ocr_carea' id='block_1_93' title="bbox 1943 3620 3523 3696">
    <p class='ocr_par' dir='ltr' id='par_1_93' title="bbox 1943 3620 3523 3696">
     <span class='ocr_line' id='line_1_93' title="bbox 1943 3620 3523 3696; baseline 0.004 -22"><span class='ocrx_word' id='word_1_641' title='bbox 1943 3634 2064 3675; x_wconf 90' lang='lat' dir='ltr'><strong>meo</strong></span> <span class='ocrx_word' id='word_1_642' title='bbox 2110 3620 2336 3676; x_wconf 91' lang='lat' dir='ltr'><strong>consilio</strong></span> <span class='ocrx_word' id='word_1_643' title='bbox 2382 3621 2663 3693; x_wconf 90' lang='lat' dir='ltr'><strong>episcopos</strong></span> <span class='ocrx_word' id='word_1_644' title='bbox 2711 3623 3012 3680; x_wconf 85' lang='lat' dir='ltr'><strong>ordinando</strong></span> <span class='ocrx_word' id='word_1_645' title='bbox 3048 3624 3160 3696; x_wconf 72' lang='lat'><strong>(25)</strong></span> <span class='ocrx_word' id='word_1_646' title='bbox 3210 3625 3523 3695; x_wconf 84' lang='lat' dir='ltr'><strong>dignitatem</strong></span> 
     </span>
    </p>
   </div>
   <div class='ocr_carea' id='block_1_94' title="bbox 1942 3708 3524 3786">
    <p class='ocr_par' dir='ltr' id='par_1_94' title="bbox 1942 3708 3524 3786">
     <span class='ocr_line' id='line_1_94' title="bbox 1942 3708 3524 3786; baseline 0.004 -23"><span class='ocrx_word' id='word_1_647' title='bbox 1942 3724 2094 3764; x_wconf 91' lang='lat' dir='ltr'><strong>suam</strong></span> <span class='ocrx_word' id='word_1_648' title='bbox 2123 3708 2377 3767; x_wconf 75' lang='lat' dir='ltr'><strong>Ecclesia:</strong></span> <span class='ocrx_word' id='word_1_649' title='bbox 2420 3712 2740 3769; x_wconf 86' lang='lat' dir='ltr'><strong>Carnotensi</strong></span> <span class='ocrx_word' id='word_1_650' title='bbox 2787 3715 3044 3786; x_wconf 88' lang='lat' dir='ltr'><strong>derogas,</strong></span> <span class='ocrx_word' id='word_1_651' title='bbox 3074 3729 3307 3785; x_wconf 90' lang='lat' dir='ltr'><strong>cumque</strong></span> <span class='ocrx_word' id='word_1_652' title='bbox 3348 3716 3400 3770; x_wconf 93' lang='lat' dir='ltr'><strong>in</strong></span> <span class='ocrx_word' id='word_1_653' title='bbox 3434 3731 3524 3770; x_wconf 87' lang='lat' dir='ltr'><strong>co-</strong></span> 
     </span>
    </p>
   </div>
   <div class='ocr_carea' id='block_1_95' title="bbox 1941 3804 3522 3877">
    <p class='ocr_par' dir='ltr' id='par_1_95' title="bbox 1941 3804 3522 3877">
     <span class='ocr_line' id='line_1_95' title="bbox 1941 3804 3522 3877; baseline 0.003 -20"><span class='ocrx_word' id='word_1_654' title='bbox 1941 3804 2062 3858; x_wconf 90' lang='lat' dir='ltr'><strong>dem</strong></span> <span class='ocrx_word' id='word_1_655' title='bbox 2087 3805 2301 3875; x_wconf 88' lang='lat' dir='ltr'><strong>negotio</strong></span> <span class='ocrx_word' id='word_1_656' title='bbox 2325 3804 2495 3877; x_wconf 86' lang='lat' dir='ltr'><strong>legem</strong></span> <span class='ocrx_word' id='word_1_657' title='bbox 2526 3805 2842 3862; x_wconf 89' lang='lat' dir='ltr'><strong>canonicam</strong></span> <span class='ocrx_word' id='word_1_658' title='bbox 2871 3806 3182 3862; x_wconf 90' lang='lat' dir='ltr'><strong>multimode</strong></span> <span class='ocrx_word' id='word_1_659' title='bbox 3203 3807 3386 3873; x_wconf 90' lang='lat' dir='ltr'><strong>solvis,</strong></span> <span class='ocrx_word' id='word_1_660' title='bbox 3411 3823 3522 3863; x_wconf 89' lang='lat' dir='ltr'><strong>non</strong></span> 
     </span>
    </p>
   </div>
   <div class='ocr_carea' id='block_1_96' title="bbox 1940 3892 3525 3968">
    <p class='ocr_par' dir='ltr' id='par_1_96' title="bbox 1940 3892 3525 3968">
     <span class='ocr_line' id='line_1_96' title="bbox 1940 3892 3525 3968; baseline 0.003 -21"><span class='ocrx_word' id='word_1_661' title='bbox 1940 3892 2113 3947; x_wconf 90' lang='lat' dir='ltr'><strong>solum</strong></span> <span class='ocrx_word' id='word_1_662' title='bbox 2146 3909 2231 3950; x_wconf 91' lang='lat' dir='ltr'><strong>me</strong></span> <span class='ocrx_word' id='word_1_663' title='bbox 2259 3894 2429 3961; x_wconf 87' lang='lat' dir='ltr'><strong>laedis,</strong></span> <span class='ocrx_word' id='word_1_664' title='bbox 2457 3896 2550 3952; x_wconf 91' lang='lat' dir='ltr'><strong>scd</strong></span> <span class='ocrx_word' id='word_1_665' title='bbox 2574 3911 2763 3952; x_wconf 89' lang='lat' dir='ltr'><strong>omnes</strong></span> <span class='ocrx_word' id='word_1_666' title='bbox 2790 3897 2996 3968; x_wconf 91' lang='lat' dir='ltr'><strong>pariter</strong></span> <span class='ocrx_word' id='word_1_667' title='bbox 3022 3896 3111 3967; x_wconf 88' lang='lat' dir='ltr'><strong>qui</strong></span> <span class='ocrx_word' id='word_1_668' title='bbox 3133 3895 3399 3965; x_wconf 89' lang='lat' dir='ltr'><strong>justitiam</strong></span> <span class='ocrx_word' id='word_1_669' title='bbox 3428 3912 3525 3952; x_wconf 87' lang='lat' dir='ltr'><strong>ce-</strong></span> 
     </span>
    </p>
   </div>
   <div class='ocr_carea' id='block_1_97' title="bbox 1939 3981 3522 4057">
    <p class='ocr_par' dir='ltr' id='par_1_97' title="bbox 1939 3981 3522 4057">
     <span class='ocr_line' id='line_1_97' title="bbox 1939 3981 3522 4057; baseline 0.003 -21"><span class='ocrx_word' id='word_1_670' title='bbox 1939 3981 2077 4050; x_wconf 90' lang='lat' dir='ltr'><strong>lunt,</strong></span> <span class='ocrx_word' id='word_1_671' title='bbox 2110 3994 2166 4040; x_wconf 89' lang='lat' dir='ltr'><strong>et</strong></span> <span class='ocrx_word' id='word_1_672' title='bbox 2188 3999 2288 4055; x_wconf 88' lang='lat' dir='ltr'><strong>ego</strong></span> <span class='ocrx_word' id='word_1_673' title='bbox 2316 3984 2532 4056; x_wconf 89' lang='lat' dir='ltr'><strong>quidem</strong></span> <span class='ocrx_word' id='word_1_674' title='bbox 2558 4000 2769 4042; x_wconf 91' lang='lat' dir='ltr'><strong>mecum</strong></span> <span class='ocrx_word' id='word_1_675' title='bbox 2796 3986 2972 4042; x_wconf 87' lang='lat' dir='ltr'><strong>adhuc</strong></span> <span class='ocrx_word' id='word_1_676' title='bbox 2998 3986 3161 4042; x_wconf 88' lang='lat' dir='ltr'><strong>multa</strong></span> <span class='ocrx_word' id='word_1_677' title='bbox 3188 3985 3386 4057; x_wconf 90' lang='lat' dir='ltr'><strong>patior.</strong></span> <span class='ocrx_word' id='word_1_678' title='bbox 3413 3986 3522 4043; x_wconf 89' lang='lat' dir='ltr'><strong>Sed</strong></span> 
     </span>
    </p>
   </div>
   <div class='ocr_carea' id='block_1_98' title="bbox 1938 4073 3518 4148">
    <p class='ocr_par' dir='ltr' id='par_1_98' title="bbox 1938 4073 3518 4148">
     <span class='ocr_line' id='line_1_98' title="bbox 1938 4073 3518 4148; baseline 0.004 -22"><span class='ocrx_word' id='word_1_679' title='bbox 1938 4073 2023 4128; x_wconf 90' lang='lat' dir='ltr'><strong>lex</strong></span> <span class='ocrx_word' id='word_1_680' title='bbox 2046 4074 2159 4144; x_wconf 87' lang='lat' dir='ltr'><strong>ipsa</strong></span> <span class='ocrx_word' id='word_1_681' title='bbox 2177 4075 2355 4131; x_wconf 89' lang='lat' dir='ltr'><strong>divina</strong></span> <span class='ocrx_word' id='word_1_682' title='bbox 2382 4091 2534 4131; x_wconf 91' lang='lat' dir='ltr'><strong>suam</strong></span> <span class='ocrx_word' id='word_1_683' title='bbox 2558 4077 2810 4148; x_wconf 82' lang='lat' dir='ltr'><strong>injuriam</strong></span> <span class='ocrx_word' id='word_1_684' title='bbox 2835 4078 2974 4133; x_wconf 83' lang='lat' dir='ltr'><strong>bene</strong></span> <span class='ocrx_word' id='word_1_685' title='bbox 2993 4092 3056 4132; x_wconf 87' lang='lat' dir='ltr'><strong>ex</strong></span> <span class='ocrx_word' id='word_1_686' title='bbox 3085 4086 3239 4148; x_wconf 84' lang='lat' dir='ltr'><strong>parte</strong></span> <span class='ocrx_word' id='word_1_687' title='bbox 3264 4078 3518 4144; x_wconf 88' lang='lat' dir='ltr'><strong>vindicat,</strong></span> 
     </span>
    </p>
   </div>
   <div class='ocr_carea' id='block_1_99' title="bbox 1939 4168 3522 4242">
    <p class='ocr_par' dir='ltr' id='par_1_99' title="bbox 1939 4168 3522 4242">
     <span class='ocr_line' id='line_1_99' title="bbox 1939 4168 3522 4242; baseline 0.004 -23"><span class='ocrx_word' id='word_1_688' title='bbox 1939 4180 2078 4235; x_wconf 67' lang='lat' dir='ltr'><strong>qum,</strong></span> <span class='ocrx_word' id='word_1_689' title='bbox 2106 4168 2231 4222; x_wconf 92' lang='lat' dir='ltr'><strong>dum</strong></span> <span class='ocrx_word' id='word_1_690' title='bbox 2260 4183 2289 4222; x_wconf 90' lang='lat' dir='ltr'><strong>a</strong></span> <span class='ocrx_word' id='word_1_691' title='bbox 2324 4176 2375 4223; x_wconf 92' lang='lat' dir='ltr'><strong>te</strong></span> <span class='ocrx_word' id='word_1_692' title='bbox 2398 4169 2711 4238; x_wconf 88' lang='lat' dir='ltr'><strong>resolvitur,</strong></span> <span class='ocrx_word' id='word_1_693' title='bbox 2743 4180 2830 4225; x_wconf 88' lang='lat' dir='ltr'><strong>tua</strong></span> <span class='ocrx_word' id='word_1_694' title='bbox 2851 4184 3015 4241; x_wconf 88' lang='lat' dir='ltr'><strong>opera</strong></span> <span class='ocrx_word' id='word_1_695' title='bbox 3043 4177 3241 4225; x_wconf 82' lang='lat' dir='ltr'><strong>cassat.</strong></span> <span class='ocrx_word' id='word_1_696' title='bbox 3275 4169 3387 4226; x_wconf 85' lang='lat' dir='ltr'><strong>Hoc</strong></span> <span class='ocrx_word' id='word_1_697' title='bbox 3412 4172 3522 4242; x_wconf 86' lang='lat' dir='ltr'><strong>pri-</strong></span> 
     </span>
    </p>
   </div>
   <div class='ocr_carea' id='block_1_100' title="bbox 1935 4256 3521 4332">
    <p class='ocr_par' dir='ltr' id='par_1_100' title="bbox 1935 4256 3521 4332">
     <span class='ocr_line' id='line_1_100' title="bbox 1935 4256 3521 4332; baseline 0.004 -21"><span class='ocrx_word' id='word_1_698' title='bbox 1935 4256 2057 4311; x_wconf 89' lang='lat' dir='ltr'><strong>dem</strong></span> <span class='ocrx_word' id='word_1_699' title='bbox 2083 4258 2137 4312; x_wconf 91' lang='lat' dir='ltr'><strong>in</strong></span> <span class='ocrx_word' id='word_1_700' title='bbox 2159 4258 2222 4312; x_wconf 92' lang='lat' dir='ltr'><strong>T.</strong></span> <span class='ocrx_word' id='word_1_701' title='bbox 2254 4258 2472 4327; x_wconf 87' lang='lat' dir='ltr'><strong>factum,</strong></span> <span class='ocrx_word' id='word_1_702' title='bbox 2507 4261 2563 4316; x_wconf 92' lang='lat' dir='ltr'><strong>in</strong></span> <span class='ocrx_word' id='word_1_703' title='bbox 2600 4261 2665 4316; x_wconf 86' lang='lat' dir='ltr'><strong>G.</strong></span> <span class='ocrx_word' id='word_1_704' title='bbox 2720 4276 2890 4332; x_wconf 86' lang='lat' dir='ltr'><strong>nuper</strong></span> <span class='ocrx_word' id='word_1_705' title='bbox 2925 4261 3154 4328; x_wconf 90' lang='lat' dir='ltr'><strong>iterasti,</strong></span> <span class='ocrx_word' id='word_1_706' title='bbox 3183 4261 3273 4332; x_wconf 85' lang='lat' dir='ltr'><strong>qui</strong></span> <span class='ocrx_word' id='word_1_707' title='bbox 3296 4262 3378 4318; x_wconf 89' lang='lat' dir='ltr'><strong>sic</strong></span> <span class='ocrx_word' id='word_1_708' title='bbox 3407 4279 3437 4317; x_wconf 92' lang='lat' dir='ltr'><strong>a</strong></span> <span class='ocrx_word' id='word_1_709' title='bbox 3469 4273 3521 4318; x_wconf 91' lang='lat' dir='ltr'><strong>te</strong></span> 
     </span>
    </p>
   </div>
   <div class='ocr_carea' id='block_1_101' title="bbox 1935 4336 3519 4421">
    <p class='ocr_par' dir='ltr' id='par_1_101' title="bbox 1935 4336 3519 4421">
     <span class='ocr_line' id='line_1_101' title="bbox 1935 4336 3519 4421; baseline 0.004 -22"><span class='ocrx_word' id='word_1_710' title='bbox 1935 4354 2118 4415; x_wconf 85' lang='lat' dir='ltr'><strong>pastor</strong></span> <span class='ocrx_word' id='word_1_711' title='bbox 2151 4354 2235 4402; x_wconf 89' lang='lat' dir='ltr'><strong>est</strong></span> <span class='ocrx_word' id='word_1_712' title='bbox 2259 4348 2558 4414; x_wconf 85' lang='lat' dir='ltr'><strong>institutus,</strong></span> <span class='ocrx_word' id='word_1_713' title='bbox 2586 4356 2767 4406; x_wconf 90' lang='lat' dir='ltr'><strong>utnec</strong></span> <span class='ocrx_word' id='word_1_714' title='bbox 2789 4364 3002 4421; x_wconf 84' lang='lat' dir='ltr'><strong>gregem</strong></span> <span class='ocrx_word' id='word_1_715' title='bbox 3040 4336 3141 4405; x_wconf 87' lang='lat' dir='ltr'><strong>sibi</strong></span> <span class='ocrx_word' id='word_1_716' title='bbox 3165 4352 3519 4407; x_wconf 89' lang='lat' dir='ltr'><strong>commissum</strong></span> 
     </span>
    </p>
   </div>
   <div class='ocr_carea' id='block_1_102' title="bbox 1936 4437 3520 4513">
    <p class='ocr_par' dir='ltr' id='par_1_102' title="bbox 1936 4437 3520 4513">
     <span class='ocr_line' id='line_1_102' title="bbox 1936 4437 3520 4513; baseline 0.005 -24"><span class='ocrx_word' id='word_1_717' title='bbox 1936 4437 2169 4502; x_wconf 89' lang='lat' dir='ltr'><strong>noverit,</strong></span> <span class='ocrx_word' id='word_1_718' title='bbox 2194 4454 2294 4493; x_wconf 91' lang='lat' dir='ltr'><strong>nec</strong></span> <span class='ocrx_word' id='word_1_719' title='bbox 2321 4454 2451 4507; x_wconf 89' lang='lat' dir='ltr'><strong>grex</strong></span> <span class='ocrx_word' id='word_1_720' title='bbox 2503 4440 2678 4509; x_wconf 91' lang='lat' dir='ltr'><strong>ipsum</strong></span> <span class='ocrx_word' id='word_1_721' title='bbox 2721 4442 2963 4511; x_wconf 88' lang='lat' dir='ltr'><strong>recipere</strong></span> <span class='ocrx_word' id='word_1_722' title='bbox 2992 4442 3138 4497; x_wconf 84' lang='lat' dir='ltr'><strong>velit.</strong></span> <span class='ocrx_word' id='word_1_723' title='bbox 3181 4441 3520 4513; x_wconf 76' lang='lat' dir='ltr'><strong>licprobatus</strong></span> 
     </span>
    </p>
   </div>
   <div class='ocr_carea' id='block_1_103' title="bbox 1936 4528 3514 4604">
    <p class='ocr_par' dir='ltr' id='par_1_103' title="bbox 1936 4528 3514 4604">
     <span class='ocr_line' id='line_1_103' title="bbox 1936 4528 3514 4604; baseline 0.004 -23"><span class='ocrx_word' id='word_1_724' title='bbox 1936 4528 2117 4597; x_wconf 86' lang='lat' dir='ltr'><strong>itaque</strong></span> <span class='ocrx_word' id='word_1_725' title='bbox 2140 4538 2193 4583; x_wconf 90' lang='lat' dir='ltr'><strong>et</strong></span> <span class='ocrx_word' id='word_1_726' title='bbox 2221 4544 2252 4583; x_wconf 90' lang='lat' dir='ltr'><strong>a</strong></span> <span class='ocrx_word' id='word_1_727' title='bbox 2279 4529 2476 4586; x_wconf 85' lang='lat' dir='ltr'><strong>finibus</strong></span> <span class='ocrx_word' id='word_1_728' title='bbox 2505 4532 2850 4601; x_wconf 89' lang='lat' dir='ltr'><strong>episcopatus</strong></span> <span class='ocrx_word' id='word_1_729' title='bbox 2880 4534 3135 4597; x_wconf 86' lang='lat' dir='ltr'><strong>extorris,</strong></span> <span class='ocrx_word' id='word_1_730' title='bbox 3164 4549 3284 4588; x_wconf 89' lang='lat' dir='ltr'><strong>cum</strong></span> <span class='ocrx_word' id='word_1_731' title='bbox 3336 4534 3514 4604; x_wconf 88' lang='lat' dir='ltr'><strong>palam</strong></span> 
     </span>
    </p>
   </div>
   <div class='ocr_carea' id='block_1_104' title="bbox 1935 4617 3513 4695">
    <p class='ocr_par' dir='ltr' id='par_1_104' title="bbox 1935 4617 3513 4695">
     <span class='ocr_line' id='line_1_104' title="bbox 1935 4617 3513 4695; baseline 0.005 -24"><span class='ocrx_word' id='word_1_732' title='bbox 1935 4617 2142 4673; x_wconf 89' lang='lat' dir='ltr'><strong>intrare</strong></span> <span class='ocrx_word' id='word_1_733' title='bbox 2170 4636 2267 4690; x_wconf 91' lang='lat' dir='ltr'><strong>per</strong></span> <span class='ocrx_word' id='word_1_734' title='bbox 2294 4623 2494 4677; x_wconf 84' lang='lat' dir='ltr'><strong>ostium</strong></span> <span class='ocrx_word' id='word_1_735' title='bbox 2525 4639 2630 4678; x_wconf 92' lang='lat' dir='ltr'><strong>non</strong></span> <span class='ocrx_word' id='word_1_736' title='bbox 2662 4632 2864 4693; x_wconf 86' lang='lat' dir='ltr'><strong>potest,</strong></span> <span class='ocrx_word' id='word_1_737' title='bbox 2896 4633 2955 4679; x_wconf 90' lang='lat' dir='ltr'><strong>ut</strong></span> <span class='ocrx_word' id='word_1_738' title='bbox 2995 4624 3266 4695; x_wconf 86' lang='lat' dir='ltr'><strong>legitimus</strong></span> <span class='ocrx_word' id='word_1_739' title='bbox 3308 4635 3513 4695; x_wconf 84' lang='lat' dir='ltr'><strong>pastor,</strong></span> 
     </span>
    </p>
   </div>
   <div class='ocr_carea' id='block_1_105' title="bbox 1934 4710 3516 4787">
    <p class='ocr_par' dir='ltr' id='par_1_105' title="bbox 1934 4710 3516 4787">
     <span class='ocr_line' id='line_1_105' title="bbox 1934 4710 3516 4787; baseline 0.004 -23"><span class='ocrx_word' id='word_1_740' title='bbox 1934 4726 2036 4765; x_wconf 88' lang='lat' dir='ltr'><strong>nec</strong></span> <span class='ocrx_word' id='word_1_741' title='bbox 2067 4710 2283 4767; x_wconf 89' lang='lat' dir='ltr'><strong>aliunde</strong></span> <span class='ocrx_word' id='word_1_742' title='bbox 2309 4711 2540 4777; x_wconf 87' lang='lat' dir='ltr'><strong>furtivus</strong></span> <span class='ocrx_word' id='word_1_743' title='bbox 2568 4716 2878 4779; x_wconf 89' lang='lat' dir='ltr'><strong>ascendere,</strong></span> <span class='ocrx_word' id='word_1_744' title='bbox 2910 4730 3007 4784; x_wconf 91' lang='lat' dir='ltr'><strong>per</strong></span> <span class='ocrx_word' id='word_1_745' title='bbox 3032 4716 3342 4770; x_wconf 84' lang='lat' dir='ltr'><strong>violentiam</strong></span> <span class='ocrx_word' id='word_1_746' title='bbox 3372 4717 3516 4787; x_wconf 87' lang='lat' dir='ltr'><strong>regis</strong></span> 
     </span>
    </p>
   </div>
   <div class='ocr_carea' id='block_1_106' title="bbox 1932 4803 3513 4878">
    <p class='ocr_par' dir='ltr' id='par_1_106' title="bbox 1932 4803 3513 4878">
     <span class='ocr_line' id='line_1_106' title="bbox 1932 4803 3513 4878; baseline 0.005 -23"><span class='ocrx_word' id='word_1_747' title='bbox 1932 4803 2236 4874; x_wconf 84' lang='lat' dir='ltr'><strong>irrumpere</strong></span> <span class='ocrx_word' id='word_1_748' title='bbox 2267 4805 2457 4859; x_wconf 90' lang='lat' dir='ltr'><strong>nititur</strong></span> <span class='ocrx_word' id='word_1_749' title='bbox 2499 4816 2558 4859; x_wconf 92' lang='lat' dir='ltr'><strong>ut</strong></span> <span class='ocrx_word' id='word_1_750' title='bbox 2588 4815 2850 4876; x_wconf 86' lang='lat' dir='ltr'><strong>tyrannus</strong></span> <span class='ocrx_word' id='word_1_751' title='bbox 2878 4807 3014 4878; x_wconf 71' lang='grc'><strong>(24).</strong></span> <span class='ocrx_word' id='word_1_752' title='bbox 3044 4807 3153 4862; x_wconf 85' lang='lat' dir='ltr'><strong>Nec</strong></span> <span class='ocrx_word' id='word_1_753' title='bbox 3183 4809 3351 4863; x_wconf 87' lang='lat' dir='ltr'><strong>miror</strong></span> <span class='ocrx_word' id='word_1_754' title='bbox 3376 4808 3513 4864; x_wconf 89' lang='lat' dir='ltr'><strong>adeo</strong></span> 
     </span>
    </p>
   </div>
   <div class='ocr_carea' id='block_1_107' title="bbox 1931 4890 3513 4964">
    <p class='ocr_par' dir='ltr' id='par_1_107' title="bbox 1931 4890 3513 4964">
     <span class='ocr_line' id='line_1_107' title="bbox 1931 4890 3513 4964; baseline 0.003 -18"><span class='ocrx_word' id='word_1_755' title='bbox 1931 4890 2210 4959; x_wconf 88' lang='lat' dir='ltr'><strong>sijuvenis</strong></span> <span class='ocrx_word' id='word_1_756' title='bbox 2234 4892 2322 4948; x_wconf 90' lang='lat' dir='ltr'><strong>ille</strong></span> <span class='ocrx_word' id='word_1_757' title='bbox 2349 4894 2441 4948; x_wconf 85' lang='lat' dir='ltr'><strong>tali</strong></span> <span class='ocrx_word' id='word_1_758' title='bbox 2490 4895 2666 4964; x_wconf 89' lang='lat' dir='ltr'><strong>potuit</strong></span> <span class='ocrx_word' id='word_1_759' title='bbox 2706 4895 3001 4952; x_wconf 90' lang='lat' dir='ltr'><strong>ambitione</strong></span> <span class='ocrx_word' id='word_1_760' title='bbox 3044 4897 3245 4952; x_wconf 88' lang='lat' dir='ltr'><strong>tentari</strong></span> <span class='ocrx_word' id='word_1_761' title='bbox 3270 4937 3285 4962; x_wconf 88' lang='lat'><strong>.</strong></span> <span class='ocrx_word' id='word_1_762' title='bbox 3313 4897 3401 4953; x_wconf 91' lang='lat' dir='ltr'><strong>cui</strong></span> <span class='ocrx_word' id='word_1_763' title='bbox 3429 4898 3513 4953; x_wconf 91' lang='lat' dir='ltr'><strong>vel</strong></span> 
     </span>
    </p>
   </div>
   <div class='ocr_carea' id='block_1_108' title="bbox 1929 4974 3513 5059">
    <p class='ocr_par' dir='ltr' id='par_1_108' title="bbox 1929 4974 3513 5059">
     <span class='ocr_line' id='line_1_108' title="bbox 1929 4974 3513 5059; baseline 0.005 -23"><span class='ocrx_word' id='word_1_764' title='bbox 1929 4989 2060 5037; x_wconf 82' lang='lat' dir='ltr'><strong>aetas</strong></span> <span class='ocrx_word' id='word_1_765' title='bbox 2087 4982 2198 5049; x_wconf 91' lang='lat' dir='ltr'><strong>illa,</strong></span> <span class='ocrx_word' id='word_1_766' title='bbox 2228 4983 2312 5039; x_wconf 91' lang='lat' dir='ltr'><strong>vel</strong></span> <span class='ocrx_word' id='word_1_767' title='bbox 2339 4999 2458 5055; x_wconf 66' lang='lat' dir='ltr'><strong>quae</strong></span> <span class='ocrx_word' id='word_1_768' title='bbox 2486 4974 2603 5055; x_wconf 86' lang='lat' dir='ltr'><strong>ejus</strong></span> <span class='ocrx_word' id='word_1_769' title='bbox 2646 4989 2822 5042; x_wconf 68' lang='lat' dir='ltr'><strong>anatis</strong></span> <span class='ocrx_word' id='word_1_770' title='bbox 2864 4988 3155 5059; x_wconf 89' lang='lat' dir='ltr'><strong>pedisequa</strong></span> <span class='ocrx_word' id='word_1_771' title='bbox 3204 4988 3340 5044; x_wconf 81' lang='lat' dir='ltr'><strong>solet</strong></span> <span class='ocrx_word' id='word_1_772' title='bbox 3369 5004 3513 5054; x_wconf 87' lang='lat' dir='ltr'><strong>esse,</strong></span> 
     </span>
    </p>
   </div>
   <div class='ocr_carea' id='block_1_109' title="bbox 1929 5071 3511 5146">
    <p class='ocr_par' dir='ltr' id='par_1_109' title="bbox 1929 5071 3511 5146">
     <span class='ocr_line' id='line_1_109' title="bbox 1929 5071 3511 5146; baseline 0.006 -20"><span class='ocrx_word' id='word_1_773' title='bbox 1929 5071 2106 5128; x_wconf 90' lang='lat' dir='ltr'><strong>locum</strong></span> <span class='ocrx_word' id='word_1_774' title='bbox 2154 5073 2380 5130; x_wconf 80' lang='lat' dir='ltr'><strong>forsitan</strong></span> <span class='ocrx_word' id='word_1_775' title='bbox 2416 5076 2659 5133; x_wconf 88' lang='lat' dir='ltr'><strong>obtineat</strong></span> <span class='ocrx_word' id='word_1_776' title='bbox 2706 5079 3019 5135; x_wconf 83' lang='lat' dir='ltr'><strong>excusandi.</strong></span> <span class='ocrx_word' id='word_1_777' title='bbox 3057 5078 3165 5135; x_wconf 90' lang='lat' dir='ltr'><strong>Sed</strong></span> <span class='ocrx_word' id='word_1_778' title='bbox 3209 5088 3287 5143; x_wconf 91' lang='lat' dir='ltr'><strong>tu,</strong></span> <span class='ocrx_word' id='word_1_779' title='bbox 3328 5080 3511 5146; x_wconf 84' lang='lat' dir='ltr'><strong>Pater,</strong></span> 
     </span>
    </p>
   </div>
   <div class='ocr_carea' id='block_1_110' title="bbox 1928 5161 3509 5241">
    <p class='ocr_par' dir='ltr' id='par_1_110' title="bbox 1928 5161 3509 5241">
     <span class='ocr_line' id='line_1_110' title="bbox 1928 5161 3509 5241; baseline 0.006 -27"><span class='ocrx_word' id='word_1_780' title='bbox 1928 5175 2033 5215; x_wconf 92' lang='lat' dir='ltr'><strong>non</strong></span> <span class='ocrx_word' id='word_1_781' title='bbox 2058 5161 2229 5218; x_wconf 89' lang='lat' dir='ltr'><strong>solum</strong></span> <span class='ocrx_word' id='word_1_782' title='bbox 2255 5165 2535 5221; x_wconf 88' lang='lat' dir='ltr'><strong>mirandus</strong></span> <span class='ocrx_word' id='word_1_783' title='bbox 2566 5167 2659 5222; x_wconf 88' lang='lat' dir='ltr'><strong>sed</strong></span> <span class='ocrx_word' id='word_1_784' title='bbox 2686 5167 3316 5238; x_wconf 83' lang='lat' dir='ltr'><strong>insuperexborrendus,</strong></span> <span class='ocrx_word' id='word_1_785' title='bbox 3349 5187 3509 5241; x_wconf 88' lang='lat' dir='ltr'><strong>quem</strong></span> 
     </span>
    </p>
   </div>
   <div class='ocr_carea' id='block_1_111' title="bbox 1929 5253 3514 5333">
    <p class='ocr_par' dir='ltr' id='par_1_111' title="bbox 1929 5253 3514 5333">
     <span class='ocr_line' id='line_1_111' title="bbox 1929 5253 3514 5333; baseline 0.008 -27"><span class='ocrx_word' id='word_1_786' title='bbox 1929 5267 2030 5307; x_wconf 91' lang='lat' dir='ltr'><strong>nec</strong></span> <span class='ocrx_word' id='word_1_787' title='bbox 2060 5253 2422 5324; x_wconf 82' lang='lat' dir='ltr'><strong>imprudentia</strong></span> <span class='ocrx_word' id='word_1_788' title='bbox 2453 5256 2608 5322; x_wconf 88' lang='lat' dir='ltr'><strong>fallit,</strong></span> <span class='ocrx_word' id='word_1_789' title='bbox 2649 5273 2751 5313; x_wconf 90' lang='lat' dir='ltr'><strong>nec</strong></span> <span class='ocrx_word' id='word_1_790' title='bbox 2777 5273 2938 5314; x_wconf 91' lang='lat' dir='ltr'><strong>casus</strong></span> <span class='ocrx_word' id='word_1_791' title='bbox 2986 5259 3190 5328; x_wconf 89' lang='lat' dir='ltr'><strong>turbat,</strong></span> <span class='ocrx_word' id='word_1_792' title='bbox 3232 5277 3333 5318; x_wconf 87' lang='lat' dir='ltr'><strong>nec</strong></span> <span class='ocrx_word' id='word_1_793' title='bbox 3357 5273 3514 5333; x_wconf 85' lang='lat' dir='ltr'><strong>urget</strong></span> 
     </span>
    </p>
   </div>
   <div class='ocr_carea' id='block_1_112' title="bbox 1928 5345 3512 5422">
    <p class='ocr_par' dir='ltr' id='par_1_112' title="bbox 1928 5345 3512 5422">
     <span class='ocr_line' id='line_1_112' title="bbox 1928 5345 3512 5422; baseline 0.005 -22"><span class='ocrx_word' id='word_1_794' title='bbox 1928 5345 2033 5400; x_wconf 90' lang='lat' dir='ltr'><strong>ulla</strong></span> <span class='ocrx_word' id='word_1_795' title='bbox 2061 5348 2357 5405; x_wconf 89' lang='lat' dir='ltr'><strong>necessitas</strong></span> <span class='ocrx_word' id='word_1_796' title='bbox 2386 5366 2399 5401; x_wconf 92' lang='lat'><strong>:</strong></span> <span class='ocrx_word' id='word_1_797' title='bbox 2437 5350 2533 5405; x_wconf 89' lang='lat' dir='ltr'><strong>sed</strong></span> <span class='ocrx_word' id='word_1_798' title='bbox 2579 5349 2817 5405; x_wconf 88' lang='lat' dir='ltr'><strong>scienter</strong></span> <span class='ocrx_word' id='word_1_799' title='bbox 2839 5359 2893 5405; x_wconf 92' lang='lat' dir='ltr'><strong>et</strong></span> <span class='ocrx_word' id='word_1_800' title='bbox 2917 5352 3069 5422; x_wconf 89' lang='lat' dir='ltr'><strong>quasi</strong></span> <span class='ocrx_word' id='word_1_801' title='bbox 3101 5368 3222 5409; x_wconf 89' lang='lat' dir='ltr'><strong>cum</strong></span> <span class='ocrx_word' id='word_1_802' title='bbox 3248 5353 3512 5410; x_wconf 80' lang='lat' dir='ltr'><strong>delibera-</strong></span> 
     </span>
    </p>
   </div>
   <div class='ocr_carea' id='block_1_113' title="bbox 1997 5518 3507 5594">
    <p class='ocr_par' dir='ltr' id='par_1_113' title="bbox 1997 5518 3507 5594">
     <span class='ocr_line' id='line_1_113' title="bbox 1997 5518 3507 5594; baseline 0.003 -20"><span class='ocrx_word' id='word_1_803' title='bbox 1997 5518 2270 5594; x_wconf 68' lang='lat' dir='ltr'><strong>(24)_l_linc</strong></span> <span class='ocrx_word' id='word_1_804' title='bbox 2297 5528 2446 5591; x_wconf 91' lang='lat' dir='ltr'><strong>patet</strong></span> <span class='ocrx_word' id='word_1_805' title='bbox 2487 5537 2519 5576; x_wconf 89' lang='lat' dir='ltr'><strong>a</strong></span> <span class='ocrx_word' id='word_1_806' title='bbox 2555 5522 2773 5594; x_wconf 86' lang='lat' dir='ltr'><strong>regibus</strong></span> <span class='ocrx_word' id='word_1_807' title='bbox 2804 5525 3042 5594; x_wconf 86' lang='lat' dir='ltr'><strong>nostris,</strong></span> <span class='ocrx_word' id='word_1_808' title='bbox 3069 5527 3170 5581; x_wconf 92' lang='lat' dir='ltr'><strong>etsi</strong></span> <span class='ocrx_word' id='word_1_809' title='bbox 3217 5535 3342 5580; x_wconf 90' lang='lat' dir='ltr'><strong>tunc</strong></span> <span class='ocrx_word' id='word_1_810' title='bbox 3372 5532 3507 5578; x_wconf 59' lang='lat' dir='ltr'><strong>temo</strong></span> 
     </span>
    </p>
   </div>
   <div class='ocr_carea' id='block_1_114' title="bbox 1922 5591 3509 5665">
    <p class='ocr_par' dir='ltr' id='par_1_114' title="bbox 1922 5591 3509 5665">
     <span class='ocr_line' id='line_1_114' title="bbox 1922 5591 3509 5665; baseline 0.001 -20"><span class='ocrx_word' id='word_1_811' title='bbox 1922 5592 2071 5659; x_wconf 90' lang='lat' dir='ltr'><strong>poris</strong></span> <span class='ocrx_word' id='word_1_812' title='bbox 2118 5591 2322 5665; x_wconf 75' lang='lat' dir='ltr'><strong>liberas</strong></span> <span class='ocrx_word' id='word_1_813' title='bbox 2348 5591 2728 5665; x_wconf 72' lang='lat' dir='ltr'><strong>permitterent</strong></span> <span class='ocrx_word' id='word_1_814' title='bbox 2765 5593 3080 5661; x_wconf 89' lang='lat' dir='ltr'><strong>electiones,</strong></span> <span class='ocrx_word' id='word_1_815' title='bbox 3117 5597 3423 5665; x_wconf 86' lang='lat' dir='ltr'><strong>designatos</strong></span> <span class='ocrx_word' id='word_1_816' title='bbox 3453 5603 3509 5647; x_wconf 91' lang='lat' dir='ltr'><strong>et</strong></span> 
     </span>
    </p>
   </div>
   <div class='ocr_carea' id='block_1_115' title="bbox 1927 5662 3507 5736">
    <p class='ocr_par' dir='ltr' id='par_1_115' title="bbox 1927 5662 3507 5736">
     <span class='ocr_line' id='line_1_115' title="bbox 1927 5662 3507 5736; baseline 0.003 -22"><span class='ocrx_word' id='word_1_817' title='bbox 1927 5663 2261 5736; x_wconf 78' lang='lat' dir='ltr'><strong>renuntiatos</strong></span> <span class='ocrx_word' id='word_1_818' title='bbox 2301 5662 2464 5719; x_wconf 84' lang='lat' dir='ltr'><strong>fuisse</strong></span> <span class='ocrx_word' id='word_1_819' title='bbox 2503 5664 2786 5736; x_wconf 84' lang='lat' dir='ltr'><strong>episcopos</strong></span> <span class='ocrx_word' id='word_1_820' title='bbox 2836 5666 2953 5723; x_wconf 87' lang='lat' dir='ltr'><strong>sine</strong></span> <span class='ocrx_word' id='word_1_821' title='bbox 3003 5662 3268 5724; x_wconf 81' lang='lat' dir='ltr'><strong>concursu</strong></span> <span class='ocrx_word' id='word_1_822' title='bbox 3290 5665 3422 5722; x_wconf 86' lang='lat' dir='ltr'><strong>cleri</strong></span> <span class='ocrx_word' id='word_1_823' title='bbox 3452 5676 3507 5720; x_wconf 90' lang='lat' dir='ltr'><strong>et</strong></span> 
     </span>
    </p>
   </div>
   <div class='ocr_carea' id='block_1_116' title="bbox 1924 5732 2165 5799">
    <p class='ocr_par' dir='ltr' id='par_1_116' title="bbox 1924 5732 2165 5799">
     <span class='ocr_line' id='line_1_116' title="bbox 1924 5732 2165 5799; baseline 0.012 -19"><span class='ocrx_word' id='word_1_824' title='bbox 1924 5732 2120 5799; x_wconf 81' lang='lat' dir='ltr'><strong>populi.</strong></span> <span class='ocrx_word' id='word_1_825' title='bbox 2162 5742 2165 5745; x_wconf 76' lang='lat'><strong>‘</strong></span> 
     </span>
    </p>
   </div>
  </div>
