4018 6384
502 318 624 383 ,215

1546 311 1604 368 S.
1643 309 1984 381 FULBERTl
2014 305 2491 389 CARNOTENSIS
2512 303 2818 361 EPlSCOPi

3653 296 3777 349 2ιῦ

517 434 661 487 tione
691 432 922 501 quadam
952 428 1094 483 ultro
1132 436 1184 482 te
1215 434 1380 498 atque
1405 427 1543 483 alios
1572 429 1785 498 perdas.
1826 424 1934 480 Nec
1964 422 2094 477 illud
2121 420 2174 481 Α
2201 419 2555 474 renuntiaret.
2581 419 2658 473 Ac
2678 428 2802 471 tunc
2824 414 3040 486 quidem
3063 410 3378 483 scripsimus
3398 410 3550 467 vobis
3564 410 3631 466 de
3647 427 3779 469 ma-

516 536 646 575 sane
684 520 778 574 tibi
813 530 992 574 tacere
1017 518 1207 581 debeo,
1258 516 1400 586 quod
1439 517 1506 570 ad
1559 525 1681 571 tuas
1721 514 2085 570 ordinationes

514 615 792 669 dominum
842 611 904 665 Ρ.
951 609 1369 665 Trecassensem
1419 609 1726 678 episcopum
1788 605 2086 677 periculose

516 704 610 759 tibi
635 703 839 757 socium
869 701 1042 765 addis,
1069 714 1228 770 quem
1252 708 1459 754 certam
1482 699 1550 752 ob
1572 711 1791 753 causam
1818 710 1937 750 esse
1975 708 2082 748 non

517 794 731 848 dubitas
757 794 1096 862 imparatum.
1112 791 1171 846 in
1193 806 1297 861 qua
1314 805 1374 846 re
1394 789 1676 861 dupliciter
1698 799 1748 843 te
1768 788 2083 857 delinquere

517 894 746 947 constat,
777 898 897 938 cum
918 898 1067 946 cum,
1089 882 1156 935 ad
1202 889 1408 936 tantam
1451 879 1921 950 praesumptionem
1968 877 2084 932 ani-

506 975 733 1037 .mando,
764 976 831 1027 de
854 973 1164 1042 ptenitentia
1202 971 1403 1043 prioris
1425 971 1593 1040 culpae
1623 970 1756 1025 facis
1786 983 1904 1025 esse
1931 984 2084 1024 secu—

516 1080 654 1117 rum.
686 1062 760 1116 De
798 1063 883 1117 his
902 1077 1031 1132 ergo
1060 1070 1115 1116 et
1139 1060 1441 1132 hujusmodi
1468 1070 1519 1116 te
1543 1059 1860 1130 resipiscere
1896 1057 2008 1125 jam
2029 1064 2085 1112 et

514 1154 779 1224 poenitere
804 1161 1036 1222 oportet,
1060 1152 1104 1206 si
1128 1166 1249 1206 cum
1277 1151 1533 1220 Apostolo
1559 1149 1884 1205 horrendum
1907 1147 2084 1204 credis

512 1241 750 1298 incidere
779 1243 833 1296 in
857 1258 1046 1297 manus
1067 1240 1277 1297 Domini
1302 1240 1552 1295 viventis.
1582 1238 1688 1293 Sed
1713 1251 1814 1309 ego
1838 1235 2085 1292 fortassis

511 1347 703 1402 aspere
722 1331 866 1401 loqui
893 1332 1098 1395 videar,
1135 1330 1277 1400 apud
1320 1339 1373 1385 te
1417 1339 1626 1392 tamen,
1661 1338 1720 1382 ut
1759 1328 1945 1391 credo,
1978 1342 2083 1381 non

513 1420 652 1476 male
676 1420 893 1484 mereri,
917 1420 960 1474 si
990 1418 1065 1474 sis
1092 1419 1158 1474 de
1179 1435 1287 1489 quo
1309 1419 1506 1474 dicitur
1539 1436 1552 1472 :
1577 1417 1750 1488 Argue
1777 1417 2081 1487 sapientem,

509 1511 764 1581 «diliget
799 1521 850 1563 te
897 1509 1081 1580 (Prov.
1128 1526 1210 1575 ix,
1255 1510 1334 1581 8).
1377 1510 1644 1566 Caeterum
1696 1510 1749 1563 in
1795 1509 1899 1564 fine
1927 1508 2085 1578 hujus
2137 1552 2141 1557 .

509 1602 779 1658 scbcdula:
806 1610 1086 1657 exoratum
1134 1613 1186 1658 te
1227 1603 1367 1667 volo,
1399 1618 1467 1658 ne
1505 1603 1700 1657 amodo
1727 1602 1892 1669 (sicut
1920 1602 2084 1671 soles)

510 1694 844 1765 scriptajmea
860 1695 1184 1765 publicando
1198 1695 1331 1750 mihi
1352 1694 1601 1750 inimicos
1615 1695 1885 1763 acquiras.
1909 1692 2080 1757 Unde,

2184 505 2250 563 iis
2293 525 2411 578 quae
2451 510 2655 580 irrogat
2692 507 2947 563 Ecclesiae
2994 513 3191 560 nostrae
3239 502 3531 559 Ganfridus
3553 502 3779 559 viceco-

2186 613 2300 655 mes
2321 600 2457 670 (25).
2474 600 2566 668 qui
2591 614 2689 654 nec
2704 598 2989 653 Dominum
3017 608 3118 651 nec
3139 592 3514 650 excellentiam
3527 603 3777 649 vestram

2183 701 2243 743 se
2269 690 2501 745 revereri
2534 688 2668 744 satis
2690 701 2960 757 superque
2997 685 3220 750 indicat,
3242 698 3367 739 cum
3403 692 3459 736 et
3484 682 3779 739 castellum

2187 780 2253 834 de
2281 778 2602 843 Galardone,
2632 794 2662 831 a
2686 778 2838 832 vobis
2863 776 2990 830 olim
3013 772 3542 839 dirutum,restituit,
3566 773 3633 827 de
3657 784 3781 841 quo

2184 869 2366 924 dicere
2396 883 2722 939 possumus:
2749 863 2884 919 Ecce
2930 865 2994 918 ab
3040 864 3236 919 oriente
3278 862 3530 933 panditur
3566 861 3779 917 malum

2184 960 2318 1032 (Jer.
2349 977 2386 1023 ι,
2417 960 2503 1030 id)
2528 959 2780 1014 Ecclesia:
2806 966 3022 1013 nostraz.
3073 956 3141 1011 Et
3172 970 3361 1010 rursus
3383 953 3614 1009 alterum
3640 954 3781 1007 tedi-

2186 1049 2351 1104 ficare
2383 1049 2729 1119 praesumpsit
2767 1048 2909 1117 apud
2955 1045 3149 1102 lsleras
3191 1045 3349 1121 intra
3371 1044 3526 1099 villas
3554 1044 3782 1099 Sancta

2185 1139 2389 1205 Mariae,
2414 1138 2481 1194 de
2505 1154 2613 1208 quo
2634 1148 2690 1193 et
2716 1151 2903 1194 revera
2927 1136 3032 1193 dici
3053 1142 3232 1206 potest
3259 1153 3273 1188 :
3301 1132 3387 1188 En
3415 1143 3479 1187 ac
3505 1134 3783 1188 occidente

2183 1231 2380 1286 malum
2412 1231 2597 1302 (Ibid)
2626 1229 2777 1286 Nunc
2798 1242 3014 1302 quoque
3053 1228 3120 1284 de
3145 1227 3338 1282 iisdem
3371 1223 3530 1280 malis
3575 1238 3782 1279 neces-

2185 1320 2331 1377 sario
2371 1320 2672 1377 scribentes
2700 1318 3107 1388 .conquerimur
3159 1319 3301 1387 apud
3342 1314 3783 1373 misericordiam

2184 1416 2445 1474 vestram,
2468 1407 2754 1464 consilium
2779 1415 2834 1460 et
2858 1406 3118 1461 auxilium
3151 1413 3396 1473 petentes
3424 1403 3492 1458 ab
3514 1418 3602 1469 ea,
3632 1417 3783 1473 quo-

2185 1499 2333 1553 niam
2375 1513 2407 1553 a
2443 1498 2552 1553 filio
2584 1505 2765 1553 vestro
2799 1494 3023 1566 liugone
3067 1510 3231 1566 super
3273 1494 3391 1549 haec
3440 1492 3582 1549 mala
3636 1492 3785 1548 nihil

2184 1588 2304 1657 opis
2350 1586 2438 1642 vel
2457 1586 2843 1642 consolationis
2893 1584 3216 1654 accepimus.
3254 1581 3362 1638 Pro
3391 1581 3607 1651 quibus,
3642 1580 3782 1637 tacti

2185 1676 2372 1732 dolore
2393 1676 2572 1733 cordis
2599 1676 2946 1740 intrinsecus,
2969 1673 3084 1743 jam
3126 1673 3185 1728 in
3226 1679 3438 1726 tantum
3476 1684 3779 1725 maerorem

509 1786 552 1840 si
581 1802 785 1842 morem
815 1795 964 1841 tuum
1019 1788 1304 1843 immutare
1345 1787 1513 1847 nolis.
1545 1802 1645 1858 ego
1676 1796 1853 1842 tamen
1883 1786 2084 1842 idcirco

2188 1780 2432 1825 nostrum
2461 1770 2814 1841 prodidimns,
2854 1778 2913 1822 ut
2956 1769 3113 1840 signa
3160 1775 3343 1822 nostra
3367 1764 3782 1838 jucunditatem

505 1890 637 1931 vera
664 1875 745 1931 vel
772 1876 952 1932 dicere
982 1877 1068 1931 vel
1094 1877 1335 1932 scribere
1359 1891 1467 1931 non
1492 1876 1772 1932 desistam.
1803 1873 1956 1931 \‘ale.

858 1984 1189 2042 EPISTOLA
1228 1984 1400 2040 XXIX
1445 1984 1594 2056 [olim
1620 1982 1759 2056 XL].

991 2056 1169 2126 (Circa
1197 2072 1396 2110 annum
1428 2054 1605 2125 1⁷018.)

519 2145 654 2202 Vitae
686 2148 884 2202 pariter
910 2150 960 2200 et
987 2146 1242 2199 doctrinae
1271 2138 1469 2200 meritis
1505 2143 1802 2199 venerando
1838 2144 2014 2198 abbati
2036 2152 2085 2198 et

581 2213 970 2285 archiepiscopo
1041 2213 1107 2270 G.
1169 2215 1486 2285 Fucneurns
1546 2214 1758 2268 humilis
1821 2214 2085 2283 cpiscopus

578 2287 853 2357 utriusque
873 2286 1024 2355 ofﬁcii
1047 2286 1265 2354 prtemia
1288 2284 1537 2354 gloriosa.

582 2377 644 2434 Si
670 2378 887 2434 demea
912 2377 1202 2434 dilectione
1233 2375 1483 2442 confidis,
1508 2376 1691 2443 Pater,
1727 2376 1867 2432 sicut
1894 2375 2087 2430 littera:

510 2484 618 2527 tuae
660 2472 987 2541 significant,
1030 2486 1253 2527 securus
1280 2479 1417 2534 esto,
1450 2471 1574 2540 quia
1608 2486 1721 2526 rem
1771 2478 1948 2535 tenes,
1978 2484 2086 2524 non

509 2571 565 2619 te
589 2560 727 2615 fallit
761 2560 964 2630 Opinio.
986 2558 1218 2615 Proinde
1243 2559 1503 2630 quidquid
1529 2575 1559 2613 a
1598 2574 1687 2615 me
1723 2566 2089 2628 competenter

509 2650 785 2722 exposcis,
811 2649 969 2704 facile
991 2650 1272 2719 impetras,
1303 2659 1359 2705 et
1382 2664 1525 2704 nunc
1547 2649 1761 2719 quidem
1783 2647 2089 2719 specialiter

513 2741 583 2795 de
626 2739 899 2794 audientis
942 2737 1125 2792 domui
1169 2737 1233 2792 Τ.
1281 2738 1606 2794 venerabilis
1644 2739 1972 2802 sacerdotis,
2021 2753 2089 2793 ne

512 2837 774 2897 queratur
819 2826 1026 2883 diutius
1075 2826 1380 2883 defraudari
1423 2828 1827 2897 opportunitate
1878 2827 2086 2896 judicii.

513 2919 667 2986 Quod
696 2934 797 2989 ego
815 2918 915 2973 sibi
946 2919 1228 2983 hactenus,
1253 2919 1417 2972 Deum
1444 2926 1632 2983 testor,
1663 2933 1766 2974 non
1787 2914 2090 2975 insidiando

517 3007 724 3073 distuli,
762 3008 858 3063 sed
903 3007 1234 3077 providendo
1261 3008 1521 3072 dissuasi,
1567 3010 1745 3065 sciens
1774 3011 1898 3079 quia
1924 3025 2089 3066 causa

513 3096 634 3165 ejus
662 3096 861 3150 intimae
889 3097 1237 3166 turpitudinis
1264 3107 1375 3163 est;
1406 3109 1459 3153 et
1503 3099 1729 3154 sentina:
1768 3100 1952 3166 modo,
1982 3115 2088 3170 quo

516 3188 749 3260 amplius
792 3188 1047 3259 agitatur,
1079 3204 1146 3245 eo
1191 3190 1363 3245 dirius
1408 3190 1557 3247 fetet.
1589 3191 1700 3248 Nec
1742 3207 1871 3248 vero
1919 3191 2090 3262 turpis

522 3288 750 3339 tantum,
779 3279 873 3334 sed
903 3288 957 3334 et
982 3279 1279 3348 periculosa
1309 3289 1413 3345 est,
1444 3282 1581 3336 adeo
1606 3291 1687 3346 ut,
1714 3282 1762 3336 si
1790 3281 1996 3337 venerit
2022 3283 2089 3337 ad

513 3368 805 3437 judicium,
831 3376 923 3421 alit
950 3368 1063 3436 ipse
1089 3379 1183 3422 aut
1206 3379 1490 3424 accusator
1516 3369 1633 3438 ejus
1654 3386 1775 3425 cum
1801 3385 1996 3437 magna
2016 3371 2090 3426 sit

518 3457 846 3513 contumelia
889 3458 1278 3528 degradandns.
1308 3459 1421 3516 lloc
1467 3462 1649 3530 itaque
1698 3461 2006 3531 providens,
2035 3471 2091 3517 et

520 3547 651 3603 illud
675 3548 1043 3615 evangelicum
1074 3558 1255 3605 mente
1275 3551 1586 3607 revolvens:
1618 3550 1798 3607 Nolite
1822 3552 2088 3623 judicare,

523 3638 1056 3703 nolitecondemnnre,
1072 3649 1127 3695 et
1152 3650 1369 3707 caetera,
1395 3642 1665 3698 lucrebam
1696 3644 1947 3698 timorale
1971 3657 2093 3698 sns-

527 3744 749 3799 peusns,
778 3739 834 3785 et
862 3741 1181 3802 exspectans
1223 3744 1281 3805 ut
1308 3734 1565 3789 Dominus
1606 3743 1813 3790 tantum
1859 3735 2091 3790 dedecus

516 3821 774 3878 Ecclesiae
797 3838 924 3886 suae,
942 3822 1017 3895 [e]
1032 3825 1239 3893 publica
1263 3825 1621 3891 discussione,
1638 3826 1721 3879 vel
1746 3825 2091 3880 insultatione

524 3910 861 3984 [oriturum],
894 3913 1085 3981 piaret.
1117 3912 1272 3969 Nunc
1312 3924 1492 3969 autem
1537 3914 1873 3982 impatientia
1907 3914 2089 3968 domni

520 3998 588 4055 Τ.
616 4015 721 4054 non
750 4002 1014 4069 permittit
1039 4003 1139 4057 hoc
1156 4002 1294 4067 fieri,
1320 4005 1414 4058 sed
1442 4004 1792 4074 pertinaciter
1815 4004 2000 4067 instat,
2027 4018 2092 4058 ac

517 4089 610 4160 pie
644 4089 1045 4145 dissimulantes
1090 4092 1157 4145 ad
1196 4091 1456 4160 judicium
1501 4093 1870 4147 vehementius
1915 4094 2086 4162 urget.

519 4178 750 4233 Tantum
773 4194 903 4249 ergo
926 4181 1416 4249 quamvisinvictus
1439 4191 1495 4238 et
1516 4192 1736 4238 coactus
1756 4183 2095 4248 cedo,diem-

522 4281 630 4337 que
671 4275 725 4321 et
752 4266 951 4334 locum,
996 4277 1057 4322 ιιι
1098 4271 1322 4339 rogasti,
1371 4272 1663 4336 constituo,
1702 4271 1812 4341 jam
1858 4288 1964 4327 non
2000 4288 2095 4325 an-

523 4354 657 4408 drns
684 4354 989 4423 relinquere
1015 4357 1371 4413 indiscussum
1395 4360 1538 4427 quod
1579 4358 1745 4412 Deum
1789 4368 1919 4429 puto
1952 4359 2093 4414 nolle

522 4443 800 4515 praeterire
827 4445 1075 4500 inultum.
1102 4447 1157 4501 lu
1182 4458 1498 4518 perpetuum
1530 4448 1674 4503 vale.

889 4556 1218 4633 EPISTOLA
1255 4558 1404 4614 xxx
1436 4559 1599 4633 [sitm
1625 4560 1737 4633 ill].

1013 4628 1163 4697 (Post
1192 4646 1391 4683 annum
1426 4628 1610 4698 l0l9.)

516 4721 745 4779 Domino
800 4739 895 4792 suo
932 4723 1041 4792 regi
1088 4725 1415 4778 serenissima
1459 4726 1714 4781 llouearo
1759 4724 2095 4787 Funnsnrus,

591 4792 806 4846 qunilis
853 4790 1252 4847 Carn'otensium
1298 4796 1589 4865 episcopus,
1635 4796 1691 4849 in
1735 4796 1906 4865 gratia
1942 4794 2097 4865 Regis

590 4878 768 4929 regum
797 4878 997 4934 semper
1020 4878 1251 4916 manere.

591 4949 810 5005 Gratias
840 4950 1125 5006 referimus
1154 4951 1473 5028 benignitati
1501 4963 1694 5011 vestrm
1735 4957 1878 5026 quod
1928 4970 2099 5027 nuper

523 5039 748 5093 misistis
780 5039 1015 5109 legatum
1053 5051 1291 5097 vestrum
1338 5044 1406 5098 ad
1458 5059 1579 5109 nos,
1631 5047 1722 5115 qui
1766 5056 1821 5100 et
1862 5056 2095 5102 vestram

522 5127 679 5181 nobis
698 5129 1011 5199 sospitatem
1037 5131 1287 5187 nuntians
1315 5149 1412 5189 nos
1440 5134 1761 5203 laetificaret,
1788 5145 1844 5191 et
1869 5137 2097 5192 fortuna:

519 5227 721 5273 nostra:
746 5219 966 5275 modum
1000 5222 1308 5279 sciscitatus
1340 5238 1373 5278 a
1402 5226 1577 5292 nobis,
1606 5236 1799 5282 vestra:
1827 5226 2096 5297 majestati

524 5442 537 5453 .
564 5369 710 5453 _(35l
750 5370 825 5452 De
875 5374 1105 5453 quodam
1162 5376 1430 5453 Ganfrido
1456 5380 1593 5435 duce
1636 5379 1867 5453 habetur
1892 5382 2096 5453 mentio

524 5447 579 5523 in
619 5447 789 5523 veteri
832 5447 1198 5523 manuscripto
1228 5449 1537 5523 bibliothec.
1569 5465 1682 5523 reg.
1714 5449 1964 5523 Navaer
1991 5451 2096 5523 eol-

523 5511 648 5597 lxgii
670 5513 786 5597 ‘hpc
810 5514 1008 5597 modo:
1047 5511 1719 5597 Haetcrnporeanimin'tm
1754 5520 1894 5597 regis
1931 5519 2092 5597 R_ob.,

526 5582 887 5659 (inudefrians
915 5584 1024 5638 duo:
1049 5582 1353 5659 comitatum
1395 5587 1716 5643 Montensem
1751 5582 2094 5659 depopulatus

522 5659 620 5710 est.
655 5650 806 5720 Puto,
835 5661 1095 5729 quantum
1133 5656 1446 5728 conjectura
1490 5674 1705 5728 possum
1739 5650 1974 5729 assequi,
2002 5661 2094 5714 de-

2185 1860 2500 1934 etoizetitiam
2528 1858 2834 1930 significare
2868 1857 3051 1923 solita,
3081 1856 3150 1912 ab
3177 1856 3471 1915 intonando
3495 1853 3782 1919 desinere,

2184 1960 2242 2006 et
2270 1951 2544 2006 tristitiam
2572 1958 2813 2005 nostram
2853 1948 3097 2004 attestari
3124 1946 3519 2018 quodammodo
3544 1944 3781 2014 jusseri-

2186 2058 2349 2109 mus,
2400 2041 2746 2112 ofﬁciumque
2797 2041 3076 2107 divinum,
3129 2039 3391 2094 hactenus
3432 2037 3488 2091 in
3533 2033 3786 2093 Ecclesia

2186 2144 2370 2191 nostra
2394 2148 2491 2203 per
2518 2133 2613 2190 Dei
2665 2133 2896 2204 gratiam
2947 2147 3071 2188 cum
3109 2145 3306 2201 magna
3352 2128 3533 2184 cordis
3573 2136 3631 2183 et
3664 2126 3785 2182 oris

2190 2224 2512 2295 jubilatione
2566 2223 2826 2280 celebrari
2863 2221 3080 2279 solitum
3118 2220 3252 2293 (26),
3301 2219 3570 2291 depressis
3599 2218 3769 2274 modo

2187 2316 2570 2374 miserabiliter
2599 2316 2820 2372 vocibus
2848 2324 2900 2371 et
2928 2330 3066 2385 pene
3096 2312 3313 2369 silentio
3338 2311 3602 2382 proximis
3634 2310 3783 2367 fieri.

2188 2404 2342 2463 Unde
2364 2407 2617 2478 pietatem
2647 2414 2905 2470 vestram.
2927 2419 3051 2460 cum
3092 2402 3218 2459 fletu
3260 2402 3442 2458 cordis
3469 2409 3526 2457 et
3551 2400 3782 2467 mentis.

2188 2513 2360 2569 genua
2411 2497 2536 2552 flexi
2576 2511 2883 2567 precamur,
2910 2494 3208 2551 succurrite
3244 2501 3450 2548 sanctte
3485 2490 3581 2546 Dei
3610 2490 3784 2546 Geni-

2190 2588 2340 2643 tricis
2364 2586 2638 2652 Ecclesia,
2662 2587 2749 2641 cui
2780 2601 2879 2643 nos
2898 2585 3086 2640 fideles
3114 2593 3347 2649 vestros,
3368 2589 3631 2651 quantum
3654 2594 3784 2650 pos-

2190 2694 2399 2743 sumus,
2438 2678 2565 2734 licet
2593 2677 2865 2749 indignos,
2893 2690 3130 2746 pmesse
3174 2674 3446 2739 voluistis;
3477 2686 3711 2743 quorum
3746 2685 3787 2725 ιι

2187 2771 2340 2826 vobis
2368 2770 2704 2826 solummodo
2748 2780 2871 2840 post
2911 2769 3198 2825 Dominum
3246 2767 3299 2822 in
3343 2766 3430 2823 his
3475 2781 3597 2836 qua:
3627 2765 3784 2835 inge-

2190 2870 2381 2916 runtur
2433 2857 2696 2917 molestiis
2735 2859 3033 2917 consolatio
3086 2868 3143 2914 et
3187 2856 3475 2928 respiratio
3529 2854 3783 2911 funditus

2192 2951 2406 3021 pendet.
2439 2950 2687 3021 Cogitate
2711 2965 2840 3021 ergo
2866 2949 3096 3020 qualiter
3130 2947 3198 3002 ab
3243 2946 3331 3002 his
3376 2944 3692 3008 liberemur,
3724 2951 3787 2998 et

2114 3074 2164 3138 Ο
2194 3052 2251 3095 ιιι
2282 3054 2567 3096 interorem
2592 3050 2833 3096 nostrum
2859 3038 3190 3096 convertatis
3217 3039 3269 3093 in
3297 3036 3574 3108 gaudium,
3614 3035 3784 3093 obse-

2192 3132 2394 3186 crando
2444 3131 2695 3186 comitem
2737 3128 2977 3185 Odonem
3008 3127 3146 3199 (27),
3187 3136 3241 3180 et
3282 3125 3332 3180 ei
3380 3132 3557 3179 vestra
3605 3122 3783 3192 regali

2188 3221 2509 3275 auctoritate
2557 3219 2818 3274 vivaciter
2869 3218 3183 3289 imperando
3217 3224 3277 3270 ut
3310 3214 3599 3284 prtedictas
3644 3213 3773 3269 dia-

2191 3312 2351 3377 bolici
2392 3312 2681 3367 instinctus
2729 3309 3011 3366 machinas
3047 3322 3176 3362 vero
3219 3306 3401 3361 animo
3452 3304 3655 3360 destrui
3681 3302 3782 3373 ju-

2188 3404 2338 3467 beat,
2371 3402 2455 3458 vel
2481 3404 2597 3473 ipse
2629 3401 2895 3465 destruat,
2924 3408 3145 3470 propter
3185 3396 3488 3460 Dominum,
3517 3401 3569 3448 et
3601 3391 3782 3446 fideli-
3836 3464 3845 3470 Ι

2192 3501 2354 3547 tatem
2382 3501 2640 3556 vestram,
2669 3500 2724 3545 et
2751 3497 2954 3546 sancta:
2980 3487 3162 3542 Mariae
3197 3487 3478 3549 honorem,
3510 3491 3564 3558 et
3596 3481 3780 3536 nostri

2189 3568 2366 3638 adhuc
2392 3583 2474 3638 sui
2515 3582 2690 3637 fidelis
2722 3596 2982 3636 amorem.
3012 3579 3161 3647 Quod
3192 3580 3237 3634 si
3276 3593 3376 3633 nec
3399 3592 3496 3648 per
3523 3590 3622 3631 vos
3674 3590 3781 3630 nec

2189 3689 2284 3738 per
2311 3675 2458 3729 illum
2487 3675 2643 3729 irrita
2668 3674 2832 3729 fuerit
2855 3674 2970 3728 haec
2997 3672 3151 3742 quasi
3187 3679 3442 3742 perpetua
3464 3668 3638 3724 nostri
3669 3667 3780 3722 loci

2189 3762 2455 3829 confusio,
2481 3764 2610 3834 quid
2638 3772 2804 3819 restat
2829 3762 2996 3827 aliud,
3029 3762 3133 3817 nisi
3157 3769 3215 3815 ut
3240 3761 3452 3830 penitus
3479 3757 3782 3814 iuterdica-

2192 3855 2260 3908 tis
2283 3854 2366 3925 agi
2398 3854 2637 3908 divinum
2666 3852 2901 3910 cilicium
2943 3854 2994 3908 in
3047 3861 3160 3909 toto
3205 3852 3518 3922 episcnpatn
3547 3850 3780 3906 nostro?

2192 3943 2290 4015 ipsi
2318 3944 2460 4010 inde,
2499 3945 2636 4001 heul
2672 3944 2849 4011 inviti,
2871 3952 2927 4000 et
2954 3943 3188 3999 maxima
3215 3943 3540 3997 necessitate
3570 3942 3778 4011 coacti,

2193 4033 2374 4105 aliquo
2404 4033 2734 4099 exsulantes,
2769 4048 2873 4088 nec
2916 4032 3087 4087 oculis
3116 4032 3316 4086 nostris
3349 4031 3533 4086 videre
3561 4030 3774 4087 diutius

2192 4133 2394 4181 sanctae
2422 4124 2514 4179 Dei
2551 4124 2805 4180 Ecclesiae
2833 4124 3295 4179 conculcatiouem
3322 4122 3577 4178 ferentes.
3613 4120 3779 4189 Quod

2192 4213 2465 4270 nefacere
2492 4229 2774 4286 cogamur,
2820 4226 3053 4271 vestram
3095 4214 3524 4270 misericordiam
3574 4213 3780 4269 iterum

2195 4307 2499 4376 iterumque
2527 4306 2773 4363 ﬂebiliter
2798 4323 3018 4361 oramus
3068 4322 3135 4362 ne
3171 4315 3225 4362 et
3255 4305 3405 4367 illud,
3433 4304 3579 4374 quod
3606 4305 3773 4359 absit!

2114 4405 2170 4465 Β
2195 4398 2331 4466 apud
2357 4408 2675 4452 extraneum
2705 4414 2883 4468 regem
2908 4398 2991 4451 vel
3024 4398 3402 4466 imperatorem
3428 4393 3587 4449 fateri
3618 4408 3774 4449 com—

2198 4488 2459 4555 pellamur
2487 4502 2517 4541 a
2556 4487 2707 4555 vobis
2731 4488 2963 4551 exsules,
2995 4487 3232 4543 noluisse
3274 4502 3372 4541 vos
3418 4485 3502 4539 vel
3541 4500 3649 4539 non
3679 4500 3778 4537 va-

2198 4578 2362 4634 luisse
2401 4593 2651 4647 sponsam
2696 4577 2897 4634 Cbristi
2946 4586 3186 4633 sanctam
3234 4577 3568 4643 Ecclesiam,
3618 4575 3777 4630 vobis

2200 4668 2432 4742 [nobis?]
2470 4684 2657 4738 regere
2688 4670 3058 4734 commissam,
3093 4669 3257 4725 tueri.

2548 4796 2879 4853 EPISTOLA
2917 4795 3089 4852 XXXI
3120 4795 3267 4869 [olim
3304 4795 3418 4868 ιη.

2683 4887 2833 4958 (Post
2866 4902 3063 4942 annum
3105 4886 3288 4958 1019.)

2198 4980 2419 5034 Domino
2447 4997 2542 5034 suo
2573 4980 2848 5043 Rousn'ro,
2878 4980 2982 5046 regi
3009 4977 3396 5045 benignissimo,
3428 4976 3773 5043 Fontanus,

2266 5048 2363 5103 Dei
2410 5061 2454 5102 et
2504 5051 2587 5102 mi
2635 5051 2807 5117 gratia
2846 5046 3180 5103 Carnotensis
3226 5046 3530 5116 cpiscopus,
3572 5056 3771 5100 statum

2267 5119 2437 5188 plena:
2465 5118 2745 5189 felicitatis.

2267 5230 2556 5285 Postouam
2590 5227 2986 5283 transmisimus
3015 5225 3166 5282 vobis
3204 5223 3412 5282 litteras
3433 5240 3532 5297 per
3556 5224 3771 5296 Hagen-

2195 5386 2325 5440 bere
2343 5386 2445 5455 legi
2469 5385 2860 5440 Carnotensem.

2269 5456 2380 5523 (26)
2404 5454 2585 5511 ’Usum
2619 5454 3025 5525 temporisguota
3059 5454 3148 5525 hic
3181 5463 3236 5525 et
3269 5454 3427 5509 infra.

2269 5525 2377 5597 (27)
2415 5525 2527 5597 [loc
2584 5522 2975 5597 tempore‘Odo
3020 5524 3162 5597 filius
3203 5523 3403 5597 Odonis
3430 5524 3763 5597 Acampauia:

2196 5592 2378 5648 comes
2429 5592 2707 5650 Blescnsis’
2730 5603 2785 5647 et
2823 5592 3190 5657 Carnoteusis,
3237 5596 3388 5648 duxit
3430 5593 3763 5661 Matiiildem,

2195 5664 2358 5719 filiam
2388 5663 2659 5729 Ricbardi,
2688 5663 2843 5731 primi
2868 5663 3017 5719 ducis
3046 5663 3404 5719 Normaunite.
