4018 6396
273 302 391 359 217

278 529 447 585 quam
474 511 713 567 Ecclesia
742 521 926 585 nostra
948 510 1170 580 patitur,
1203 509 1363 564 locuti
1397 523 1583 562 sumus
1612 522 1734 561 cum
1766 508 1858 560 do—

275 602 432 657 mino
478 615 608 671 rege
646 599 889 669 llugone,
931 599 1041 654 ﬁlio
1075 610 1277 662 vestro,
1321 598 1659 652 sciscitantes
1688 596 1756 650 ab
1793 610 1859 649 eo

272 708 380 747 cur
403 692 560 747 nobis
591 692 642 745 in
674 699 819 747 tanta
849 691 1166 747 necessitate
1181 705 1283 745 non
1299 689 1648 745 succurrerit.
1673 687 1774 755 Qui
1802 703 1858 744 se

272 793 470 844 contra
500 798 601 838 nos
640 783 911 837 humiliter
933 798 1169 853 purgans
1215 781 1492 852 respondit
1519 781 1641 849 quia
1672 778 1859 850 procul

272 888 302 925 a
337 873 497 928 nobis
521 880 661 937 erat,
692 872 813 927 ideo
851 871 1157 927 facultatem
1186 871 1287 927 sibi
1331 869 1584 925 ‘veniendi
1623 869 1676 923 in
1707 869 1858 923 anxi-

273 964 410 1016 lium
440 972 685 1017 nostrum
734 978 841 1018 non
891 961 1080 1029 luisse,
1114 963 1223 1017 imo
1266 960 1473 1032 capiam
1502 960 1738 1016 virorum
1766 959 1858 1029 qui

273 1069 336 1109 se
368 1053 760 1110 comitarentur
787 1070 892 1110 non
948 1054 1221 1109 habuisse.
1251 1050 1416 1122 Cujus
1458 1067 1554 1106 nos
1582 1051 1857 1121 purgatio-

276 1145 363 1198 nis
388 1159 609 1199 causam
645 1144 867 1199 minime
912 1144 1300 1208 discredentes,
1336 1158 1436 1212 pro
1478 1141 1569 1196 illo
1623 1150 1858 1196 vestram

274 1232 620 1288 clementiam
653 1249 896 1299 oramus,
948 1249 1016 1288 ne
1062 1232 1156 1288 fiat
1207 1233 1378 1288 aliena
1405 1248 1434 1288 a
1461 1242 1645 1289 vestro
1677 1233 1859 1302 genito

272 1327 623 1395 paternitatis
668 1334 862 1382 vestrae
902 1327 1098 1397 gratia,
1129 1326 1174 1381 si
1227 1333 1429 1382 sancta:
1467 1325 1721 1381 Ecclesiae
1751 1340 1858 1380 non

274 1416 533 1482 pnestitit
560 1429 736 1487 opem,
783 1432 904 1486 qua:
955 1416 1300 1487 impossibilis
1335 1426 1453 1472 erat
1495 1417 1545 1473 ei
1590 1417 1855 1488 praestari.

271 1507 359 1561 Ad
386 1523 486 1563 vos
515 1508 749 1573 tandem,
778 1507 1127 1563 dilectissime
1146 1506 1383 1573 domine,
1410 1506 1579 1562 nostri
1607 1504 1856 1576 adjutorii

273 1614 491 1653 summa
515 1599 678 1663 redit,
721 1600 873 1669 cujus
910 1597 1143 1668 gratuita
1192 1599 1431 1671 bonitate
1468 1597 1711 1668 praesulis
1763 1596 1859 1650 lio-

273 1704 412 1743 nore
456 1688 753 1760 fungimur,
798 1696 854 1743 et
895 1688 1057 1743 tutela
1085 1687 1236 1757 cujus
1272 1702 1433 1758 posse
1464 1687 1598 1757 eripi
1628 1701 1658 1740 a
1689 1684 1860 1739 malo-

273 1794 399 1832 rum
445 1778 659 1848 injuriis
702 1779 922 1834 omnino
968 1778 1307 1834 confidimus.
1369 1777 1474 1833 Sed
1526 1778 1593 1833 ab
1633 1777 1699 1831 iis
1739 1791 1859 1846 qua:

272 1868 441 1923 modo
487 1869 643 1925 nobis
686 1869 1006 1925 incumbunt
1063 1869 1182 1925 sine
1233 1867 1400 1924 multo
1443 1869 1629 1924 labore
1678 1875 1861 1923 vestro

271 1972 561 2027 speramus
582 1959 722 2027 erui,
761 1960 1050 2014 dummodo
1074 1975 1232 2029 prece
1260 1967 1313 2012 et
1334 1959 1708 2014 obsecratione
1736 1974 1860 2013 cum

270 2046 466 2106 Odone
493 2051 691 2106 comite
719 2051 916 2107 obnixe
950 2051 1122 2122 agatis
1159 2060 1427 2121 quatenus
1455 2050 1597 2104 idem
1641 2064 1744 2104 nos
1792 2048 1861 2103 ab

270 2142 384 2198 illis
406 2143 681 2214 expediat.
711 2141 978 2200 Caeterum
1022 2142 1428 2199 serenissimam
1474 2142 1730 2215 pietatem
1771 2155 1861 2196 ve-

270 2242 447 2289 stram
476 2234 810 2304 appellamus
844 2251 944 2306 pro
977 2235 1165 2290 eodem
1205 2248 1330 2305 rege
1377 2233 1485 2289 lilio
1529 2242 1734 2297 vestro,
1766 2230 1857 2300 qui

270 2323 409 2379 satis
436 2339 704 2394 superque
757 2324 1033 2380 desolatus
1088 2324 1311 2379 incedit.
1364 2322 1551 2393 Neque
1612 2322 1757 2376 enim
1803 2322 1859 2376 in

269 2415 437 2470 domo
470 2425 648 2471 vestra
687 2431 811 2470 cum
865 2414 1158 2470 securitate
1208 2413 1290 2469 vel
1333 2413 1602 2469 charitate
1644 2411 1773 2467 licet
1806 2412 1856 2466 ei

271 2520 518 2570 manere,
549 2520 727 2575 neque
764 2503 897 2559 foris
918 2512 1004 2560 est
1031 2504 1080 2558 ei
1112 2504 1255 2558 unde
1298 2503 1446 2557 vivat
1487 2519 1611 2557 eum
1652 2501 1859 2557 honore

270 2593 388 2662 regi
440 2602 798 2662 competente.
856 2592 1011 2650 Unde
1057 2607 1154 2647 vos
1208 2600 1422 2660 oportet
1472 2591 1674 2660 aliquid
1727 2589 1857 2644 boni

269 2683 486 2736 consilii
516 2682 771 2753 reperire,
800 2689 857 2738 et
879 2682 952 2736 illi
984 2683 1313 2753 impendere,
1344 2696 1413 2736 ne
1433 2680 1561 2735 dum
1584 2680 1672 2737 ille
1699 2681 1856 2750 quasi

268 2771 589 2839 peregrinus
636 2780 693 2826 et
738 2770 996 2843 profugus
1043 2772 1192 2842 agit,
1244 2771 1454 2840 paterni
1501 2771 1667 2825 animi
1712 2770 1855 2825 fama

271 2860 429 2914 vobis
456 2860 735 2930 depereat.

590 3012 920 3070 EPISTOLA
957 3013 1153 3069 XXXII
1180 3013 1326 3087 [aliut
1355 3014 1541 3089 LXX].

768 3124 919 3198 (Post
945 3141 1144 3181 annum
1175 3126 1357 3194 1019.)

268 3237 592 3294 Ρῠιὶιιειιτυε
617 3236 884 3307 indignus;
897 3237 1167 3307 episcopus
1194 3236 1530 3306 ine/rabiliter
1556 3238 1715 3290 chara
1750 3235 1854 3290 Pa-

340 3319 412 3430 tr;
438 3318 485 3361 et
504 3308 717 3429 famine
736 3305 832 3362 suo
855 3305 1080 3363 ODILONl
1103 3324 1219 3361 cum
1250 3305 1498 3361 cherubin
1520 3317 1567 3361 et
1608 3308 1854 3378 seraphin

341 3395 373 3432 ο
415 3395 476 3431 as
525 3393 669 3448 aqua.

296 3578 299 3581 _
340 3511 588 3578 Quantas
616 3509 800 3563 animo
822 3508 1109 3578 concipere
1152 3524 1370 3578 possum
1403 3509 1496 3564 tibi
1532 3508 1732 3580 gratias
1760 3509 1855 3564 ha-

267 3600 393 3666 bet),
431 3608 621 3655 sancte
661 3599 843 3663 Pater,
877 3602 969 3669 qui
1011 3615 1132 3654 meo
1174 3599 1437 3653 arbitratu
1475 3599 1752 3653 tmdiosam
1799 3606 1855 3653 et

270 3693 361 3746 vix
393 3690 728 3746 tolerabilem
757 3690 1220 3761 importunitatem
1254 3705 1426 3745 meam
1457 3690 1610 3759 quasi
1640 3707 1737 3760 pro
1761 3690 1855 3745 de-

269 3783 412 3837 liciis
443 3782 611 3837 babes
636 3800 650 3834 :
689 3797 950 3852 servoque
974 3781 1088 3853 (28)
1115 3791 1168 3837 et
1195 3797 1291 3836 sua
1318 3780 1415 3836 tibi
1437 3780 1649 3835 debenti
1672 3780 1854 3835 omnia

268 3887 430 3928 versa
458 3872 576 3927 vice
605 3872 856 3927 dominus
909 3886 1072 3942 paras
1105 3871 1387 3940 obsequia.
1427 3871 1567 3926 Vere
1604 3870 1737 3923 vivit
1768 3870 1855 3925 hic

269 3974 327 4022 et
356 3964 594 4035 fulgurat
634 3964 724 4018 illa
766 3963 920 4019 fortis
960 3972 1015 4020 et
1051 3965 1294 4034 speciosa
1326 3963 1586 4028 charitas,
1614 3979 1732 4032 qua:
1770 3977 1857 4017 se-

270 4057 508 4112 cundum
537 4056 855 4126 Apostolum
879 4056 1091 4126 patiens
1111 4064 1216 4120 est,
1244 4056 1471 4125 benigna
1499 4065 1599 4117 est,
1626 4066 1679 4111 et
1701 4055 1854 4124 cujus

273 4148 431 4215 vigor
461 4162 735 4216 nunquam
782 4146 1003 4202 excidit.
1040 4145 1152 4201 Hac
1184 4146 1414 4214 denique
1444 4146 1856 4215 praesentialiter

272 4237 486 4290 fruendi
512 4237 779 4291 desiderio
804 4251 1065 4298 maceror,
1107 4236 1199 4291 sed
1221 4236 1369 4306 gravi
1402 4236 1467 4289 ad
1495 4252 1730 4305 praesens
1754 4235 1856 4289 dif-

272 4326 517 4382 ficultate
562 4327 827 4382 detineor.
874 4318 1182 4405 Malcfactor
1221 4328 1364 4380 cnim
1410 4326 1499 4380 ille
1529 4326 1851 4392 Gaulridus,

1743 292 2123 350 EPISTOLIE.

276 421 483 476 fridum
507 418 1155 488 clericum,quertmoni:e
1180 423 1398 481 nostrae,
1428 415 1493 470 de
1513 427 1859 486 oppressroue
1885 416 1937 471 A

3436 295 3540 348 ειδ

2146 498 2151 503 ⁸
2241 410 2571 471 Ei'lSTOLA
2608 413 2825 469 XXXIII
2862 410 3010 485 [olim
3040 410 3249 483 LXXI].

2462 506 2642 578 (Circa
2669 521 2797 561 ann.
2825 504 3029 574 eutnd.)

1961 597 2114 664 Quod
2132 598 2333 668 jugiter
2359 598 2412 651 in
2435 599 2554 651 sinu
2583 598 2846 651 memoria’
2874 595 3006 664 foret
3030 594 3239 668 domino
3271 593 3444 668 abbati
3463 591 3531 646 G.

2028 663 2345 790 Fluctis‘nrcs
2398 668 2796 722 Carnotensium
2855 663 3098 719 sacerdos
3155 663 3534 717 abundantiam

2029 755 2055 790 c
2074 749 2347 790 tantum.

2029 749 2324 792 Charilaus.
2344 758 2347 761 λ

2029 826 2357 899 Peregrinus
2403 828 2620 898 quidam
2672 827 2840 882 frater
2887 825 3106 881 nomine
3160 823 3536 895 Ilermengaud

1960 934 2058 973 nos
2080 918 2501 975 consolationem
2527 919 2796 989 petiturus
2825 918 2977 984 adiit,
3004 916 3174 979 vultu,
3202 930 3453 971 sermone
3478 925 3537 971 et

1958 1008 2145 1063 habitu
2171 1009 2503 1078 pmnitentis.
2535 1008 2735 1064 Sentus
2754 1009 2896 1065 enim
2928 1016 2981 1063 et
3006 1006 3300 1078 squalidus,
3333 1006 3537 1075 pallen-

1962 1105 2109 1174 tique
2138 1105 2311 1161 macie
2339 1104 2696 1169 deformatus,
2718 1119 2815 1159 sua
2842 1103 2998 1172 culpa
3022 1103 3087 1157 de
3111 1100 3275 1155 vestri
3301 1100 3537 1168 cmuobii

1959 1196 2212 1266 paradiso
2258 1211 2317 1251 se
2362 1196 2796 1267 conquerebatur
2840 1194 3154 1265 expulsum;
3204 1193 3268 1247 in
3307 1207 3539 1263 corpore

1958 1287 2102 1343 fesso
2123 1288 2439 1343 morientem
2465 1288 2701 1343 animam
2729 1285 3098 1343 circumferre.
3134 1284 3287 1352 Quod
3315 1284 3536 1338 verbum

1960 1380 2213 1435 interitus
2258 1379 2607 1437 admittentes
2649 1378 3024 1450 compassione
3068 1389 3288 1440 carere,
3332 1388 3538 1444 vosque

1957 1486 2059 1541 pro
2100 1472 2191 1526 illo
2231 1486 2338 1526 non
2362 1485 2557 1541 rogare
2586 1470 2891 1539 nequimus.
2922 1468 3219 1523 Precamur
3256 1466 3458 1535 itaque,
3488 1464 3538 1520 si

1958 1563 2064 1629 vis,
2091 1564 2136 1617 si
2164 1562 2246 1617 fas
2269 1571 2372 1626 est,
2418 1561 2471 1615 in
2502 1561 2722 1616 nomine
2747 1561 2865 1631 ejus
2888 1558 3099 1615 Domini
3135 1558 3227 1628 qui
3265 1558 3421 1627 juxta
3454 1566 3540 1612 est

1958 1655 2044 1710 his
2068 1653 2159 1722 qui
2190 1652 2446 1707 tribulato
2471 1660 2598 1707 sunt
2618 1651 2800 1711 corde,
2825 1661 2884 1705 ut
2910 1658 3134 1721 paterna
3171 1648 3372 1717 pietate
3400 1645 3537 1700 reci-

1890 1743 1933 1802 B
1963 1744 2120 1813 piatis
2148 1744 2291 1798 hunc
2322 1742 2490 1798 filium
2530 1740 2642 1811 jam
2682 1741 2898 1797 tandem
2944 1754 3067 1795 sero
3092 1736 3425 1808 postliminio
3453 1749 3537 1790 re-

1962 1843 2259 1890 vertentem
2287 1853 2300 1888 :
2337 1849 2444 1904 quo
2472 1834 2538 1888 de
2565 1846 2825 1889 converso
2853 1838 3141 1902 peccatore
3183 1843 3287 1883 non
3330 1835 3540 1881 tantum

1961 1926 2135 1995 angeli
2163 1927 2279 1990 Dei,
2312 1942 2501 1981 verum
2530 1926 2691 1980 etiam
2730 1924 2831 1994 ipsi
2869 1924 3098 1987 fratres,
3134 1934 3363 1990 quorum
3404 1933 3534 1989 pro-

1960 2018 2080 2086 pius
2109 2016 2365 2079 interest,
2413 2015 2771 2085 gratulentur.
2820 2013 3007 2069 Valete
3046 2026 3316 2067 memores
3343 2007 3536 2075 vestri,

1962 2106 2131 2161 nostri
2156 2122 2264 2161 non
2298 2106 2664 2161 immemores.

2262 2195 2596 2250 EPISTOLA
2623 2192 2842 2248 XXXIV
2874 2192 3031 2264 [olim
3063 2188 3210 2264 CV.]

2452 2284 2604 2355 (Post
2629 2299 2829 2338 annum
2858 2281 3037 2352 1019.)

1957 2374 2309 2430 Dilectissimo
2360 2374 2572 2428 domino
2622 2389 2720 2428 suo
2763 2372 3022 2426 Romam
3069 2369 3179 2438 regi
3226 2385 3290 2422 ac
3344 2369 3539 2438 regina:

2028 2446 2384 2501 CONS'I‘ANTIE
2416 2445 2613 2497 utinam
2626 2445 2679 2497 in
2692 2443 2915 2496 Domino
2929 2440 3383 2500 constuntissimw,
3397 2440 3539 2492 FUL—

2027 2515 2452 2571 Bsn'ruslmmilis
2468 2512 2866 2568 Carnotensium
2878 2511 3147 2579 episcopus
3163 2507 3431 2577 ﬁdelitatis
3446 2512 3540 2559 ob-

2031 2587 2260 2657 sequium
2272 2596 2317 2639 et
2331 2585 2584 2638 arationis
2610 2583 2865 2652 suﬁ'ragia
2876 2591 3145 2650 ,quamum
3169 2579 3262 2632 scit
3277 2593 3339 2630 ac
3349 2585 3536 2646 potest.

2028 2675 2254 2745 Cognita
2302 2689 2400 2745 per
2446 2675 2692 2727 nuntium
2723 2679 2964 2726 vestrum
3011 2668 3292 2740 alacritate
3332 2672 3535 2729 vestra,

1956 2769 2150 2839 gaudio
2178 2782 2372 2836 magno
2413 2763 2601 2836 repleti
2647 2778 2853 2829 sumus,
2898 2763 3008 2817 Deo
3047 2760 3251 2830 gratias
3292 2763 3534 2828 agentes.

1856 2921 1861 2926 η
1957 2859 2124 2915 Vobis
2146 2858 2291 2914 enim
2321 2855 2698 2919 incolumibus,
2735 2869 2834 2908 nos
2863 2854 3001 2907 bene
3021 2851 3284 2906 valituros
3314 2863 3411 2918 per
3437 2847 3533 2902 Dei

1955 2948 2183 3019 gratiam
2219 2956 2273 3002 et
2292 2954 2529 3000 vestram
2566 2957 2864 3014 speramus.
2897 2941 3163 3009 Quoniam
3186 2948 3369 2994 autem
3412 2936 3531 3008 pla-

1880 3071 1927 3132 c
1960 3039 2073 3094 cuit
2122 3037 2353 3094 bonitati
2400 3046 2595 3090 vestra:
2639 3033 2922 3089 consulere
2972 3048 3075 3089 nos
3128 3046 3291 3102 super
3339 3030 3531 3130 habitu

1957 3135 2164 3192 nostro,
2204 3125 2492 3182 scribimus
2535 3124 2686 3179 vobis
2725 3123 2905 3178 multis
2951 3138 3050 3177 nos
3075 3122 3141 3176 ad
3171 3133 3411 3190 prmsens
3445 3119 3534 3173 in-

1954 3216 2253 3272 commodis
2267 3216 2467 3287 urgeri,
2498 3228 2617 3285 qua?
2641 3214 2797 3269 nobis
2817 3213 2981 3267 infert
3006 3211 3296 3268 Gaufridus
3324 3210 3534 3264 vieeco—

1954 3324 2071 3364 mes
2092 3309 2158 3363 de
2170 3307 2360 3362 Castro
2384 3306 2637 3361 dunensi.
2662 3304 2870 3361 llefecit
2888 3305 3033 3359 enim
3065 3312 3193 3357 aute
3213 3300 3403 3357 Natale
3428 3300 3535 3356 Do-

1954 3403 2085 3458 mini
2109 3401 2384 3457 castellum
2412 3400 2478 3455 de
2505 3398 2831 3464 Galardone,
2848 3398 2991 3467 quod
3006 3396 3135 3451 olim
3165 3395 3533 3459 destruxistis,

1953 3502 2008 3547 et
2034 3507 2160 3547 ecce
2201 3492 2356 3546 tertia
2403 3491 2490 3545 die
2538 3499 2662 3560 post
2710 3489 3065 3559 Epiphaniam
3118 3486 3334 3543 Domini
3370 3485 3538 3555 cmpit

1954 3583 2134 3637 facere
2163 3581 2392 3636 alterum
2422 3580 2698 3635 castellum
2732 3579 2873 3648 apud
2892 3577 3085 3633 Isleras
3109 3576 3250 3630 intra
3280 3576 3438 3630 villas
3465 3574 3528 3629 S.

1954 3674 2157 3728 Mariae.
2187 3671 2339 3729 Unde
2366 3671 2571 3743 legatos
2596 3679 2812 3725 nostros
2838 3669 3088 3724 misimus
3106 3668 3175 3721 ad
3212 3666 3377 3720 lilium
3409 3679 3533 3720 ves-

1955 3778 2097 3822 trum
2132 3781 2312 3837 regem
2356 3765 2644 3820 llenricum
2688 3762 2818 3837 [leg.
2848 3760 3160 3833 Ilugonem]
3202 3770 3258 3816 et
3290 3759 3534 3815 Odonem

1954 3856 2230 3921 comitem,
2262 3854 2455 3909 incerti
2478 3862 2658 3908 utrum
2689 3853 2900 3908 illorum
2944 3866 3169 3907 assensu
3200 3858 3346 3904 tanta
3388 3848 3531 3904 mala

1955 3947 2387 4017 praesumpserit;
2433 3945 2591 4000 aliter
2633 3944 2778 3999 enim
2820 3944 2937 3998 lucc
2986 3942 3133 3997 illum
3184 3940 3402 4011 aggredi
3441 3940 3533 3994 vix

1953 4038 2223 4108 opinabile
2248 4046 2350 4091 est.
2385 4036 2492 4092 Sed
2522 4035 2566 4091 si
2596 4034 2672 4090 illi
2702 4048 2802 4089 nos
2841 4034 2894 4087 in
2922 4033 3084 4087 tantis
3115 4029 3534 4086 adversitatibus

1955 4145 2060 4201 non
2097 4128 2417 4198 adjuverint,
2448 4128 2515 4183 ad
2557 4143 2655 4182 vos
2702 4134 2825 4196 post
2868 4126 3154 4180 Dominum
3189 4122 3531 4192 respicimus,

1956 4233 2012 4277 ut
2036 4239 2133 4293 per
2158 4239 2255 4278 vos
2272 4222 2341 4277 ab
2367 4220 2670 4292 lmjusmodi
2700 4219 3052 4289 oppressione
3091 4216 3403 4272 liberemur.
3427 4214 3533 4268 Do-

1956 4312 2126 4366 Icmus
2161 4320 2340 4367 autem
2362 4328 2460 4366 vos
2493 4311 2566 4365 ita
2608 4325 2751 4364 nunc
2788 4310 2842 4363 in
2875 4308 2996 4363 aliis
3031 4305 3275 4377 partibus
3302 4319 3534 4373 occupa-

271 4431 434 4485 quem
486 4431 585 4484 pro
632 4415 815 4470 multis
858 4397 1190 4471 facinoribus
1236 4416 1849 4481 exconnnunicaveram,
1879 4406 1931 4464 D
1959 4411 2319 4465 losultvestro
2346 4416 2602 4457 succursu
2629 4401 2696 4456 de
2718 4399 2971 4471 praesenti
2992 4397 3260 4468 respirare
3292 4410 3531 4465 nequea-

271 4506 483 4562 incerto
511 4516 689 4561 utrum
733 4509 1052 4577 desperatus
1098 4522 1165 4561 an
1218 4523 1406 4562 versus
1441 4508 1492 4561 in
1524 4508 1853 4573 amentiam,

266 4598 500 4654 collecta
556 4598 896 4653 multitudine
949 4598 1177 4651 militum
1230 4612 1337 4667 quo
1390 4597 1616 4652 ducendi
1673 4606 1857 4652 essent

271 4689 659 4760 ignorantium,
689 4689 844 4744 villas
869 4698 1083 4744 nostras
1122 4690 1412 4758 improviso
1439 4689 1689 4743 incendio
1717 4704 1851 4742 con—

269 4784 557 4845 cremavit,
587 4785 848 4853 nobisque
877 4778 1107 4855 quantas
1149 4795 1327 4856 potest
1358 4787 1699 4841 machinatur
1726 4787 1855 4842 iusi-

270 4876 411 4929 dias.
463 4874 636 4944 Super
676 4875 763 4930 his
790 4877 992 4946 itaque,
1025 4892 1093 4931 ne
1135 4886 1293 4932 tanta:
1334 4892 1508 4931 causa:
1537 4877 1849 4933 indiscussa:

269 4963 355 5016 vel
388 4963 571 5018 inulta:
596 4975 930 5031 remaneant,
960 4969 1263 5021 necessario
1292 4968 1418 5021 mihi
1449 4969 1848 5024 conveniendus

267 5064 356 5106 cst
380 5053 633 5122 primitus
669 5054 784 5111 Odo
813 5073 1011 5113 comes.
1046 5057 1197 5126 Quod
1221 5059 1266 5114 si
1293 5059 1731 5125 dissimulaverit,
1768 5076 1852 5114 rc-

268 5146 438 5198 stabit
473 5147 614 5215 regis
644 5157 699 5202 et
726 5148 981 5205 Richardi
1019 5168 1209 5223 rogare
1252 5154 1574 5222 patrocinia.
1616 5156 1770 5221 Quod
1804 5156 1850 5209 si

267 5238 361 5292 isti
403 5254 619 5308 quoque
654 5242 904 5311 opitulari
933 5245 1285 5315 neglexerint,
1330 5246 1456 5316 quid
1498 5247 1689 5302 melius
1718 5248 1849 5302 mihi

267 5335 440 5381 restet
462 5345 568 5382 non
604 5329 781 5395 video,
811 5346 971 5400 quam
998 5332 1109 5389 hzec
1140 5335 1299 5390 missa
1328 5335 1526 5401 facere,
1555 5346 1608 5392 et
1631 5337 1847 5393 Christo

266 5418 536 5473 secretius
560 5419 850 5476 deservire.
887 5423 1090 5478 Valete.

1955 4509 2094 4555 tuus.
2144 4490 2298 4558 Quod
2341 4493 2387 4546 sl
2430 4492 2538 4546 cito
2567 4491 2722 4546 nobis
2768 4507 2799 4547 a
2840 4490 2953 4545 ﬁlio
2988 4498 3171 4544 vestro
3207 4487 3531 4543 subventum

1920 4600 2061 4638 ειιοη
2113 4583 2293 4646 fuerit,
2321 4581 2595 4637 comnumi
2646 4590 2955 4636 nostrorum
2995 4577 3244 4642 consilio,
3287 4577 3531 4631 divinum

1954 4672 2186 4726 cilicium
2209 4671 2507 4726 desiturum
2524 4672 2576 4725 in
2595 4681 2707 4725 toto
2722 4674 3033 4739 episcopatu
3051 4675 3235 4723 nostro
3248 4664 3528 4720 noveritis.

1955 4766 2010 4821 Si
2032 4780 2216 4821 comes
2244 4765 2359 4820 Odo
2379 4764 2518 4834 apud
2545 4779 2642 4818 vos
2671 4771 2771 4827 est,
2814 4772 3025 4818 monete
3050 4760 3199 4815 illum
3234 4768 3294 4814 ut
3329 4759 3528 4814 subve-

1953 4859 2068 4913 niat
2091 4858 2256 4929 nobis
2284 4866 2501 4928 pr0pter
2531 4856 2816 4912 Dominum
2844 4863 2901 4910 et
2925 4853 3239 4908 fidelitatem
3268 4859 3524 4904 vestram.

2262 4965 2595 5038 EPlSTOLA
2632 4964 2827 5020 xxxv
2867 4964 3014 5038 [olim
3038 4962 3174 5038 vui.

2427 5037 2604 5106 (Circa
2635 5052 2835 5091 annum
2868 5035 3052 5104 Nilo.)

1959 5129 2253 5186 Venerabili
2280 5129 2437 5201 fratri
2470 5140 2519 5183 et
2554 5129 2852 5250 coepiscopo
2895 5127 3162 5182 FBANCONI
3210 5124 3529 5180 FULBERTUS

2617 5217 2676 5250 sa
2705 5209 2860 5250 ulem.

2617 5209 2860 5252 salutent.

2023 5288 2363 5360 Snperlluum
2414 5289 2542 5343 duxi
2605 5288 2817 5358 longam
2881 5285 3110 5340 fabulam
3155 5283 3322 5338 nostri
3381 5284 3530 5338 senis

1953 5383 2333 5443 transcribere,
2384 5389 2441 5435 et
2484 5380 2699 5434 mittere
2746 5377 2860 5442 tibi,
2893 5393 3013 5431 cmn
3066 5387 3230 5429 totam
3263 5374 3527 5429 rationem

1950 5476 2090 5547 ejus,
2129 5475 2175 5531 si
2223 5489 2330 5545 qua
2377 5483 2480 5541 est,
2522 5487 2589 5528 ex
2636 5487 2754 5527 mea
2782 5470 2951 5526 brevi
2982 5469 3332 5539 responsione
3365 5465 3525 5522 facile

344 5642 456 5713 (28)
491 5643 802 5701 Fulbertum
825 5649 927 5703 sub
948 5647 1172 5705 OJiloue
1196 5650 1516 5706 monachum
1549 5652 1712 5710 fuisse
1736 5657 1850 5721 lucc
1892 5658 2141 5712 videntur
2165 5653 2410 5713 immere.
