3974 5374
462 145 569 201 219

1461 165 1520 221 S.
1560 168 1900 230 FULBERTI
1954 177 2426 242 CAliNOTENSlS
2467 188 2768 249 El’lSCOPl

3618 205 3719 260 220

453 262 731 332 percipere
767 267 967 334 possis;
998 270 1204 341 fuitque
1236 274 1540 346 hujusmodi
1567 299 1580 334 :
1618 304 1634 333 ι
1657 283 1829 339 Fratri
1862 287 1914 340 in
1943 288 2040 343 Do-
2070 300 2112 353 Α
2143 296 2239 350 has
2262 312 2383 353 cum
2430 302 2751 369 quibusdam
2784 306 3064 363 monachis
3094 309 3301 377 aberat,
3344 308 3463 370 sine
3489 329 3717 385 quorum

458 353 605 385 ηιίηη
633 355 680 385 οἳ
716 360 1085 385 ηηηοηωιηινηη
1117 379 1206 385 --η
1258 366 1276 385 ι
1297 383 1305 385 Α
1330 368 1365 385 οι
1388 384 1407 385 η
1502 371 1513 385 Ι
1596 372 1633 385 η
1677 375 1707 385 ι.
1944 379 1955 385 -
1979 380 1987 385 .

456 353 605 408 mino
633 355 682 409 ei
715 360 1087 416 consacerdoti
1114 379 1213 419 suo
1245 366 1551 437 Avisgaudo
1595 372 1898 431 Fulbertus.
1929 379 2042 433 Ab-

455 444 544 508 sit,
571 442 761 510 frater,
794 456 851 501 ut
882 450 1145 506 credatur
1165 469 1351 510 verum
1395 473 1537 525 esse,
1566 464 1708 531 quod
1751 460 2040 534 scripsisti,

455 548 635 587 meum
688 537 1129 607 archiprazsnlem
1180 557 1233 598 et
1283 563 1370 602 me
1446 560 1588 604 tuam
1644 555 2038 613 confessionem

457 621 761 689 publicasse
792 628 804 680 !
860 643 966 683 non
1007 641 1090 685 est
1123 634 1268 688 enim
1297 652 1509 692 verum.
1535 638 1723 710 Tuque
1752 645 1876 698 dum
1912 644 2039 702 talia

454 711 667 777 scribis,
724 714 860 770 bene
908 721 1116 776 meritis
1166 723 1234 779 de
1276 734 1331 780 te
1372 728 1612 796 ingratus
1639 748 1719 798 es,
1758 743 1813 788 et
1842 733 2038 803 injuste

453 805 834 861 contumeliam
882 809 1035 865 facis.
1071 812 1127 867 Si
1180 831 1284 885 qua
1331 819 1474 872 enint
1506 821 1730 877 honesta
1765 833 1853 879 tua
1889 827 2039 882 novi-

451 910 574 952 :nns
602 906 694 949 aut
724 901 1085 968 speravimus,
1142 905 1372 962 fideliter
1409 925 1473 964 ca
1514 912 1926 981 publicavimus,
1968 919 2035 972 ad

382 1002 387 1007 '
455 988 819 1044 testimonium
853 1002 955 1049 tua:
1032 997 1335 1065 probitatis,
1391 1011 1578 1056 contra
1628 1004 1747 1059 illos
1801 1008 2036 1063 maxime

451 1078 545 1144 qui
573 1079 956 1137 discessionem
1000 1095 1146 1140 tuam
1187 1088 1255 1143 ab
1296 1090 1606 1161 episc0patu
1651 1095 1914 1161 avaritiae,
1950 1098 2033 1151 vel

452 1171 701 1241 ignaviae,
756 1173 838 1228 vel
892 1177 1208 1246 turpitudini
1265 1182 1540 1237 ascribere
1583 1185 1917 1240 nitebantur.
1972 1188 2031 1242 Si

450 1276 569 1329 qua:
597 1276 725 1315 vero
746 1264 991 1330 occulta,
1044 1283 1164 1336 quae
1210 1271 1520 1338 pcenitenda
1573 1271 1791 1339 forent,
1836 1285 2031 1332 nostra:

448 1351 576 1406 fidei
607 1352 905 1418 credidisti,
938 1366 1092 1410 caute
1136 1358 1305 1413 celata
1354 1370 1500 1416 sunt.
1544 1364 1615 1415 At
1659 1364 1704 1417 si
1753 1365 1877 1419 talia
1909 1382 2055 1421 con--

450 1445 627 1499 fessus
672 1461 731 1500 es
773 1462 892 1514 qua:
937 1457 993 1503 et
1039 1451 1192 1520 prius
1235 1462 1290 1506 et
1331 1456 1671 1523 postmodum
1719 1472 1816 1512 ore
1884 1458 2025 1529 vulgi

447 1534 703 1588 ventilata
731 1537 856 1596 sint.
903 1555 965 1591 ea
1009 1556 1107 1594 nos
1135 1541 1410 1597 occultare
1441 1546 1749 1614 nequimus.
1778 1546 2025 1616 Comperi

447 1634 629 1680 autem
666 1641 734 1681 ex
763 1627 959 1684 litteris
1000 1631 1106 1686 tuis
1138 1633 1234 1687 tibi
1264 1633 1551 1688 molestum
1596 1651 1716 1691 esse
1777 1639 1921 1706 quod
1976 1648 2027 1693 te
2060 1635 2103 1693 Β

446 1717 762 1771 monasticae
798 1720 923 1774 vilic
954 1721 1191 1776 diximus
1229 1733 1548 1790 amatorem,
1584 1728 1747 1795 quod,
1774 1729 1896 1797 quia
1926 1744 2024 1782 no-

445 1819 571 1859 cere
596 1821 703 1860 non
735 1807 996 1878 intelligo,
1042 1810 1327 1865 molestum
1384 1828 1505 1868 esse
1547 1815 1804 1871 detniror.
1859 1816 2027 1871 Amor

446 1908 683 1964 namque
730 1896 1006 1967 religionis
1042 1901 1343 1970 episcopali
1374 1904 1567 1973 gradu,
1592 1921 1752 1975 quem
1794 1908 2022 1977 reperis,

445 1984 667 2052 dignum
717 1994 768 2040 te
793 1988 968 2056 potius
1002 2004 1163 2058 quam
1197 1992 1474 2062 indignum
1515 1995 1776 2060 ellicerct,
1809 1997 1853 2050 si
1889 1999 2023 2052 nihil

443 2074 589 2130 aliud
616 2076 920 2146 impediret.
958 2078 1147 2134 Utrum
1179 2090 1357 2136 autem
1389 2086 1480 2149 sit,
1513 2085 1596 2140 vel
1639 2087 1765 2155 quid
1791 2088 1861 2142 sit
1882 2089 2024 2157 quod

446 2165 726 2235 impediat,
775 2171 1126 2241 sagacitatem
1169 2182 1316 2228 tuam
1347 2190 1453 2229 non
1481 2177 1718 2232 arbitror
1749 2180 2021 2248 ignorare.

445 2259 501 2311 Si
559 2262 804 2329 quaedam
859 2264 1040 2332 gravis
1097 2280 1260 2320 causa
1328 2282 1490 2336 quam
1553 2268 1863 2324 dissimulas
1917 2288 2023 2326 non

439 2347 705 2413 obstaret,
735 2363 799 2402 ea
826 2359 908 2404 est
934 2349 1261 2419 huiusmodi.
1296 2353 1353 2407 Si
1387 2355 1453 2410 de
1492 2358 1784 2424 repetendo
1812 2360 2024 2427 cpisco-

444 2442 535 2512 pio
561 2444 958 2512 querimoniam
993 2447 1231 2515 incipere
1275 2448 1434 2512 velis,
1499 2464 1603 2504 non
1637 2453 1769 2505 satis
1800 2464 2025 2522 apparet

440 2533 525 2587 cui
553 2549 672 2587 eam
709 2533 833 2602 jure
885 2536 1166 2592 intendere
1209 2540 1401 2608 possis.
1438 2540 1626 2597 Nullus
1671 2544 1815 2597 enim
1850 2554 1901 2600 te
1929 2559 2022 2599 ex-

439 2623 601 2694 pulit,
631 2624 811 2679 nullns
834 2626 1146 2681 cathedram
1179 2636 1352 2693 tuam,
1404 2640 1455 2685 te
1499 2634 1787 2700 renitente,
1830 2651 2024 2705 perva-

441 2714 532 2778 sit;
561 2715 655 2769 sed
688 2724 913 2771 tutemet
940 2718 1081 2772 ultro
1108 2734 1272 2775 causa
1299 2723 1660 2792 aegritudinis,
1708 2735 1768 2780 ut
1815 2728 2017 2793 aiebas,

439 2820 628 2859 curam
659 2806 1021 2877 episcopalem
1044 2810 1203 2864 simul
1230 2813 1612 2868 etcathedram
1650 2815 1938 2886 reliquisti,
1964 2826 2024 2871 ut

438 2896 762 2965 perhibent:
796 2906 850 2951 et
878 2898 997 2953 sive
1020 2900 1360 2957 Francouem
1411 2913 1536 2960 tunc
1567 2906 1829 2962 decanum
1868 2909 2021 2963 Pari-

439 2986 638 3041 siensis
667 2986 958 3055 Ecclesiae,
1014 2990 1126 3045 sive
1175 2993 1471 3061 quemlibet
1521 2995 1683 3049 alium
1738 2998 2018 3068 subrogari
2047 2969 2093 3028 Ο

439 3076 542 3130 tibi
570 3077 752 3132 verbis
780 3085 837 3133 et
858 3080 1076 3149 scriptis
1106 3096 1135 3138 a
1166 3097 1291 3153 rege
1315 3086 1518 3154 petisti.
1551 3086 1708 3153 Quod
1732 3088 1775 3143 si
1804 3088 1878 3143 ita
1901 3098 2016 3155 est,

438 3175 493 3221 et
547 3166 626 3221 sic
680 3168 776 3223 tibi
834 3182 1232 3240 consequenter
1288 3176 1612 3232 substitutus
1656 3187 1741 3233 est
1786 3179 2042 3246 Franco,‘

438 3256 671 3327 cligente
709 3258 875 3327 clero,
903 3261 1231 3333 suffragante
1276 3267 1496 3336 populo,
1547 3268 1689 3324 dono
1723 3271 1893 3340 regis,
1921 3286 2019 3341 ap-

436 3350 759 3417 probatione
798 3351 1027 3407 Roman.
1055 3354 1294 3424 pontific.
1340 3372 1440 3426 per
1480 3375 1699 3415 manum
1742 3370 2019 3432 metropo-

436 3440 592 3497 litan.
648 3443 980 3501 Senouensis
1011 3488 1025 3512 ,
1088 3446 1310 3503 fulcitur
1357 3452 1542 3521 utique
1596 3454 1913 3508 substitutio
1964 3463 2017 3508 et

435 3537 772 3590 consecratio
797 3538 913 3608 ejus
950 3539 1133 3595 favore
1175 3555 1392 3611 quoque
1418 3552 1472 3597 et
1497 3534 1824 3600 auctoritate
1873 3545 2016 3600 beati

434 3622 660 3694 Gregor.
702 3641 872 3697 papae,
917 3628 1007 3697 qui
1040 3631 1258 3701 scriptis
1289 3623 1448 3698 suis,‘
1475 3634 1619 3688 sicut
1672 3634 1801 3687 nulli
1851 3635 2019 3703 ponti~

435 3712 594 3765 ticum
641 3730 744 3767 non
798 3717 1004 3785 petenti
1044 3733 1143 3787 pro
1192 3720 1434 3788 qualibet
1472 3721 1791 3791 aegritudine
1832 3736 2021 3776 succe-

435 3800 669 3857 dendum
700 3801 817 3858 fore
847 3804 1050 3869 docuit,
1104 3807 1178 3862 ita
1206 3809 1505 3863 voluntarie
1537 3811 1871 3865 renuntianti
1902 3811 2015 3865 sedi

435 3904 545 3943 sua:
597 3907 965 3947 successorem
1019 3895 1328 3952 nullomodo
1366 3898 1671 3968 denegavit.
1728 3899 1835 3954 Sed
1888 3901 2016 3969 quid

434 3979 580 4033 aliud
610 3989 693 4035 est
718 3996 885 4050 quare
917 3993 966 4038 te
991 3987 1304 4058 episcopatu
1343 3984 1533 4045 carere
1567 4001 1836 4061 oporteat,
1881 4006 1937 4048 tu
1968 4004 2017 4049 te

436 4070 673 4124 noveris.
710 4071 807 4125 Sin
838 4070 1039 4141 antem,
1066 4077 1168 4132 hoc.
1211 4080 1343 4132 tanti
1367 4082 1523 4135 nobis
1544 4095 1664 4137 esse
1694 4083 1930 4149 videtur,
1960 4085 2012 4139 ui

436 4156 557 4230 [leg.
574 4157 651 4230 ut]
668 4167 718 4214 te
732 4160 911 4216 facere
932 4165 1110 4219 valeat
1125 4170 1550 4237 recuperationis
1565 4173 1853 4228 exsortem.
1872 4174 2014 4241 Qua-

434 4257 655 4317 propter
682 4250 868 4306 desine
894 4254 1139 4310 curiosos
1183 4257 1530 4329 iustigatores
1572 4262 1781 4327 audire,
1827 4264 2012 4318 desine

434 4353 590 4409 reges
632 4350 686 4394 et
724 4342 994 4411 praesules
1028 4344 1317 4403 inefficacis
1369 4350 1726 4418 querimonia:
1775 4354 2010 4410 ttediosis

432 4433 915 4503 scriptitationibus
948 4438 1195 4509 fatigare,
1243 4448 1298 4495 et
1344 4442 1601 4498 Ecclesiae
1630 4445 1928 4501 Parisiensi
1960 4457 2012 4503 te

431 4525 737 4595 importune
758 4530 1050 4585 obtrudere
1080 4531 1233 4587 velle.
1266 4532 1416 4601 Qum,
1444 4543 1504 4588 ut
1535 4534 1757 4603 fatetur,
1786 4553 1887 4594 nec
1918 4555 2011 4611 pa—
2087 4524 2097 4533 κ

432 4626 650 4673 trouum
682 4629 733 4675 te
771 4621 1025 4678 habuisse
1063 4626 1245 4696 gavisa
1271 4635 1370 4692 est,
1415 4642 1515 4683 nec
1540 4628 1712 4683 doluit
1736 4631 2007 4698 amisisse;

430 4708 627 4777 quippe
657 4725 777 4763 cum
809 4726 983 4780 neque
1004 4729 1071 4767 ex
1102 4717 1387 4783 praesentia
1415 4726 1507 4772 tua
1544 4719 1803 4774 doctrinae
1828 4720 2011 4789 profe-

432 4808 595 4864 ctum,
621 4817 797 4871 neque
825 4819 894 4857 ex
920 4805 1161 4861 absentia
1189 4810 1419 4865 senserit
1440 4811 1844 4866 detrimentum.
1872 4811 2007 4868 Vale

433 4901 642 4943 memor
664 4891 859 4945 nostri.

699 4997 1035 5058 EPISTOLA
1070 5003 1289 5061 XXXVI
1336 5005 1481 5078 [olim
1520 5006 1788 5080 XXXIX].

440 5154 737 5211 Venerabili
773 5158 831 5184 "'
911 5094 1087 5168 (circa
1113 5111 1310 5149 ³η¹¹¹¹¹¹¹
1337 5098 1543 5154 mall-l7

2144 389 2386 443 consultu
2418 392 2567 448 vobis
2597 398 2908 465 responderi
2940 416 3045 455 non
3087 406 3388 472 oportebat.
3430 406 3599 475 Quos,
3632 411 3720 465 ubi

2143 480 2437 548 redierunt,
2465 490 2768 542 comumnui
2799 499 2855 543 ut
2880 505 2999 546 sese
3029 492 3094 547 ad
3124 494 3454 552 audientiam
3484 515 3724 569 praesen-

2146 578 2325 624 tarcnt
2365 584 2554 629 contra
2605 579 2858 635 domuum
2912 583 3236 642 Tetfridmn.
3296 588 3400 659 Ipsi
3441 607 3574 647 vero
3611 610 3722 650 res-

2141 662 2443 728 ponderunt
2496 682 2555 722 se
2598 673 2829 726 messivo
2879 683 3116 746 tempore
3159 693 3472 750 occupatos,
3502 684 3630 740 lites
3656 684 3721 739 ad

2141 766 2378 819 praesens
2427 758 2633 827 agitare
2674 776 2781 815 non
2817 778 2996 831 posse.
3027 765 3133 822 Sed
3175 770 3354 827 idibus
3388 773 3644 829 Octobris
3670 775 3721 829 in

2137 841 2516 901 Aurelianensi
2544 850 2793 917 concilio,
2841 857 2980 923 quod
3019 855 3258 914 futurum
3280 874 3401 916 esse
3426 862 3718 918 destinavi.

2137 949 2278 1000 mus,
2311 940 2641 995 constituent
2669 944 2819 998 vobis
2844 947 3148 1014 proximum
3181 952 3474 1007 audientia:
3497 963 3554 1008 et
3579 953 3723 1009 diem

2134 1033 2190 1078 et
2213 1025 2406 1081 locum.
2443 1028 2840 1087 Tantummodo
2869 1034 3092 1091 fratrem
3115 1053 3271 1094 suum
3307 1041 3611 1108 Dodonem,
3634 1046 3727 1112 qui

2132 1125 2218 1170 est
2243 1119 2382 1186 apud
2406 1134 2518 1185 vos,
2547 1122 2783 1179 reddatis
2803 1125 3037 1182 cisinfra
3062 1132 3375 1198 praadictum
3401 1134 3743 1188 tenniuum.‘

2132 1205 2343 1262 Interea
2364 1209 2558 1266 oblatae
2581 1223 2706 1267 sunt
2732 1215 2889 1270 nobis
2905 1219 3151 1285 qumdam
3179 1220 3374 1275 littera:
3403 1223 3508 1277 sub
3538 1233 3727 1278 vestro

2131 1300 2353 1355 nomine
2378 1305 2700 1374 conscriptae
2721 1306 2785 1360 ad
2814 1308 3072 1364 domuum
3098 1311 3438 1383 Arnulphum
3462 1318 3721 1373 abbatem

2132 1388 2319 1444 Sancti
2346 1390 2516 1460 Petri,
2553 1395 2923 1464 significantes
2951 1415 3048 1455 vos
3075 1407 3581 1463 excommunicasse
3609 1425 3724 1464 mo-

2128 1480 2335 1535 nachos
2362 1491 2597 1538 nostros.
2618 1484 2721 1540 Sed
2735 1490 3112 1546 auctoritatem
3136 1508 3241 1561 qua
3269 1495 3422 1550 vobis
3448 1498 3502 1550 id
3532 1497 3719 1563 liceat,

2130 1584 2217 1623 me
2265 1586 2371 1625 non
2427 1575 2647 1628 memini
2690 1575 2908 1633 vidisse.
2948 1580 3035 1643 At,
3063 1583 3106 1635 si
3155 1584 3298 1653 apud
3329 1601 3424 1641 vos
3455 1588 3717 1653 habetur,

2130 1659 2286 1713 nobis
2314 1676 2433 1715 eam
2472 1663 2684 1720 debetis
2703 1669 3013 1735 ostendere,
3045 1687 3111 1726 ne
3132 1672 3293 1740 forte,
3321 1676 3365 1730 si
3395 1692 3504 1731 non
3532 1688 3721 1734 osten-

2129 1749 2303 1814 datur,
2353 1762 2441 1806 aut
2489 1762 2691 1812 temere
2714 1766 2806 1811 aut
2861 1761 3085 1817 minime
3112 1770 3571 1823 cxcommunicati
3599 1785 3720 1825 esse

2129 1839 2401 1895 dicantur.
2432 1842 2487 1896 ln
2535 1844 2734 1902 litteris
2760 1850 2924 1904 etiam
2953 1867 3088 1920 quas
3121 1855 3252 1909 mihi
3294 1860 3615 1926 nuperrime
3646 1862 3721 1916 di-

2128 1931 2374 1998 rcxistis,
2431 1934 2717 1990 confictam
2777 1938 2958 1995 inveni
3012 1943 3491 2010 reprehensionem
3539 1966 3719 2005 nteant

2126 2019 2194 2099 de
2222 2021 2568 2079 ordinatione
2600 2025 2908 2085 Salomonis
2940 2032 3156 2089 abbatis
3186 2035 3289 2091 hoc
3316 2038 3479 2093 modo
3505 2056 3519 2092 :
3554 2042 3719 2094 mira-

2127 2125 2250 2164 mur
2280 2128 2387 2181 qua
2442 2117 2773 2173 auctoritate
2802 2119 2919 2174 tieri
2963 2124 3137 2192 potuit
3179 2135 3238 2179 ut
3289 2129 3409 2182 sine
3440 2129 3720 2186 audientia

2125 2203 2373 2259 subditus
2402 2207 2623 2276 prrclato
2666 2213 2989 2281 praepositus
3011 2217 3103 2271 sit.
3136 2217 3317 2285 Quod,
3343 2230 3400 2274 ut
3426 2233 3585 2291 puto,
3620 2227 3721 2278 mi.

2125 2296 2233 2349 rari
2265 2312 2368 2351 nou
2419 2298 2646 2365 debetis,
2678 2301 2803 2370 quia
2858 2320 2963 2358 non
2994 2316 3097 2372 est,
3127 2309 3220 2365 sed
3265 2310 3395 2365 illud
3421 2312 3611 2382 potius
3636 2321 3720 2369 at-

2127 2387 2346 2442 tendere
2377 2391 2518 2460 quod
2554 2402 2655 2445 est.
2686 2391 2802 2447 Non
2832 2396 2976 2449 enim
3030 2399 3132 2452 hoc
3161 2399 3277 2454 sine
3305 2402 3587 2457 audientia
3637 2404 3722 2458 fa-

2124 2490 2271 2535 ctum
2299 2491 2405 2536 est.
2444 2480 2627 2554 Neque
2675 2486 2925 2543 subditus
2956 2488 3212 2545 Salomon
3254 2492 3503 2547 Tetfrido
3538 2496 3720 2550 adhuc

2122 2575 2346 2642 praelato
2375 2577 2694 2646 prmpositus
2714 2588 2817 2633 est.
2845 2581 3090 2635 Dorunns
3116 2597 3350 2654 namque
3373 2584 3660 2641 Tetfridus
3688 2602 3720 2641 a

2122 2667 2236 2720 suis
2264 2669 2544 2723 monachis
2586 2670 2931 2736 criminatus,
2958 2682 3018 2725 ut
3045 2673 3220 2739 scitis,
3250 2677 3392 2744 apud
3420 2692 3507 2730 me
3532 2678 3600 2730 de
3630 2678 3717 2731 in-

2122 2756 2288 2811 famia
2316 2774 2415 2813 sua
2462 2760 2858 2829 querimoniam
2900 2761 3051 2827 fecit,
3102 2779 3399 2833 eorumque
3449 2767 3718 2822 malitiant

2121 2862 2181 2902 se
2204 2847 2347 2903 ferre
2380 2865 2486 2905 non
2515 2864 2673 2920 posse
2701 2852 2904 2917 dicens,
2935 2854 3037 2909 sub
3062 2855 3334 2910 audientia
3364 2871 3485 2910 mea
3541 2867 3597 2911 et
3625 2872 3723 2912 eo-

2125 2954 2244 2992 rum
2286 2940 2378 3007 qui
2436 2956 2647 2995 mecum
2685 2951 2863 3007 erant,
2889 2944 3192 3012 pt‘a‘laliOtti
3233 2959 3346 3000 sua:
3374 2946 3719 3015 perpetuali-

2125 3039 2208 3084 ter
2251 3032 2587 3086 renuntiavit
2638 3050 2652 3087 :
2707 3043 2960 3089 astruens
3010 3036 3262 3090 abbatem
3319 3038 3721 3091 monachorum

2121 3119 2284 3175 Bona:
2336 3121 2493 3176 vallis
2528 3122 2754 3177 ulterius
2784 3138 2845 3177 se
2889 3139 2996 3178 non
3023 3139 3145 3178 esse
3187 3123 3457 3179 futurum.
3485 3125 3718 3195 Sicque,

2121 3213 2287 3282 petita
2321 3228 2349 3266 a
2382 3214 2538 3268 nobis
2592 3214 2858 3283 migrandi
2920 3215 3159 3280 licentia,
3210 3216 3556 3273 transivitad
3595 3234 3714 3273 vos.

2119 3301 2370 3359 Monachi
2423 3320 2555 3359 vero
2609 3305 2700 3374 qui
2735 3307 2787 3359 in
2827 3305 2975 3360 Bona
3005 3306 3141 3362 valle
3173 3317 3577 3374 remanserant,
3610 3310 3721 3365 hoc

2120 3396 2378 3462 scientes,
2404 3390 2567 3451 alium
2593 3398 2882 3467 quemdam
2913 3414 2982 3454 ex
3012 3398 3277 3454 fratribus
3304 3401 3419 3455 suis
3447 3401 3715 3467 electum,

2120 3497 2185 3537 eo
2207 3486 2351 3552 quod
2377 3485 2870 3554 irreprehensibilis
2910 3502 3030 3542 esse
3060 3487 3364 3555 videbatur,
3397 3490 3721 3544 obtulerunt

2119 3575 2289 3631 Odoni
2311 3578 2721 3633 comitiabbatia
2739 3578 2826 3632 illa
2850 3579 3155 3635 donandum
3171 3582 3306 3653 (29),
3331 3592 3390 3635 ut
3423 3598 3544 3636 mos
3568 3594 3713 3645 erat,

2120 3667 2359 3736 mihique
2388 3668 2581 3722 deinde
2611 3671 3058 3725 consecrandum.
3086 3672 3135 3727 ls
3158 3673 3375 3727 interim
3411 3674 3591 3728 locum
3620 3690 3718 3743 pa—

2119 3759 2283 3813 storis
2334 3768 2499 3814 tenct.
2555 3759 2611 3814 Si
2664 3762 2788 3830 quis
2829 3777 2959 3833 ergo
3014 3772 3119 3830 est,
3176 3766 3267 3834 qui
3298 3779 3386 3819 me
3415 3780 3586 3834 super
3609 3766 3721 3819 hoc

2118 3847 2262 3902 facto
2286 3849 2721 3918 praesumptionis
2754 3862 2970 3922 arguat,
3005 3854 3216 3908 noverit
3240 3869 3327 3909 me
3376 3857 3718 3923 respondere

2118 3948 2388 4013 paratum,
2421 3948 2476 3993 et
2512 3941 2613 3995 hoc
2664 3950 2769 3994 tam
2804 3944 3016 3998 ratione
3048 3958 3209 4014 quam
3253 3946 3584 4000 attctoritate
3618 3962 3716 4014 ap—

2118 4010 2493 4098 probaturum.
2536 4030 2689 4099 Quod
2735 4033 2931 4102 quuis
2962 4010 3243 4095 abbatum,
3283 4034 3368 4088 vel
3421 4036 3593 4088 animi
3627 4036 3715 4089 vel

2119 4120 2364 4188 corporis
2400 4121 2721 4191 :egritudine
2752 4124 3091 4191 molestatus,
3142 4125 3518 4195 praelationem
3552 4144 3713 4181 suam

2118 4209 2171 4262 iu
2222 4220 2540 4280 perpetuum
2596 4213 2954 4268 renuntiando
3002 4218 3238 4280 deserat,
3294 4216 3588 4285 episcopus
3640 4218 3719 4286 ip-

2043 4299 2089 4356 D
2117 4303 2230 4357 sius
2260 4305 2513 4361 diuecesis
2551 4306 2603 4360 in
2633 4306 2753 4361 loco
2788 4306 2904 4376 ejus
2951 4306 3182 4363 alterum
3210 4308 3406 4363 debeat
3426 4310 3715 4364 ordinare.

2119 4395 2307 4451 Valete

2369 4530 2700 4586 EPISTOLA
2737 4530 2980 4586 xxxvn
3020 4532 3168 4604 [olim
3210 4532 3451 4605 xxntq.

2600 4621 2775 4690 (Circa
2804 4637 3005 4675 annum
3037 4623 3218 4693 1020.)

2234 4708 2537 4763 Venerando
2584 4707 2962 4780 Senoneusium
2999 4712 3215 4780 prwsuli
3247 4712 3602 4768 LEUTIIEIIICO

2292 4780 2613 4835 FULBERTUS
2645 4779 2982 4834 Carnotensis
3001 4779 3227 4835 Immitis
3255 4785 3527 4837 sacerdos.

2184 4889 2417 4944 Litteras
2465 4903 2530 4943 ex
2585 4898 2739 4957 parte
2792 4899 2969 4944 vestra
3021 4893 3378 4961 suscepimus,
3414 4893 3713 4947 suadentes

2115 4980 2359 5047 recipere
2387 4978 2529 5048 quod
2569 4980 2853 5035 homicida:
2899 4980 3333 5037 Silvanectenses
3362 4981 3605 5037 offerunt
3644 4994 3706 5038 ut

2116 5084 2424 5145 mereantur
2449 5072 2672 5127 absolvi.
2713 5072 2822 5127 Nos
2857 5083 3058 5140 autem,
3113 5075 3166 5129 in
3216 5076 3412 5143 quibus
3466 5085 3709 5145 oportet,

2127 5166 2266 5197 “bis
2297 5144 2510 5202 enim"
2536 5166 2754 5220 obedire
2791 5167 2963 5232 parati
2998 5182 3217 5229 smnus,
3258 5168 3351 5221 sed
3396 5168 3450 5220 in
3491 5168 3600 5224 hoc
3642 5170 3713 5222 ad
