3974 5374
186 239 289 296 εει

1677 253 2055 313 ΕΡΙδΤΟῙηΕ.

3341 272 3448 326 2‘22

187 356 588 413 demonstrant.
648 358 999 416 Commodum
1050 378 1180 418 vero
1237 379 1342 418 non
1395 372 1479 420 est
1527 375 1588 420 ut
1627 382 1773 422 mors
1799 372 1849 432 Α
1877 378 1985 448 tur,
2019 385 2155 439 quos
2198 380 2378 428 tamen
2406 372 2613 441 judicio
2646 374 2740 430 Dei
2788 384 2933 431 terra
2958 376 3108 433 vivos
3145 380 3446 437 absorbuit.

184 455 524 511 sanctorum,
553 462 674 516 qua:
712 449 764 503 in
792 460 1081 520 conspectu
1131 452 1342 506 Domini
1396 455 1630 523 pretiosa
1662 465 1768 521 est,

184 538 329 608 apud
362 538 608 594 homines
638 539 726 593 vili
755 542 930 610 pretio
960 551 1192 597 constet.
1225 544 1376 609 Quod
1407 545 1448 598 si
1471 546 1593 614 quis
1618 546 1772 601 iusti-

187 628 379 692 tuerit,
415 629 657 683 omnium
687 643 996 686 sanctorum
1020 634 1112 703 qui
1139 634 1327 688 eadem
1350 650 1513 689 causa
1543 638 1768 707 perituri

184 726 337 782 sunt,
395 731 520 772 reus
553 720 832 788 sanguinis
879 723 1005 777 erit.
1054 721 1325 779 Sanctitas
1360 736 1541 781 vestra
1592 727 1769 783 Valeat

183 821 403 877 semper
427 817 485 863 et
507 809 709 879 vigeat.

465 944 801 1001 EPISTOLA
824 947 1085 1004 xxxvut
1110 949 1259 1021 [olim
1290 951 1495 1023 XLVI].

660 1035 839 1106 (Circa
870 1052 1070 1091 annum
1110 1038 1294 1109 1020.)

179 1142 248 1196 Α.
276 1144 427 1201 dato
446 1144 884 1202 Laudunensium
909 1150 1123 1218 prwsuli
1140 1150 1456 1207 Furaenrus
1476 1151 1767 1210 Carnolen-

765 1220 902 1272 siam
925 1221 1191 1275 sacerdos.

248 1322 328 1376 De
360 1323 553 1393 grandi
588 1324 785 1395 injuria
826 1327 982 1382 nobis
1012 1328 1155 1383 facta
1209 1333 1597 1402 conquerimur
1622 1335 1764 1402 apud

180 1421 252 1478 te,
283 1428 480 1484 magne
504 1412 690 1481 Pater,
720 1432 879 1485 quem
900 1433 967 1473 ex
1004 1419 1189 1475 debito
1218 1422 1503 1477 charitatis
1524 1434 1579 1479 et
1600 1424 1763 1480 otlicii

178 1501 305 1555 talia
365 1518 564 1557 curare
606 1514 847 1574 oportet.
901 1508 1076 1562 Causa
1132 1512 1612 1581 vero.hujusmudi
1655 1525 1758 1568 est.

178 1592 425 1656 Quodam
453 1592 713 1648 Ecclesiae
743 1605 941 1650 nostra:
969 1598 1279 1653 subdecano
1305 1601 1580 1666 defuncto,
1607 1604 1762 1673 petiit

184 1681 394 1736 anobis
430 1681 498 1735 It.
549 1682 974 1742 Silvanectensis
1028 1689 1314 1759 episcopus
1363 1693 1479 1746 dari
1526 1695 1627 1748 sibi
1668 1704 1761 1748 aut
1789 1710 1837 1768 Β

176 1768 328 1824 fratri
387 1786 489 1826 suo
546 1773 906 1830 ministerium
940 1776 1079 1846 ejus.
1115 1779 1224 1835 Nos
1270 1791 1449 1836 autem
1478 1786 1759 1854 respondi-

176 1874 292 1914 mus
319 1875 434 1916 non
481 1856 776 1921 Convenire
819 1866 945 1933 sibi,
982 1883 1047 1921 eo
1078 1870 1220 1938 quod
1253 1873 1539 1941 episcopus
1587 1887 1756 1943 esset,

176 1970 345 2025 neque
366 1958 528 2013 fratri
550 1969 713 2015 aetate
735 1962 911 2017 adhuc
934 1971 989 2016 et
1007 1965 1252 2019 moribus
1275 1966 1583 2023 immaturo.
1608 1969 1758 2026 Tunc

176 2045 437 2119 elegimus
457 2049 525 2103 de
556 2065 786 2106 numero
812 2054 1156 2107 sacerdotum
1188 2066 1495 2111 nostrorum
1529 2059 1594 2113 ad
1626 2061 1752 2115 illud

175 2135 404 2192 ofﬁcium
431 2138 767 2195 Eberardum
813 2142 1121 2211 quemdam,
1172 2146 1429 2201 scientem
1461 2164 1521 2202 ac
1547 2150 1756 2222 religio-

176 2242 286 2282 sum
307 2229 509 2283 virum.
539 2227 936 2295 Quod’factum
965 2235 1257 2301 praedictus
1290 2236 1356 2289 R.
1399 2249 1680 2309 materque
1701 2250 1757 2295 et

174 2321 336 2376 frater
370 2323 542 2392 ipsius
575 2325 711 2379 adeo
740 2324 1066 2391 inviderunt,
1099 2337 1157 2381 ut
1184 2340 1372 2383 sancto
1404 2333 1542 2396 viro,
1566 2348 1753 2387 coram

177 2411 421 2480 pluribus
447 2414 539 2483 qui
576 2422 744 2469 testes
768 2416 890 2473 inde
918 2427 1065 2481 sunt,
1094 2420 1356 2474 terribilia
1393 2422 1749 2478 minarentur.

176 2501 237 2559 Et
255 2502 464 2557 dictum
502 2502 650 2558 facto
681 2520 790 2560 non
821 2508 1016 2562 caruit.
1047 2508 1322 2563 Venerunt
1351 2512 1495 2565 enim
1529 2512 1595 2566 de
1622 2514 1755 2567 civi-

178 2601 277 2647 tate
320 2593 658 2651 Silvanectis
712 2598 779 2651 ad
826 2608 1069 2654 nostram
1100 2602 1318 2670 quidam
1348 2620 1411 2658 ex
1441 2605 1753 2661 domesticis

176 2699 376 2751 eorum,
426 2686 508 2740 sic
560 2690 853 2745 necessarii
900 2700 959 2744 ut
1002 2692 1246 2746 absentia
1279 2695 1491 2749 illorum
1534 2713 1632 2752 nec
1658 2716 1752 2769 per

176 2788 329 2827 unum
364 2776 510 2830 diem
547 2777 787 2847 ignorari
837 2782 1095 2848 potuerit,
1133 2784 1223 2853 qui
1268 2783 1501 2843 interdiu
1532 2789 1750 2858 quidem

178 2862 463 2930 latuerunt,
504 2868 626 2931 sed,
682 2868 950 2937 profunda
1010 2880 1167 2926 nocte
1216 2875 1443 2943 egressi,
1500 2891 1747 2933 sanetum

176 2951 309 3008 illmn
341 2956 728 3031 presbyterum
756 2974 907 3013 more
933 2960 1094 3016 solito
1121 2965 1424 3020 venientem
1456 2968 1522 3021 ad
1562 2969 1749 3025 Eccle-

176 3042 317 3110 siam,
341 3045 503 3114 quasi
540 3046 725 3117 lupum
780 3049 1053 3115 rabidum,
1109 3051 1311 3108 lanceis
1348 3054 1558 3111 falcatis
1591 3058 1746 3130 [alias

174 3130 438 3208 fallastris]
467 3146 521 3191 et
544 3138 739 3208 gladiis
770 3140 821 3194 in
854 3141 968 3210 ipso
996 3144 1134 3216 atrio
1157 3146 1468 3218 principalis
1494 3151 1747 3208 Ecclesia:

180 3228 599 3284 trucidaverunt.
645 3232 839 3287 Clerici
882 3244 1062 3290 autem
1118 3238 1258 3307 ejus,
1309 3241 1400 3308 qui
1433 3244 1742 3311 expeditum

178 3314 455 3373 Dominum
502 3320 657 3376 tarde
702 3325 871 3379 secuti
900 3334 1047 3391 sunt,
1086 3327 1545 3385 invenerunteum
1571 3336 1744 3389 adhuc

175 3416 401 3462 extrema
447 3410 614 3465 verba
667 3418 1080 3487 protomartyris
1128 3418 1383 3488 Stephani
1442 3426 1742 3495 pradican-

174 3502 287 3550 tem.
312 3497 489 3552 Porro
519 3502 801 3556 carnitices
845 3505 1097 3572 praesidio
1143 3509 1316 3562 noctis
1350 3510 1742 3580 incognitijam

174 3584 506 3657 ditl‘ugerant,
554 3599 610 3644 et
650 3591 736 3644 cui
784 3593 988 3646 crimen
1026 3595 1127 3648 hoc
1182 3596 1575 3664 intenderetur,
1627 3612 1743 3656 erat

173 3674 451 3743 incertum,
494 3695 618 3734 cum
667 3682 885 3749 quidam
931 3694 1151 3753 propter
1196 3687 1373 3741 minas
1438 3682 1742 3757 prmteritas

172 3767 374 3823 donmm
402 3771 468 3826 R.
506 3785 627 3839 qua:
654 3781 773 3826 erat
806 3774 942 3841 apud
974 3790 1090 3838 nos,
1122 3786 1426 3846 suspectam
1454 3780 1739 3847 habentes,

170 3870 482 3928 repererunt
519 3859 570 3914 in
605 3877 669 3915 ea
718 3865 1062 3918 vernaculum
1095 3870 1380 3935 quemdam
1416 3882 1592 3926 vestes
1614 3889 1741 3928 suas

169 3958 215 4003 et
242 3951 611 4006 ealceamenta
660 3952 771 4007 lota
821 3954 1135 4011 siccantem.
1173 3959 1251 4012 Ex
1297 3976 1402 4029 quo
1433 3963 1589 4031 signo
1610 3980 1741 4019 con-

164 4039 359 4106 jectura
387 4052 475 4099 est
517 4043 752 4113 incmpla
777 4062 792 4111 ;
821 4062 944 4101 cum
995 4050 1060 4102 ad
1102 4065 1320 4105 causam
1355 4054 1512 4123 lmjus
1540 4057 1737 4113 lavacri

168 4136 437 4191 dicendam
486 4140 649 4194 homo
689 4141 869 4196 acrius
917 4156 1219 4214 urgeretur,
1273 4163 1331 4202 se
1370 4148 1514 4202 facto
1543 4150 1610 4203 de
1632 4166 1740 4219 quo

168 4231 418 4297 agebatur
448 4230 686 4286 adfuisse
715 4233 993 4289 confessus
1026 4246 1127 4298 est,
1166 4240 1447 4308 sociosque
1484 4242 1735 4310 prodidit,

166 4325 210 4368 et
227 4319 474 4373 ordinem
507 4320 583 4373 rei
632 4331 799 4390 gesta:
831 4325 1101 4393 exposuit.
1131 4326 1239 4381 Nos
1278 4329 1530 4398 denique,
1566 4320 1755 4384 totum

1871 459 2004 514 Nam
2047 461 2090 514 si
2141 461 2215 516 illi
2247 472 2465 519 sanctos
2490 464 2583 519 Dei
2629 476 3087 536 contempserant,
3125 487 3231 525 non
3260 473 3446 543 utique

1873 550 2229 605 trucidarant.
2270 552 2423 618 Quod
2487 554 2531 607 si
2581 555 2715 610 tales
2757 558 3006 611 socordia
3055 559 3139 613 vel
3189 560 3447 631 iniquitas

1863 639 2103 710 judicmn
2156 642 2435 710 reliquerit
2482 644 2795 713 iinrmuitos,
2827 664 2948 702 cum
2982 649 3082 703 hoc
3110 650 3285 707 facere
3314 669 3446 708 con-

1868 729 2076 797 spirare
2108 731 2179 784 sit
2219 733 2270 784 in
2295 735 2674 789 contumeliam
2719 736 2835 800 Dei,
2865 746 2918 791 et
2959 754 3228 808 exponere
3260 756 3448 797 servos

1867 819 1985 887 ejus
2003 820 2069 872 ad
2091 821 2295 875 caedem
2325 823 2490 891 :quid
2520 833 2709 889 restat,
2743 827 2847 880 nisi
2872 836 2926 880 ut
2949 828 3118 897 ipsius
3143 831 3336 884 summi
3360 830 3450 898 ju-

1867 908 2004 962 dicis
2043 909 2122 962 ira
2156 910 2474 975 deszcvicns,
2519 921 2573 966 et
2602 913 2700 966 hos
2744 925 2799 969 et
2836 915 2956 971 illos
2987 917 3227 972 inaudita
3255 921 3447 975 mortis

1867 1000 2155 1055 atrocitate
2201 1001 2476 1070 disperdat
2514 1003 2538 1056 ?
2582 1004 2819 1060 Proinde
2862 1008 3037 1073 nobis,
3079 1010 3273 1078 quibus
3301 1011 3444 1065 idem

1870 1090 2130 1145 Dominus
2151 1092 2406 1147 Ecclesia:
2429 1109 2538 1149 sua:
2567 1096 2855 1152 tribunalia
2881 1101 3177 1164 commisit,
3206 1103 3446 1172 apprime

1866 1182 2231 1234 necessarium
2259 1191 2343 1236 est
2368 1198 2543 1251 regem
2572 1195 2815 1240 nostrum
2843 1204 3048 1257 nosque
3071 1189 3299 1244 invicem
3324 1208 3445 1245 mo-

1865 1274 1947 1328 dis
1971 1274 2223 1329 omnibns
2245 1276 2505 1341 excitare,
2535 1292 2601 1331 ne
2641 1289 2862 1347 repente
2890 1280 3153 1336 feriamur
3181 1284 3231 1336 in
3261 1284 3445 1353 hujus-

1865 1365 2006 1419 modi
2029 1368 2275 1421 socordia
2308 1368 2625 1423 oscitantes.
2656 1370 2810 1436 Quod
2837 1387 2937 1442 ego
2963 1381 3014 1428 te
3043 1374 3224 1429 facere
3248 1377 3444 1446 depre-

1864 1470 1980 1522 cor,
2022 1472 2214 1528 mague
2242 1458 2421 1522 Pater,
2452 1461 2538 1514 cui
2592 1462 2733 1517 Deus
2767 1463 2905 1518 bene
2944 1466 3205 1521 suadendi
3230 1470 3442 1536 copiam

1864 1545 2341 1617 incomparabilem
2356 1550 2525 1613 dedit,
2551 1551 2823 1621 simulque
2854 1562 2911 1607 ut
2937 1554 3276 1622 ipsemecum
3308 1572 3444 1625 pra:-

1864 1637 2037 1692 dictos
2064 1637 2338 1692 maleﬁcos
2367 1638 2508 1693 citra
2552 1641 2845 1711 legitimam
2893 1642 3320 1698 satisfactionem
3342 1660 3439 1699 cx-

1863 1730 2254 1793 commuuiees,
2283 1747 2419 1800 quos
2464 1742 2640 1787 tamen
2672 1750 2844 1803 usque
2875 1736 2927 1788 iu
2959 1735 3118 1790 linem
3143 1754 3173 1791 a
3198 1752 3441 1792 commu-

1859 1819 2021 1873 nione
2054 1820 2345 1888 privaudos
2377 1839 2497 1877 esse
2533 1841 2636 1877 non
2668 1828 2865 1880 nescis.
2901 1825 3048 1880 Vale.
3130 1854 3133 1857 λ

2129 1931 2457 2012 ΕΡΙΞΤρξτΛ
2491 1935 2711 1990 XXXIX
2740 1935 2883 2012 [oliui
2923 1938 3112 2012 XLIX]

2332 2005 2509 2072 (Circa
2541 2005 2755 2061 annunr
2780 2008 2962 2079 lU'ZU.)

1865 2090 2160 2147 Venerabili
2184 2093 2641 2171 Siluanectensiam
2673 2099 2908 2168 ερὶεεορο
2931 2100 2996 2153 Il.
3042 2099 3154 2171 (50)
3197 2101 3439 2156 Fumea-

2067 2180 2166 2218 rus
2198 2166 2289 2218 Dei
2315 2169 2485 2234 gratia
2525 2166 2928 2222 Carnotensium
2955 2166 3219 2225 sacerdos.

1925 2253 2059 2320 Quia
2089 2253 2297 2321 judicio
2339 2256 2664 2310 contendere
2694 2260 2864 2327 magis
2910 2274 3070 2327 quam
3103 2261 3314 2314 veniam
3343 2276 3436 2330 po-

1854 2345 2056 2400 stulare
2108 2348 2395 2411 statuistis,
2450 2358 2619 2402 restat
2658 2348 2813 2403 vobis
2859 2351 3150 2406 convenire
3198 2352 3436 2421 judices,

1854 2437 1967 2505 qui,
1998 2438 2232 2506 praeﬁxis
2274 2438 2392 2493 loco
2440 2448 2493 2493 et
2538 2450 2776 2510 tempore
2802 2481 2817 2505 ,
2870 2456 2968 2495 nos
3012 2442 3065 2495 in
3114 2442 3430 2497 alterutrum

1854 2524 2009 2595 legali
2067 2526 2274 2580 ratione
2331 2526 2646 2595 justiticent.
2716 2528 2832 2582 Non
2899 2529 3042 2583 enim
3108 2544 3434 2598 usurpamus

1852 2615 2087 2671 ollieium
2132 2618 2331 2687 judicis
2362 2619 2414 2672 in
2447 2620 2552 2673 isto
2583 2620 2819 2689 negotio,
2871 2619 3013 2675 sicut
3057 2634 3154 2674 vos
3180 2620 3317 2674 velle
3345 2620 3432 2674 di-

1853 2707 1996 2771 citis,
2021 2724 2144 2762 cum
2174 2709 2353 2763 nullus
2382 2725 2499 2764 esse
2543 2711 2712 2779 possit
2750 2725 2861 2764 sum
2909 2726 3085 2765 causae
3109 2723 3164 2766 et
3194 2721 3433 2765 assertor

1850 2806 1901 2850 et
1926 2796 2115 2867 judex.
2148 2798 2630 2855 Verumenimvero
2669 2801 2801 2855 satis
2848 2800 3105 2854 admirari
3143 2800 3431 2869 nequimus

1851 2888 2108 2956 quidnam
2137 2889 2371 2942 maliest
2414 2890 2556 2957 quod
2599 2897 2708 2943 tam
2757 2890 3017 2945 audacter
3057 2888 3123 2942 ad
3164 2884 3428 2954 judicium

1851 2980 2152 3049 properatis
2182 3021 2196 3044 ,
2236 2981 2341 3035 nisi
2388 2980 2564 3045 forte,
2602 2982 2746 3049 quod
2792 2982 3084 3036 abhorrere
3134 2981 3428 3035 humanum

1850 3078 1954 3132 est,
1984 3071 2195 3138 publice
2224 3070 2469 3125 damnari
2516 3071 2714 3140 eligitis
2760 3087 2920 3140 quam
2962 3080 3168 3127 secreta
3211 3069 3430 3125 satisfa-

1848 3160 2024 3215 ctione
2058 3162 2296 3231 purgari.
2335 3161 2473 3228 Quid
2517 3163 2659 3216 enim
2703 3162 2847 3215 aliud
2891 3164 2942 3216 in
2969 3161 3174 3229 judicio
3214 3176 3427 3217 merea-

1849 3259 1938 3304 tur
1984 3250 2288 3306 manifestae
2343 3253 2510 3321 culpa:
2562 3254 2749 3307 odiosa
2801 3253 3078 3308 defensio?
3133 3253 3199 3307 Et
3249 3262 3427 3307 vestra

1846 3341 2061 3410 quidem
2092 3342 2250 3411 culpa
2294 3343 2374 3398 sic
2414 3342 2699 3397 manifesta
2739 3352 2821 3397 est
2850 3384 2863 3406 ,
2905 3354 2967 3396 ut
3002 3343 3150 3397 nullo
3194 3358 3425 3396 excusa-

1846 3431 2008 3485 tionis
2036 3447 2231 3501 genere
2259 3432 2436 3486 valeat
2461 3434 2795 3488 obumbrari.
2834 3432 2946 3487 Vox
2976 3435 3118 3487 enim
3148 3433 3425 3502 sanguinis

1844 3521 2028 3576 fratris
2072 3524 2238 3577 vestri
2285 3535 2341 3577 et
2391 3524 2688 3578 sacerdotis
2735 3524 2995 3589 Evrardi,
3029 3532 3309 3592 postquam
3355 3522 3422 3576 ad

1844 3628 2005 3667 aures
2031 3615 2268 3684 supremi
2290 3614 2492 3682 judicis
2517 3616 2802 3680 ascendit,
2852 3630 2948 3685 per
2994 3625 3160 3669 totam
3194 3613 3420 3668 Galliam

1841 3705 2194 3760 vehementer
2241 3706 2541 3760 infremuit.
2571 3706 2695 3773 Qui,
2731 3717 2789 3760 ut
2835 3716 2991 3760 certo
3039 3705 3418 3781 scimuspnon

1843 3807 1927 3851 est
1954 3798 2167 3853 occisus
2194 3799 2263 3852 ob
2293 3798 2453 3852 aliam
2485 3814 2726 3862 causam,
2758 3815 2919 3867 quam
2949 3799 3019 3853 ob
3049 3806 3243 3851 vestra:
3269 3796 3419 3864 cupi-

1842 3890 2028 3943 ditatis
2060 3889 2313 3958 injustam
2346 3890 2692 3944 calumniam.
2734 3889 2981 3944 Viderint
3003 3887 3214 3957 judiees
3239 3897 3419 3941 utrum

1842 3980 2066 4035 effectus
2105 3980 2374 4036 referatur
2406 3983 2471 4035 ad
2505 3997 2749 4036 causam.
2782 3981 2930 4035 Vale.

2264 4090 2596 4147 EPISTOLA
2622 4091 2712 4145 XL
2737 4090 2882 4162 [olim
2906 4089 2995 4162 L].

2231 4182 2234 4189 ’
2365 4163 2545 4233 (Circa
2571 4163 2751 4215 eumd.
2785 4164 2898 4230 an.)

1853 4252 2148 4308 Venerabili
2199 4253 2667 4308 Silvanectensium
2708 4254 2945 4322 episcopo
2987 4252 3052 4306 Β.
3102 4251 3419 4307 Ριιιβειιτυδ

2116 4324 2215 4377 Dei
2234 4325 2406 4393 gratia
2437 4324 2835 4377 Carnolensium
2869 4324 3132 4377 sacerdos.

165 4403 250 4460 hoc
281 4407 449 4461 altius
478 4420 904 4477 perscrutantes,
958 4429 1055 4481 pro
1087 4425 1234 4469 certo
1265 4418 1334 4469 ita
1366 4433 1486 4472 esse
1512 4434 1729 4489 compe-
1764 4382 1813 4439 Ι)
1910 4415 2025 4469 Non
2076 4425 2290 4484 oportet
2344 4417 2515 4470 nostri
2566 4416 2774 4470 ordinis
2820 4416 2967 4470 viros
3024 4415 3079 4468 in
3130 4411 3417 4483 superfluis

166 4493 341 4549 rimus.
370 4495 768 4564 Comperimus,
795 4499 1038 4570 inquam,
1066 4503 1277 4558 invidiw
1302 4505 1544 4572 livorem,
1582 4507 1729 4562 frau-

165 4582 265 4639 dem
313 4587 556 4653 malitize,
598 4589 873 4659 sacrilegii
932 4593 1088 4648 nefas
1145 4596 1399 4665 crudele,
1446 4608 1728 4654 cruentum

164 4683 209 4728 et
231 4678 506 4747 singulare
528 4680 743 4735 facinus
784 4681 837 4735 in
888 4684 1162 4739 occisione
1197 4678 1761 4742 sanctissiinisacer?

164 4766 308 4823 dotis.
357 4770 507 4829 Nunc
533 4789 665 4843 ergo
723 4785 871 4828 tanta
909 4792 1095 4842 causa,
1146 4778 1271 4848 quia
1315 4780 1572 4834 iudicatio
1611 4779 1728 4849 ejus

165 4854 375 4914 obscura
406 4877 511 4915 non
537 4871 645 4927 est,
688 4863 883 4929 solam,
913 4877 971 4919 ut
994 4868 1163 4932 vides,
1189 4868 1447 4923 ultionem
1475 4862 1731 4940 expostu-

164 4942 240 5000 lat.
255 4947 364 5003 Sed
391 4965 510 5005 cum
534 4952 679 5021 juris
695 4953 769 5007 sit
791 4955 857 5009 ad
880 4957 1164 5013 utilitatem
1183 4954 1755 5029 reipublicatcunctus‘

164 5041 337 5104 punire
361 5043 652 5112 maleﬁcos,
686 5046 809 5101 illos
836 5055 1011 5104 tamen
1038 5054 1415 5108 vehementius
1437 5057 1727 5111 exturbare

165 5143 369 5168 ηβοοεεο
393 5145 470 5168 uol
535 5140 625 5168 non:
658 5140 712 5168 ζει
748 5141 913 5168 “nn-nn
939 5152 987 5168 AI
1022 5156 1165 5168 κλμ-.

1839 4505 2323 4574 seriptitalionibus
2384 4506 2664 4574 occupari,
2719 4506 2884 4558 multa
2931 4506 3075 4559 enim
3130 4513 3184 4557 et
3222 4517 3413 4573 magna

1837 4597 2050 4666 negotia
2082 4595 2237 4649 nobis
2275 4596 2628 4663 expedienda,
2673 4595 2719 4649 si
2747 4611 2851 4648 non
2882 4594 3301 4655 dissimulamus,
3334 4593 3413 4643 in-

1836 4689 2117 4741 cumbunt.
2160 4685 2440 4741 Sufﬁciunt
2477 4687 2633 4741 nobis
2676 4700 2837 4752 super
2877 4685 2963 4738 his
3000 4685 3140 4738 unde
3177 4683 3408 4752 agimus,

1834 4778 2027 4831 litterae
2054 4792 2223 4847 nuper
2251 4795 2280 4828 a
2317 4777 2473 4831 nobis
2516 4777 2694 4831 missae
2718 4815 2734 4839 ,
2781 4790 3012 4843 quarum
3057 4784 3185 4853 erat:
3224 4782 3407 4826 extre-

1834 4867 2035 4922 mitas:
2098 4865 2333 4920 Viderint
2376 4866 2584 4935 judices
2639 4875 2817 4919 utrum
2877 4868 3090 4937 c/Tectus
3154 4864 3411 4932 referatur

1832 4960 1901 5013 ad
1924 4976 2160 5014 causam.
2192 4960 2322 5026 Quae
2360 4961 2503 5016 enim
2536 4962 2610 5017 ibi
2646 4959 2848 5029 scripta
2900 4973 3055 5023 sunt,
3106 4968 3197 5012 aut
3241 4974 3304 5011 ea
3333 4956 3411 5010 le-

1831 5050 2016 5120 gitima
2043 5052 2343 5106 assertione
2372 5052 2838 5115 conﬁrmabimus,
2881 5064 2974 5108 aut
3014 5067 3108 5106 vos
3141 5049 3414 5103 inﬁrmare

2335 5142 2509 5168 τηαν-.-.-
2586 5143 2628 5168 Αξ
2678 5139 2799 5168 Ila.“
2833 5139 2988 5168 Γ..Α-.ει
3027 5139 3225 5168 ηεκιιι-ιιΙῖἶ
3275 5138 3407 5168 ζιιιηκ

1910 5154 2206 5168 “Au-namnam
2238 5151 2509 5168 νιιεΙῆΛΜ---ι
