3974 5374
519 210 629 267 223

905 320 1239 384 EPISTULA
1271 330 1387 385 XLI
1415 329 1568 403 [olim
1597 331 1708 404 LI].

1041 418 1219 488 (Circa
1244 422 1430 477 eumd.
1468 421 1584 493 an.)

516 502 836 576 FULat-znrus
889 508 1158 576 episcopus
1186 549 1201 572 ,
1264 514 1547 567 venerabili
1603 515 1959 569 consacerdoti
2002 531 2099 570 suo

751 575 817 629 li.
851 579 964 649 (51)
988 575 1109 633 boni
1135 583 1387 650 propositi
1407 582 1565 651 ﬁnem
1589 586 1860 654 Optimum.

587 664 783 722 Mulier
810 667 903 722 illa
945 670 1012 723 de
1047 669 1201 741 cujus
1235 686 1401 727 causa
1444 682 1687 728 nostram
1736 673 2096 728 humilitatem

513 755 801 811 consulere“
820 756 1086 821 voluisﬁs,
1111 760 1368 829 impedita
1413 770 1497 816 est
1540 761 1756 817 vinculo
1780 760 2095 830 juramenti,

515 860 615 900 nec
647 856 825 917 potest
872 850 1009 904 inire
1057 852 1387 906 connubium
1436 852 1557 908 sine
1594 852 1822 906 crimine
1851 853 2094 923 perjnrii,

513 935 621 990 nisi
667 953 766 1007 per
795 954 1120 995 consensum
1173 951 1266 997 aut
1310 950 1431 1011 post
1473 942 1680 997 obitum
1725 942 1871 997 illius
1922 944 2009 998 cui
2037 959 2097 998 se

512 1024 603 1079 tali
628 1026 939 1096 iuramento
970 1031 1410 1088 conditionaliter
1431 1032 1709 1103 obligavit.
1745 1032 1894 1088 Vale.

884 1140 1222 1198 EPISTULA
1251 1142 1386 1197 XLII
1418 1142 1568 1216 [olim
1601 1144 1737 1216 LII].

1029 1232 1213 1304 (Circa
1241 1233 1423 1287 eumd.
1459 1233 1573 1305 an.)

517 1316 819 1393 Venerabili
866 1319 1362 1393 Rothomragenaium
1419 1324 1786 1393 archipmzsuli
1832 1324 2093 1383 Bonam

579 1389 898 1466 lfunnen'rus
923 1389 1141 1466 Itrtmilis
1183 1393 1456 1465 episeopus
1482 1433 1498 1461 ,
1553 1389 1598 1449 si
1636 1397 1774 1466 quod
1802 1397 1938 1451 valet
1964 1414 2086 1451 ora-

575 1459 732 1512 tionis
756 1460 1095 1530 stt/fragium.

576 1564 888 1622 Procaeitas
933 1568 1022 1633 G.,
1073 1570 1227 1638 cujus
1280 1571 1413 1627 mihi
1467 1572 1799 1630 mentionem
1844 1574 2088 1644 fecistis,

503 1657 638 1712 satis
696 1674 971 1731 superque
1024 1661 1273 1732 fatigavit
1336 1679 1424 1719 me
1475 1665 1541 1719 de
1590 1667 1744 1722 novis
1802 1672 2086 1725 connubiis
2116 1674 2163 1733 Β

499 1749 860 1816 θιρειθιιιιίςς
909 1751 1005 1806 sed
1053 1767 1155 1823 ego
1205 1767 1421 1823 semper
1466 1754 1693 1822 obstiti,
1743 1757 1930 1815 dicens
1980 1776 2087 1816 non

502 1836 665 1893 licere
687 1839 737 1894 ei
768 1854 864 1895 sua
897 1856 1065 1895 uxore
1090 1843 1308 1899 vivente
1336 1843 1564 1899 alteram
1615 1861 1896 1918 usurpare.
1935 1848 2090 1905 Nunc

438 1990 442 1994 ,
500 1944 631 1998 ergo
660 1932 874 1986 tandem
904 1934 1115 2003 rogavit
1138 1950 1243 2000 me,
1271 1952 1365 1991 seu
1392 1937 1584 1993 callide
1605 1939 1720 1994 sive
1743 1941 2085 2011 simpliciter,

502 2030 561 2074 ut
584 2018 687 2075 sibi
723 2030 820 2076 aut
858 2037 1082 2078 uxorem
1138 2040 1292 2080 suam
1341 2026 1624 2097 fugitivam
1674 2030 1957 2086 redderem
1993 2043 2090 2089 aut

500 2123 645 2174 eam,
703 2109 749 2165 si
811 2113 1180 2181 reniteretur,
1237 2117 1810 2187 excommunicarem;
1847 2120 2085 2192 alioquin

498 2200 708 2256 diceret
733 2202 878 2271 quod
909 2219 1012 2274 ego
1058 2214 1114 2260 et
1162 2205 1251 2260 illa
1294 2206 1595 2264 faceremus
1634 2224 1758 2265 eum
1804 2212 2083 2267 mechari.

500 2291 778 2347 Conventa
835 2294 1002 2366 igitur
1037 2296 1106 2351 de
1154 2298 1260 2351 hac
1312 2312 1477 2353 causa
1518 2300 1752 2368 mulier,
1808 2303 2087 2372 respondit

504 2382 636 2436 mihi
688 2399 966 2454 nunquam
1018 2400 1079 2440 se
1135 2387 1433 2442 redituram
1481 2389 1551 2443 ad
1608 2390 1806 2458 illum;
1855 2401 1929 2458 et,
1957 2395 2082 2464 quia

495 2483 646 2529 certo
668 2484 893 2530 noverat
943 2490 1128 2534 mores
1175 2492 1303 2532 SUOS
1352 2495 1475 2533 cum
1506 2482 1747 2538 moribus
1775 2482 1841 2539 (ἶ.
1880 2499 2081 2539 conve-

498 2561 619 2617 nire
648 2578 755 2618 non
783 2579 963 2635 posse,
994 2564 1136 2621 velle
1165 2582 1227 2622 se
1254 2568 1434 2637 potius
1464 2573 1778 2628 renuntiare
1803 2574 2002 2629 smculo
2028 2584 2084 2630 et

494 2655 818 2710 monacham
845 2655 1138 2723 devenire,
1159 2666 1367 2714 tantum
1398 2662 1444 2716 si
1471 2661 1848 2720 Gualerannus
1873 2665 1977 2721 sibi
2000 2667 2079 2721 vel

495 2752 714 2799 centum
762 2744 930 2802 libras
974 2763 1323 2805 nummorum
1371 2752 1788 2809 Carnot‘ensium
1818 2756 1934 2827 (52)
1997 2755 2078 2811 fe-

494 2832 691 2890 rendas
711 2836 781 2891 ad
808 2839 1201 2896 monasterium
1238 2841 1417 2898 daret.
1462 2843 1575 2914 Ego
1595 2853 1775 2900 autem
1803 2845 1945 2902 inter
1966 2847 2080 2900 haec

493 2927 820 2982 monacham
870 2928 1020 2984 illam
1049 2946 1151 2988 nec
1178 2934 1295 2988 ﬁeri
1339 2935 1624 3004 prohibeo,
1662 2951 1762 2991 nec
1792 2937 2074 3006 compello,

1487 217 1546 274 s.
1580 217 1921 275 FULBERTI
1948 216 2426 275 causoreusns
2454 191 2754 280 EPISCOPI

3672 232 3801 290 δι.

2125 338 2175 398 Α
2201 332 2554 400 quaestionem
2600 334 2799 402 fecisti,
2823 337 2982 408 plane
3028 340 3130 397 sibi
3156 342 3568 423 circumstantes
3596 346 3787 417 requi-

2202 420 2294 474 rit.
2317 420 2425 477 Pro
2446 423 2532 479 bis
2548 439 2685 496 ergo
2712 436 2877 498 atque
2915 430 3039 487 aliis
3087 433 3394 503 liujusmodi
3434 420 3539 495 non
3582 452 3651 492 ex
3675 453 3784 493 au-

2200 512 2457 570 ctoritate
2485 516 2703 586 quidem
2727 534 3017 587 canonum,
3041 538 3177 592 quos
3220 525 3352 579 mihi
3398 527 3558 583 modo
3601 538 3783 584 retra—

2201 610 2351 658 ctare
2375 619 2483 660 non
2510 605 2687 675 licuit,
2732 610 2830 665 sed
2879 627 3002 668 meo
3049 613 3266 670 interim
3310 616 3573 671 arbitratu
3608 618 3784 672 tutius

2199 706 2323 748 esse
2379 698 2581 753 suadeo
2630 706 2683 753 te
2727 715 2758 754 a
2805 702 3094 758 missarum
3143 704 3507 762 celebratione
3554 721 3784 777 suspen—

2199 784 2350 852 dere,
2364 801 2526 856 quam
2539 805 2632 845 eas
2655 791 2771 847 sine
2786 793 3013 850 duarum
3033 795 3222 851 saltem
3238 807 3333 852 aut
3355 798 3519 853 trium
3539 798 3780 853 ﬁdelium

2200 880 2549 936 attestatioue
2610 882 2911 940 celebrare.
2971 886 3270 958 Scrupulus
3326 896 3508 943 autem
3563 888 3657 943 ille
3710 884 3783 943 de

2197 967 2548 1028 oll‘erentibus
2577 974 2651 1029 ita
2675 975 2810 1031 solvi
2837 985 3051 1047 potest,
3083 981 3226 1050 quod
3254 982 3380 1037 dum
3409 982 3781 1036 sacriﬁcamus

2200 1058 2275 1114 illi
2298 1076 2396 1130 pro
2424 1063 2622 1131 quibus
2645 1066 2846 1136 agitur,
2862 1083 2960 1137 per
2979 1085 3173 1126 manus
3196 1080 3412 1127 nostras
3430 1071 3782 1127 oll‘erturDeo

2197 1151 2526 1208 sacriﬁcium
2551 1154 2725 1210 laudis
2739 1155 2896 1228 (52‘).
2925 1157 3051 1215 llaec
3082 1160 3149 1214 ad
3170 1170 3525 1232 przesensnie
3553 1174 3784 1231 respon~

2194 1240 2339 1297 disse
2384 1254 2672 1302 contentus
2714 1257 2893 1304 aveto.
2950 1249 3103 1317 Quod
3149 1251 3194 1307 si
3237 1267 3374 1308 nova
3425 1253 3656 1324 legendo
3692 1252 3782 1308 vel

2195 1332 2542 1389 retractando
2565 1350 2752 1391 verum
2803 1338 2872 1393 de
2919 1337 3006 1394 his
3056 1341 3328 1410 quidpiam
3378 1342 3553 1413 magis
3596 1350 3777 1396 ratum

2194 1420 2492 1490 invenero,
2549 1427 2643 1481 tibi
2693 1429 3019 1486 cbaritative
3060 1434 3381 1489 rescribam.
3410 1433 3483 1488 At
3523 1434 3673 1489 situ
3718 1442 3782 1489 te

2192 1513 2345 1583 prior
2373 1513 2578 1585 aliquid
2608 1518 2714 1572 tale
2742 1521 3036 1591 repet-eris,
3085 1524 3331 1580 eamdem
3371 1524 3530 1582 nobis
3579 1524 3780 1581 exhibe

2191 1607 2538 1664 charitatem.
2570 1611 2726 1666 Vale.

2525 1718 2863 1776 EPISTOLA
2891 1722 3052 1777 xuv
3082 1722 3231 1797 [olim
3261 1722 3429 1799 Liv];

2711 1812 2892 1882 (Circa
2920 1814 3101 1869 eumd.
3130 1815 3246 1886 an.)

2196 1898 2506 1957 Venerando
2560 1901 2841 1976 [femorum
2882 1908 3245 1976 archiprwsnli
3298 1909 3479 1965 EBALO
3529 1908 3771 1966 Fumu-

2435 1987 2536 2028 TUS
2561 1972 2966 2030 Carnorensium
2991 1972 3202 2031 humilis
3226 1980 3521 2050 episcopus.

2256 2084 2535 2155 Augustis:
2584 2073 2690 2143 tuae
2731 2089 3067 2158 compatiens
3113 2089 3357 2147 Odouem
3406 2092 3660 2148 comitem
3687 2109 3776 2148 ar-

2186 2174 2398 2241 guendo
2422 2177 2694 2231 conveni:
2741 2179 3021 2248 respondit
3062 2180 3277 2236 tandem
3308 2182 3453 2252 quod
3498 2183 3555 2239 in
3599 2183 3771 2240 lede-

2185 2259 2421 2330 liquerat
2460 2266 2753 2321 emendare
2783 2281 2840 2321 se
2868 2267 3027 2335 velle,
3071 2278 3149 2335 et,
3182 2270 3249 2323 ad
3274 2270 3564 2327 tollendam
3605 2272 3772 2328 animi

2187 2356 2261 2408 tui
2300 2356 2701 2425 aegritudinem,
2731 2359 3017 2430 adjuvare,
3041 2363 3184 2433 quod
3210 2363 3447 2420 maxime
3469 2362 3769 2431 desideras,

2185 2456 2244 2501 ut
2272 2446 2559 2504 Remensis
2585 2450 2828 2506 Ecclesia
2859 2453 3093 2524 respiret
3119 2454 3188 2510 ad
3217 2455 3505 2527 pristinam
3535 2456 3770 2528 dignita-

2186 2546 2316 2591 tem.
2350 2536 2409 2592 Si
2434 2553 2551 2594 naee
2582 2539 2677 2594 tibi
2706 2539 2888 2596 facere
2910 2542 3166 2611 voluerit,
3188 2545 3432 2616 recipere
3453 2546 3682 2612 suadeo,
3714 2555 3773 2600 ut

2182 2627 2584 2698 quamprimum
2629 2631 2914 2701 expeditus
2958 2632 3149 2690 redeas
3195 2635 3264 2690 ad
3311 2634 3547 2691 cilicium
3591 2643 3769 2691 tuum.

2186 2719 2387 2775 Deinde
2413 2735 2665 2790 suggero,
2694 2722 2798 2776 etsi
2824 2739 2931 2777 non
2969 2724 3200 2795 indiges,
3226 2733 3285 2781 ut
3318 2727 3387 2781 ad
3413 2740 3605 2796 pacem
3629 2741 3766 2795 pau-

2180 2825 2371 2878 perum
2400 2796 2828 2880 componendam
2879 2822 2991 2867 tota
3030 2823 3212 2869 mente
3257 2798 3497 2886 satagas,
3519 2829 3661 2885 quos
3687 2816 3771 2869 sui

2181 2916 2337 2969 reges
2394 2911 2450 2956 et
2490 2902 2766 2972 principes
2810 2905 3163 2960 vehementer
3205 2905 3465 2977 aﬂligunt.
3496 2906 3772 2961 Praeterea

491 3021 586 3075 sed
640 3036 741 3078 nec
786 3031 847 3077 ut
893 3026 962 3081 ad
1019 3025 1194 3081 virum
1250 2992 1524 3082 odientem
1574 2992 1815 3098 peritura
1871 2992 2076 3094 redeat,
2107 3007 2151 3068 (ἶ
2181 2992 2415 3098 Βξῗθιάθ
2461 2994 2718 3064 episcoPo
2764 2994 3036 3098 reruni“:
3089 2996 3268 3098 “fdi”
3312 2997 3391 3098 ξξθ
3437 3007 3491 3054 ω
3536 3011 3773 3098 "mrem

489 3120 772 3167 coarctare
796 3140 807 3167 ι
822 3128 1111 3183 praesumo.
1161 3114 1227 3170 G.
1266 3126 1449 3171 autem
1490 3131 1634 3191 serpe
1680 3119 1847 3174 mittit
1872 3120 1939 3173 ad
1971 3136 2076 3185 me,

491 3200 769 3256 licentiam
818 3202 1041 3259 ineundi
1081 3207 1337 3261 connubii
1389 3209 1515 3263 novi
1561 3219 1792 3276 petens;
1843 3210 1989 3264 illam
2020 3225 2081 3267 se

488 3293 768 3363 gurpisse,
816 3309 1079 3366 suamque
1122 3300 1408 3367 pecuniam
1453 3301 1757 3370 recepisse,
1803 3301 1932 3358 licet
1971 3319 2077 3358 non

492 3398 620 3438 vere
663 3393 995 3454 protestatus.
1045 3387 1157 3458 Ego
1206 3402 1336 3444 vero
1385 3388 1654 3445 interdico
1704 3391 1755 3446 ei
1803 3390 2079 3448 licentiam

492 3472 675 3539 istam,
705 3473 880 3529 donec
907 3490 1045 3530 uxor
1088 3475 1206 3544 ejus
1254 3488 1346 3532 aut
1389 3480 1654 3534 monacba
1684 3478 1827 3536 facta
1867 3480 1955 3545 sit,
1986 3490 2081 3536 aut

488 3561 762 3617 defuncta.
796 3564 1040 3632 Quorum
1070 3575 1252 3622 utrum
1281 3568 1433 3638 prius
1476 3569 1721 3624 futurum
1748 3570 1842 3635 sit,
1872 3572 2076 3627 nescio.

488 3653 544 3706 Si
575 3669 705 3724 ergo
734 3656 801 3711 de
834 3657 936 3712 hac
961 3672 1126 3713 causa
1168 3674 1348 3714 meum
1389 3660 1677 3715 consilium
1717 3661 1901 3727 vultis,
1934 3664 2080 3732 quod

486 3759 587 3814 ego
608 3745 772 3809 facio,
799 3747 939 3802 idem
972 3763 1066 3802 vos
1092 3748 1273 3803 facere
1292 3749 1528 3815 suadeo,
1563 3752 1666 3807 hoc
1694 3752 1961 3822 adjiciens
1994 3761 2075 3819 ut,

485 3835 529 3885 si
559 3848 776 3888 causam
809 3836 949 3889 hanc
985 3836 1096 3888 acri
1139 3852 1369 3890 censura
1400 3847 1737 3906 pertractare
1771 3841 1972 3906 velitis,
2010 3856 2080 3896 ex

490 3937 609 3976 mea
639 3933 794 3991 parte
835 3939 940 3978 non
980 3926 1488 3991 contradictionem,
1517 3929 1612 3982 sed
1636 3927 1955 3998 sulfragium
1984 3946 2080 3987 vos

489 4013 691 4068 habere
715 4014 923 4081 sciatis.
966 4015 1214 4086 Capitula
1261 4031 1532 4073 canonum
1576 4020 1645 4075 ad
1689 4020 1830 4075 hanc
1858 4036 2078 4077 causam

488 4104 817 4174 pertinentia
859 4107 1018 4162 nobis
1066 4107 1407 4163 subscribere
1450 4125 1557 4164 non
1609 4111 1819 4165 vacavit
1847 4112 1912 4165 ad
1940 4125 2081 4180 prae-

488 4210 658 4260 sens,
707 4195 947 4251 hostium
1002 4198 1380 4266 persecutione
1436 4200 1689 4256 turbatis.
1761 4200 2078 4257 Scribemus

490 4295 673 4340 autem
722 4295 777 4340 et
826 4288 942 4342 haec
994 4297 1049 4342 et
1074 4287 1178 4343 alia
1229 4289 1465 4345 libenter
1514 4290 1568 4345 in
1612 4291 1933 4361 obsequium
1978 4307 2076 4346 ve-

488 4385 683 4443 strum,
708 4378 756 4433 si
800 4378 942 4433 Deus
966 4382 1303 4440 concesserit
1332 4381 1488 4437 nobis
1517 4382 1745 4437 salutem
1770 4392 1827 4438 et
1854 4397 2068 4453 pacem.

488 4466 696 4525 Valete.

845 4582 1178 4640 EPISTOLA
1202 4585 1362 4641 XLIII
1395 4585 1540 4660 [olim
1564 4587 1718 4660 LIII].

1001 4675 1185 4747 (Circa
1213 4678 1394 4733 eumd.
1432 4678 1547 4749 an.)

684 4782 691 4787 '
751 4762 927 4819 Charo
953 4781 1050 4818 suo
1081 4765 1146 4820 Β.
1177 4767 1494 4824 Fucnenrus
1514 4769 1802 4840 cpiscopus.

560 4852 866 4926 Occupatus
894 4872 1022 4928 erga
1053 4858 1279 4926 plurima
1299 4861 1485 4929 paucis
1511 4862 1604 4915 tibi
1636 4862 1715 4917 sic
1742 4862 2073 4931 respondere

486 4946 797 5016 compellor.
838 4948 1098 5004 Ecclesia:
1139 4965 1355 5016 nomen,
1388 4962 1539 5005 extra
1562 4967 1723 5020 quam
1756 4953 1867 5007 veri
1905 4952 2072 5007 sacri-

490 5038 595 5092 licii
638 5054 743 5093 non
791 5051 876 5094 est
928 5040 1101 5109 locus,
1152 5043 1599 5113 interpretatione
1649 5061 1744 5098 sua
1792 5046 2073 5115 pluralita-

488 5137 597 5183 tem
623 5128 818 5182 innuit.
848 5128 1211 5189 Sacerdotalis
1236 5149 1450 5204 quoque
1480 5135 1732 5189 salutatio
1755 5152 1860 5205 qua
1890 5137 2074 5190 Denti-

487 5236 584 5256 91η(
612 5218 871 5256 ἰιιιιδκρηηι
910 5221 1110 5256 Ιιῖιιςίιιιο
1174 5241 1277 5256 ηΛυὶ
1320 5238 1395 5256 ΛΛΙ
1429 5243 1591 5256 Iun-Iani
1622 5228 1791 5256 n.\'--u\
1851 5230 1945 5256 u.\.'
2000 5230 2066 5256 Α..

2181 3082 2459 3150 alllictum,
2483 3094 2546 3139 ut
2574 3101 2760 3139 curam
2793 3086 2972 3157 gregis
2999 3088 3213 3143 Domini
3257 3089 3569 3160 relinquere
3611 3088 3770 3143 velis.

2180 3174 2333 3243 Quod
2363 3190 2463 3246 ego
2486 3176 2689 3231 acriter
2726 3184 2784 3231 et
2823 3177 2998 3234 amice
3044 3179 3313 3250 redarguo
3335 3220 3350 3244 ,
3377 3188 3586 3235 testans
3619 3189 3696 3244 te,
3725 3179 3771 3233 si

2182 3267 2283 3322 hoc
2311 3264 2511 3336 egeris,
2539 3280 2644 3319 non
2687 3263 2857 3321 fuisse
2899 3276 3193 3337 pastorem.
3236 3268 3368 3324 Vale
3410 3285 3621 3326 memor
3663 3271 3771 3326 mei

2178 3357 2488 3426 peccatoris
2509 3356 2565 3411 in
2585 3356 2928 3413 orationibus
2959 3359 3066 3413 tuis

2537 3468 2877 3527 EPISTOLA
2905 3469 3045 3526 XLV
3090 3469 3239 3544 [olim
3266 3470 3404 3545 LV].

2705 3563 2885 3635 (Circa
2917 3579 3007 3618 an.
3035 3566 3241 3634 eumd.)

2181 3652 2457 3735 Diligentia
2495 3671 2700 3740 semper
2722 3665 2880 3740 atque
2907 3655 3201 3740 venerando
3250 3654 3536 3734 Remorum
3558 3725 3571 3740 Ι
3591 3657 3769 3740 are/ti-

2251 3724 2487 3796 episcopo
2535 3724 2716 3779 Ειιιιιο
2765 3724 3086 3780 Fumat:an
3121 3726 3489 3796 Δ(ἐιινηυιιεηείε
3550 3725 3766 3780 Immitis

2249 3794 2563 3865 episcopus,
2636 3798 3024 3850 communicare
3095 3794 3295 3864 [autem
3362 3796 3564 3849 intima:
3639 3798 3767 3850 cha-

2250 3867 2442 3919 ritatis.

2249 3975 2325 4030 De
2346 3984 2527 4030 vestra
2575 3975 2842 4040 bonitate,
2891 3990 3002 4032 non
3058 3976 3127 4030 de
3175 3986 3364 4031 nostro
3410 3975 3610 4032 merito
3638 3991 3769 4031 con-

2180 4067 2428 4132 ﬁdentes,
2453 4067 2842 4137 deprecamur,
2868 4067 3072 4136 optime
3109 4065 3292 4134 Pater,
3343 4076 3405 4121 ut
3446 4077 3640 4122 notum
3672 4070 3765 4122 ba-

2178 4157 2309 4212 bere
2377 4156 2674 4227 dignemini
2760 4156 2903 4211 hunc
2948 4156 3174 4211 charum
3236 4167 3484 4213 nostrum
3544 4161 3766 4213 nomine

2179 4248 2500 4315 IIubertum,
2531 4250 2623 4319 qui
2651 4249 2717 4304 de
2743 4249 2917 4320 patria
2967 4265 3063 4304 sua
3110 4265 3275 4305 causa
3295 4251 3567 4306 discendae
3596 4252 3764 4307 bone-

2103 4357 2153 4416 ι)
2179 4341 2335 4396 statis
2361 4356 2633 4412 egressus,
2669 4348 2723 4396 et
2753 4341 2894 4411 apud
2916 4355 3017 4396 nos
3062 4340 3378 4412 aliquandiu
3423 4341 3760 4409 demoratus,

2180 4433 2340 4489 talem
2367 4449 2426 4489 se
2453 4434 2607 4490 nobis
2651 4434 2915 4499 exhibuit,
2943 4443 3002 4489 ut
3030 4450 3137 4490 non
3181 4436 3357 4490 minus
3398 4451 3562 4506 quam
3590 4437 3763 4492 frater

2177 4525 2426 4581 uterinus
2470 4526 2640 4580 amari
2683 4534 2738 4581 et
2789 4526 3046 4582 honorari
3089 4528 3371 4583 meruerit.
3430 4525 3586 4583 Nunc
3632 4544 3763 4584 vero

2175 4616 2366 4670 eadem
2399 4630 2563 4671 causa
2587 4626 2885 4687 permotus,
2913 4620 3298 4674 monasterium
3326 4618 3469 4676 beati
3498 4619 3757 4693 Remigii,

2175 4706 2320 4775 quod
2347 4714 2586 4762 vestrum
2614 4708 2955 4771 est,visitare
2985 4708 3251 4779 disposuit
3274 4724 3290 4763 :
3310 4710 3399 4765 ubi
3420 4710 3466 4766 si
3496 4710 3553 4765 in
3575 4711 3757 4782 aliquo

2176 4795 2340 4851 fuerit
2365 4796 2581 4867 indigus
2605 4807 2796 4854 vestra:
2821 4799 2960 4870 opis,
2992 4800 3190 4855 sentiat
3213 4816 3522 4872 quaesumus
3543 4804 3756 4860 viscera

2174 4888 2410 4958 pietatis.
2438 4888 2585 4944 Vale.

2527 4979 2862 5036 EPISTOLA
2888 4981 3053 5039 XLVI
3082 4981 3231 5056 [olim
3260 4984 3418 5057 LVI].

2697 5072 2876 5140 (Circa
2911 5090 3000 5127 an.
3029 5074 3236 5146 eumd.)

2187 5156 2482 5212 Venerabili
2509 5158 2895 5256 archiepiscopo
2926 5160 3419 5256 .ROllt‘t'ijﬂttgenfittm
3451 5161 3584 5217 Res.
3617 5163 3755 5219 Fur.-

2392 5245 2550 5256 “nn-II
