4018 6382
240 363 378 421 9‘25

1706 363 2082 420 EPISTOLE.

3417 373 3527 428 2‘16

249 494 393 547 qua:
441 477 656 548 indigne
678 489 872 547 passus
903 491 986 541 es,
1008 476 1306 547 praesertim
1337 476 1402 529 ab
1423 491 1488 529 en
1511 475 1601 546 qui
1627 485 1681 539 et
1712 490 1769 529 se
1791 485 1843 529 et
1876 490 1913 540 Α
1946 477 2235 543 aliquando
2286 479 2534 532 meritum
2581 478 2646 532 iri
2705 479 3004 548 opitulante
3058 473 3232 551 gratia
3288 484 3515 543 Christi.

250 586 371 623 sua
397 577 498 623 tuae
533 568 777 623 ﬁdelitati
801 568 1079 624 debuerat.
1110 567 1286 639 Super
1314 569 1408 622 illo
1449 583 1662 637 quoque
1690 567 1845 621 doleo

249 659 643 722 vehementer,
675 656 843 712 fratre
866 666 919 712 et
949 658 1267 728 coepiscopo
1287 667 1474 711 nostro
1500 657 1625 710 dum
1652 665 1843 720 staret,

252 747 320 801 in
355 756 501 802 tanta
522 762 667 802 nunc
692 745 1016 816 ﬂagitiorum
1038 758 1199 818 atque
1221 748 1521 805 facinorum
1549 749 1842 818 prazcipitia

254 833 441 903 lapso.
475 833 582 890 Sed
610 835 918 900 tibi,Pater,
948 835 1063 890 haec
1088 836 1170 890 vel
1200 851 1389 906 magna
1417 835 1715 891 consolatio
1742 845 1842 899 est,

250 926 394 994 quia
422 923 468 977 si
492 921 762 996 [externa]
780 924 1026 990 abstulit,
1049 925 1305 979 interiora
1328 938 1432 978 non
1457 924 1652 995 potuit.
1673 924 1850 978 llabcs

253 1012 413 1065 enim
451 1026 517 1066 ex
545 1011 641 1066 Dei
669 1011 847 1082 gratia
877 1011 1197 1067 charitatem
1230 1027 1336 1082 qua
1368 1014 1541 1082 ipsum
1573 1022 1846 1067 errantem

256 1118 538 1171 revoces;
570 1102 783 1159 frenum
820 1105 1097 1160 canonica:
1129 1104 1506 1171 districtionis,
1535 1118 1643 1173 quo
1670 1104 1849 1159 detre-

254 1204 508 1250 ctantem
534 1209 826 1262 coerceas;
878 1196 1107 1266 virgam,
1154 1210 1261 1267 qua
1304 1195 1509 1251 ferias:
1559 1196 1645 1251 his
1694 1204 1851 1251 utere

256 1292 664 1353 competenter,
690 1284 863 1339 donec
885 1283 1277 1339 absolutionem
1316 1284 1646 1355 promeritus
1672 1285 1855 1341 dicere

258 1375 367 1428 tibi
412 1373 678 1443 gaudeat:
731 1372 893 1445 Virga
945 1384 1038 1428 tua
1084 1385 1133 1429 et
1180 1374 1397 1429 baculus
1442 1386 1565 1430 tuus
1622 1376 1735 1447 ipsa
1774 1392 1855 1430 me

255 1463 542 1517 consulatu
567 1472 687 1517 sunt
711 1460 883 1533 (Psal.
907 1480 1046 1531 xm,
1069 1464 1148 1534 4).
1186 1463 1340 1519 Vale.

597 1571 929 1648 Eptsrota
959 1572 1141 1629 XLVII
1170 1572 1316 1648 [olim
1343 1572 1526 1648 LVII].

798 1643 981 1715 (Circa
1006 1659 1094 1698 an.
1120 1643 1325 1717 etimd.)

268 1731 580 1789 Venerabili
622 1732 1021 1807 Qeodicensium
1062 1736 1234 1807 episc.
1268 1735 1529 1807 Roesnto,
1557 1734 1672 1807 (33)
1719 1734 1860 1791 FUL-

382 1820 592 1861 BBIl'ﬂlS
618 1803 956 1859 Carnotettsis
981 1803 1161 1859 omnia
1185 1805 1458 1860 charitatis
1480 1803 1748 1876 obsequia.

345 1893 785 1962 Cumdispersas
812 1907 946 1949 oves
973 1892 1203 1949 sollicite
1250 1908 1317 1949 ac
1360 1893 1507 1963 longi
1536 1894 1750 1948 itineris
1777 1893 1859 1947 la-

272 1984 418 2038 bore
447 1984 689 2053 quaeritis
712 2023 728 2049 ,
775 1982 881 2038 laeti
928 1984 1310 2054 perpendimus
1329 2024 1344 2048 ,
1379 1984 1565 2049 Pater,
1592 1985 1736 2054 quod
1765 1999 1859 2054 pa-

226 2076 449 2130 'storis
493 2090 688 2130 nomen
745 2074 1070 2146 negligentia
1127 2091 1236 2130 non
1297 2076 1582 2131 cassatis:
1645 2076 1714 2131 de
1768 2076 1857 2129 illa

270 2177 461 2220 tamen
490 2178 593 2219 ove
634 2179 755 2234 quae
783 2165 837 2220 in
866 2165 1067 2219 nostris
1112 2165 1332 2236 pascuis
1367 2165 1709 2230 observatur,
1750 2164 1862 2218 fra-

278 2266 425 2310 trem
460 2256 528 2310 A.
560 2255 948 2310 subdiaconum
995 2255 1208 2326 loquor,
1258 2270 1485 2311 securus
1534 2265 1679 2322 esto,
1733 2257 1860 2326 quia

276 2348 380 2403 Dei
407 2348 580 2418 gratia
608 2348 744 2403 bene
767 2347 1026 2413 ruminat,
1075 2355 1132 2401 et
1172 2347 1424 2419 luporum
1452 2347 1677 2402 insidias
1703 2362 1862 2418 saga-

269 2438 420 2493 citer
445 2444 622 2493 cavet.
652 2437 763 2491 Nec
802 2436 1086 2507 appelletis
1113 2451 1237 2492 eum
1273 2437 1420 2492 ultra
1461 2436 1688 2491 militem
1725 2435 1863 2507 fugi-

272 2528 474 2594 tivum,
504 2528 762 2598 quoniam
792 2536 1046 2584 accurate
1073 2542 1135 2582 se
1159 2536 1430 2599 praeparat
1452 2529 1520 2583 ad
1538 2527 1859 2584 debellanda

272 2631 463 2685 coram
491 2617 603 2671 Deo
643 2624 698 2671 et
718 2616 876 2671 nobis
904 2617 1120 2687 agmina
1144 2617 1422 2672 vitiorum.
1465 2618 1657 2673 Veniet
1677 2626 1859 2673 autem

272 2706 345 2760 ad
377 2720 475 2760 vos
503 2706 826 2775 quantocius
870 2704 1107 2776 poterit;
1139 2705 1233 2760 sed
1274 2706 1322 2760 si
1357 2714 1542 2760 nostra
1590 2704 1863 2760 humilitas

279 2796 534 2851 invenire
560 2804 723 2866 queat
749 2795 979 2866 gratiam
1007 2795 1060 2849 in
1085 2793 1260 2849 oculis
1302 2794 1521 2860 vestris,
1547 2794 1865 2863 simpliciter

276 2901 574 2944 exoramus
601 2894 661 2940 ut
688 2886 845 2941 nobis
865 2901 989 2942 eum
1040 2885 1322 2941 remittere
1341 2900 1409 2941 ac
1443 2886 1640 2941 vestris
1666 2885 1864 2942 litteris

276 2974 662 3031 commendare
704 2974 1019 3045 dignemini,
1067 2982 1129 3028 ut
1171 2974 1461 3045 praesentia
1505 2973 1626 3043 ejus
1669 2975 1742 3029 sit
1784 2975 1865 3044 pi-

277 3077 421 3135 gnus
442 3071 638 3119 vestrm
666 3064 950 3120 charitatis
970 3078 1099 3133 erga
1129 3079 1247 3131 nos,
1274 3079 1340 3121 ac
1361 3073 1561 3120 nostra:
1587 3064 1865 3121 ﬁdelitatis

276 3169 413 3227 erga
431 3168 532 3210 vos
556 3154 611 3209 in
634 3164 974 3225 perpetuum.
1008 3152 1219 3209 Valete.

560 3245 892 3304 EPISTOLA
927 3245 1135 3301 XLVIII
1163 3244 1314 3319 [olim
1361 3243 1567 3317 LVIII].

812 3339 990 3411 (Circa
1019 3353 1107 3392 an.
1138 3337 1347 3407 eumd.)
1416 3354 1435 3359 ·-

288 3429 602 3485 Venerando
622 3427 1063 3500 _Lea:oviensium
1125 3427 1361 3500 pontiﬁci
1394 3426 1670 3500 bonum
1704 3426 1863 3500 fut.-

353 3515 562 3580 scarus
607 3497 942 3554 Carnotensis
985 3495 1285 3568 episcopus,
1322 3495 1546 3551 salutem
1586 3508 1635 3551 et
1683 3497 1864 3566 ﬁdeles

356 3579 646 3623 orationes.

358 3655 669 3726 Presbyteri
709 3654 1095 3712 canonicorum
1145 3662 1455 3710 nostrorum
1508 3667 1576 3707 ex
1623 3653 1865 3709 ecclesiis

282 3765 421 3820 quas
446 3750 651 3805 habent
676 3750 729 3804 in
759 3749 1074 3820 episcopatu
1109 3755 1293 3804 vestro
1329 3757 1597 3803 venerunt
1624 3747 1691 3801 ad
1728 3762 1862 3812 nos,

284 3842 532 3897 dicentes
553 3841 697 3911 quod
715 3856 813 3897 vos
835 3840 1189 3896 interdixistis
1210 3840 1290 3895 eis
1312 3840 1669 3894 ministerium
1687 3854 1861 3902 suum,

286 3930 413 3985 ideo
446 3930 594 3999 quod
622 3929 690 3985 de
712 3929 844 4000 ipsis
868 3928 1115 3985 ecclesiis
1144 3945 1251 3985 non
1294 3928 1478 3985 ferunt
1504 3929 1659 3983 vobis
1703 3943 1867 4000 syno-

285 4022 416 4076 dum
443 4021 582 4092 (54).
612 4021 682 4076 Et
704 4036 805 4077 nos
832 4021 1048 4091 quidem
1079 4035 1199 4076 eam
1226 4021 1383 4076 vobis
1408 4021 1531 4092 jure
1554 4020 1865 4076 solvendam

286 4126 412 4168 esse
441 4127 551 4168 non
575 4112 930 4184 ignoramus:
970 4112 1065 4168 sed
1109 4111 1378 4168 Tedoldus
1408 4113 1729 4184 praepositus
1770 4128 1869 4167 no-

286 4212 405 4258 ster
429 4243 448 4269 ,
500 4216 567 4257 ac
602 4212 780 4257 vester
830 4215 1042 4267 servus,
1089 4216 1196 4256 non
1241 4202 1380 4256 bene
1439 4216 1555 4256 rem
1604 4199 1868 4256 intellexit

286 4291 582 4357 hactenus,
606 4305 673 4347 eo
700 4291 957 4362 deceptus
981 4290 1124 4361 quod
1170 4289 1312 4344 nulla
1352 4290 1702 4346 ecclesiarum
1731 4305 1868 4360 quas

285 4380 465 4436 nostri
490 4380 736 4436 canonici
763 4381 1041 4452 possident
1073 4379 1127 4434 in
1162 4380 1477 4451 episcopatu
1519 4388 1704 4435 nostro
1733 4379 1868 4434 obli-

288 4480 413 4542 gata
442 4478 526 4525 est
552 4468 857 4539 huiusmodi
879 4468 1080 4533 debito,
1102 4471 1412 4524 remittente
1432 4466 1684 4524 videlicet
1704 4477 1858 4523 ante-
1893 4484 1939 4542 ί)

288 4575 573 4615 cessorum
633 4574 878 4615 meorum
943 4559 1186 4629 piissima
1240 4557 1583 4613 liberalitate.
1642 4557 1749 4613 Sed
1809 4572 1873 4611 ea

287 4649 630 4719 quantalibet
658 4649 928 4704 cltaritate
954 4648 1110 4715 fulta,
1139 4649 1481 4718 quantalibet
1504 4648 1661 4703 laude
1690 4648 1874 4717 digna,

293 4751 481 4794 vestro
512 4748 690 4795 tamen
714 4739 823 4811 juri
852 4738 1078 4796 minime
1100 4736 1433 4808 praeiudicat.
1484 4738 1638 4793 Nunc
1685 4738 1869 4807 itaque

290 4830 577 4886 serenitati
604 4839 798 4886 vestrm
825 4829 1190 4900 supplicamus
1226 4837 1283 4882 ut
1317 4828 1629 4883 concedatis
1649 4827 1730 4895 eis
1756 4828 1872 4882 olli-

292 4919 441 4972 cium
480 4933 634 4973 suum
681 4918 873 4989 agendi
933 4917 1242 4981 licentiam,
1290 4917 1495 4987 paratis
1534 4917 1727 4971 amodo
1775 4924 1870 4970 aut

292 5016 531 5060 vestram
554 5007 819 5078 synodum
842 5006 997 5061 vobis
1018 5005 1268 5069 reddere,
1291 5015 1383 5058 aut
1408 5005 1463 5060 in
1490 5021 1619 5060 usus
1643 5005 1870 5060 fratrum

299 5105 610 5151 nostrorum
642 5096 981 5152 necessarios
1007 5095 1241 5150 retinere
1266 5134 1280 5157 ,
1328 5095 1372 5150 si
1404 5095 1655 5150 charitati
1678 5104 1872 5151 vestra:

298 5184 568 5254 placuerit
593 5195 904 5240 sanctorum
939 5193 1152 5253 patrum
1200 5174 1442 5239 meorum
1470 5199 1634 5253 supra
1663 5200 1870 5239 memo-

302 5280 481 5351 ratum
536 5273 873 5329 remissionis
922 5272 1225 5341 exemplum
1283 5273 1595 5327 observare.
1659 5272 1715 5327 Si
1765 5287 1872 5329 non

308 5364 479 5417 merui
505 5371 565 5418 ut
590 5378 757 5419 causa
787 5364 893 5418 mei
923 5362 1124 5433 aliquid
1165 5362 1398 5428 faciatis,
1452 5369 1641 5429 restat,
1690 5379 1871 5434 spero,

376 5519 488 5589 (35)
531 5520 889 5575 Demochares
937 5520 1098 5589 istum
1152 5516 1460 5589 episcopum
1491 5514 1720 5583 appellat
1770 5488 1889 5569 Ro?

305 5586 524 5658 geriem,
556 5598 611 5642 et
636 5590 855 5659 ponitur
876 5591 929 5644 in
956 5588 1070 5642 suis
1101 5586 1298 5659 tabulis
1325 5594 1532 5659 sextus.

379 5659 493 5726 (34)
524 5652 768 5727 Synodns
791 5668 875 5713 est
916 5672 1109 5711 census
1157 5655 1247 5725 qni
1289 5655 1543 5727 episcopo
1588 5669 1617 5727 a_
1658 5652 1870 5709 clericis

307 5724 644 5784 venientibus
685 5734 753 5784 ad
796 5740 1006 5784 annuas
1049 5724 1327 5796 SynOdos,
1366 5724 1562 5793 quibus
1607 5724 1870 5777 interesse

1951 568 2157 634 Valete,
2185 570 2504 624 cbarissime
2527 570 2709 636 Pater,
2742 585 2800 626 ct
2826 583 3154 628 mementote
3184 575 3287 629 mei
3320 577 3372 630 in
3394 591 3522 632 ora-

1949 658 2186 714 tionibus
2212 660 2430 715 vestris.

2277 763 2615 821 EPISTOLA
2640 765 2804 821 XLIX
2835 765 2981 839 [olim
3019 768 3183 843 LIX].

2484 856 2659 927 (Circa
2686 871 2775 910 an.
2801 855 3008 929 cumd.)

1963 943 2256 1000 Venerabili
2282 944 2615 1001 Parisiorum
2640 949 2880 1017 episcopo
2905 947 3176 1005 Fnaacom
3208 951 3527 1009 Firmemus

2479 1018 2692 1070 Immitis
2730 1019 2996 1074 sacerdos.

2024 1105 2191 1161 Doleo
2226 1121 2390 1177 super
2434 1114 2508 1171 te,
2555 1106 2896 1172 cliarissime,
2949 1123 3070 1162 cum
3120 1117 3175 1164 te
3225 1124 3254 1163 a
3299 1111 3528 1180 pristina

1955 1195 2154 1249 virtute
2180 1204 2489 1265 apostatare
2532 1196 2713 1250 video.
2760 1194 2900 1252 Olim
2949 1198 3090 1267 apud
3118 1214 3205 1254 me
3231 1213 3532 1269 conquete-

1954 1286 2106 1340 baris
2136 1285 2203 1339 de
2234 1296 2324 1341 tuo
2353 1294 2724 1353 antecessore,
2773 1287 2867 1356 qui
2910 1288 3172 1358 sacrilega
3227 1292 3533 1347 temeritate

1957 1376 2153 1431 altaria
2201 1376 2355 1432 laicis
2395 1377 2453 1432 in
2501 1377 2826 1432 beneficium
2871 1378 3135 1435 dederat:
3197 1397 3340 1437 nunc
3399 1385 3533 1438 mihi

1956 1467 2152 1521 suades
2177 1475 2237 1520 ut
2261 1482 2363 1537 ego
2387 1467 2640 1523 similiter
2670 1467 2884 1522 faciam.
2915 1467 2960 1524 0
2996 1469 3226 1526 cteluml
3284 1487 3318 1526 ο
3350 1476 3531 1528 terra!

1958 1557 2087 1626 quid
2116 1555 2347 1612 clamem
2373 1558 2386 1610 l
2420 1566 2513 1611 aut
2553 1572 2661 1626 quo
2707 1559 2814 1614 tuis
2855 1559 3066 1614 meritis
3095 1561 3257 1631 digno
3288 1564 3448 1618 modo
3479 1574 3532 1617 te

1956 1647 2244 1718 objurgare
2287 1647 2530 1716 possim?
2583 1648 2690 1702 Sed
2734 1662 3018 1717 compesco
3067 1665 3212 1705 nmic
3261 1651 3535 1707 ferventes

1960 1738 2128 1791 animi
2196 1737 2301 1792 mei
2358 1736 2595 1803 ﬂuctus,
2648 1737 2823 1792 donec
2880 1747 2933 1792 te
2977 1739 3392 1808 prmseutialiter
3440 1756 3537 1795 ex-

1887 1826 1932 1884 B
1959 1830 2175 1899 quisitis
2226 1830 2659 1899 increpationum
2715 1831 3001 1886 tormentis
3044 1832 3373 1887 excruciem.
3408 1833 3537 1887 Vale

1958 1920 2200 1976 interim.

2343 2009 2678 2066 EPISTOLA
2718 2010 2760 2065 L
2801 2009 2947 2083 [olim
2985 2010 3123 2084 LXI]

2438 2101 2617 2171 (Circa
2644 2116 2843 2156 annum
2874 2102 3057 2174 10.9.0.)

1961 2191 2156 2247 Sancto
2178 2202 2225 2247 et
2248 2194 2486 2247 venerab.
2510 2194 2899 2262 archiepiscopo
2928 2195 3273 2251 Lsurusmco
3299 2197 3540 2253 Fussa-

2066 2278 2170 2320 rus
2200 2264 2472 2332 episcopus
2502 2265 2568 2317 de
2591 2263 2782 2316 virtute
2810 2264 2864 2318 in
2894 2267 3133 2319 virtutem
3163 2271 3428 2335 progredi.

2033 2370 2108 2427 De
2134 2371 2379 2427 Guidone
2406 2374 2872 2427 excommunicato
2908 2384 3095 2429 nostro
3137 2390 3237 2430 nos
3272 2378 3536 2446 appellas,

1962 2462 2260 2517 reverende
2312 2460 2501 2528 Pater,
2543 2462 2730 2517 dicens
2775 2463 2916 2531 quod
2941 2464 3233 2533 episcopali
3295 2482 3355 2521 se
3407 2468 3538 2522 velit

1961 2551 2260 2605 examinari
2277 2550 2514 2620 judicio,
2541 2561 2596 2607 et
2623 2552 2993 2608 ecclesiastica
3013 2556 3380 2612 satisfactione
3406 2574 3537 2628 pur-

1963 2641 2100 2711 gari.
2126 2642 2197 2695 At
2221 2656 2321 2696 nos
2344 2656 2559 2711 precem
2602 2651 2750 2696 tuam
2772 2658 2865 2698 seu
2908 2645 3072 2699 verba
3115 2645 3338 2701 minime
3359 2650 3539 2719 parvi-

1964 2735 2277 2804 pcndentes,
2312 2736 2408 2791 tibi
2436 2738 2826 2808 respondemus
2851 2754 2951 2794 nos
2976 2739 3093 2809 ejus
3118 2740 3349 2798 libenter
3377 2744 3538 2799 mise-

1963 2824 2070 2877 reri
2100 2823 2256 2889 velle,
2284 2825 2377 2880 sed
2392 2826 2846 2882 examinationem
2879 2827 2998 2897 ejus
3029 2829 3168 2884 ultra
3191 2846 3299 2885 non
3322 2848 3536 2888 curare.

1962 2914 2117 2983 Apud
2143 2930 2243 2971 nos
2262 2917 2406 2971 enim
2426 2914 2540 2985 jam
2581 2918 2647 2972 de
2686 2918 2802 2988 ipso
2840 2919 2984 2975 sicut
3026 2922 3093 2976 de
3117 2923 3404 2991 manifesto
3446 2939 3540 2980 reo

1963 3007 2167 3074 optime
2186 3006 2389 3061 factum
2418 3017 2501 3062 est
2521 3008 2845 3079 episcopale,
2881 3012 2986 3066 hoc
3008 3020 3092 3067 est
3123 3013 3444 3069 canonicum
3475 3030 3540 3070 ac

1965 3097 2232 3152 deeretale
2256 3097 2543 3167 judicium,
2573 3101 2699 3154 dum
2729 3100 2879 3155 illum
2915 3103 3213 3157 secundum
3247 3106 3541 3159 auctorita-

1968 3195 2073 3241 tem
2098 3202 2367 3243 canonum
2395 3203 2460 3245 ac
2491 3190 2709 3246 decreta
2743 3201 3055 3247 sanctorum
3079 3193 3301 3248 Patrum
3321 3209 3540 3250 excom-

1966 3277 2382 3334 munieavimus.
2419 3279 2658 3335 Dicimus
2695 3288 2875 3335 autem
2906 3281 3053 3337 illum
3078 3281 3365 3339 manifeste
3390 3300 3540 3338 reum

1964 3377 2185 3439 propter
2209 3368 2451 3425 rationes
2491 3371 2845 3442 subscriptas.
2878 3371 3172 3442 Primoque
3211 3373 3337 3442 quia
3377 3390 3539 3430 causa

1965 3462 2280 3529 cupiditatis
2320 3460 2459 3531 ejus,
2503 3463 2689 3519 fratris
2737 3478 2801 3518 ac
2849 3466 3042 3519 matris
3086 3479 3301 3535 quoque
3351 3466 3543 3536 ipsius,

1965 3551 2178 3604 occisus
2238 3558 2322 3605 est
2366 3551 2640 3605 immerito
2683 3562 2870 3607 noster
2915 3553 3279 3609 subdecanus.
3336 3555 3542 3611 Deinde

1966 3640 2093 3709 quia
2134 3640 2295 3695 scivit
2324 3640 2549 3696 insidias
2578 3641 2653 3696 illi
2682 3643 3109 3712 praetendendas,
3155 3661 3257 3701 nec
3289 3647 3420 3701 mihi
3450 3664 3546 3718 pa-

1969 3729 2174 3785 tefecit.
2219 3729 2402 3786 Tertio
2439 3732 2584 3801 quod
2622 3732 2968 3789 insidiatores
3008 3735 3148 3805 ejus,
3179 3750 3315 3805 quos
3344 3737 3545 3793 distur-

1966 3818 2097 3874 bare
2127 3821 2317 3890 potuit,
2364 3834 2471 3875 non
2517 3821 2859 3887 disturbavit,
2903 3824 2997 3878 sed
3042 3833 3097 3879 et
3124 3826 3410 3894 praesentia
3446 3843 3542 3884 sua

1966 3908 2183 3965 domum
2209 3926 2276 3966 ex
2301 3926 2405 3981 qua
2433 3920 2632 3966 sanctae
2668 3911 2923 3967 Ecclesia:
2961 3920 3160 3968 nostra:
3203 3917 3409 3970 servire
3443 3917 3538 3972 de-

1969 4001 2178 4067 buerat,
2205 4003 2285 4057 eis
2323 4002 2660 4072 receptandis
2690 4003 2873 4058 dolose
2900 4019 3127 4060 vacuam
3150 4006 3297 4061 fecit.
3340 4007 3545 4075 Quarto

1968 4093 2111 4163 quod
2161 4091 2304 4146 malo
2344 4090 2462 4161 ejus
2486 4092 2782 4148 consensit.
2824 4091 2921 4148 His
2963 4094 3146 4164 itaque
3182 4096 3358 4151 modis
3387 4098 3544 4152 nobis

1968 4189 2154 4250 aperte
2179 4195 2303 4236 reus
2328 4180 2711 4251 comprobatur
2740 4198 2755 4235 :
2784 4181 2928 4237 unde
2967 4192 3195 4239 vocatus
3231 4193 3287 4240 et
3321 4200 3417 4255 per
3445 4201 3540 4241 sex

1968 4285 2185 4327 menses
2211 4280 2574 4341 exspectatus,
2605 4272 2733 4327 dum
2760 4271 3118 4328 confessionis
3168 4289 3233 4329 ac
3277 4276 3547 4345 paeniten-

1971 4363 2058 4418 tiae
2083 4362 2321 4418 remedia
2345 4378 2375 4415 a
2414 4361 2571 4417 nobis
2599 4374 2844 4432 quaerere
2883 4361 3112 4428 distulit,
3139 4361 3261 4431 jure
3290 4365 3542 4419 meritam

1969 4453 2544 4508 excommunicationis
2591 4453 2913 4509 sententiam
2955 4453 3200 4522 pertulit.
3237 4453 3371 4509 Cum
3414 4469 3546 4523 ergo

1982 4544 2330 4602 contradictis
2374 4544 2833 4615 irrefragabilibus
2871 4544 3077 4600 scilicet
3124 4544 3323 4611 causis,
3366 4544 3546 4614 plures

1978 4638 2123 4693 enim
2149 4653 2334 4693 carum
2375 4649 2504 4691 vere
2541 4645 2703 4691 testes
2741 4636 3000 4699 existunt,
3042 4635 3214 4704 parati
3253 4634 3547 4703 quemlibet

1976 4730 2316 4784 resistentem
2343 4727 2694 4789 convincere;
2734 4741 2856 4779 cum
2897 4725 3004 4788 ille,
3042 4725 3286 4792 inquam,
3323 4735 3547 4793 promer

1974 4820 2073 4875 bas
2100 4833 2295 4875 causas
2330 4815 2666 4871 indubitabili
2715 4813 2943 4870 crimine
2970 4822 3217 4868 teneatur
3255 4813 3547 4878 obnoxius,

1974 4912 2096 4981 quis
2120 4920 2274 4966 curet
2298 4907 2753 4964 examinationem
2780 4904 2933 4972 ejus?
2967 4905 3049 4958 An
3091 4904 3215 4974 quia
3259 4902 3540 4957 manifesm

1976 5001 2132 5071 culpa
2162 4998 2461 5055 examinari
2487 4997 2689 5069 egeat?
2717 5011 2786 5050 an
2814 4995 2955 5050 forte
2980 4994 3545 5079 crederetur‘exami-

1976 5103 2159 5159 natus,
2210 5092 2256 5146 si
2302 5091 2512 5160 culpam
2544 5105 2603 5145 se
2629 5105 2737 5144 non
2772 5088 2976 5143 habere
3003 5084 3296 5155 pejerando
3336 5084 3545 5154 culpam

1977 5176 2389 5242 accu'mularet?
2417 5183 2511 5238 sed
2538 5192 2600 5237 ut
2637 5181 2873 5237 scientes
2912 5179 3146 5248 aliquem
3196 5174 3442 5248 pejerare
3471 5174 3548 5227 si-

1978 5285 2131 5341 nant,
2157 5276 2225 5331 ab
2275 5274 2458 5328 animo
2490 5271 2833 5328 sacerdotum
2887 5269 3075 5340 religio
3116 5267 3387 5339 prohibet.
3427 5262 3547 5318 Jam

1978 5379 2107 5421 vero
2134 5374 2245 5420 tam
2266 5363 2491 5419 evidens
2534 5372 2819 5432 peceatum
2846 5375 2968 5430 qua:
3012 5358 3266 5429 purgatio
3309 5359 3546 5416 maneat,

1984 5528 2256 5580 tenentur,
2297 5516 2477 5587 pendi
2503 5513 2732 5569 solebat.
2782 5510 2906 5587 Hrec
2949 5525 3113 5587 porro
3155 5505 3453 5587 prmstalio,
3490 5512 3549 5556 ut

1978 5579 2568 5659 patet,n0n'omnibt_is
2612 5597 2766 5653 aeque
2812 5580 3080 5651 episcopis
3136 5579 3398 5647 probata,
3440 5579 3550 5628 imo

1977 5655 2004 5712 ξι
2032 5658 2303 5725 plerisque
2334 5655 2657 5724 improbata.
2866 5660 2869 5663 '
