3974 5374
543 315 646 370 2Q?

544 428 648 482 nisi
685 428 953 485 confessio
979 438 1032 486 et
1055 431 1413 500 pmnitentia?
1441 431 1593 488 lianc
1628 434 1675 489 si
1702 444 2005 504 expeteret,
2028 448 2122 486 au-
2150 442 2201 501 Α

542 519 698 573 diens
722 528 875 574 extra
922 521 1193 577 civitatem
1241 523 1341 578 sibi
1374 523 1620 578 infestam
1664 540 1751 579 me
1797 539 1938 589 esse,
1983 538 2114 594 pro-

540 617 665 677 pter
693 625 932 666 amorem
962 614 1080 679 Dei,
1112 613 1262 682 cujus
1287 616 1670 671 misericordia:
1696 633 1782 671 me
1807 632 2116 674 commoue-

542 699 740 767 fecisti,
765 703 941 756 adhuc
980 706 1120 773 apud
1151 722 1239 761 me
1274 706 1451 762 locum]
1490 708 1608 778 ejus
1635 710 1918 778 reperiret,
1952 722 2114 780 atque

542 789 661 843 Itmc
713 792 761 844 ei
812 790 1037 847 forsitan
1092 794 1378 864 aliquando
1430 798 1823 853 absolutionem
1874 812 2110 870 pareret.

542 879 693 945 Quod
726 881 769 935 si
800 883 903 937 hoc
933 884 1184 950 noluerit,
1208 886 1424 956 quando
1456 897 1510 942 tu
1544 889 1824 943 consilium
1856 894 2113 949 statueris

539 968 606 1021 de
636 966 926 1035 majoribus
955 980 1011 1025 et
1049 973 1354 1028 utilioribus
1392 983 1743 1042 tractaturus,
1778 993 1899 1032 cum
1932 979 2036 1033 illis
2058 989 2114 1035 et

537 1057 653 1112 haec
682 1074 1028 1125 recensurus,
1062 1063 1227 1117 adero
1258 1072 1434 1118 tecum
1465 1066 1509 1119 si
1555 1067 1920 1121 mandaveris.
1953 1068 2021 1122 Et
2066 1069 2112 1124 si

536 1150 664 1217 quid
691 1150 741 1203 in
774 1150 923 1204 illum
956 1162 1135 1206 aetum
1168 1162 1269 1219 est,
1296 1155 1432 1209 bene
1457 1164 1585 1220 stat,
1609 1156 1992 1228 astipulatione
2022 1169 2112 1216 tua

534 1243 770 1310 nitatur;
796 1246 877 1299 sin
914 1246 1113 1311 minus,
1143 1249 1468 1318 corrigatur.
1497 1248 1649 1304 Vale.

846 1357 1177 1415 EPISTOLA
1215 1359 1276 1414 LI
1310 1360 1458 1432 [olim
1496 1361 1633 1416 Lxu
1670 1361 1793 1434 bis].

988 1449 1165 1519 (Anno
1193 1451 1329 1505 l020
1358 1462 1450 1504 aut
1481 1452 1656 1521 l0‘2l.)

540 1532 1281 1609 Venerabili_Aurelianorum
1324 1541 1561 1609 episcopo
1591 1540 1931 1597 Tueonsmeo
1965 1543 2107 1598 FUL-

596 1621 801 1681 nenrus
827 1606 1161 1681 Crzrnotensis
1190 1606 1433 1681 sacerdos
1479 1606 1778 1681 obsequium
1817 1614 2109 1667 dilectionis

596 1675 708 1728 sine
732 1677 854 1745 fuco
888 1677 1345 1732 dissimulationis.

1522 320 1577 373 S.
1614 318 1958 375 FULBERTI
1987 317 2468 374 CARNOTENSIS
2502 319 2803 377 EPISCOPI

3690 334 3799 397 ἥδ

2527 433 2861 493 EPISTOLA
2891 437 3002 493 LIV
3035 436 3181 511 [olim
3206 439 3494 515 LXXXV].

2691 528 2870 598 (Circa
2891 544 3094 584 annum
3121 531 3305 603 1020).

2217 608 2285 663 In
2308 622 2609 682 perpetuum
2641 616 2907 692 diligendo
2931 619 3144 673 domino
3171 637 3267 692 suo
3297 623 3503 692 reaique
3528 623 3802 682 Bonna-ro

2679 687 2998 743 Funus:an
3050 690 3316 744 sacerdos.

2286 789 2496 855 Quaeso,
2525 792 2740 848 domine
2771 795 2841 849 mi
2865 836 2879 859 ,
2906 812 2973 851 ne
3006 796 3350 865 indignanter
3374 800 3619 871 accipias
3642 806 3797 873 quod

2216 876 2310 931 tibi
2335 880 2577 946 proxima
2624 880 2902 937 Dominica
2941 884 3165 941 Parisiis
3208 902 3315 941 non
3358 892 3593 945 occurri.
3642 891 3804 948 Scias

2215 969 2359 1022 enim
2388 985 2485 1039 pro
2515 980 2664 1025 certe
2710 974 2855 1042 quod
2882 976 3058 1029 nuntii
3083 975 3391 1032 fefellerunt
3420 994 3529 1045 me,
3550 981 3802 1037 dicentes

2219 1068 2269 1111 te
2294 1059 2419 1114 illuc
2449 1061 2567 1130 ipso
2600 1063 2687 1118 die
2727 1078 2831 1118 non
2860 1065 3046 1121 adfore
3067 1106 3083 1132 ,
3120 1068 3215 1122 sed
3245 1078 3467 1138 prepter
3494 1071 3803 1126 ordinatio-

2212 1163 2335 1202 nem
2376 1150 2656 1219 cujusdam
2705 1153 2941 1224 episcopi
2989 1168 3076 1209 me
3105 1158 3323 1221 vocari,
3364 1172 3525 1226 quem
3565 1160 3799 1215 omnino

2213 1253 2318 1292 non
2348 1254 2622 1306 noveram,
2657 1257 2756 1297 nec
2785 1253 3052 1298 sacratam
3083 1254 3230 1300 tuam
3257 1260 3357 1300 nec
3383 1248 3666 1317 epistolam
3698 1264 3799 1302 ar-

2212 1328 2546 1397 chiprarsulis
2586 1332 2689 1385 mei
2731 1333 2797 1386 de
2839 1333 3181 1390 ordinatione
3226 1336 3394 1405 ipsius
3440 1353 3791 1408 acceperam.

2215 1417 2383 1482 Unde,
2423 1420 2466 1475 si
2510 1421 2640 1490 quid
2685 1421 2866 1477 delicti
2898 1439 3065 1494 penes
3102 1441 3188 1482 me
3216 1435 3333 1493 est,
3372 1429 3626 1484 seductus
3660 1443 3792 1485 sum

2211 1506 2386 1561 aliena
2434 1509 2668 1564 fallacia.
2718 1511 2918 1568 Facilis
2956 1525 3132 1569 tamen
3185 1516 3343 1571 debet
3366 1532 3488 1591 esse
3528 1519 3796 1573 remissio

2212 1601 2355 1668 apud
2384 1602 2586 1670 regiam
2617 1602 2893 1672 pietatem,
2921 1604 3047 1661 eam
3071 1607 3235 1661 etiam
3259 1610 3399 1677 apud
3433 1609 3796 1678 forensesju-

2212 1689 2358 1745 dices
2403 1701 2576 1746 status
2625 1694 2697 1747 sit
2742 1694 3045 1763 bujusmodi
3083 1698 3327 1753 venialis.
3370 1698 3428 1752 In
3473 1708 3584 1754 toto
3621 1699 3795 1754 corde

591 1782 852 1839 Gratulor
880 1785 1169 1857 diligentia:
1192 1796 1315 1852 tum,
1363 1788 1489 1845 licet
1530 1799 1670 1847 inter
1709 1792 1873 1847 multa
1920 1793 2101 1850 adver-

2213 1794 2333 1834 meo
2357 1780 2520 1852 diligo
2546 1791 2625 1849 Ie;
2654 1798 2720 1837 ne
2750 1784 2981 1853 repellas
3010 1802 3097 1841 me
3129 1802 3158 1840 a
3182 1787 3451 1843 mandatis
3478 1789 3605 1843 tuis.
3631 1789 3793 1844 Vale.

527 1872 701 1926 santia
728 1889 823 1928 sua
850 1884 1071 1929 strenue
1105 1880 1442 1946 capessenti,
1478 1896 1563 1934 me
1590 1896 1803 1951 quoque
1844 1882 1910 1935 de
1948 1900 2111 1955 nego-

527 1956 616 2009 tiis
646 1958 713 2011 ad
740 1973 824 2012 me
846 1960 1242 2027 pertinentibus
1272 1964 1445 2017 amice
1484 1967 1869 2020 commonenti.
1901 1968 1971 2021 At
2010 1983 2109 2038 ego

526 2038 998 2102 commonitionem
1024 2060 1169 2103 tuam
1214 2052 1446 2121 benigne
1490 2055 1763 2123 suscipio;
1804 2057 1857 2109 in
1899 2060 2109 2115 caneris

526 2137 742 2206 quidem
777 2153 900 2207 qum
932 2140 1062 2193 mihi
1094 2142 1354 2211 scripsisti
1397 2143 1627 2199 libenter
1668 2146 1783 2211 tibi,
1824 2158 1981 2215 prout
2010 2148 2107 2203 de-

524 2225 699 2279 cuerit
731 2235 785 2280 et
822 2235 1029 2296 tempus
1068 2230 1205 2296 erit,
1247 2232 1734 2302 obtemperaturus.
1772 2238 1847 2290 De
1886 2254 2106 2307 proces-

525 2314 677 2369 sione
708 2330 837 2370 vero
864 2315 1121 2373 Ecclesia:
1174 2330 1375 2375 nostra
1420 2323 1486 2376 ad
1529 2335 1765 2378 vestram
1800 2327 1913 2380 fieri
1949 2327 2106 2381 solita

523 2404 751 2459 clericos
776 2415 986 2462 nostros
1011 2410 1361 2474 conveniens,
1393 2412 1572 2466 audivi
1602 2414 1671 2467 ab
1690 2415 1771 2467 eis
1799 2417 1941 2483 quod
1966 2416 2108 2485 opti-

521 2508 608 2548 me
648 2510 929 2562 noveram,
984 2507 1038 2552 et
1094 2500 1321 2570 teipsum
1352 2516 1511 2571 teque
1557 2505 1739 2558 animo
1778 2509 2105 2563 concredere

521 2585 671 2640 volo:
692 2587 1089 2657 videlicetquod
1108 2590 1376 2645 damnatis
1391 2591 1539 2661 (54*)
1563 2593 1830 2660 incendio,
1844 2606 1899 2650 et
1919 2598 1982 2651 ad
2004 2598 2102 2651 Ee-

525 2675 703 2731 elesia:
732 2681 1186 2734 restaurationem
1215 2682 1568 2748 inbiantibus,
1599 2686 1826 2757 aliisque
1852 2684 2103 2757 plurimis

522 2766 755 2822 miseriis
781 2767 954 2823 valida
996 2772 1320 2826 necessitate
1358 2776 1666 2844 occupatis,
1694 2780 1971 2846 processio
1996 2796 2101 2834 non

520 2857 595 2910 sit
621 2858 686 2909 ad
717 2873 950 2927 praesens
992 2859 1198 2926 facilis;
1241 2877 1494 2919 successu
1538 2880 1665 2920 vero
1704 2884 1978 2938 prosperce
2023 2869 2107 2924 fa-

521 2947 736 3003 cultatis
761 2989 776 3013 ,
814 2966 940 3005 cum
977 2967 1172 3023 magno
1200 2955 1395 3023 gaudio
1425 2972 1489 3011 ac
1519 2958 1697 3013 debita
1736 2960 2019 3016 devotione
2046 2976 2103 3016 se

520 3037 664 3092 illam
698 3040 951 3097 facturos.
979 3042 1111 3098 Vale
1152 3060 1274 3099 eum
1324 3046 1636 3103 beatissimo
1679 3050 1823 3105 clero
1856 3061 1905 3104 et
1941 3068 2102 3123 grege

522 3130 617 3184 tibi
649 3132 955 3197 commisso,
985 3134 1276 3190 cohortans
1298 3150 1392 3191 eos
1420 3152 1579 3193 orare
1608 3139 1775 3195 Deum
1804 3149 1863 3195 ut
1906 3141 2098 3197 liberet

520 3235 623 3275 nos
647 3222 716 3275 ab
744 3223 986 3281 adversis
1011 3228 1234 3282 nostris.

877 3355 1210 3413 EPISTOLA
1238 3360 1325 3415 LII
1351 3362 1498 3434 [olim
1540 3365 1744 3438 LXIII].

1045 3450 1222 3520 (Circa
1244 3470 1334 3508 an.
1363 3459 1566 3528 eumd.)

590 3557 937 3616 Dilectissimo
970 3562 1128 3632 fratri
1147 3576 1200 3638 et
1230 3569 1530 3638 coepiscopo
1556 3588 1651 3626 suo
1684 3573 2029 3632 TIIEODERICO

1145 3634 1484 3693 {iussurus}

580 3740 790 3796 lllatam
817 3745 971 3800 vobis
1005 3745 1256 3814 injuriam
1285 3764 1413 3805 vere
1454 3768 1628 3807 meam
1656 3753 1816 3820 facio,
1846 3772 2093 3828 compas-

517 3829 683 3885 sienis
709 3831 920 3895 alfectu,
953 3834 1004 3886 in
1028 3850 1123 3888 eos
1149 3836 1239 3903 qui
1279 3852 1436 3891 sacro
1483 3842 1661 3895 ordini
1702 3844 1879 3897 fecere
1909 3854 2097 3899 contu-

517 3919 730 3981 meliam
759 3921 874 3975 zelo
901 3920 1115 3976 fervens
1147 3940 1160 3974 :
1188 3924 1281 3977 sed
1306 3940 1406 3979 nec
1444 3928 1598 3982 vobis
1628 3929 1759 3984 utile
1784 3947 1903 3987 esse
1943 3934 2097 3989 video

516 4027 620 4065 nec
640 4012 767 4065 mihi
793 4021 984 4079 tutum,
1007 4023 1066 4066 ut
1089 4015 1234 4069 zelus
1263 4025 1448 4070 noster
1470 4020 1535 4073 ad
1559 4020 1848 4077 vindictam
1878 4040 2097 4081 excom-

519 4100 899 4155 municationis
923 4113 1188 4171 erumpat.
1223 4105 1681 4175 Exspectandum,
1713 4121 1767 4166 et
1796 4117 2093 4171 commoni-

518 4192 672 4247 toriis
699 4192 955 4247 utendum
993 4209 1114 4249 esse
1145 4210 1287 4259 reor,
1318 4197 1489 4252 donec
1515 4198 1635 4255 illos
1663 4210 1755 4256 aut
1772 4206 2095 4271 paenitentia

518 4284 772 4354 corrigat,
807 4292 899 4338 aut
925 4286 1118 4338 summi
1143 4284 1343 4353 judicis
1373 4291 1641 4344 sententia
1670 4293 1877 4349 multet.
1905 4295 2055 4352 Vale.

858 4391 1192 4447 EPISTOLA
1232 4394 1343 4449 LIII
1383 4395 1529 4467 [olim
1566 4397 1775 4472 LXIV].

1038 4481 1215 4549 (Circa
1246 4500 1337 4538 an.
1372 4488 1577 4558 eumd.)

598 4568 891 4625 Venerabili
919 4575 1216 4644 coepiscopo
1251 4593 1346 4630 suo
1379 4578 1652 4635 Onouuco
1681 4582 2019 4643 FULBEn'ws.

590 4681 667 4736 De
692 4698 854 4737 causa
902 4686 1043 4739 unde
1077 4687 1472 4757 simplicitatem
1524 4705 1764 4753 nostram
1813 4704 2092 4759 consulere

517 4772 782 4837 voluistis,
832 4774 885 4827 in
933 4785 1087 4830 sexto
1142 4779 1280 4834 libro
1330 4782 1699 4853 Capitulorum
1749 4798 2092 4863 nonagesimo

517 4862 693 4931 primo
724 4863 797 4917 ita
836 4865 1093 4934 scriptum
1126 4869 1447 4927 invenimus.
1475 4875 1530 4930 Si
1558 4878 1638 4932 vir
1658 4889 1712 4932 et
1744 4862 1936 4938 mulier
1963 4901 2093 4940 cono

509 4950 792 5020 junxerint
816 4957 949 5008 sein
980 4958 1346 5026 matrimonio,
1376 4973 1431 5017 et
1460 4976 1643 5033 postea
1671 4971 1869 5027 dixerit
1899 4975 2092 5030 mulier

506 5043 585 5096 'de
614 5042 732 5096 viro
761 5060 863 5098 non
893 5060 1048 5114 posse
1078 5050 1280 5105 nubere
1309 5068 1430 5106 eum
1454 5071 1539 5120 eo;
1566 5059 1609 5111 si
1639 5063 1834 5127 poterit
1857 5066 2090 5133 probare

512 5133 660 5201 quod
691 5148 875 5187 verum
912 5136 1003 5199 sit,
1032 5140 1257 5208 accipiat
1289 5141 1476 5210 alium,
1506 5161 1571 5201 eo
1594 5152 1733 5216 quod
1765 5151 1919 5217 juxta
1947 5158 2090 5226 Apo-

512 5223 714 5277 stolum
736 5239 840 5278 non
874 5227 1049 5295 potuit
1074 5229 1145 5282 illi
1196 5232 1423 5287 reddere
1459 5236 1540 5289 vir
1573 5254 1703 5295 suus
1723 5223 2091 5302 debitum—De

2479 1893 2815 1952 EPISTOLA
2850 1895 2939 1950 LV
2989 1897 3135 1969 [olim
3174 1898 3507 1972 LXXXVII].

2648 1986 2826 2056 (Anno
2858 1986 2996 2041 1020
3030 1997 3123 2042 aut
3158 1990 3340 2060 1021.)
3486 2001 3490 2022 ί

2207 2072 2559 2149 Dilectissimo
2601 2077 2813 2149 domino
2858 2096 2955 2132 suo
3000 2080 3107 2149 regi
3154 2079 3486 2135 Francorum
3516 2081 3785 2139 Ronsnro

2278 2144 2598 2202 FULBEMUS
2625 2148 2840 2202 humilis
2878 2144 3145 2220 episcopus
3174 2161 3370 2205 sanch
3409 2153 3616 2207 virtutis
3655 2170 3796 2223 aug-

2274 2227 2529 2269 mentum.

2278 2322 2336 2378 Si
2362 2325 2516 2380 nobis
2546 2342 2734 2382 omnes
2769 2330 3126 2400 pervaganda:
3151 2330 3435 2386 facultates
3468 2330 3630 2386 simul
3658 2347 3788 2387 eum

2205 2412 2485 2468 voluntate
2537 2424 2926 2486 suppeterent,
2980 2420 3270 2475 interesset
3325 2430 3520 2475 vestrae
3565 2422 3791 2492 pietatis

2206 2502 2475 2557 levitatem
2526 2516 2767 2560 nostram
2805 2512 3062 2578 arguere,
3091 2517 3148 2563 et
3198 2510 3264 2563 ad
3309 2518 3510 2565 nostra:
3539 2511 3789 2566 ecclesia:

2204 2607 2324 2658 quae
2355 2593 2627 2649 destructa
2664 2604 2747 2650 est
2775 2599 3226 2654 restaurationem
3252 2599 3522 2654 assiduam
3552 2615 3784 2655 revoca-

2206 2696 2284 2734 re.
2310 2682 2462 2736 Nune
2493 2699 2620 2738 vero
2666 2701 2789 2740 eum
2832 2702 3023 2742 omnes
3070 2689 3334 2758 ejusmodi
3367 2689 3656 2746 facultates
3683 2693 3784 2746 de-

2208 2771 2345 2837 sint,
2390 2781 2449 2827 et
2490 2789 2589 2829 nos
2629 2776 2696 2830 ad
2742 2777 3118 2832 assiduitatem
3164 2780 3508 2835 necessitudo
3575 2797 3705 2852 mag
3727 2798 3778 2836 εει

2203 2872 2493 2927 coerceat,
2522 2867 2791 2933 quomodo
2817 2868 3094 2937 sapientia:
3121 2879 3316 2925 vestra:
3354 2872 3573 2941 dignum
3609 2873 3785 2928 videri

2202 2951 2374 3018 possit
2412 2960 2471 3004 ut
2510 2953 2594 3006 vel
2643 2969 2741 3008 nos
2789 2956 2873 3009 vel
2912 2958 3115 3012 clerum
3147 2950 3390 3015 nostrum
3421 2962 3487 3014 de
3534 2962 3785 3031 qualibet

2207 3035 2360 3106 longa
2418 3042 2767 3105 processione
2816 3057 3177 3101 commoneat.
3240 3047 3517 3104 Sustinete
3564 3049 3782 3119 potius,

2204 3136 2389 3179 sancte
2413 3126 2592 3189 Pater,
2627 3132 2888 3187 sustinete
2916 3133 3337 3192 imbecillitatem
3360 3147 3627 3206 nostram,
3650 3156 3783 3212 sup-

2200 3216 2339 3284 plete
2370 3218 2713 3287 indigentiam
2747 3230 3010 3292 nostram,
3040 3234 3099 3279 ut
3124 3226 3265 3281 Deus
3294 3230 3443 3283 omni
3491 3230 3636 3285 bono
3684 3247 3775 3286 re-

2198 3307 2397 3362 focillet
2412 3309 2628 3363 cbaram
2644 3306 2884 3367 animam
2902 3318 3351 3375 vestram.Valete
3367 3321 3774 3395 regaliter(55).

2445 3421 2780 3479 EPISTULA
2817 3425 2929 3481 LVI
2963 3426 3110 3499 [olim
3140 3428 3493 3505 LXXXVIII].

2678 3506 2852 3586 (Circa
2879 3534 3078 3574 annum
3113 3521 3294 3593 1020.)
3373 3579 3378 3585 ,

2196 3598 2582 3680 Benignissimo
2617 3604 2830 3680 domino
2857 3622 2953 3680 suo
2990 3611 3198 3680 regique
3233 3609 3491 3668 Roman-ro
3532 3614 3782 3671 Fomen-

2272 3688 2368 3757 ’ξω
2390 3674 2601 3753 immitis
2637 3676 2878 3729 sacerdos
2903 3677 2949 3729 si
2984 3674 3087 3747 qua
3111 3674 3293 3749 'pctesl
3352 3687 3607 3739 orationis
3663 3690 3783 3757 suf-

2272 3741 2470 3809 fragia.

2269 3850 2347 3904 Ex
2390 3862 2541 3921 parte
2595 3855 2933 3914 celsitudinis
2982 3871 3177 3916 vestra:
3226 3862 3430 3919 dictum
3486 3876 3572 3921 est
3615 3868 3779 3926 nobis

2197 3942 2338 4010 quod
2369 3943 2622 3998 domuum
2653 3946 2987 4006 Franconem
3025 3952 3316 4011 Parisiensi
3350 3956 3608 4015 Ecclesia
3640 3961 3775 4019 dare

2198 4031 2360 4085 vultis
2409 4034 2758 4105 episcopum,
2816 4049 2871 4095 et
2904 4042 2972 4096 ad
3013 4045 3115 4098 boc
3160 4050 3524 4119 peragendum
3575 4062 3780 4110 nostra:

2197 4120 2516 4177 lmmilitatis
2548 4124 2748 4181 habere
2800 4126 3064 4186 favorem.
3110 4131 3278 4190 Nobis
3328 4146 3511 4192 autem
3562 4141 3781 4197 videtur

2194 4208 2345 4276 quia,
2372 4211 2415 4265 si
2446 4212 2729 4283 episcopus
2770 4216 2838 4272 de
2864 4233 2970 4288 quo
3002 4222 3180 4291 agitur
3223 4235 3379 4295 aptus
3405 4237 3489 4283 est
3512 4229 3776 4299 clericus,

2207 4306 2294 4352 est
2321 4301 2522 4368 optime
2561 4303 2860 4373 litteratus,
2905 4318 2960 4364 et
3006 4312 3073 4365 ad
3114 4329 3418 4372 sermonem
3465 4318 3774 4379 faciendum

2124 4441 2171 4499 Β
2198 4389 2351 4460 agilis
2381 4408 2394 4443 :
2420 4392 2472 4444 in
2524 4409 2628 4462 qua
2663 4411 2722 4451 re
2750 4412 2938 4453 omnes
2973 4402 3256 4472 episcopos
3308 4408 3463 4463 decet
3490 4426 3632 4479 esse,
3664 4428 3773 4468 non

2198 4481 2373 4535 minus
2403 4498 2563 4551 quam
2596 4486 2648 4539 in
2684 4490 3002 4557 operatione
3041 4506 3292 4562 potentes
3321 4509 3484 4570 atque
3515 4505 3769 4562 disertos.

2196 4569 2363 4635 Unde,
2388 4576 2433 4629 si
2460 4576 2560 4630 hoc
2590 4577 2701 4631 fieri
2732 4596 2889 4648 posse
2915 4587 3175 4643 canonice
3202 4588 3384 4645 domui
3411 4594 3775 4666 archiepisco-

2192 4662 2245 4730 pi
2278 4661 2609 4719 Senoneusis
2639 4677 2693 4719 ct
2717 4670 3160 4742 coepiscOporum
3187 4687 3494 4734 nostrorum
3520 4661 3773 4752 probavit

2194 4755 2493 4821 sagacitas,
2537 4766 2777 4811 nostrum
2807 4760 3009 4826 etiam,
3049 4765 3141 4831 qui
3183 4767 3248 4820 de
3287 4769 3390 4823 bac
3431 4771 3773 4831 discussione

2194 4841 2443 4910 appellati
2486 4860 2592 4899 non
2640 4847 2868 4914 fuimus,
2924 4851 3136 4909 habetis
3185 4872 3491 4915 assensum.
3525 4863 3584 4921 In
3621 4865 3771 4921 nullo

2192 4933 2335 4985 enim
2367 4935 2505 5001 quod
2533 4936 2729 4990 bonum
2758 4940 2857 5004 sit,
2886 4956 3066 4999 coram
3093 4947 3322 5003 Domino
3354 4959 3549 5009 vestra:
3574 4953 3769 5009 volun-

2196 5023 2290 5076 tati
2323 5024 2547 5081 nitimur
2582 5030 2879 5085 contrairc.
2912 5033 3104 5106 Vigeat
3130 5040 3447 5096 excellentia
3471 5054 3676 5100 vestra.

2537 5138 2865 5225 EPISTOLA
2901 5143 3222 5225 Lvnnhum
3252 5151 3389 5225 xe].

2787 5218 2845 5280 (Α
2858 5228 2964 5267 nuo
2994 5216 3176 5285 1020.)

2202 5293 2281 5304 λι.
