4018 6376
498 324 596 379 251

1420 322 1475 375 S.
1513 321 1855 378 FULBERT!
1891 320 2373 378 CARNOTENSIS
2406 319 2713 376 EPISCOPI

3625 329 3736 384 232

489 446 679 508 genter
707 431 932 492 villicari
963 434 1126 500 nosti,
1159 431 1239 489 fer
1269 449 1488 489 causam
1530 436 1595 488 ad
1639 438 1882 491 notitiam
1913 439 2064 493 ducis
2094 450 2140 505 Α
2165 452 2279 491 ram
2324 444 2469 490 tuam
2512 449 2632 490 cum
2680 433 2962 490 alacritate
3007 435 3217 502 divide,
3267 439 3458 494 anima:
3490 442 3649 496 simul
3677 447 3737 498 et

489 528 658 582 nostri
689 525 1036 597 (Aquitauite)
1057 566 1072 592 ,
1115 534 1174 579 ut
1207 525 1322 595 ejus
1363 527 1624 580 arbitratu
1651 528 1734 582 vel
1763 531 2060 599 corrigatur

486 619 571 672 vel
611 627 869 674 mutetur.
918 616 1107 671 Saluta
1143 617 1338 671 charos
1369 627 1585 671 nostros
1614 617 1680 672 R.
1715 619 1815 672 llu.
1849 619 1976 673 Dur.
2005 629 2060 673 et

482 709 617 763 alios
659 718 766 762 tam
810 707 1034 762 clericos
1074 722 1233 774 quam
1281 707 1465 762 laicos.
1522 708 1711 763 Frater
1754 709 2058 767 'l‘hedoldus

480 798 636 862 obiit,
681 797 851 850 frater
888 796 1162 850 Ebrardus
1210 797 1501 851 monachus
1531 799 1702 852 evasit
1744 799 2050 854 scholarum

487 883 736 944 ferulam.
765 892 820 937 et
846 882 1156 937 cancellarii
1203 883 1413 937 tabulas
1453 884 1544 938 tibi
1575 901 1749 949 servo,
1789 887 1926 940 bona
1960 905 2056 957 pa-

483 969 628 1037 rans,
659 973 881 1026 meliora
909 971 1278 1036 devovens;tu
1301 987 1533 1041 quoque,
1565 989 1662 1043 pro
1692 974 1846 1030 nobis
1872 991 2055 1042 orans,

484 1064 715 1119 feliciter
744 1062 884 1116 vale.

793 1170 1124 1226 EPISTOLA
1153 1171 1266 1224 LXI
1297 1170 1445 1244 [olim
1472 1171 1755 1246 xxxvii].

961 1264 1138 1332 (Circa
1169 1281 1368 1318 annum
1398 1266 1581 1336 1021.)

440 1342 442 1345 ’
483 1352 837 1407 Dilectissimo
877 1354 1017 1422 potri
1064 1364 1110 1406 et
1155 1355 1452 1423 coepiscopo
1481 1373 1576 1410 suo
1619 1355 1847 1413 Cntnoat
1890 1357 2054 1415 FoLe.

966 1425 1218 1476 orationis
1240 1426 1570 1493 stt/fragium.

555 1514 829 1584 Rogamus
850 1514 1170 1568 charitatetn
1200 1527 1430 1569 vestram
1448 1532 1545 1584 pro
1574 1517 1657 1572 his
1681 1519 1854 1573 servis
1881 1520 2056 1576 Eccle-

480 1608 573 1661 siae
597 1617 794 1661 nostrae
850 1607 942 1675 qui
974 1606 1074 1660 sub
1107 1616 1282 1660 vestra
1319 1617 1588 1676 potestate
1639 1609 1859 1679 degunt,
1893 1621 1950 1664 ut
1977 1612 2056 1666 eis

483 1698 809 1766 patrocinari
847 1698 1164 1767 dignemini,
1205 1708 1258 1752 et
1306 1708 1362 1752 ut
1399 1701 1552 1754 nobis
1583 1703 1922 1758 constituatis
1950 1712 2056 1758 ter-

2158 528 2400 597 corporis
2436 541 2624 581 curam
2667 541 2892 596 gerens;
2928 543 2995 580 ne
3021 537 3239 597 propter
3267 531 3484 584 secundi
3519 532 3737 585 lassitu-

2159 617 2338 670 dinem
2381 617 2568 684 primze
2593 616 2742 685 vigor
2780 626 3088 670 evanescat.
3137 617 3213 670 De
3257 633 3317 672 re
3354 620 3524 673 sancti
3563 623 3737 689 patris

2161 705 2348 760 llilarii
2394 716 2448 760 et
2495 716 2677 760 nostra
2713 704 2942 760 fideliter
2985 706 3312 776 disponenda
3367 709 3480 763 scio
3528 719 3581 763 te
3623 726 3733 764 non

2161 797 2401 868 indigere
2429 797 2667 861 monitis,
2698 797 2990 852 dummodo
3025 796 3173 852 fures
3207 814 3416 853 caveas.
3467 801 3649 855 Vestes
3677 810 3737 854 et

2158 897 2353 942 caetera
2377 897 2700 941 ornamenta
2733 887 2994 950 ecclesiae,
3026 903 3143 955 qua:
3173 887 3342 942 lavari
3373 889 3572 951 volunt,
3608 906 3737 958 prc-

2159 991 2308 1040 eura,
2332 984 2390 1028 ut
2417 974 2553 1029 festa
2577 974 2850 1044 paschalia
2881 991 2980 1029 suo
3006 977 3240 1031 candore
3264 986 3561 1031 venustent.
3590 977 3738 1031 Lau-

2158 1081 2251 1120 rus
2282 1072 2462 1118 nostra
2501 1073 2557 1118 et
2593 1073 2762 1119 totum
2807 1064 3105 1132 pomarium
3134 1065 3402 1135 gaudeant
3434 1080 3532 1120 suo
3564 1066 3735 1119 cultu.

2159 1154 2456 1209 Vinitorcm
2485 1168 2698 1223 quoque
2737 1162 2791 1209 et
2820 1153 3110 1221 agricolam
3153 1163 3204 1208 te
3239 1169 3359 1208 esse
3397 1155 3733 1210 memineris.

2159 1243 2233 1298 De
2255 1244 2407 1297 vario
2453 1258 2680 1298 numero
2705 1243 3032 1314 psalmorum
3079 1244 3172 1312 qui
3202 1243 3526 1312 adjiciuntur
3549 1261 3580 1298 a
3608 1246 3735 1314 qui-

2156 1331 2381 1386 busdam
2410 1331 2463 1385 in
2499 1340 2738 1400 tempore
2761 1329 2950 1399 jejunii
2984 1345 3078 1401 per
3105 1332 3345 1401 singulas
3388 1332 3545 1387 horas
3569 1347 3738 1387 cano»

2155 1422 2326 1486 nicas,
2360 1423 2412 1476 in
2444 1423 2570 1486 fine,
2593 1431 2714 1490 post
2747 1423 3046 1477 orationem
3063 1423 3395 1478 Dominicam
3417 1433 3469 1478 et
3495 1425 3734 1493 capitula

2157 1525 2277 1578 qua:
2299 1521 2619 1579 sequuntur,
2637 1510 2876 1580 regulam
2904 1525 3012 1565 non
3039 1511 3271 1566 invenio.
3295 1511 3491 1565 Psalmi
3514 1513 3735 1581 quidem

2159 1612 2278 1652 meo
2304 1599 2569 1654 arbitratu
2593 1599 2847 1668 superﬂui
2879 1611 3078 1663 essent,
3107 1600 3208 1655 nisi
3237 1615 3328 1655 eos
3358 1610 3552 1655 tutaret
3593 1605 3739 1670 psal-

2156 1687 2438 1742 mistarum
2469 1689 2699 1743 devotio.
2728 1688 2920 1744 Finitis
2944 1698 3120 1743 autem
3159 1689 3426 1759 capitulis,
3465 1702 3586 1760 post
3610 1707 3738 1746 ora-

485 1786 688 1839 minum
733 1794 856 1853 post
903 1794 1124 1838 octavas
1161 1786 1303 1839 beati
1347 1787 1582 1852 Martini,
1633 1790 1848 1858 quando
1881 1803 1937 1846 et
1966 1791 2055 1845 ubi
2091 1781 2132 1838 Β
2161 1776 2358 1830 tionem
2388 1774 2744 1842 Dominicam,
2767 1778 2858 1831 ubi
2885 1777 3364 1840 dicitur:Domim,
3392 1780 3582 1831 exaudi
3613 1795 3742 1831 ora-

483 1876 653 1930 nostri
689 1876 851 1942 legati
877 1877 1084 1942 possint
1105 1891 1390 1931 occurrere
1404 1880 1577 1943 Vobis,
1606 1881 1672 1934 ad
1693 1881 2054 1937 deliniendam

483 1980 704 2017 causam
750 1978 961 2028 eorum,
1011 1979 1131 2032 quae
1173 1975 1390 2036 propter
1431 1969 1639 2022 obitum
1695 1972 2056 2026 antecesseris

487 2051 649 2104 vestri
683 2051 944 2124 [llodulli]
979 2052 1255 2108 indefinito
1288 2057 1549 2110 remansit
1592 2057 1867 2128 Rogamus
1889 2060 2054 2114 etiam

484 2155 550 2192 ne
573 2141 728 2195 nobis
757 2143 960 2212 scripto
988 2143 1293 2213 significare
1322 2148 1638 2214 gravemini,
1669 2164 1768 2204 cur
1797 2149 2058 2220 Sylvane-

479 2229 584 2283 etis
622 2245 726 2284 non
752 2229 913 2284 fuerit
933 2234 1167 2287 sacratio
1194 2242 1392 2288 vestra.
1423 2234 1576 2291 Vale.

747 2339 1079 2396 EPISTOLA
1113 2341 1252 2396 LXII
1286 2342 1439 2465 .[olim
1469 2343 1776 2418 XXXVIII].

1076 2411 1252 2465 (Attno
1315 2414 1465 2465 021.)

1076 2411 1252 2481 (Anno
1286 2411 1465 2481 teet.)

513 2501 732 2572 Egregie
756 2503 941 2557 dilecto
962 2506 1259 2574 coepiscopo
1280 2523 1373 2560 suo
1405 2506 1654 2572 CUIDONI,
1677 2507 2016 2567 FULBERTUS.

551 2593 719 2647 Amor
741 2593 1096 2664 justitize,qui
1131 2606 1300 2659 tuam,
1332 2607 1506 2666 pater,
1531 2603 1765 2655 animam
1808 2603 2000 2658 imbuit
2024 2617 2054 2656 a

479 2685 783 2748 nativitate,
831 2688 962 2741 fecit
1001 2702 1119 2740 eam
1167 2686 1506 2754 inoll‘ensam,
1556 2693 1706 2746 etab
1742 2694 2054 2747 excessibus

482 2783 718 2828 cautam.
744 2775 907 2842 Cujtts
933 2775 1010 2829 rei
1042 2776 1200 2830 fidem
1225 2793 1346 2831 eum
1384 2795 1451 2833 ex
1477 2779 1702 2834 aliorum
1735 2781 1914 2847 dictis,
1939 2791 2053 2836 tum

479 2878 543 2916 ex
571 2862 766 2917 litteris
807 2865 914 2918 tuis
939 2865 1214 2920 evidenter
1241 2869 1446 2937 accepi.
1479 2869 1582 2924 Sed
1613 2872 1681 2924 ab
1709 2872 2051 2927 ordinatione

483 2951 637 3006 Ebali
666 2951 949 3007 Remensis
969 2955 1357 3026 archiepiscopi
1385 2973 1489 3012 non
1523 2958 1676 3014 valde
1694 2960 1789 3015 tibi
1808 2970 2053 3015 metuen-

479 3043 612 3098 dum
667 3053 798 3113 puto
821 3059 960 3106 esse,
1009 3046 1054 3099 si
1087 3055 1194 3111 est,
1227 3048 1522 3113 utdicitur,
1553 3048 1622 3102 ab
1652 3050 1876 3104 infantia
1898 3050 2052 3104 Chri-

483 3131 711 3194 stianus,
745 3147 880 3188 sano
909 3148 1070 3188 sensu
1097 3136 1267 3191 sacris
1304 3136 1500 3192 litteris
1520 3139 1782 3205 eruditus,
1811 3141 2048 3207 sobrius,
2078 3107 2123 3167 Ο

484 3231 927 3286 castus,amator
978 3225 1128 3292 pacis
1177 3235 1232 3280 et
1279 3226 1601 3293 dilectionis,
1641 3229 1787 3282 nullo
1808 3230 2052 3294 crimine,

485 3312 632 3366 nulla
667 3312 902 3368 infamiae
932 3323 1058 3368 nota
1111 3315 1381 3380 turbatus,
1409 3317 1732 3387 tandemque
1778 3335 1807 3373 a
1835 3320 1980 3375 clero
2002 3329 2055 3375 et

484 3401 680 3469 populo
709 3417 818 3455 sua:
873 3403 1109 3457 civitatis
1135 3403 1359 3458 electus.
1404 3403 1579 3474 Magni
1610 3407 1808 3460 etenim
1835 3409 1960 3472 viri,
1994 3418 2052 3462 ut

479 3492 681 3558 optime
711 3492 872 3556 nosti,
900 3492 1218 3547 Ambrosius
1234 3492 1648 3550 Mediolanensis
1677 3506 1732 3549 et
1753 3495 2055 3552 Germanus

479 3581 981 3643 Antissiodorcnsis,
1014 3583 1213 3652 aliique
1236 3584 1496 3650 nonnulli,
1525 3586 1650 3654 quia
1670 3586 1802 3642 tales
1831 3587 1882 3642 in
1914 3588 2055 3644 laico

479 3672 668 3726 habitu
721 3673 1070 3738 exstiterunt,
1130 3673 1310 3728 subito
1353 3676 1511 3730 nobis
1568 3679 1740 3733 sancti
1793 3679 2055 3748 prtesulcs

479 3761 748 3815 exierunt.
783 3762 1022 3815 Domnus
1063 3777 1192 3816 vero
1239 3778 1397 3833 papa,
1442 3763 1594 3832 cujus
1623 3765 2054 3821 animadversio-

482 3865 607 3905 nem
640 3859 692 3905 te
731 3852 967 3905 revereri
1001 3852 1342 3920 significasti,
1383 3869 1490 3906 non
1533 3865 1616 3908 est
1644 3856 1786 3923 quod
1818 3857 1912 3909 tibi
1945 3872 2057 3911 me-

481 3941 588 3993 rito
611 3941 804 3994 debeat
842 3955 1188 4006 succensere,
1248 3942 1293 3995 si
1327 3951 1378 3996 te
1403 3944 1642 4012 graviter
1665 3945 1910 4014 collapsa:
1933 3961 2056 3999 sau-

481 4035 583 4079 ctte
613 4027 863 4082 llemensi
896 4028 1150 4083 Ecclesiae
1193 4029 1424 4098 aliquam
1461 4048 1611 4100 spem
1645 4036 2056 4090 resurrectionis

481 4115 711 4169 audierit
742 4118 1059 4185 providisse.
1093 4118 1224 4173 Vale
1265 4120 1316 4173 in
1365 4131 1682 4190 perpetuum
1711 4138 1918 4178 memor
1948 4126 2053 4178 mei

483 4218 608 4257 vere
634 4205 804 4260 fidelis
835 4209 929 4259 tui.
960 4207 1038 4260 illi
1069 4223 1284 4278 quoque
1309 4209 1542 4274 valeant,
1569 4211 1660 4279 qui
1686 4221 1829 4266 tuam
1854 4229 2054 4268 memo-

482 4293 616 4347 riam
645 4295 773 4348 mihi
795 4298 1332 4352 commendavernnt.

755 4406 1090 4462 EPISTOLA
1128 4409 1287 4463 LXIII
1321 4408 1465 4481 [oliui
1505 4410 1769 4482 LXXIX].

964 4499 1137 4569 (Circa
1169 4517 1365 4556 annum
1399 4503 1573 4571 1021).

482 4587 798 4644 Fntnen'ws
835 4588 1190 4659 episwporum
1212 4591 1550 4712 [humillimus
1596 4592 1926 4648 HILDEGABIO
1963 4610 2056 4648 suo

1149 4677 1206 4712 sa
1234 4671 1389 4712 utem.

1149 4671 1389 4714 salutem.

553 4746 808 4801 Absentia
836 4757 922 4801 tua
950 4761 1090 4818 stepe
1117 4759 1504 4804 counnemorat
1533 4765 1691 4818 quam
1724 4752 2057 4805 necessarius

481 4849 603 4889 eras
630 4850 888 4904 praesens.
937 4836 1042 4892 Sed
1088 4839 1190 4892 hoc
1216 4853 1300 4892 me
1325 4840 1572 4894 consolor
1616 4841 1756 4909 quod
1800 4842 2054 4908 obsequia

483 4923 576 4977 tibi
607 4925 982 4996 delegaverim,
1012 4928 1100 4995 qui
1138 4929 1211 4982 sis
1252 4929 1443 4997 dignus
1487 4932 1745 5000 recipere,
1773 4943 1822 4985 ct
1851 4941 2058 4985 utrum-

483 5027 586 5081 que
610 5030 953 5070 remunerare
980 5027 1215 5086 paratus.
1244 5017 1411 5087 Spero
1443 5021 1583 5073 enim
1610 5031 1666 5074 ut
1687 5021 1814 5074 mihi
1846 5037 2056 5089 quoque

485 5103 551 5156 de
582 5105 685 5158 tuis
711 5107 1082 5171 hcnemeritis,
1117 5108 1159 5162 si
1189 5124 1293 5176 qua
1335 5110 1441 5163 Deo
1481 5111 1640 5164 dante
1678 5111 1909 5174 fuerint,
1955 5111 2054 5164 ali-

480 5206 585 5259 qua
618 5200 792 5247 tecum
839 5196 1100 5250 mercedis
1143 5198 1478 5266 portiuncnla
1521 5201 1695 5252 cedat.
1745 5201 2056 5269 Opitulabor

482 5279 664 5348 itaque
705 5283 771 5334 ad
818 5283 952 5338 bene
994 5287 1410 5353 promerendum
1453 5305 1520 5342 ex
1564 5291 1762 5343 animo.
1810 5290 1915 5344 Sed
1960 5306 2052 5345 vc—

482 5369 661 5424 niendi
693 5372 762 5425 ad
793 5387 886 5425 vos
910 5373 1048 5428 diem
1079 5385 1317 5432 statuere
1347 5377 1533 5433 dubito
1553 5420 1566 5442 ,
1615 5381 1741 5449 quia
1779 5390 1833 5434 et
1877 5382 1948 5435 ibi
1980 5384 2054 5435 vi-

480 5460 678 5514 ctualia
705 5463 833 5515 mihi
863 5473 988 5532 puto
1013 5465 1232 5532 decsse,
1276 5477 1330 5523 et
1373 5470 1426 5522 in
1474 5486 1590 5523 mea
1630 5472 1844 5526 dimcesi
1876 5473 2054 5526 multis

481 5565 730 5618 occupor.
779 5551 886 5606 Fac
940 5562 994 5606 tu
1051 5555 1260 5610 interim
1313 5559 1454 5628 quod
1507 5568 1555 5613 te
1603 5560 1780 5616 facere
1828 5573 1954 5631 Opto
2001 5575 2053 5617 et

481 5644 640 5699 credo
673 5662 685 5699 :
727 5633 1226 5714 lectieui,urationi,
1258 5660 1312 5705 ct
1339 5652 1624 5707 eruditioni
1670 5653 1898 5708 fratrum
1928 5671 2006 5721 0p.
2028 5686 2052 5693 —

2157 1867 2346 1919 tionem
2370 1883 2560 1933 meam,
2585 1868 2768 1922 statim
2795 1877 2941 1922 esset
2969 1869 3247 1923 subdenda
3283 1869 3458 1922 oratio
3477 1907 3492 1933 ,
3521 1885 3639 1937 quae
3666 1883 3738 1922 ex

2157 1957 2295 2011 libro
2319 1955 2741 2012 Sacramentario
2766 1960 3042 2015 recitatur.
3083 1958 3276 2014 Patere
3325 1970 3500 2013 tamen
3545 1959 3738 2012 Eccle-

2155 2049 2291 2100 siam
2319 2047 2552 2102 retinere
2583 2063 2738 2102 suum
2781 2063 2938 2103 usum
2969 2049 3035 2102 ad
3073 2063 3331 2118 przesens.
3365 2049 3440 2104 De
3468 2047 3739 2118 signiﬁca-

2157 2140 2305 2193 tione
2349 2138 2618 2194 clericalis
2665 2148 2889 2194 ornatus
2937 2139 3275 2195 Amalaricus
3323 2141 3401 2194 sic
3448 2139 3736 2193 breviter:

2155 2229 2535 2284 .Desideramus
2573 2229 2931 2298 recapitulare
2956 2244 3171 2283 onmem
3198 2238 3464 2282 armatum
3494 2227 3739 2282 clerico-

2155 2334 2296 2373 rum.
2323 2319 2496 2387 Caput
2523 2318 2706 2374 clerici
2739 2319 2791 2372 in
2822 2319 3100 2388 superiore
3130 2328 3282 2388 parte
3310 2317 3737 2385 diseoopertum.

2155 2406 2306 2462 Mens
2333 2417 2436 2471 est,
2468 2408 2560 2462 ubi
2584 2417 2667 2462 est
2699 2406 2791 2462 Dei
2829 2409 3024 2478 imago.
3065 2407 3120 2461 in
3166 2407 3416 2460 inferiore
3444 2417 3596 2474 parte
3621 2407 3740 2459 cir-

2153 2501 2460 2555 cumdatum
2491 2501 2720 2570 capillis,
2747 2502 2902 2571 quasi
2940 2501 3206 2570 aliquibus
3241 2501 3306 2555 de
3347 2500 3594 2568 [παιδειηί
3637 2515 3743 2553 ne-

2155 2591 2429 2646 cessitate.
2461 2591 2705 2646 Amictus
2728 2601 2811 2646 est
2834 2591 3119 2662 castigatio
3153 2591 3321 2646 vocis.
3347 2591 3482 2644 Allia
3509 2599 3741 2643 extero-

2154 2697 2273 2735 rum
2318 2680 2629 2735 inferiorum
2656 2693 2933 2746 sensuum,
2979 2681 3302 2748 przesidente
3344 2679 3600 2749 magistra
3645 2693 3741 2731 ra-

2155 2769 2320 2835 tione,
2351 2779 2406 2824 ct
2450 2770 2679 2824 interius
2720 2785 2818 2840 per
2855 2770 3194 2840 disciplinam
3228 2769 3565 2824 continentia:
3602 2783 3744 2822 con-

2153 2849 2643 2931 stringente,quaSi
2667 2863 2900 2931 quodam
2922 2861 3159 2932 cingulo,
3187 2861 3512 2930 voluptatem
3527 2859 3739 2913 carnis.

2151 2950 2551 3017 Calceamcnta,
2577 2951 2869 3019 prohibitio
2898 2951 3091 3020 pedum
3124 2951 3192 3004 ad
3224 2949 3422 3004 malum
3452 2947 3739 3002 festinare.

2153 3039 2406 3095 Sandalia
2445 3051 2670 3096 ornatus
2709 3041 2777 3096 ad
2809 3041 2912 3096 iter
2941 3039 3330 3111 prmdicatoris,
3364 3040 3455 3108 qui
3488 3038 3741 3093 cmlestia

2154 3143 2260 3183 non
2309 3128 2468 3183 debet
2514 3129 2846 3184 abscondere
2890 3144 3061 3199 neque
3101 3129 3330 3184 terrenis
3369 3128 3595 3182 inhiare.
3627 3127 3740 3180 Se-

2154 3218 2328 3272 cunda
2357 3217 2557 3282 tunica,
2583 3231 2749 3287 opera
2776 3217 2973 3271 mentis
2996 3225 3141 3270 sunt.
3173 3216 3390 3280 Casula,
3429 3230 3588 3284 opera
3611 3229 3744 3268 cor-

2153 3311 2299 3378 poris
2322 3309 2430 3379 pia.
2463 3309 2612 3364 Stola
2626 3308 2813 3379 jugum
2837 3308 3058 3374 Christi,
3085 3308 3229 3376 quod
3251 3317 3334 3362 est
3359 3305 3736 3374 Evangelium.

2154 3400 2453 3455 Dahnatiea
2477 3400 2711 3465 diaconi,
2739 3399 2790 3454 id
2817 3407 2900 3454 est
2924 3397 3178 3464 ministri,
3205 3412 3332 3452 cura
3361 3397 3738 3466 proximorum

2154 3497 2257 3542 est.
2306 3487 2593 3542 Sudarium
2625 3488 2727 3556 piae
2755 3498 2810 3542 et
2852 3489 3065 3541 munda:
3111 3486 3494 3557 cogitationes,
3533 3484 3739 3554 quibus

2153 3579 2481 3649 detergimus
2511 3579 2787 3634 molestias
2829 3578 2994 3632 animi
3021 3593 3083 3632 ex
3115 3577 3429 3631 infirmitate
3465 3574 3734 3644 corporis.

2155 3667 2849 3737 Palliumarchicpiscopaie
2871 3679 3088 3736 torques
3099 3665 3739 3734 devotissimaeprzediea—

2157 3761 2336 3822 tionis,
2369 3770 2424 3814 et
2450 3761 2503 3813 in
2535 3758 2709 3813 Veteri
2739 3759 3084 3814 Testamento
3107 3772 3161 3813 et
3184 3759 3238 3812 in
3265 3756 3432 3813 Novo.
3457 3757 3736 3812 Hactenus

2154 3848 2477 3904 Amaiarius.
2521 3848 2675 3903 Mitto
2725 3849 2817 3902 tibi
2865 3849 3222 3918 Cyprianum,
3259 3848 3632 3918 Porphyrium,
3674 3857 3737 3902 et

2159 3939 2307 3993 Vitas
2337 3938 2555 3992 Patrum
2585 3953 2708 3992 eum
2741 3938 3012 4006 psalterio,
3041 3947 3098 3991 ut
3123 3939 3322 4006 petisti.
3350 3937 3539 3991 Moneo
3560 3938 3734 3992 etiam

2155 4037 2215 4081 ut
2253 4042 2375 4082 cum
2418 4029 2682 4081 Donatum
2713 4027 3099 4091 eonstruxeris,
3131 4027 3263 4080 nihil
3290 4026 3588 4080 admisceas
3615 4025 3736 4078 inc-

2157 4127 2259 4185 pta:
2283 4117 2536 4179 levitatis,
2567 4127 2625 4170 ut
2645 4117 2714 4170 sit
2740 4133 2899 4170 causa
2918 4115 3054 4184 joci,
3084 4116 3175 4171 sed
3196 4116 3377 4169 omnia
3407 4116 3563 4170 seria.
3591 4115 3733 4183 Spe-

2155 4207 2421 4260 ctaculum
2457 4206 2599 4260 enim
2640 4205 2815 4261 factus
2844 4222 2920 4270 es,
2965 4222 3116 4261 cave.
3167 4207 3300 4260 Vide
3333 4207 3496 4261 etiam
3526 4221 3592 4258 ne
3620 4214 3733 4259 tua!

2155 4294 2372 4349 asseclzn
2403 4296 2647 4349 medi-alis
2674 4297 2917 4350 nuditate
2953 4295 3214 4350 laborent.
3247 4295 3433 4350 Saluta
3461 4296 3587 4349 mihi
3615 4295 3734 4349 fra-

2081 4425 2133 4484 D
2161 4397 2268 4441 tres
2295 4397 2511 4442 nostros
2537 4389 2587 4440 in
2622 4389 2865 4451 Domino,
2894 4397 2950 4442 et
2982 4396 3091 4442 tute
3112 4373 3247 4442 vale.
3280 4387 3604 4457 Presbytero
3631 4389 3738 4441 he-

2159 4479 2425 4532 nedieenti
2449 4493 2512 4533 os
2538 4495 2642 4532 non
2673 4479 2936 4549 alligabis,
2979 4479 3078 4533 nisi
3101 4494 3166 4533 ex
3198 4489 3462 4549 praecepto
3490 4479 3738 4548 episcopi

2158 4565 2271 4628 sui;
2303 4567 2446 4633 quod
2492 4566 2690 4620 oblitus
2734 4568 2980 4621 fuerant:
3018 4567 3334 4638 prohibetur
3375 4577 3552 4621 tamen
3580 4568 3738 4638 Aga-

2157 4656 2331 4710 theusi
2357 4672 2582 4710 canone.

2435 4767 2766 4844 EPISTOLA
2813 4769 2971 4844 LXIV
3017 4769 3437 4844 [attonuit].

2600 4841 2777 4908 (Auno
2809 4842 2963 4901 1021,
2998 4842 3069 4894 al.
3099 4840 3280 4910 5024.)

2227 4927 2540 4981 FL'LBERTUS
2575 4929 2783 4981 humilis
2807 4931 3074 4998 episcopus
3110 4931 3262 4998 fratri
3301 4931 3648 4986 Ηιιυεωῐιιο.

2229 5017 2321 5069 Die
2367 5018 2690 5070 charissima
2763 5019 2916 5072 nobis
2958 5019 3185 5088 principi
3219 5018 3500 5074 Cuilielmo
3534 5034 3736 5088 perpe-

2159 5117 2300 5158 tuam
2331 5108 2641 5161 felicitatem
2674 5125 2795 5162 eum
2836 5110 3193 5171 orationibus,
3225 5125 3290 5166 ex
3321 5119 3474 5178 parte
3513 5120 3731 5174 nostra,

2156 5205 2208 5247 et
2237 5198 2399 5249 totius
2441 5197 2568 5249 cieri
2629 5212 2692 5250 ac
2725 5199 2905 5267 populi
2951 5199 3146 5262 nostri,
3177 5210 3398 5268 prepter
3427 5199 3735 5270 eleemosy-

2157 5301 2276 5338 nam
2305 5302 2464 5353 quam
2490 5287 2632 5341 misit
2657 5287 2721 5341 ad
2747 5290 3198 5344 restaurationem
3229 5288 3474 5344 ecclesia:
3499 5299 3732 5347 nostra»

2155 5374 2356 5428 Deinde
2403 5391 2531 5430 vero
2584 5393 2683 5430 nos
2739 5379 3061 5445 praedicasse
3110 5379 3364 5447 publice,
3410 5379 3551 5432 sicut
3609 5380 3735 5448 ipse

2155 5465 2448 5530 mandavit,
2481 5467 2736 5520 virtutem
2767 5468 2856 5521 Dei
2890 5483 2985 5536 per
3017 5470 3268 5522 meritum
3299 5470 3471 5523 sancti
3497 5469 3735 5525 Joannis

2153 5569 2422 5610 osteusattt
2451 5559 2502 5612 in
2526 5559 2862 5612 districtione
2884 5558 3169 5614 Gausherti
3185 5602 3200 5623 ,
3219 5576 3340 5614 cum
3357 5560 3732 5617 exsultatione

2155 5659 2209 5702 ct
2237 5649 2429 5718 gaudio
2465 5650 2703 5701 omnium
2741 5650 2831 5716 qui
2867 5651 3170 5705 audierunt.
3208 5650 3480 5706 Monuisse
3505 5665 3729 5719 quoque
