4018 6386
265 339 383 411 sit?

1682 378 1689 383 ’
1729 368 2109 439 EPIS'I‘OLJE.

3433 404 3537 460 1'5!

264 472 664 529 κῖιυτῖοθηεὲιη
710 473 1175 548 archiepiscomm
1207 490 1302 552 Ρθι·
1341 484 1631 554 quemdam
1670 506 1854 546 mona-
1880 498 1932 557 A
1958 509 2118 563 Quem
2142 499 2493 557 vehementer
2511 506 2688 576 arguit
2708 518 2893 566 sancta
2915 510 3192 586 Scriptura
3216 526 3270 573 et
3294 532 3536 586 oamnat,

264 564 430 586 -..μμ
465 578 616 586 --___.
956 585 963 586 ,
1024 585 1028 586 ν

256 564 433 618 chum
463 578 643 630 suum,
692 574 753 620 ut
787 581 907 624 sese
941 585 1139 641 pacare
1168 590 1273 631 non
1317 577 1550 648 negligat
1579 595 1702 636 cum
1738 583 1854 652 ipso

257 656 490 709 domino
524 656 815 712 Guillelmo
852 668 907 714 et
937 662 1375 738 episcopis'ejus,
1404 670 1720 741 priusquam
1750 674 1852 729 sibi

243 745 463 801 exinde
511 749 825 804 scandalum
866 753 1094 809 oriatur.
1150 755 1269 812 Tibi
1301 759 1467 815 etiam
1499 762 1713 820 misisse
1749 765 1851 820 sibi

248 840 613 906 exponendas
641 843 940 898 sententias
978 843 1235 902 Bacharii
1260 889 1275 913 ,
1307 850 1484 919 Βεὼρ,
1535 862 1587 909 ει
1615 854 1849 921 Rabani,

244 930 321 979 «te
353 928 464 983 line
492 927 822 997 Salomonis,
874 935 1017 990 unde
1058 934 1263 993 fecerat
1315 943 1690 1009 quaestionem.
1742 945 1850 1001 Sed

244 1029 305 1070 et
341 1018 411 1072 de
450 1020 739 1088 praebenda
769 1038 890 1091 qua:
931 1034 1111 1091 vacat,
1140 1027 1364 1085 sicut‘et
1408 1031 1475 1087 de
1501 1035 1645 1087 omni
1678 1035 1844 1102 bono,

178 1122 185 1127 ι
247 1107 532 1164 rtrlitntati
579 1109 699 1180 ejus
752 1128 840 1168 me
876 1117 1129 1192 praebere
1180 1134 1524 1178 consensum.
1576 1116 1846 1182 PI‘iL'Iel‘tfa

239 1197 397 1253 scias
432 1214 545 1266 me,
572 1212 795 1272 propter
826 1214 902 1271 te,
926 1208 1190 1280 magistro
1219 1211 1278 1267 S.
1305 1213 1513 1269 veniam
1539 1214 1843 1273 indulsisse.

238 1286 526 1346 Ceterum
566 1291 821 1366 Tigriuus
854 1299 1247 1368 submouebat,
1272 1313 1335 1359 ut
1378 1306 1650 1364 mitterem
1691 1312 1848 1366 vobis

234 1378 499 1451 aliquem
549 1398 959 1455 procuratorem
1010 1392 1078 1446 ad
1124 1394 1458 1475 colligendas
1499 1400 1706 1471 lruges;
1752 1403 1845 1458 sed

227 1476 354 1542 ego
387 1484 560 1531 letum
591 1478 692 1534 hoc
723 1495 870 1535 curae
924 1492 1029 1538 tua
1067 1490 1377 1554 committo,
1432 1499 1486 1544 te
1515 1493 1822 1549 exercitans

241 1565 404 1621 illum
434 1571 693 1639 probans.
739 1573 1056 1642 Acljutorem
1105 1579 1415 1636 scholarum
1448 1583 1573 1639 nolo
1601 1586 1694 1639 tibi
1724 1584 1836 1641 mih

234 1667 388 1723 tere,
420 1661 511 1731 qui
567 1665 810 1740 nondum
834 1680 1114 1726 assecutus
1149 1672 1220 1729 sit
1251 1677 1625 1734 maturitatem
1666 1681 1844 1736 artatis

232 1752 654 1819 ct’gravitatem
707 1771 943 1815 morunt.
983 1761 1144 1819 Utere
1175 1766 1393 1825 interim
1424 1770 1693 1828 clientela:
1738 1784 1842 1830 tua:

1956 586 2198 658 nihilque
2238 590 2305 646 de
2328 595 2643 662 poenitentia
2675 598 2792 669 ejus
2817 600 2902 657 vel
2934 602 2984 657 in
3016 619 3141 660 eum
3187 606 3536 681 indulgentia:

1954 677 2169 736 Domini
2199 684 2425 740 omnino
2469 702 2882 748 commemorat.
2910 694 3019 750 Nec
3048 712 3272 767 prorsus
3295 710 3537 761 occurrit

1952 772 2097 840 quod
2136 773 2327 830 saltem
2376 776 2430 832 in
2479 780 2734 852 allegoria
2763 785 2901 840 bene
2943 788 3246 859 signiﬁcet,
3300 795 3416 850 lucc
3452 808 3536 851 cut

1954 858 2128 915 ﬂenda
2161 864 2484 923 submersio.
2522 889 2541 923 ι

2217 956 2549 1016 EPISTULA
2583 963 2741 1020 LXVI
2780 966 2924 1039 [aliut
2966 970 3247 1046 LXXXIl].

2472 1052 2648 1124 (Circa
2680 1074 2769 1111 an.
2801 1063 3004 1134 emnzl.)
3500 1150 3501 1153 η

2064 1134 2382 1196 Fumearus
2405 1143 2617 1199 ltunzilis
2653 1150 2922 1217 cpiscopus
2957 1153 3022 1208 Ii.
3050 1172 3146 1211 suo
3175 1158 3421 1217 salutem.

2023 1226 2119 1280 Diu
2144 1231 2370 1285 sustinui
2399 1249 2622 1303 sperans
2667 1248 2717 1293 te
2741 1256 2861 1297 esse
2879 1257 3188 1312 venturum,
3216 1259 3271 1302 ut
3293 1253 3530 1308 dixeras.

1949 1315 2106 1373 Unde
2141 1318 2254 1388 jam
2283 1323 2447 1377 nimia
2481 1328 2738 1386 dilatione
2765 1345 3069 1390 commotus
3110 1353 3279 1410 arguo
3308 1345 3449 1413 apud
3481 1355 3533 1400 te

1924 1406 2145 1462 solum.
2192 1410 2303 1465 Cur
2340 1414 2486 1468 enim
2542 1426 2594 1471 te
2641 1424 2953 1479 mendacem
2986 1428 3114 1483 mihi
3151 1440 3207 1486 et
3255 1433 3527 1503 ingratum

1946 1498 2262 1571 exhibuisti,
2296 1518 2419 1559 cum
2446 1505 2540 1563 tibi
2575 1510 2731 1567 dulce
2768 1529 2888 1570 esse
2910 1516 3186 1575 debuisset
3228 1535 3447 1593 paratos
3484 1530 3531 1582 si

1947 1588 2037 1657 qui
2064 1588 2240 1645 forent
2285 1593 2351 1649 de
2385 1599 2672 1657 venatione
2720 1611 2807 1659 tua
2853 1607 3003 1663 cibos
3036 1619 3087 1667 le
3130 1588 3269 1682 patri
3305 1617 3528 1682 inferre,

1936 1689 2007 1733 ut
2037 1680 2274 1753 aliquam
2308 1685 2743 1750 benedictionem
2776 1703 3065 1758 merereiis
3094 1709 3364 1779 accipere.
3408 1712 3528 1767 Noli

1938 1769 2050 1838 jam
2082 1777 2282 1830 morari
2327 1778 2550 1849 diutius,
2584 1785 2629 1840 si
2657 1789 2894 1857 gaudere
2924 1794 3006 1849 vis
3031 1797 3098 1852 de
3126 1798 3313 1856 humili
3348 1806 3527 1875 gratia

2537 1842 2547 1849 .
2657 1842 2688 1857 υ
2936 1842 3005 1849 ---
3034 1842 3097 1852 ..ν
3348 1842 3527 1875 δην...

220 1842 615 1914 qualicunque
656 1849 920 1915 subsidio.
951 1854 1124 1912 donec
1156 1874 1376 1915 causam
1403 1866 1675 1919 communi
1704 1881 1835 1921 con-
1872 1845 1914 1901 ιι
1944 1875 2149 1919 nostra.
2199 1865 2332 1924 Vale
2381 1882 2432 1924 et
2459 1875 2603 1941 veni,
2641 1890 2737 1932 aut
2785 1885 3026 1940 rescribe
3066 1888 3200 1945 mibi
3248 1893 3377 1961 quid
3427 1910 3528 1966 pro

234 1932 370 1966 εἶπα
398 1948 796 1966 ..Λαυρ-...ιιιηης-υ.
852 1945 975 1966 1γ-1-

233 1932 370 1986 sitio
397 1948 818 2005 pertractemus.
852 1945 1002 2002 Vale.

529 2028 861 2090 EPISTOLA
899 2036 1041 2094 LXV
1077 2041 1224 2114 (olim
1254 2045 1518 2121 LXXXI].

766 2126 943 2196 (Circa
975 2148 1065 2186 an.
1097 2138 1305 2208 eumd.)

306 2212 451 2267 Cum
478 2218 639 2271 audio
666 2229 719 2274 te
767 2221 946 2281 facere
983 2230 1128 2296 quod
1160 2233 1550 2302 debes,'l:.ctor,
1580 2241 1831 2308 quamvis

218 2303 509 2372 'trepidem
540 2307 606 2362 de
637 2307 854 2367 futuris.
902 2316 1054 2373 Unde
1092 2336 1359 2379 summam
1407 2303 1703 2385 bonitatem
1735 2331 1833 2387 de-

216 2408 494 2461 precans,
544 2408 600 2453 ut
647 2410 696 2455 te
734 2404 983 2475 dignetur
1030 2426 1237 2482 regere,
1276 2427 1327 2472 te
1382 2434 1598 2491 quoque
1630 2438 1825 2481 moueo

225 2495 295 2539 ut
331 2487 562 2545 habenis
592 2509 986 2567 pra'ceptorum
1017 2505 1132 2575 ejus
1168 2509 1547 2582 obtemperare
1572 2519 1829 2573 memine-

218 2574 339 2628 ris.
371 2577 569 2635 lterum
607 2584 729 2639 dico
794 2589 932 2646 vale.
978 2591 1228 2654 Bacbarii
1268 2602 1529 2660 insertam
1579 2607 1826 2667 invenies

225 2668 594 2726 sententiam.
621 2672 780 2729 Beda:
811 2688 865 2733 et
912 2681 1119 2740 Rabani
1176 2704 1407 2758 quorum
1444 2703 1621 2752 tamen
1658 2698 1823 2755 trium

225 2751 539 2814 sententias
578 2762 666 2818 hic
712 2780 927 2838 quoque
968 2751 1264 2833 subnotare
1314 2775 1416 2836 non
1456 2786 1652 2855 piguit.
1717 2789 1819 2845 Ba-

210 2847 460 2904 cliarius
506 2853 626 2909 ait:
666 2874 685 2906 ι
722 2858 976 2919 Salomon
1027 2868 1117 2922 ille
1160 2872 1442 2942 mirabilis,
1484 2881 1575 2948 qui
1623 2885 1825 2939 meruit

210 2940 407 2994 'astrtti
438 2942 685 3011 Domino,
736 2952 1021 3022 sapientia:
1059 2961 1348 3031 copulari,
1392 2968 1443 3022 iu
1493 2970 1827 3042 alienigena-

216 3038 359 3083 ‘fum
389 3032 673 3090 mulierum
703 3039 930 3098 incurrit
959 3049 1262 3118 amplexus,
1295 3065 1344 3110 et
1378 3057 1430 3111 in
1459 3060 1674 3118 vinculo
1700 3063 1819 3120 libi-

1934 1969 2084 2012 certo
2109 1974 2329 2030 sperare
2355 1965 2577 2023 debeam
2609 1969 2675 2027 de
2716 1982 2787 2030 te.

2198 2065 2537 2135 EPISTULA
2568 2081 2753 2140 LXVII
2785 2086 2934 2159 [olim
2965 2092 3276 2173 LXXXIII].

2452 2173 2631 2243 (Circa
2670 2194 2762 2234 an.
2790 2186 2973 2240 eumd.

1932 2254 2251 2315 FULBERTUS
2277 2261 2678 2353 ςςιηςυιρηείξηη
2705 2272 3239 2353 ζι-κηιίιὶε-ερίεσοριιε,
3269 2286 3334 2341 ιι.
3353 2302 3519 2344 sanc-

2180 2341 2249 2385 tw
2288 2331 2534 2392 Ecclesiae
2567 2331 3277 2410 Aurelianensis'tecoriomo.

1998 2420 2154 2488 Quod
2188 2441 2274 2481 me
2316 2430 2559 2488 scribere
2592 2449 2780 2493 moues
2810 2441 2961 2497 utilia
3006 2438 3211 2503 clerico
3264 2451 3521 2524 quodque

1930 2510 1998 2566 de
2022 2513 2250 2571 scientia
2293 2522 2695 2593 magnipcudis,
2726 2528 2864 2586 facis
2893 2534 3088 2601 amice,
3121 2537 3256 2594 facis
3281 2510 3339 2596 ut
3361 2510 3524 2600 Cll-ri-

1929 2602 2120 2660 stiante
2146 2607 2507 2681 philosophia“:
2524 2615 2721 2685 cultor,
2745 2619 2961 2680 invidia:
2990 2641 3185 2697 purus.
3220 2630 3330 2705 Ego
3360 2649 3513 2699 vero.

1928 2692 2029 2748 etsi
2090 2696 2309 2766 ignarus
2357 2703 2462 2757 mei
2514 2707 2742 2773 moduli,
2789 2728 2897 2767 non
2944 2731 3226 2784 praesumo
3268 2714 3514 2793 grandia,

1932 2788 2110 2839 tamen
2161 2802 2372 2845 memor
2412 2792 2467 2848 in
2496 2808 2606 2862 quo
2634 2813 2831 2868 parere
2870 2818 3118 2873 possum,
3145 2810 3513 2877 exhortatiom'
3550 2874 3554 2879 ,

1926 2884 2129 2930 sancta:
2175 2878 2368 2939 deesse
2415 2901 2522 2941 non
2570 2889 2712 2945 volo.
2745 2890 2952 2964 Scripsi
3001 2899 3186 2971 itaque
3224 2905 3364 2960 sicut
3397 2923 3514 2961 mo-

1926 2966 2094 3023 nuisti
2118 3010 2133 3033 ,
2173 2972 2303 3041 quid
2338 2976 2472 3034 mihi
2518 2981 2770 3040 videatur
2796 2990 3067 3059 agendum
3095 2966 3165 3050 de
3195 3007 3513 3072 presbytero

1926 3058 2019 3114 illo
2057 3062 2150 3130 qui
2204 3066 2402 3125 missas
2464 3072 2747 3133 celebrare
2806 3058 2864 3134 et
2911 3098 3021 3139 non
3078 3092 3512 3152 communicasse

2076 3119 2090 3130 '
2225 3119 2253 3121 ’⁷
2285 3119 2399 3125 ’⁷⁷⁷⁷
2468 3119 2746 3133 """""V
2807 3119 2864 3134 ν’
2911 3119 3021 3139 HV"
3078 3119 3509 3152 υυιιιιιιηιηυειδδε

221 3119 377 3175 diuis
431 3123 715 3194 laqueatus
759 3133 923 3188 etiam
970 3140 1242 3212 sacrilegii
1283 3160 1470 3203 errore
1508 3165 1569 3205 se
1608 3153 1816 3223 polluit,
1848 3190 1892 3253 Ο
1923 3165 2235 3223 compertus
2274 3170 2379 3227 est,
2422 3164 2479 3219 in
2523 3166 2667 3226 hunc
2710 3173 2954 3232 modum.
3003 3178 3227 3238 Videtur
3271 3202 3509 3261 namque

221 3213 452 3261 Illlalltlo
497 3216 847 3261 SlmIIInm‘nm
883 3224 1115 3261 ΓΙιιιηῖΛο
1164 3231 1516 3261 ΙΙ.ιιιλζι..-.--...
1564 3242 1574 3261 9
1602 3243 1615 3261 I
1655 3243 1689 3261 1·
1738 3244 1761 3261 ο
1941 3245 2012 3261 νιο
2130 3259 2137 3261 Α
2257 3254 2269 3261 .
2393 3256 2405 3261 -

208 3213 452 3277 quando
497 3216 848 3276 simulacrum
883 3224 1118 3285 Chamos
1162 3231 1519 3294 Moabitarum
1561 3242 1689 3300 idoli
1734 3244 1815 3301 fa-

217 3300 483 3358 bricavit.
536 3304 643 3360 Sed
695 3314 823 3380 quia
852 3330 950 3384 per
985 3320 1303 3391 prophetam
1347 3328 1561 3400 culpam
1609 3300 1818 3393 erroris

208 3394 473 3467 agnovit,
496 3401 737 3468 ntmquid
762 3404 1151 3467 misericordiae
1171 3416 1410 3474 caelestis
1432 3430 1515 3476 est
1536 3428 1818 3483 extorris?

214 3481 297 3532 At
354 3480 580 3540 forsitan
627 3488 832 3547 dicas":
867 3494 1144 3567 Nusquam
1202 3520 1326 3559 eum
1364 3509 1415 3562 in
1462 3528 1669 3568 canone
1699 3516 1816 3587 lego

208 3574 573 3642 pmnitnisse,
604 3596 781 3653 neque
824 3587 1258 3651 misericordiam
1290 3612 1666 3660 consecutum.
1697 3606 1811 3663 Non

215 3663 464 3736 ambigo,
497 3666 683 3735 frater,
713 3675 780 3727 de
808 3680 1130 3747 paenitentia
1160 3686 1299 3757 ejus,
1329 3707 1451 3761 quae
1486 3712 1594 3750 non
1623 3697 1814 3756 inscri-

203 3754 373 3809 bitur
397 3758 631 3826 publicis
660 3763 884 3837 legibus.
915 3772 984 3829 Et
1014 3754 1246 3835 fortasse
1273 3754 1395 3840 ideo
1422 3754 1812 3859 acceptabiliovr

203 3841 513 3913 judicatur,
544 3851 673 3921 quia
703 3872 809 3913 non
838 3860 903 3916 ad
934 3862 1129 3923 faciem
1156 3872 1361 3943 p0puli,
1389 3879 1483 3932 sed
1518 3881 1570 3936 in
1597 3897 1811 3942 secreto

196 3938 572 3998 conscientia:
606 3944 837 4005 Domino
868 3963 1003 4011 teste
1028 3938 1301 4027 pani—ltuit.
1359 3969 1582 4027 chiam
1626 3987 1808 4034 autem

196 4036 284 4078 vx
316 4026 426 4083 hoc
454 4046 806 4094 consecutum
831 4058 949 4101 esse
977 4053 1339 4120 agnoscimus,
1372 4061 1496 4131 quia
1522 4078 1644 4119 cum
1667 4069 1810 4124 solu-

1009 4108 1039 4118 _
1374 4108 1495 4131 ν--.
1524 4108 1644 4119 -.....
1667 4108 1804 4124 νυ...-

209 4108 307 4170 tus
340 4116 538 4178 fuisset
561 4141 592 4180 a
623 4142 874 4200 corpore,
922 4140 1196 4208 sepultum
1241 4146 1393 4204 illum
1441 4151 1584 4208 inter
1614 4172 1804 4229 regum

209 4208 321 4229 ΙΑ-Α
344 4212 426 4229 Δι’·
912 4228 921 4229 ί

194 4208 591 4273 -Ιει-δεΙίιπιυη
622 4236 855 4293 corpora
903 4228 1186 4304 Scriptura
1206 4254 1637 4303 commemorat:
1662 4208 1804 4320 qauod

209 4311 403 4359 tamen
454 4308 585 4366 alibi
637 4321 1014 4384 peccatoribus
1059 4329 1284 4399 regibus
1323 4333 1647 4409 abuegatum
1680 4308 1806 4401 esse

188 4399 625 4472 cognoscimus,
650 4408 743 4477 qui
758 4425 939 4483 usque
959 4416 1012 4470 in
1038 4416 1200 4475 ﬁnem
1226 4424 1352 4495 vitae
1379 4399 1493 4484 sure
1519 4430 1574 4485 in
1605 4399 1803 4507 pr0po;

186 4483 300 4539 {siti
320 4494 695 4558 perversitate
729 4514 1073 4575 manserunt;
1098 4520 1154 4565 et
1187 4490 1461 4588 ideoquia
1483 4520 1626 4578 inter
1650 4483 1804 4596 reges
1826 4539 1882 4598 Β

1061 4572 1067 4575 .
1349 4572 1367 4588 ι
1414 4572 1419 4573 ν
1453 4572 1460 4574 “
1484 4572 1613 4578 """
1652 4572 1797 4596 ’νυνυ

198 4572 387 4642 iustos
412 4586 613 4640 meruit
642 4590 882 4661 sepeliri,
914 4612 1019 4653 non
1056 4599 1157 4657 fuit
1190 4605 1401 4665 alienus
1426 4625 1457 4665 a
1478 4615 1657 4670 venia.
1693 4619 1797 4677 Ve-

200 4669 354 4725 niam
387 4683 569 4732 autem
608 4679 778 4752 ipsam
810 4687 930 4744 sine
957 4694 1278 4762 penitentia
1321 4717 1428 4757 non
1462 4708 1643 4775 potuit
1672 4724 1797 4782 pro.

199 4765 427 4817 mereri.
467 4784 486 4818 ι
520 4767 660 4824 Beda
707 4774 760 4828 in
788 4782 1051 4847 epusculo
1078 4800 1246 4858 super
1274 4790 1369 4847 lib.
1405 4795 1612 4866 Regum
1646 4804 1796 4873 capi-

199 4848 313 4873 ...14
344 4870 411 4873 -μ
464 4872 469 4873 γ
763 4868 773 4873 ⁸
841 4871 850 4873 ‘

1147 4848 1160 4858 .
1408 4848 1445 4849 κέ
1464 4848 1612 4866 ‘D""'
1648 4848 1765 4873 ""l"

196 4848 318 4905 ωιο
344 4870 515 4912 nux
539 4900 554 4923 ,
587 4868 885 4930 przemissis
913 4877 1121 4942 paucis,
1149 4881 1227 4935 ait
1259 4901 1273 4936 :
1310 4901 1329 4935 ς
1371 4886 1472 4943 Ubi
1525 4893 1626 4947 hoc
1652 4912 1785 4964 quo-

197 4954 305 4964 ,___A
366 4945 417 4964 ..ε
444 4944 485 4964 0-
503 4947 534 4964 II
744 4958 755 4964 -

192 4954 329 5008 que,
365 4945 417 4999 ni
442 4944 625 5018 fallor,
668 4958 848 5026 palam
877 4967 1183 5025 ostenditur
1208 5013 1223 5037 ,
1259 4980 1400 5045 quod
1449 4984 1655 5041 utinam
1670 4944 1790 5045 .nou

192 5034 621 5095 ostenderetur!
658 5048 783 5116 quia
815 5053 1071 5112 videlicet
1120 5060 1371 5123 Salomon
1404 5072 1469 5125 de
1496 5080 1791 5136 commisso

193 5118 521 5183 idololatria:
549 5135 756 5194 scelere
793 5156 1069 5215 nunquam
1085 5153 1329 5221 perfecte
1353 5165 1626 5229 pcenituit.
1653 5170 1786 5227 Nam

189 5213 239 5267 si
271 5215 486 5276 fructus
517 5228 859 5295 poenitentia:
885 5237 1076 5306 dignos
1107 5242 1327 5313 faceret,
1361 5264 1632 5328 satageret
1661 5273 1787 5319 ante

188 5309 379 5364 omnia
422 5323 483 5366 ut
511 5316 654 5374 idola
688 5338 809 5391 qua:
836 5329 1202 5391 redilieaverat
1242 5340 1309 5394 de
1348 5309 1570 5405 civitate
1599 5367 1784 5410 sancta

189 5397 550 5471 tollerentur,
601 5418 657 5465 et
699 5429 804 5470 non
862 5417 915 5472 in
964 5425 1277 5485 scandalum
1326 5435 1614 5495 stultorum
1662 5459 1784 5514 qua:

190 5487 304 5514 :nnn
336 5504 454 5514 Α.....
488 5492 609 5514 ΡΑᾺΑν
664 5509 674 5514 -
806 5505 816 5514 .

188 5487 307 5555 ipse
333 5504 459 5546 cum
487 5492 681 5554 fuisset
702 5505 922 5572 sapiens
960 5525 1191 5572 errouee
1234 5518 1447 5599 fecerat
1488 5532 1645 5599 quasi
1663 5487 1781 5590 “sa-

184 5588 408 5646 pienter
443 5597 507 5640 ac
546 5600 699 5645 recte
747 5590 888 5651 facta
926 5602 1281 5676 relinqueret.
1322 5596 1345 5664 ἰ
1392 5588 1650 5677 [tabanus
1698 5625 1779 5680 sic

183 5670 289 5724 sub
317 5685 555 5742 persona
603 5680 795 5744 lsi'dori
844 5688 898 5743 in
929 5697 1272 5764 expositione
1323 5705 1567 5776 ejusdem
1601 5712 1721 5770 libri
1760 5732 1776 5773 :

182 5782 206 5817 ι
228 5763 357 5822 Jam
386 5786 553 5840 porro
582 5777 647 5832 de
670 5779 793 5837 aliis
812 5787 1066 5855 operibus
1089 5789 1397 5854 Salomonis
1422 5802 1549 5873 quid
1573 5806 1773 5877 dicam,

547 5869 823 5938 Puram.
870 5877 1088 5944 CXLI.

1922 3245 2210 3318 diligenter
2255 3254 2577 3326 inquirenda
2603 3278 2727 3320 esse
2754 3282 2940 3338 causa,
2968 3288 3075 3344 qua
3103 3291 3506 3341 sacrosanctam

1911 3343 2360 3411 comnmnionem
2393 3352 2803 3427 subter-fugerit,
2838 3363 3091 3423 videlicet
3119 3380 3304 3428 utrum
3335 3374 3511 3433 baere-é

1920 3429 2026 3484 tiea
2066 3431 2356 3493 inﬁdelitas
2398 3442 2485 3506 sit,
2526 3449 2808 3505 an.timor
2852 3468 2921 3510 ex
2969 3462 3306 3521 conscientia
3340 3467 3506 3538 plane

1919 3523 2163 3580 mortalis
2193 3525 2464 3597 criminis,
2495 3550 2563 3590 au
2605 3539 2768 3595 timor
2789 3558 2856 3598 ex
2898 3551 3234 3609 conscientia
3266 3556 3508 3614 ebriosi-

1918 3612 2046 3665 tatis
2079 3623 2172 3668 aut
2209 3616 2467 3679 libidinis.
2504 3627 2639 3694 Quae
2690 3635 2909 3702 quidem
2955 3642 3138 3699 miseri
3187 3651 3531 3723 sacerdotes

1916 3705 2167 3761 mortalia
2185 3723 2419 3778 peccata
2444 3732 2567 3774 esse
2602 3734 2696 3778 aut
2727 3727 2974 3785 nesciunt
3011 3743 3107 3790 aut
3149 3737 3291 3794 scire
3335 3743 3500 3799 dissi-

1915 3794 2147 3862 mulant,
2179 3805 2523 3862 remordentc
2546 3820 2726 3868 tamen
2753 3820 3087 3879 conscientia
3116 3828 3284 3896 mala;
3327 3847 3397 3887 an
3428 3836 3505 3890 sit

1914 3885 2130 3942 t:edium
2163 3905 2229 3946 ex
2262 3895 2430 3953 multa
2470 3900 2840 3963 celebratione
2881 3914 3203 3987 missarum;
3237 3937 3306 3977 an
3339 3923 3502 3983 timor
3532 3970 3535 3975 .

1913 3974 2242 4040 indiscretus
2301 4004 2410 4059 quo
2457 3996 2832 4064 pusillanimes
2884 4004 3193 4069 alliciuutur
3227 4016 3497 4076 interdum

1909 4084 2009 4139 pro
2052 4072 2262 4134 levibus
2302 4084 2507 4155 culpis;
2556 4105 2623 4145 an
2670 4096 2896 4154 morbus
2944 4102 3397 4172 rheumatizantis
3443 4128 3501 4172 et

1910 4169 2226 4225 nauseantis
2275 4177 2582 4246 stomachi;
2634 4199 2702 4238 an
2761 4176 2943 4257 passio
2995 4199 3204 4256 cerebri
3259 4216 3496 4265 mentem

1908 4250 2128 4314 Iardens.
2160 4259 2217 4316 Si
2249 4279 2383 4339 ergo
2414 4270 2711 4333 infidelitas
2745 4281 2798 4336 in
2840 4301 3005 4344 causa
3042 4292 3262 4352 inventa
3300 4298 3494 4371 fuerit,

1909 4354 1997 4371 ιιι-ιι
2047 4348 2193 4371 ..ΙΖηΙ
2240 4354 2289 4371 μ’
2640 4368 2651 4371 ’

3305 4348 3494 4371 ----...,

1907 4354 2001 4398 aut
2045 4348 2194 4406 aliud
2238 4354 2398 4424 plane
2456 4368 2687 4422 mortale
2718 4372 2956 4443 crimen,
3008 4381 3362 4452 deponendus
3409 4405 3494 4450 est

1896 4910 2169 4968 superato,
2222 4911 2466 4965 revocari
2511 4914 2761 4972 videatur
2791 4922 3037 4982 idoneus.
3078 4931 3148 4985 At
3177 4933 3222 4986 si
3254 4949 3320 4990 ex
3373 4939 3484 4994 fre-

1894 4992 2080 5057 quenti
2104 4994 2397 5055 missarum
2414 5002 2785 5066 celebratione
2810 5016 3046 5085 taedium,
3074 5020 3145 5076 ita
3175 5028 3478 5098 corripien-

1900 5078 1991 5098 ΔΜ
2042 5092 2082 5098 ί,
2439 5094 2450 5098 -

3035 5078 3044 5085 ,
3224 5078 3229 5079 κ
3278 5078 3291 5081 -
3308 5078 3445 5098 -.ην--

1893 5078 2014 5146 dus,
2032 5092 2194 5154 etper
2212 5103 2413 5146 annum
2438 5094 2706 5167 integrum
2729 5116 2758 5156 a
2778 5110 3160 5167 communione
3173 5116 3473 5187 pellendus,

1891 5170 2031 5226 sicut
2058 5177 2319 5247 scriptum
2341 5190 2421 5239 est
2446 5185 2496 5240 in
2519 5191 2751 5248 concilio
2773 5192 3034 5254 Toletano
3075 5218 3190 5266 xm.
3238 5210 3476 5280 capi:qu

1888 5262 1944 5317 5.
1978 5263 2033 5318 Si
2067 5283 2201 5324 vero
2231 5272 2558 5336 indiscretus
2589 5284 2751 5340 timor
2776 5290 2842 5344 de
2865 5290 2966 5346 levi
2995 5295 3172 5364 culpa,
3202 5304 3475 5374 castigati.-

1888 5353 1990 5422 dus
2016 5371 2140 5414 esse
2167 5363 2379 5421 videtur
2402 5384 2527 5425 cum
2557 5375 2777 5444 pietate,
2807 5381 2948 5437 sicut
2991 5384 3189 5458 legitur
3230 5394 3284 5450 in
3311 5353 3474 5468 Cipi-

1889 5445 2104 5516 tulario,
2149 5452 2243 5509 lib.
2297 5473 2337 5523 ι,
2374 5463 2616 5532 capitulo
2655 5466 2708 5523 6.
2750 5470 2819 5525 At
2864 5474 2909 5528 si
2961 5445 3471 5556 prtenotata‘passio

1885 5543 2170 5609 stomachi,
2197 5547 2281 5601 vel
2307 5555 2518 5609 cerebri
2551 5554 2715 5614 fuerit
2752 5563 2804 5616 in
2836 5581 3023 5633 causa,
3057 5574 3339 5641 quiescere
3368 5580 3466 5635 de-

1883 5627 2031 5685 licta
2082 5637 2407 5707 ministerio,
2454 5645 2627 5703 donec
2677 5667 2964 5724 recuperet
3011 5665 3351 5732 sospitatem.
3404 5671 3465 5728 Si

1882 5733 2061 5778 autem
2087 5738 2284 5797 praeter
2323 5739 2633 5805 supradicta
2658 5742 2802 5801 aliud
2833 5748 3037 5821 aliquid
3080 5754 3134 5809 in
3177 5773 3340 5816 causa
3380 5763 3468 5818 in-

1882 5824 2100 5871 ventum
2133 5817 2317 5890 fuerit,
2347 5841 2413 5881 ex
2452 5828 2691 5899 ipsorum
2733 5845 3257 5917 comparatione‘per
3296 5850 3461 5907 ratio-
