4018 6384
428 358 538 426 335

435 564 503 619 tis
537 561 744 618 salveto
773 559 826 613 in
857 554 1086 612 Domino
1115 551 1241 607 Jesu
1272 549 1506 609 Christo,
1554 545 1637 599 vir
1665 541 1888 612 Optime,
1917 536 2010 607 qui

439 669 526 709 me
572 650 882 718 multosque
927 638 1063 701 alios
1101 641 1310 713 iugiter
1361 648 1416 694 et
1461 636 1786 702 interrogas,
1815 636 1870 681 et
1891 626 2016 680 dum

435 743 740 817 prudenter
766 743 1093 808 interrogas,
1126 735 1262 790 bene
1282 732 1467 806 doces.
1503 727 1652 781 Vale.

712 867 1000 929 PIS'I'OL'A
1039 864 1248 922 LXVIII
1288 863 1435 936 [olim
1472 854 1784 928 LXXXIV].

990 977 1147 1033 Circa
1161 990 1248 1028 an.
1274 970 1482 1041 eumd.)

439 1101 571 1156 Beui
609 1097 825 1152 nissime
852 1106 902 1149 at
944 1109 1006 1147 ue
1025 1090 1362 1146 dilectissimo
1380 1084 1592 1140 domino
1621 1097 1716 1137 suo
1739 1079 2021 1139 Romam,

548 1116 869 1223 ῐορυιιιεκτυε
895 1111 989 1220 gei
1019 1162 1190 1223 gratia
1221 1155 1623 1214 Carnotensium
1652 1151 1916 1206 sacerdos.

595 1151 869 1225 essemus
895 1151 989 1220 Dei
1018 1162 1190 1234 gratia
1221 1155 1623 1214 Carnotensium
1652 1151 1916 1206 sacerdos.

512 1279 743 1352 Cognita
767 1275 1000 1346 benigna
1029 1271 1308 1328 voluntate
1327 1276 1506 1323 vestra
1537 1261 1872 1330 consilioque
1900 1272 2026 1328 pru-

443 1349 641 1428 deutiaa
671 1379 865 1424 vestra:
899 1375 1208 1435 comperto,
1243 1359 1369 1430 quia
1404 1371 1594 1413 sanum
1631 1363 1738 1420 est,
1769 1363 1822 1406 ut
1855 1349 1990 1406 solet
2011 1387 2026 1412 ,

448 1461 712 1522 voluntati
733 1460 1000 1528 obsequor
1020 1497 1033 1521 ,
1061 1453 1290 1510 consilio
1319 1450 1634 1521 acquiesco,
1663 1456 1718 1502 et
1747 1444 1848 1500 iter
1877 1441 2028 1496 insti-

452 1557 628 1610 tntum
661 1543 774 1624 (37)
809 1549 876 1603 ad
905 1557 1142 1618 praesens
1171 1543 1449 1604 amittens,
1495 1540 1548 1594 i'n
1584 1548 1792 1606 tempus
1819 1549 1848 1588 a
1878 1530 2030 1586 vobis

450 1621 803 1706 censtitutum
826 1642 1015 1697 differo
1037 1636 1424 1710 peragendum,
1444 1633 1488 1688 si
1512 1630 1762 1687 annuerit
1786 1622 1946 1682 Deus.
1972 1621 2030 1678 Si

416 1725 421 1731 ’
455 1753 587 1812 ergo
613 1739 678 1794 de
703 1733 934 1807 justitia,
962 1732 1027 1786 de
1053 1743 1208 1801 pace,
1245 1725 1314 1780 de
1342 1733 1490 1778 statu
1522 1721 1694 1792 regni,
1726 1719 1792 1776 de
1826 1717 2032 1771 honore

1333 346 1392 403 S.
1436 339 1778 401 FULBEIITI
1815 325 2292 394 CAIKNO'I‘ENSIS
2325 314 2626 378 El'ISCOPI

429 475 760 530 cinationem
810 465 968 523 facile
1013 461 1352 519 tractabitur.
1383 459 1478 513 His
1506 454 1747 511 breviter
1773 449 2013 519 assigna-
2042 456 2090 510 Α

3576 303 3695 361 Ξόὕ

2455 469 2786 531 EPISTOLA
2825 464 2986 522 LXXI
3020 462 3164 535 [olim
3201 459 3331 531 cu}.

2716 585 2896 661 (Anno
2918 579 3102 650 1021.)

2122 710 2430 767 Clarissima
2459 704 2580 759 duci
2621 701 3000 769 Aquitanorum
3033 693 3349 769 (inuentio
3378 687 3711 746 Petaurus

2491 765 2781 846 episcopus,
2817 767 2944 822 utile
2971 776 3016 818 et
3045 765 3335 818 honestum.

2193 908 2521 970 Gauderem,
2545 899 2891 958 dilectissime
2913 895 3187 966 princeps,
3211 891 3276 946 ad
3306 879 3714 947 dedicationem

2128 1009 2360 1054 vestram
2401 995 2628 1050 devotus
2655 1000 2972 1049 occurrere,
3006 985 3110 1039 nisi
3167 996 3254 1038 me
3310 979 3566 1036 Ecclesia:
3607 995 3716 1032 no-

2127 1099 2254 1146 strze
2298 1087 2446 1143 nullo
2486 1085 2646 1140 modo
2711 1077 3026 1150 negligenda
3071 1071 3373 1130 necessitas
3419 1069 3713 1125 detineret.

2127 1181 2316 1238 Gratia
2363 1189 2597 1245 namque
2632 1171 2725 1228 Dei
2759 1156 3211 1235 'cnm'adjutorio
3259 1170 3440 1217 vestro
3491 1168 3723 1231 cryptas

2128 1280 2345 1325 nostras
2369 1264 2753 1339 pervoivimus,
2784 1273 2985 1329 easque
3008 1255 3323 1327 priusquam
3346 1249 3594 1308 hiemalis
3625 1251 3722 1303 in-

2129 1359 2419 1417 clementia
2481 1356 2640 1411 izedat
2677 1341 2958 1422 cooperire
2994 1347 3310 1416 satagimus.
3359 1340 3491 1395 Volo
3527 1347 3726 1394 autem

2130 1467 2227 1507 vos
2258 1452 2423 1516 scire,
2447 1447 2591 1518 quod
2643 1445 2854 1506 litterae,
2886 1453 3020 1510 quas
3051 1439 3261 1508 priores
3289 1433 3544 1504 episcopo
3577 1431 3727 1484 Διθ-

2131 1541 2246 1596 lino
2296 1539 2551 1602 misistis,
2585 1534 2696 1605 regi
2747 1531 2932 1586 relata:
2979 1536 3106 1582 sunt
3155 1540 3169 1578 :
3221 1524 3313 1594 qui
3368 1525 3530 1578 etiam
3560 1519 3724 1574 valde

2135 1633 2490 1692 contristatus
2529 1637 2613 1684 est
2656 1626 2723 1681 de
2749 1639 2845 1680 sua
2877 1621 3102 1684 vilitate,
3137 1631 3300 1688 quam
3337 1613 3409 1669 ibi
3456 1613 3724 1683 scriptam

2146 1724 2373 1781 invenit.
2427 1721 2775 1789 Fecissetque
2832 1707 3186 1770 Bituricensis
3229 1708 3513 1778 episcopus
3565 1703 3728 1774 juxta

452 1828 705 1886 Ecclesia:
736 1824 897 1881 vultis
923 1819 1104 1892 agere,
1147 1834 1275 1874 ecce
1304 1814 1517 1870 habetis
1559 1827 1642 1868 me
1671 1823 1900 1880 parvum
1941 1818 2032 1860 sa-
2064 1806 2066 1812 ’

2173 1815 2426 1870 onsilinm
2450 1820 2716 1872 nostrum,
2749 1816 2808 1862 ut
2836 1801 2933 1870 ait,
2960 1807 3026 1859 de
3049 1798 3422 1858 Lemovicensi
3444 1799 3726 1870 episc0po,

455 1920 678 1975 tellitem
716 1932 814 1987 pro
848 1911 1058 1968 viribus
1091 1906 1345 1980 opitulari
1381 1909 1651 1976 paratuin.
1687 1897 1840 1953 Vale.

762 2045 1094 2104 EPISTOLA
1125 2041 1292 2098 LXIX
1321 2039 1468 2113 [olim
1499 2029 1727 2106 xcvn].

1047 2133 1230 2238 (Anno
1268 2161 1448 2231 102-1.)

463 2284 800 2344 Νοὺὶιὶεεὶωο
850 2283 955 2353 regi
1007 2275 1410 2353 Dnnomarchice
1454 2271 1672 2332 Cxuro,
1722 2265 2045 2353 Prienenses

535 2359 628 2413 Dei
653 2357 824 2428 gratia
842 2335 1544 2428 rCtIruotensiuntfpiscopus
1569 2355 1686 2394 cum
1709 2337 1818 2391 suis
1842 2335 2046 2390 clericis

529 2441 578 2482 et
605 2415 877 2482 m'onacltis
900 2419 1155 2476 orationis
1177 2415 1514 2485 stt/fragium.

475 2549 480 2558 '
533 2539 760 2607 Quando
799 2548 994 2590 munus
1026 2539 1185 2585 tuum
1219 2527 1373 2582 nobis
1398 2523 1634 2580 oblatum
1663 2520 1917 2580 vidimus,
1958 2531 2049 2572 sa-

467 2633 755 2704 gacitatem
800 2633 1029 2681 tuamet
1070 2621 1385 2690 religionem
1432 2615 1636 2687 pariter
1675 2609 1924 2666 admirati
1955 2622 2048 2662 su-

467 2741 629 2783 mus:
664 2721 1019 2792 sagacitatem
1048 2713 1290 2786 quidem,
1324 2709 1466 2781 quod
1506 2709 1670 2763 homo
1711 2713 1914 2759 nostra:
1949 2699 2054 2754 lin-

467 2815 708 2890 gu:e(38)
723 2814 944 2882 ignarus
964 2808 1234 2878 longoque
1262 2819 1292 2858 a
1321 2801 1477 2857 nobis
1498 2808 1656 2854 terra:
1679 2796 1950 2863 marisque
1973 2792 2055 2846 in-

469 2888 698 2964 tervaiio
731 2902 954 2966 divisus,
984 2913 1090 2954 non
1113 2896 1287 2952 solum
1311 2908 1372 2948 ea
1405 2905 1524 2960 quae
1539 2888 1681 2944 circa
1707 2896 1757 2942 te
1778 2893 2058 2941 suntstre-

473 3015 580 3056 nue
609 3009 887 3066 capessas,
917 2991 1011 3048 sed
1034 2991 1200 3045 etiam
1227 3002 1290 3042 ea
1324 3000 1443 3056 qua:
1467 2985 1612 3039 circa
1644 2998 1742 3036 nos
1771 2980 2059 3049 diligenter

474 3089 752 3160 inquiras;
801 3082 1120 3153 religionem
1157 3093 1312 3142 vero,
1354 3091 1477 3130 cum
1509 3083 1580 3137 te,
1613 3085 1771 3141 quem
1815 3081 2056 3138 pagano-

474 3195 597 3236 rum
627 3151 927 3248 principem
955 3171 1325 3232 audieramus,
1354 3181 1458 3221 non
1483 3164 1643 3219 modo
1669 3161 2056 3222 Christianum,
2088 3151 2133 3214 C

475 3287 666 3330 verum
701 3272 867 3325 etiam
901 3279 1030 3335 erga
1075 3261 1334 3319 ecclesias
1377 3269 1540 3329 atque
1570 3256 1664 3311 Dei
1696 3267 1884 3309 servos
1911 3249 2064 3305 beni-

478 3362 800 3433 gnissimum
865 3356 1176 3427 largiterem
1232 3349 1598 3421 agnoscimus.
1659 3343 1814 3401 Unde
1866 3341 2066 3412 gratias

486 3432 709 3524 agentes
735 3447 872 3518 Regi
895 3460 1104 3516 regum,
1136 3457 1203 3498 ex
1227 3440 1396 3512 cujus.
1424 3436 1778 3507 dispositione
1815 3433 1942 3487 talia
1977 3432 2065 3485 de-

483 3521 770 3606 scendunt,
808 3550 1067 3610 rogamus
1113 3544 1172 3588 ut
1203 3533 1318 3603 ipse
1369 3543 1596 3601 regnum
1644 3537 1792 3582 tuum
1823 3525 1877 3578 in
1915 3521 2069 3577 vobis

482 3634 792 3710 prosperari
832 3631 1015 3695 faciat,
1047 3638 1102 3685 et
1129 3627 1364 3683 animam
1389 3633 1534 3679 tuam
1571 3639 1600 3677 a
1623 3622 1862 3694 peccatis
1890 3616 2069 3673 absol-

484 3743 575 3788 vat
604 3746 701 3805 per
729 3739 994 3786 aeternum
1030 3733 1085 3781 et
1125 3719 1646 3778 consubstantialem
1674 3716 1778 3772 sibi
1827 3712 2074 3784 unigeni-

485 3835 599 3881 tum
625 3823 901 3880 Christum
927 3817 1214 3874 Dominum
1247 3821 1490 3869 nostrum
1527 3810 1582 3864 in
1609 3809 1813 3863 unitate
1840 3805 2074 3876 Spiritus

486 3913 686 3971 sancti.
738 3913 933 3966 Amen.
968 3906 1124 3973 Vale,
1175 3917 1385 3960 memor
1433 3899 1626 3965 nostri,
1658 3914 1765 3953 non
1792 3898 2077 3952 immemor

487 4004 588 4059 tui.

795 4127 1130 4184 EPiSTOLA
1164 4123 1307 4182 Lxx
1338 4123 1487 4198 [oh'm
1517 4121 1768 4195 xcvut].

1006 4241 1188 4310 (Circa
1218 4254 1308 4293 an.
1339 4236 1550 4308 eumd.)

530 4350 712 4412 Nobili
741 4355 920 4410 comiti
968 4353 1049 4416 S.,
1085 4351 1358 4407 Funssnr.
1398 4349 1494 4403 Dei
1523 4348 1694 4418 gratia
1735 4346 2045 4402 Carnoteus.

883 4424 1174 4494 episcopus,
1203 4423 1384 4492 ﬁdeles
1412 4421 1692 4474 orationes.

2141 1909 2245 1964 nisi
2296 1923 2421 1962 eum
2476 1903 2803 1976 regulariter
2845 1902 2937 1955 ira:
2993 1897 3227 1953 formido
3277 1895 3564 1950 detineret.
3617 1891 3731 1944 Sed

2142 1999 2266 2070 quia
2299 2014 2390 2052 rex
2422 1996 2669 2066 proximo
2697 1992 2893 2064 rugitu,
2926 1997 2983 2043 ut
3012 1989 3235 2052 dicitur,
3259 1985 3445 2040 venire
3472 1983 3635 2038 habet
3667 1980 3724 2033 iu

2144 2091 2335 2146 silvam
2366 2088 2590 2158 Legium
2617 2084 2752 2156 (59),
2781 2099 2900 2153 quae
2921 2080 3094 2135 vicina
3123 2087 3228 2140 est,
3259 2088 3317 2130 ut
3342 2075 3510 2137 scitis,
3535 2087 3737 2127 mona-

2146 2180 2314 2235 sterio
2329 2178 2501 2233 sancti
2520 2174 2816 2238 Benedicti,
2831 2188 2928 2242 ego
2951 2185 3187 2240 quoque,
3207 2169 3316 2223 Deo
3339 2168 3577 2229 favente,
3604 2163 3740 2216 illnc

2147 2272 2227 2326 ire
2262 2268 2534 2340 disposui,
2564 2267 2797 2320 sciturus
2842 2261 3030 2332 quales
3062 2258 3330 2314 inveniam
3361 2272 3486 2326 erga
3533 2267 3630 2307 vos
3682 2275 3697 2304 ι
3718 2261 3740 2305 ι

2148 2376 2328 2431 regem
2376 2369 2430 2414 et
2456 2355 2954 2424 archiepiscOpum,
2988 2349 3071 2403 vel
3119 2347 3309 2418 quales
3339 2346 3564 2399 reddere
3612 2356 3742 2411 pos—

2150 2430 2274 2505 sim.
2308 2448 2373 2502 Et
2399 2446 2542 2517 quod
2594 2443 2812 2498 interim
2861 2439 3110 2500 eﬂ‘ecero,
3152 2445 3246 2491 aut
3274 2435 3387 2506 ipse
3414 2433 3567 2488 vobis
3590 2430 3739 2485 refe-

2155 2557 2295 2607 ram,
2328 2547 2420 2594 aut
2450 2536 2648 2592 litteris
2682 2535 3014 2589 iunotescam
3084 2527 3212 2582 Vale
3242 2526 3490 2580 feliciter.

2490 2687 2822 2745 EPISTOLA
2861 2684 3048 2740 LXXII
3081 2683 3227 2756 [olim
3267 2681 3418 2747 CIII).

2749 2800 2927 2872 (Anno
2965 2798 3146 2866 i02l.)

2157 2918 2507 2974 Dilectissimo
2579 2929 2877 2984 semperque
2936 2908 3202 2984 diligendo
3262 2907 3496 2984 domino.
3518 2917 3568 2958 et
3623 2905 3753 2958 dmi

2231 2989 2613 3060 Aquitanorum
2680 2975 3393 3060 (iuttLELuof-Futmsnrus
3456 2975 3752 3031 Caruotcu-

2233 3050 2370 3114 siam
2426 3056 2642 3112 humilis
2691 3056 2989 3125 episcopus,
3031 3068 3086 3104 in
3130 3052 3232 3125 [iac
3281 3050 3390 3102 vita
3437 3063 3492 3101 se
3546 3057 3594 3101 et
3651 3061 3754 3100 sim

2235 3132 2432 3194 omnia,
2471 3130 2527 3182 in
2557 3121 2729 3180 altera
2756 3121 2952 3196 gaudia
2979 3121 3316 3191 sempiterna.

2241 3263 2426 3328 Doleo,
2455 3261 2540 3316 vir
2563 3259 2788 3330 optime,
2816 3257 2956 3327 quad
3009 3268 3179 3324 nuper
3210 3252 3264 3306 in
3293 3256 3562 3308 conrentu
3608 3239 3759 3319 regis
3789 3268 3804 3282 -

2168 3363 2331 3424 atque
2386 3361 2576 3407 nostro
2624 3349 2874 3419 loquendi
2927 3357 3103 3402 tecum
3134 3345 3595 3416 opportunitatem
3647 3359 3757 3396 non

2173 3446 2360 3511 habui,
2393 3458 2498 3498 non
2527 3444 2593 3498 de
2632 3440 2878 3496 smcuiari
2923 3439 3162 3508 negotio,
3190 3436 3283 3491 sed
3312 3436 3380 3492 de
3426 3435 3545 3490 loco
3576 3434 3757 3490 sancti

2173 3537 2351 3593 Patris
2383 3534 2595 3597 Hilarii,
2643 3533 2796 3603 cujus
2842 3539 3085 3586 rectores
3119 3544 3215 3583 nos
3245 3542 3368 3582 esse
3403 3527 3617 3582 bonitas
3667 3535 3760 3578 tua

2173 3629 2372 3694 voluit,
2424 3626 2518 3681 sed
2551 3624 2711 3692 hujus
2765 3624 3021 3691 temporis
3062 3619 3262 3675 malitia
3310 3633 3415 3674 non
3469 3616 3760 3688 permittit.

2175 3719 2368 3776 liando
2396 3719 2580 3788 itaque
2612 3716 2739 3780 tibi,
2783 3723 2838 3768 et
2890 3727 3083 3784 precor
3139 3710 3336 3765 absens
3366 3709 3417 3763 id
3457 3709 3601 3778 quod
3634 3713 3766 3760 tunc

2178 3825 2419 3882 przesens
2459 3807 2712 3862 intimare
2754 3803 3031 3867 volebam,
3063 3800 3335 3862 videlicet,
3367 3807 3429 3852 ut
3464 3797 3762 3853 secundum

2179 3897 2575 3969 beneplacitum
2603 3895 2783 3949 cordis
2808 3894 2880 3947 tui
2904 3891 3204 3947 constituas
3231 3889 3325 3943 tibi
3359 3887 3521 3941 alium
3548 3887 3770 3940 thesau-

2182 3991 2384 4047 rarium
2417 3995 2472 4042 et
2506 3986 2846 4056 capitiarium
2879 3984 2944 4038 de
2978 3982 3133 4038 bonis
3159 3980 3374 4035 clericis
3415 3977 3505 4048 qui
3543 3985 3673 4032 sunt
3708 3975 3768 4029 in

2181 4089 2270 4137 tua
2301 4078 2520 4142 vicinia,
2568 4092 2704 4146 quos
2734 4076 2818 4130 via
2864 4074 3018 4144 longa
3057 4081 3112 4128 et
3155 4070 3458 4142 periculosa
3497 4085 3604 4123 non
3655 4067 3773 4120 dis-

2183 4171 2364 4225 turbet
2395 4169 2462 4222 ab
2485 4166 2678 4228 ollicio,
2720 4165 2862 4219 sicut
2896 4180 2980 4218 me
3007 4170 3062 4216 et
3087 4175 3236 4216 meos
3269 4161 3534 4214 hactenus
3560 4156 3774 4210 distur-

2184 4260 2351 4315 havit.
2379 4258 2485 4314 Nec
2514 4274 2600 4313 me
2619 4267 2795 4328 putes,
2821 4257 3072 4320 obsecro,
3100 4255 3172 4308 ita
3203 4267 3450 4322 pravum,
3474 4258 3533 4303 ut
3551 4259 3779 4319 propter

2190 4352 2289 4404 hoc
2333 4349 2427 4403 tibi
2475 4347 2664 4402 videar
2694 4347 2873 4400 minus
2924 4359 3044 4398 esse
3097 4342 3290 4396 ﬁdelis.
3346 4340 3594 4410 Agnosco
3627 4339 3776 4391 enim

2191 4454 2274 4492 me
2303 4445 2620 4508 perpetuum
2653 4436 2952 4490 debitorem
2990 4448 3110 4487 esse
3151 4431 3422 4485 lidelitatis
3450 4428 3644 4482 anima:
3674 4437 3780 4480 tua:

570 4542 630 4598 Si
657 4541 710 4597 in
734 4539 980 4610 eligendo
1009 4544 1202 4592 vestra:
1229 4533 1467 4590 civitatis
1490 4531 1742 4602 episcopo
1769 4529 2086 4599 regulariter
2115 4498 2162 4555 θ
2191 4537 2246 4582 ct
2275 4498 2517 4597 corpori,
2561 4535 2783 4596 propter
2808 4523 3195 4591 benignitatem
3218 4534 3379 4588 quam
3411 4517 3541 4571 mihi
3585 4517 3783 4569 imme-

499 4633 758 4706 ageretis,
792 4628 1110 4701 sull'ragium
1151 4635 1350 4681 nostrae
1384 4621 1708 4678 iulmiiitatis
1742 4637 1846 4675 non
1881 4619 2092 4674 deferet

498 4723 658 4796 quta
701 4724 921 4779 modum
977 4719 1225 4775 rationis.
1256 4715 1410 4770 Nunc
1460 4722 1640 4768 autem
1684 4712 1956 4783 palatinas
2001 4720 2094 4764 aut

503 4816 752 4888 publicus
782 4827 968 4868 rumor
993 4819 1096 4865 est.
1131 4807 1274 4878 quod
1303 4805 1392 4860 ille
1421 4804 1654 4858 clericus
1687 4818 1848 4872 quem
1894 4801 2094 4872 eligere

505 4907 702 4969 vultis,
741 4902 984 4957 favorem
1035 4907 1278 4952 vestrum
1317 4895 1390 4949 sit
1436 4901 1736 4960 auenpatus
1782 4886 2097 4957 promissio-

509 5014 637 5054 num
675 4994 850 5052 sibilis
907 5001 961 5047 et
1011 4988 1256 5060 pecunia:
1297 4985 1466 5039 visco.
1510 4982 1710 5036 Dicunt
1759 4980 1924 5032 etiam
1955 4972 2098 5042 quod

509 5091 629 5143 sine
669 5086 824 5154 jussu
858 5083 1026 5154 regis,
1057 5090 1116 5135 et
1141 5092 1412 5133 consensu
1443 5075 1822 5142 episcOporum
1851 5080 2100 5135 compro-

508 5178 850 5240 vincialium,
873 5175 1017 5229 :edes
1045 5180 1102 5226 et
1133 5185 1245 5224 rem
1277 5165 1638 5237 episcopalem
1667 5159 1947 5232 invaserit.
1972 5158 2101 5223 Quae

511 5285 555 5322 Si
585 5267 698 5320 sint
739 5279 888 5329 vera,
917 5277 1022 5316 non
1054 5269 1178 5314 sunt
1226 5255 1493 5328 regularia
1518 5271 1532 5310 :
1567 5266 1666 5306 nec
1697 5266 1782 5304 me
1811 5247 1896 5302 vel
1924 5246 2100 5308 vobis,

512 5359 599 5415 vel
629 5357 754 5412 aliis
779 5364 973 5411 contra
995 5353 1085 5424 jus
1115 5362 1172 5407 et
1203 5349 1286 5406 fas
1311 5347 1566 5418 opitulari
1597 5350 1832 5403 oportet.
1859 5339 2066 5395 Valete.
2134 5381 2136 5383 ,

2194 4621 2296 4673 rito
2350 4617 2643 4672 exhibuisti
2715 4615 2863 4670 Umle
2901 4623 3052 4666 certo
3089 4611 3264 4672 scias,
3313 4609 3438 4678 quia
3478 4606 3523 4661 si
3557 4606 3653 4659 tibi
3687 4613 3785 4658 aut

2197 4709 2392 4778 popqu
2424 4716 2514 4760 tuo
2550 4706 2656 4759 mei
2691 4703 2975 4758 ministerii
3012 4700 3311 4755 necessitas
3364 4697 3696 4755 immineret.
3730 4704 3786 4748 et

2197 4800 2298 4852 hoc
2353 4797 2484 4853 mihi
2544 4794 2805 4849 mandare
2852 4794 3070 4862 dignum
3117 4790 3373 4854 duceres,
3437 4787 3784 4843 subvenirem

2200 4891 2295 4944 tibi
2327 4891 2438 4943 Deo
2469 4889 2622 4949 duce,
2670 4888 2712 4942 si
2748 4903 2854 4940 non
2903 4901 3116 4956 possem
3154 4883 3332 4948 aliter,
3368 4881 3451 4936 vel
3494 4882 3544 4934 in
3596 4880 3787 4934 hahitu

2202 4979 2455 5052 pauperis
2502 4979 2797 5050 peregrini.
2847 4977 3047 5033 Precor
3084 4987 3260 5031 autem
3289 4975 3583 5030 bonitatem
3617 4983 3788 5035 tuam,

2203 5083 2262 5126 ut
2289 5071 2538 5126 liaimoni
2591 5071 2836 5125 relevare
2877 5067 3118 5138 digneris
3163 5069 3416 5120 damnum
3440 5064 3579 5133 quod
3609 5074 3793 5134 pertu-

2204 5159 2265 5212 lit
2293 5160 2345 5213 in
2383 5159 2608 5214 servitio
2628 5167 2838 5212 nostro.
2867 5157 2994 5211 Vale
3027 5171 3168 5210 nunc
3190 5163 3245 5208 et
3275 5168 3520 5223 semper,
3544 5151 3794 5221 piissime

2207 5263 2370 5320 atque
2398 5253 2782 5322 benignissime
2799 5269 2811 5303 :
2826 5265 2924 5320 ego
2954 5265 3080 5303 vcrn
3105 5263 3379 5318 nunquam
3394 5246 3690 5300 obliviscar
3716 5254 3791 5296 te.

589 5555 702 5633 (37)
744 5553 1079 5620 Pictavium,
1111 5561 1169 5607 ut
1198 5549 1356 5606 nobis
1393 5547 1638 5609 videtur,
1711 5551 1893 5613 potius
1946 5552 2108 5608 quam
2213 5555 2322 5633 tum
2349 5540 2578 5610 estquia
2611 5552 2642 5592 a
2689 5537 2930 5591 Romana
2961 5537 3140 5606 lingua
3182 5533 3398 5603 puriore
3417 5537 3599 5586 ortum
3628 5524 3799 5584 habe.-

519 5634 772 5693 Romam.

600 5725 714 5794 (38)
756 5719 970 5794 Nostra’
997 5717 1192 5785 lingua:
1219 5710 1442 5794 nomine
1465 5709 1554 5762 hic
1588 5701 1831 5794 prafecto
1861 5699 2111 5794 intelligit

529 5772 833 5857 Γιῖὼέτιυζ
851 5772 1183 5846 Francorum
1219 5785 1441 5845 idimua,
1473 5772 1612 5846 quod
1653 5774 1954 5828 ilozaanuni
1995 5772 2110 5824 dic-

2213 5613 2276 5667 bn
2286 5621 2324 5668 t.

2287 5703 2399 5774 (39)
2441 5701 2548 5756 Seu
2579 5700 3042 5757 Aurelianenscm.
