3974 5374
520 154 625 220 939

782 291 1116 352 EPISTOLA
1153 278 1409 348 LXXvnt
1446 293 1595 366 [aliut
1625 291 1759 348 xcv
1767 290 1812 364 ι.

1009 405 1184 478 (Circa
1200 422 1397 461 annum
1423 406 1603 469 ιοειεδ..)

514 488 731 547 Ilobcrti
755 490 891 561 regis
905 487 1238 561 Francorum
1263 489 1331 561 ad
1361 487 1675 545 Gauslinum
1703 487 2086 543 Btturiccnsem

1047 560 1510 629 arcltiepiswpum.

853 668 1011 743 (Vide
1039 669 1180 727 infra
1213 670 1267 726 in
1291 671 1550 727 Rosearo
1576 670 1749 741 rege.)

784 786 1119 845 EPISTOLA
1160 784 1371 842 LXXIX
1418 784 1565 858 [olim
1600 782 1805 857 XCVI}.

1000 899 1179 972 (Circa
1203 914 1402 954 annum
1430 897 1613 969 1022.)

570 1013 815 1071 Gauslini
842 1013 1189 1070 Bituricensis
1222 1011 1599 1080 archiepiscopi
1647 1010 1717 1065 ad
1754 1009 2036 1065 Robertuu.

1033 1081 1365 1137 Francorum
1389 1097 1576 1151 regem.

851 1193 1011 1266 (Vide
1036 1191 1174 1249 infra
1205 1190 1257 1246 in
1291 1190 1545 1249 Roscn'ro
1574 1188 1745 1263 rege.)

785 1304 1116 1364 EPISTOLA
1155 1302 1350 1360 LXXX
1415 1302 1566 1376 [olim
1615 1300 1845 1374 xcvn}.

979 1417 1159 1490 (Circa
1184 1431 1385 1471 annum
1417 1414 1601 1486 1022.)
1848 1426 1849 1429 ‘

582 1532 680 1590 Pio
708 1532 816 1605 regi
837 1530 1109 1593 Romam,
1135 1526 1455 1605 Fupma'rus
1475 1525 1690 1580 Immitis
1714 1525 2004 1594 episcopus,

1087 1600 1265 1654 omnia
1301 1598 1504 1668 ﬁdelia.

577 1720 747 1775 Sacra
787 1724 965 1772 vestra
1007 1713 1247 1769 monitus
1286 1727 1406 1767 sum
1442 1711 1715 1782 inquirere
1739 1710 2081 1780 festinanter,

494 1819 568 1873 et
590 1808 834 1865 scribere
869 1806 1027 1861 vobis
1045 1845 1061 1871 ,
1091 1804 1137 1859 si
1167 1819 1272 1874 qua
1296 1803 1521 1858 historia
1545 1803 1856 1875 sanguinem
1887 1802 2098 1874 pluisse.

512 1898 734 1962 referat,
778 1904 835 1952 et
872 1896 917 1951 si
962 1894 1161 1950 factum
1203 1893 1326 1957 fuit,
1361 1892 1491 1962 quid
1520 1891 1761 1948 l'uturum
1801 1893 2085 1963 portende—

431 1978 436 1983 ”
482 1987 486 1991 ⁴
516 1992 611 2045 sit.
635 1986 873 2052 Livium,
902 1983 1487 2052 Valerium,0rosium,
1516 1992 1571 2040 et
1607 1983 1790 2054 plures
1821 1983 1953 2038 alios
1981 1984 2081 2039 hu-

505 2080 598 2152 jus
621 2081 697 2137 rei
727 2080 992 2137 relatorcs
1014 2077 1217 2142 inveni,
1246 2078 1312 2133 de
1339 2077 1537 2146 quibus
1560 2078 1627 2132 ad
1643 2091 1883 2147 praesens
1910 2074 2083 2131 solum

506 2170 829 2242 Gregorium
892 2165 1263 2223 Turonensem
1328 2167 1642 2238 episcopum
1700 2176 1892 2222 testem
1962 2180 2084 2221 esse

508 2265 831 2335 producturo
863 2260 1116 2325 sulliciat,
1144 2267 1366 2329 propter
1402 2258 1782 2312 auctoritatem
1810 2254 2083 2327 religionis

506 2370 638 2411 sine.
672 2355 761 2409 Ait
782 2367 920 2424 ergo
951 2352 1247 2419 Gregorius
1270 2350 1410 2405 idem
1442 2349 1496 2404 in
1520 2358 1675 2404 sexto
1696 2348 1786 2403 lib.
1818 2347 2079 2402 Historia-

480 2454 483 2455 ⁷
509 2461 648 2511 rum,
663 2461 783 2516 cap.
799 2445 897 2499 ηε
928 2463 949 2495 ι
969 2446 1128 2499 Anno
1148 2441 1377 2512 septimo
1391 2440 1538 2510 regni
1564 2438 1893 2494 Childebertt
1915 2438 2080 2508 regis,

506 2538 598 2610 qui
630 2547 749 2592 erat
769 2535 1061 2606 Chilperici
1087 2542 1142 2588 ct
1167 2530 1435 2589 Guutrani
1462 2530 1553 2596 ‘21,
1590 2544 1776 2585 mense
1800 2527 2086 2592 Januario,

508 2629 722 2702 plurim,
771 2626 1199 2691 coruscationes,
1256 2632 1418 2693 atque
1460 2623 1695 2678 tonitrua
1752 2621 1936 2692 gravia
1972 2619 2083 2677 lue-

507 2731 635 2777 runt
661 2738 675 2775 :
708 2719 869 2775 ﬂores
894 2719 947 2774 in
970 2717 1254 2772 arboribus
1290 2713 1491 2770 ostensi
1523 2721 1649 2769 sunt
1680 2727 1693 2767 :
1720 2712 1900 2778 stella,
1920 2725 2082 2781 quam

505 2824 772 2870 cometem
802 2811 1049 2882 superius
1077 2806 1372 2877 nominavi,
1403 2805 1677 2877 apparuit,
1697 2814 1755 2859 ut
1774 2803 1827 2858 in
1851 2803 2081 2858 circuitu

505 2906 623 2975 ejus
666 2917 858 2974 magna
895 2901 1115 2972 nigredo
1144 2906 1307 2962 esset,
1352 2905 1407 2952 et
1449 2895 1533 2949 illa
1567 2905 1820 2966 tanquam
1851 2895 1896 2949 si
1936 2894 2080 2948 intra

1458 148 1515 213 s.
1553 140 1894 213 FULBEnTt
1934 148 2408 212 CARNOTENSIS
2431 145 2735 209 srtscort

2119 275 2170 334 Α
2197 270 2435 324 studium
2483 279 2796 326 evasetunt.
2840 267 3159 324 Andivimus
3195 275 3374 322 autem
3407 282 3475 324 eo
3520 284 3665 324 anno
3708 272 3761 326 in

3659 152 3757 219 210

2194 360 2598 417 Narbonensem
2635 361 2822 415 urbem
2846 358 3209 431 inguinarium
3254 359 3500 414 morbum
3526 361 3764 430 graviter

2190 457 2498 524 destcvissc,
2540 458 2612 511 ita
2646 464 2704 510 ιιι
2752 454 2955 510 nullum
2999 464 3143 510 esset
3173 454 3408 524 spatium
3450 455 3600 510 vitta.
3645 469 3762 507 cum

2191 548 2355 602 homo
2378 556 2663 616 correptus
2684 545 2877 601 fuisset
2903 546 2969 600 ab
2998 559 3085 599 eo.
3114 561 3138 599 ι
3179 544 3280 599 Ilac
3295 554 3446 599 tenus
3472 543 3765 609 Gregorius

2182 632 2546 695 Turonensis.
2572 638 2767 708 Liquet
2808 637 2974 708 igitur
3018 652 3084 692 ex
3112 636 3213 692 hac
3260 646 3314 691 et
3346 649 3413 690 ex
3460 650 3623 704 supra
3652 650 3749 693 me

2189 740 2517 784 moratorum
2535 714 2800 791 historiis,
2827 726 2968 797 quod
2989 724 3163 795 pluvia
3191 723 3465 795 sanguinis
3496 723 3749 792 publicat:

2188 828 2422 890 stragem
2453 819 2690 874 futuram
2719 834 2840 874 esse
2871 818 3175 887 portendat.
3210 815 3360 883 Quod
3386 825 3566 868 autem
3596 827 3738 881 nupe

2189 912 2500 983 bujusmodi
2550 925 2801 966 cruorem
2844 910 2897 963 in
2946 908 3177 978 quadam
3216 915 3369 978 parte
3399 905 3548 975 regni
3605 911 3752 956 vestr

2187 1005 2389 1076 pluisse
2412 1003 2662 1067 audistis,
2684 1009 2741 1057 et
2775 999 2918 1070 quod
2945 999 3035 1056 ille
3056 1013 3216 1055 cruor
3250 997 3338 1052 ubi
3370 1010 3531 1066 supra
3557 1001 3765 1063 petram

2189 1095 2269 1151 vel
2295 1110 2458 1167 super
2478 1108 2696 1149 carnem
2736 1091 2974 1147 hominis
3021 1089 3313 1152 ceciderat,
3348 1086 3490 1140 ablui
3542 1098 3651 1138 non
3683 1098 3766 1153 po-

2189 1195 2365 1250 terat,
2450 1185 2537 1240 ubi
2586 1192 2767 1240 autem
2808 1198 2971 1253 super
3012 1181 3216 1250 lignum
3262 1178 3558 1241 ceciderat,
3612 1175 3768 1228 facile

2185 1275 2506 1330 abluebatur
2526 1314 2540 1339 ,
2568 1285 2664 1343 per
2702 1272 2804 1327 hoc
2828 1272 2927 1326 tria
2948 1269 3228 1325 hominum
3245 1280 3441 1341 genera
3460 1264 3769 1336 signiﬁcata

2184 1382 2305 1422 esse
2335 1366 2583 1421 videntur
2608 1383 2620 1419 :
2649 1379 2745 1435 per
2771 1362 3000 1433 lapidem
3033 1361 3207 1431 impii,
3230 1375 3329 1430 per
3353 1372 3576 1414 carnem
3604 1355 3767 1411 furui-

2184 1459 2342 1525 carii,
2392 1473 2489 1528 per
2529 1456 2730 1527 lignum
2794 1469 2925 1509 vero
2963 1452 3106 1524 quod
3143 1465 3317 1521 neque
3367 1448 3560 1503 durum
3599 1454 3767 1502 estut

2185 1547 2344 1617 lapis,
2397 1561 2574 1616 neque
2623 1543 2783 1599 molle
2840 1552 2899 1597 ut
2941 1556 3086 1604 caro,
3142 1539 3214 1593 illi
3251 1537 3342 1608 qui
3388 1550 3566 1605 neque
3615 1533 3768 1602 impii

2185 1650 2313 1697 sunt
2338 1646 2509 1710 neqhe
2542 1637 2842 1693 forniearii.
2871 1636 3003 1691 Cum
3033 1650 3161 1704 ergo
3197 1630 3409 1685 venerit
3430 1644 3597 1699 super
3624 1626 3765 1681 illam

2184 1742 2423 1803 gentem,
2449 1730 2534 1785 cui
2560 1726 3165 1801 portenditur,gladins,
3187 1723 3303 1779 sive
3329 1719 3640 1791 pestilentia
3675 1718 3766 1770 de—

2185 1824 2395 1894 signata
2436 1838 2531 1892 per
2573 1820 2916 1891 sanguinem,
2957 1817 3001 1873 si
3047 1827 3206 1871 antea
3259 1814 3379 1869 duri
3432 1820 3528 1867 aut
3573 1808 3766 1866 molles

2184 1914 2381 1971 fuerint
2416 1911 2604 1966 mutati
2636 1911 2687 1966 in
2713 1910 2925 1975 melius,
2966 1923 3072 1963 non
3115 1904 3417 1969 morientur
3438 1898 3767 1973 perpetuali-

2188 2014 2270 2061 ter
2297 2005 2351 2060 in
2375 2003 2636 2074 sanguine
2659 2017 2779 2057 suo.
2810 2000 2968 2056 Medii
2997 2013 3129 2055 vero
3164 2011 3261 2069 per
3279 1994 3587 2065 angustiam
3612 2006 3764 2057 mor-

2188 2096 2257 2151 tis
2306 2095 2391 2149 vel
2418 2094 2578 2148 aliter
2598 2099 2857 2164 poterunt
2901 2088 3123 2145 liberari
3168 2100 3267 2157 pro
3312 2082 3540 2137 arbitrio
3580 2093 3766 2134 secre-

2186 2186 2380 2242 tissimi
2417 2195 2581 2256 atque
2622 2179 3049 2256 praestantissimi
3082 2176 3304 2233 Judicis.
3345 2172 3497 2238 Vale,
3525 2170 3767 2241 piigsime

2186 2294 2303 2334 rex.

2500 2405 2834 2466 EPISTOLA
2865 2404 3077 2461 LXXXI
3098 2376 3246 2475 [οιίὶη
3276 2396 3435 2469 xm].

2783 2523 2963 2595 (Anno
2991 2518 3172 2588 toea.)

2183 2630 2408 2694 Domina
2445 2654 2542 2691 suo
2589 2636 2843 2691 Roasnro
2864 2634 2970 2704 regi
3018 2629 3413 2704 benignissimo,
3448 2622 3771 2680 FcLacnrt‘s

2417 2707 2631 2762 humilis
2656 2699 2979 2761 sacerdosin
3006 2712 3308 2773 perpetuum
3334 2699 3520 2767 vigere.

2254 2797 2477 2852 Sacram
2512 2795 2811 2865 majestatis
2844 2802 3039 2848 vestrae
3072 2789 3382 2861 nuperrime
3406 2783 3621 2852 suscepi
3655 2797 3772 2836 mo-

2172 2896 2400 2943 ‘ueutem
2435 2902 2520 2941 me
2558 2903 2608 2940 vt
2650 2885 2767 2940 Kal.
2803 2886 3029 2954 August.
3071 2889 3253 2936 vestro
3291 2887 3346 2933 et
3381 2873 3598 2930 lleurici
3631 2873 3773 2926 inte-

505 2956 999 3062 foramenualiquo'd
1029 2990 1226 3061 posita,
1258 2990 1332 3043 ita
1358 2987 1497 3043 inter
1524 2956 1777 3041 tenebras
1808 2983 2082 3039 relucebat
2108 2956 2152 3017 (ἶ
2186 2992 2331 3033 resse
2370 2977 2638 3046 colloquio
2677 2974 2812 3045 (4!),
2850 2989 2954 3028 non
2986 2972 3158 3026 solum
3181 2968 3347 3023 vestri
3372 2963 3642 3032 obsequii,
3675 2962 3771 3015 sed

507 3080 836 3146 scintillans,
864 3092 1236 3151 spargensque
1280 3090 1486 3130 comas.
1524 3073 1779 3129 Prodihat
1810 3084 1989 3127 autem
2012 3088 2078 3127 ex

506 3190 569 3232 ea
614 3173 799 3228 radius
832 3172 984 3249 mira:
1027 3166 1433 3239 magnitudinis,
1470 3166 1561 3235 qui
1606 3175 1858 3233 tanquam
1901 3161 2081 3218 fumus

506 3278 736 3336 ntagnus
766 3259 1002 3317 incendii
1026 3256 1318 3330 apparebat
1341 3272 1373 3312 a
1399 3256 1577 3327 longe.
1607 3253 1737 3309 Visa
1762 3263 1844 3310 est
1870 3256 1937 3309 ad
1963 3269 2083 3324 par-

506 3368 614 3414 tem
641 3354 937 3413 occidentis
970 3353 1023 3407 in
1062 3352 1192 3406 hora
1247 3350 1421 3404 noctis
1449 3349 1645 3419 prima.
1683 3346 1740 3401 In
1787 3347 1875 3402 die
1903 3353 2080 3401 autem

478 3472 483 3478 -
507 3455 704 3503 saneto
728 3443 953 3500 Pascha:
977 3441 1118 3512 apud
1143 3438 1453 3496 Suessionis
1479 3439 1754 3494 civitatem
1777 3437 1973 3493 coelum
1995 3450 2083 3489 ar-

503 3541 645 3603 dere,
664 3540 837 3596 visum
870 3545 975 3602 est,
1004 3534 1079 3591 ita
1113 3542 1177 3589 ut
1215 3533 1324 3589 duo
1361 3538 1690 3602 apparerent
1723 3528 2003 3594 incendia;
2029 3534 2083 3582 et

505 3648 671 3690 unum
700 3640 822 3687 erat
868 3627 1065 3700 majus,
1104 3624 1250 3682 aliud
1296 3640 1426 3680 vero
1455 3625 1654 3678 minus.
1688 3621 1816 3677 Post
1851 3622 2081 3675 duarum

504 3737 636 3778 vero
668 3722 926 3777 horarum
950 3717 1185 3788 spatium
1217 3714 1501 3784 conjuncta
1542 3720 1671 3766 sunt
1697 3710 1881 3775 simul,
1912 3710 2081 3765 facta-

505 3824 615 3883 que
648 3811 704 3867 in
751 3811 985 3882 phorum
1013 3820 1268 3875 magnum
1303 3810 1662 3858 evanuerunt.
1710 3801 1766 3856 In
1805 3799 2085 3855 Parisiaeo

477 3919 636 3961 .vero
658 3903 891 3961 termino
924 3916 1087 3957 verus
1122 3897 1342 3969 sanguis
1368 3911 1436 3951 es
1467 3893 1608 3950 nube
1633 3894 1874 3957 detluxit,
1901 3901 1956 3946 et
1981 3907 2077 3946 su-

508 4009 606 4066 per
647 3994 969 4050 vestimenta
1022 3988 1315 4045 multorum
1351 3988 1630 4043 hominum
1655 3986 1870 4050 cecidit,
1911 3995 1968 4042 et
2007 3985 2082 4040 ita

511 4094 639 4149 tabe
662 4092 973 4154 maculavit,
1004 4101 1063 4145 ut
1086 4090 1185 4160 ipsi
1216 4088 1434 4158 propria
1458 4087 1770 4142 indumenta
1797 4087 2087 4140 horrentes

508 4184 830 4239 abnuerent.
855 4181 1053 4236 Tribus
1101 4179 1247 4234 enim
1297 4177 1431 4232 locis
1472 4176 1526 4230 in
1575 4176 1809 4231 termino
1848 4174 2086 4229 civitatis

510 4273 659 4329 illius
686 4273 791 4327 hoc
814 4269 1119 4341 prodigium
1147 4267 1414 4338 apparuit.
1441 4265 1498 4320 In
1530 4264 1924 4320 Silvanectensi
1957 4278 2085 4319 vero

511 4361 790 4418 territorio
816 4360 1052 4415 hominis
1082 4356 1364 4425 cujusdam
1402 4353 1613 4431 donius,
1654 4369 1776 4410 cum
1804 4355 1893 4409 ille
1925 4369 2085 4409 mane

507 4462 776 4527 surgeret,
806 4451 1071 4522 sanguine
1105 4463 1349 4519 respersa
1376 4448 1444 4502 ab
1475 4447 1621 4501 intus
1652 4446 1918 4517 apparuit.
1969 4444 2083 4498 Ma-

512 4563 616 4618 gna
643 4554 825 4600 autem
856 4558 922 4598 eo
944 4556 1087 4596 anno
1112 4540 1227 4596 lues
1266 4539 1319 4593 in
1348 4538 1545 4609 populo
1580 4535 1703 4592 fuit.
1738 4536 2087 4592 Valctudiues

512 4652 640 4695 vero
666 4638 852 4701 varias,
884 4635 1114 4699 molinae,
1145 4647 1267 4688 eum
1288 4630 1522 4702 pustulis
1535 4638 1591 4685 et
1614 4629 1826 4694 vesicis,
1859 4628 2085 4683 multum

511 4727 766 4799 poculum
786 4725 1084 4782 aﬂ‘ecerunt
1126 4731 1321 4777 morte.
1350 4720 1500 4775 Multi
1549 4728 1728 4775 tamen
1770 4719 2088 4774 adhibentes

583 4888 695 4960 (ιι)
734 4885 907 4960 liabet
950 4893 1105 4939 vetus
1144 4882 1622 4960 manuscrimbrec
1676 4884 1884 4960 verba:
1935 4882 2087 4938 Hen-

513 4951 653 5013 ricus
675 4951 721 5010 et
756 4954 885 5009 Rob.
916 4971 1060 5024 reges
1086 4953 1155 5006 ad
1192 4951 1417 5007 Charum
1453 4954 1687 5024 fluvium»
1715 4952 2089 5021 colloquuntur

514 5045 653 5083 anno
696 5025 857 5080 1025.
906 5022 1286 5093 Et'Gagninus
1337 5024 1389 5077 in
1424 5023 1548 5093 Vita
1596 5022 1731 5076 Rob.
1772 5024 1852 5077 sic
1881 5024 2084 5093 habet:

516 5096 779 5153 Henricus
804 5091 1179 5164 imperator—et
1223 5091 1350 5147 Rob.
1380 5109 1470 5147 rex
1502 5091 1699 5145 Franr.
1751 5109 1908 5162 super
1950 5092 2087 5146 Cha-

490 5163 884 5239 rnmgﬂuvium'
937 5163 1076 5239 apud
1125 5163 1377 5239 Euasiuut
1428 5172 1777 5239 convenerunt
1827 5164 2087 5239 de_statu

512 5232 787 5299 Ecclesiae,
809 5233 1013 5288 imoerii
1035 5243 1081 5288 et
1105 5233 1250 5288 reani
1272 5232 1617 5287 amicubiliter
1648 5234 1927 5287 tractaturi
1950 5249 2087 5287 anno

518 5308 652 5365 1023

2180 3076 2236 3122 et
2263 3075 2460 3121 nostra:
2487 3065 2891 3121 commoditatis
2919 3077 3102 3117 causa.
3147 3057 3298 3116 Unde
3336 3053 3652 3125 suppliciter
3678 3067 3774 3103 vu-

2180 3157 2266 3212 his
2293 3172 2390 3227 pro
2429 3164 2576 3210 tanta
2618 3169 2746 3225 erga
2787 3168 2873 3208 me
2917 3150 3135 3223 pietatis
3168 3146 3452 3203 aﬂ'cctione
3489 3141 3779 3214 gratulans-

2182 3245 2442 3308 rescribo,
2475 3241 2694 3311 mejam
2724 3241 2814 3297 ditt
2857 3241 3211 3301 inlirmatum,
3252 3231 3629 3305 aegritudinem
3669 3231 3773 3283 hoc

2186 3348 2425 3406 tempore
2450 3335 2686 3390 maxime
2710 3332 2980 3396 revereri,
3021 3330 3239 3401 longum
3268 3327 3372 3380 iter
3400 3321 3623 3394 aggredi
3662 3336 3769 3374 non

2183 3430 2414 3491 audere,
2442 3440 2699 3482 successu
2723 3437 2855 3479 vero
2895 3422 3158 3493 temporis
3199 3412 3634 3488 opportunioris,
3672 3426 3775 3465 att-

2184 3526 2386 3574 nuente
2414 3516 2547 3579 Deo,
2577 3516 2808 3570 libenter
2831 3528 2927 3567 vos
2953 3526 3045 3577 eo,
3076 3510 3193 3565 sive
3223 3508 3357 3563 alias
3384 3505 3775 3561 comitaturum

2183 3622 2324 3674 esse,
2338 3623 2444 3678 qua
2457 3622 2649 3678 aquam
2665 3607 2729 3659 ad
2745 3617 2982 3674 praesens
2998 3603 3043 3658 si
3068 3601 3319 3656 valetudo
3332 3614 3434 3652 non
3453 3597 3765 3656 obsisteret,

2185 3698 2341 3769 longe
2369 3705 2551 3751 tamen
2582 3705 2708 3749 ante
2752 3688 3071 3764 practnoueri
3096 3707 3183 3746 me
3212 3690 3346 3745 tanti
3378 3686 3589 3743 itineris
3609 3699 3770 3756 opor-

2187 3796 2345 3843 teret.
2383 3786 2566 3841 Valete
2595 3785 2847 3840 feliciter.

2441 3896 2777 3954 EPISTOLA
2803 3895 3038 3951 LXXXII
3063 3894 3211 3969 [olim
3241 3887 3486 3963 XLVIII].

2647 4011 2831 4082 (Circa
2877 4025 3079 4065 annum
3122 4008 3347 4075 1025.).

2200 4102 2895 4185 Venerabili[uronens‘ium
2927 4102 3289 4183 archipm’suli
3321 4098 3594 4160 Asnaum,
3628 4095 3771 4150 Fur.-

2257 4191 2462 4230 Isn'rus
2489 4174 2601 4247 (42)
2629 4175 2841 4227 humilis
2870 4174 3161 4243 episcopus,
3182 4186 3385 4241 semper
3431 4183 3585 4238 agere
3641 4182 3768 4236 pru—

2258 4247 2440 4300 denter
2469 4262 2530 4299 ac
2552 4245 2876 4313 simpliciter.

2257 4358 2318 4413 Et
2345 4374 2488 4413 nunc
2515 4357 2732 4426 quidem
2776 4357 2952 4426 gratia
2996 4354 3089 4409 Dei
3131 4354 3213 4410 sic
3259 4353 3438 4426 agitis,
3482 4366 3605 4407 cum
3634 4348 3764 4404 licet

2187 4468 2295 4508 non
2342 4450 2634 4508 inconsulti
2698 4453 2922 4505 fratrum
2993 4460 3171 4505 tamen
3236 4447 3459 4505 Consilia
3511 4445 3761 4515 captatis.

2188 4546 2594 4617 Respondemus
2642 4544 2825 4615 itaque
2854 4543 3026 4609 vobis,
3058 4544 3184 4612 quia
3213 4543 3255 4597 si
3280 4540 3499 4611 pallium
3531 4540 3771 4607 requisi-

2188 4638 2287 4692 stis
2320 4652 2351 4692 a
2382 4636 2626 4691 Romano
2686 4634 2970 4705 ponti-tice,
3018 4643 3075 4688 et
3123 4634 3241 4702 ipse
3268 4631 3421 4686 vobis
3467 4630 3597 4684 illud
3646 4629 3765 4683 sine

2188 4743 2353 4784 causa
2378 4727 2615 4799 legitima
2646 4724 2949 4795 (tellegavit,
2994 4734 3214 4794 propter
3243 4724 3343 4776 hoc
3383 4736 3487 4775 non
3518 4727 3605 4774 est
3630 4733 3767 4789 opus

2189 4903 2220 4943 a
2248 4886 2510 4942 Lothario
2534 4886 2708 4949 card.,
2748 4884 2838 4954 qui
2879 4893 3062 4955 postea
3101 4880 3418 4955 luit__ltutoc.
3451 4877 3537 4955 III,
3572 4877 3624 4931 in
3664 4875 3759 4930 lib.

2189 4958 2265 5013 De
2297 4956 2470 5012 ollicio
2492 4958 2692 5021 missae,
2719 4951 2818 5009 hoc
2862 4951 3020 5008 modo
3051 4969 3065 5006 :
3107 4951 3336 5005 Pallium
3365 4951 3504 5021 istud
3526 4963 3629 5019 quo
3652 4963 3767 4999 ma-

2180 5028 2325 5096 jores
2357 5027 2581 5095 episcopi
2609 5018 2867 5096 utuntur,
2902 5034 2986 5096 est
3007 5024 3070 5076 de
3107 5023 3333 5096 candida
3380 5018 3505 5071 lana
3542 5018 3766 5096 contra:-

2189 5088 2321 5160 tum,
2350 5088 2571 5164 desuper
2593 5095 2793 5164 habens
2824 5091 3075 5146 circulum
3110 5094 3357 5164 humeros
3402 5088 3767 5155 constringen-

2189 5178 2290 5222 tem
2302 5208 2315 5229 ,
2327 5177 2373 5220 et
2398 5163 2528 5219 duas
2551 5165 2716 5218 lineas
2741 5163 2805 5216 ab
2829 5174 3047 5232 utraque
3058 5172 3207 5232 parte
3219 5163 3524 5232 pendentes,
3538 5170 3770 5232 quatuor

2189 5226 2366 5290 cruces
2396 5250 2709 5304 purpureas,
2739 5241 2880 5304 ante,
2928 5226 3147 5304 retro,‘a
3192 5230 3410 5304 dextris,
3438 5244 3473 5279 α
3511 5226 3765 5304 sinistris,

2187 5308 2277 5360 sed
2305 5324 2337 5361 a
2370 5292 2594 5359 sinistris
2625 5292 2817 5374 duplex
2856 5292 2955 5365 est,
2981 5311 3028 5355 et
3058 5292 3277 5370 simplex
3309 5319 3340 5353 a
3375 5298 3593 5352 dextris.
3639 5292 3768 5349 Tres
