4018 6384
280 375 406 436 585

1720 377 2102 437 EPISTOLE.

3457 385 3565 443 ιω

285 493 362 545 ait
394 490 770 561 Hieronymus,
803 495 1123 557 potestatem
1157 487 1315 543 habet
1343 497 1655 557 peccantem
1695 505 1880 544 moua-
1909 500 1953 554 Α
1987 497 2201 564 timere,
2255 509 2474 554 sanctos
2533 500 2821 564 honorare,
2893 499 3190 555 Ecclesia“;
3249 499 3562 568 defendo",

284 583 452 636 chum
497 579 712 634 tradere
760 580 976 633 Satanae
1015 577 1070 632 in
1103 577 1379 632 interitum
1422 577 1621 633 carnis.
1671 577 1778 633 Sed
1816 593 1883 634 ne

285 685 453 741 parva
488 671 812 724 auctoritate
844 668 1014 724 fretus
1057 670 1174 724 haec
1218 669 1403 725 dicere
1450 670 1658 736 videar,
1693 678 1881 726 testem

283 761 423 814 mihi
447 759 622 831 allego
651 775 901 830 magnam
939 760 1202 831 synodum
1231 760 1722 817 Chalcedonensem
1752 761 1884 816 duo-

281 849 580 920 detriginta
625 850 1004 919 episcoporqu
1048 850 1148 904 sub
1195 864 1331 920 papa
1375 849 1553 904 Leone
1597 851 1698 906 sub
1744 850 1886 904 Mar-

281 943 439 994 tiano
483 941 726 1010 principe
753 940 1116 1005 celebratam,
1165 941 1220 996 in
1267 956 1373 1010 qua
1413 941 1685 1013 Eutyches
1720 941 1885 996 abbas

279 1032 924 1101 Constantinopolitanus
949 1031 1342 1088 condemnatus
1370 1041 1474 1088 est.
1507 1033 1562 1087 In
1591 1048 1695 1102 qua
1719 1033 1882 1088 etiam

280 1121 355 1174 de
379 1123 706 1191 supradictis
729 1123 911 1178 causis
932 1123 1200 1178 sancitum
1223 1131 1309 1178 est
1334 1141 1348 1178 :
1381 1122 1587 1177 Placuit
1611 1123 1882 1178 neminem

279 1219 387 1265 aut
427 1207 733 1278 aedificare,
785 1219 881 1267 aut
924 1213 1257 1267 constituere
1303 1213 1616 1267 monasterii
1664 1213 1884 1268 domum

279 1302 410 1358 sine
446 1303 778 1358 conscientia
825 1303 996 1374 ipsius
1031 1304 1268 1358 civitatis
1315 1303 1590 1372 episcopi:
1622 1319 1716 1358 eos
1755 1319 1886 1358 vero

281 1393 386 1460 qui
419 1407 517 1461 per
539 1392 781 1464 singulas
803 1391 1054 1448 civitates
1082 1409 1176 1448 seu
1212 1393 1584 1462 possessiones
1613 1394 1666 1447 in
1700 1408 1886 1448 mona-

284 1483 485 1539 steriis
511 1493 656 1550 sunt,
685 1484 957 1555 subjectos
981 1499 1104 1539 esse
1124 1485 1321 1540 debere
1349 1469 1622 1553 episcopo,
1645 1493 1698 1540 et
1718 1485 1884 1553 quieti

277 1587 516 1643 operam
546 1573 695 1640 dare,
745 1586 911 1644 atque
957 1574 1250 1628 observare
1274 1571 1478 1642 jejunia
1519 1583 1575 1628 et
1614 1575 1888 1629 orationes

280 1665 343 1718 in
375 1663 508 1719 locis
533 1663 585 1719 in
612 1665 809 1735 quibus
840 1666 1008 1720 semel
1056 1667 1166 1721 Deo
1207 1681 1267 1721 se
1308 1667 1642 1721 devoverant
1673 1681 1888 1736 perma-

281 1763 522 1810 nentes:
557 1764 614 1810 et
661 1771 835 1826 neque
868 1757 1277 1812 comnmnicare
1299 1797 1314 1822 .
1345 1757 1744 1812 ecclesiasticas
1789 1775 1888 1812 sa:-

279 1843 508 1900 cnlares
536 1845 746 1917 aliquas
770 1855 1064 1902 attrectare
1087 1847 1348 1912 actiones,
1375 1846 1743 1918 relinquentes
1763 1864 1888 1919 pro-
1919 1845 1962 1904 Β

279 1938 410 2009 pria
439 1939 794 2006 monasteria,
827 1941 928 1995 nisi
964 1940 1103 1996 forte
1123 1941 1420 2012 jnbeantur
1447 1949 1668 2012 propter
1691 1957 1889 2012 urgen-

281 2039 376 2085 tes
408 2033 761 2088 necessitates
797 2033 866 2088 ab
904 2034 1072 2103 ipsius
1097 2035 1338 2089 civitatis
1363 2035 1637 2104 episcopo.
1670 2034 1802 2090 Item
1835 2035 1885 2089 in

280 2121 521 2175 eadem:
556 2118 816 2178 Juhemus
847 2123 1197 2178 monasteriis
1235 2133 1329 2178 aut
1364 2125 1640 2195 martyriis
1680 2125 1886 2179 consti-

282 2213 448 2273 tutis,
481 2221 540 2267 ut
594 2213 646 2267 in
679 2223 944 2283 potestate
991 2214 1098 2269 sint
1145 2215 1264 2286 ejus
1304 2216 1400 2286 qui
1446 2217 1499 2271 in
1531 2232 1592 2272 ea
1638 2226 1722 2271 est
1750 2216 1886 2271 civi-

283 2314 408 2360 tate
470 2305 757 2376 episcopus
806 2308 1100 2362 secumlum
1164 2309 1510 2365 traditionem
1573 2319 1886 2366 sanctorum

283 2394 536 2459 Patrum,
565 2411 632 2450 ne
663 2411 759 2466 per
789 2399 1264 2467 prtesumptionem
1295 2401 1552 2455 recedant
1585 2416 1615 2454 a
1653 2415 1752 2455 suo
1779 2400 1865 2470 epi

289 2497 485 2554 scopo.
519 2485 623 2540 Eos
652 2501 782 2541 vero
823 2487 912 2556 qui
959 2488 1072 2542 ausi
1121 2488 1321 2544 fuerint
1360 2491 1673 2547 rescindere
1707 2489 1866 2558 hujus

289 2576 443 2630 modi
475 2576 894 2645 institutionem,
925 2595 1247 2651 quocunque
1285 2582 1472 2645 modo,
1521 2582 1602 2638 vel
1630 2581 1672 2638 si
1708 2582 1892 2638 nolue-

286 2667 407 2722 rint
447 2668 727 2738 suhjacere
765 2673 985 2742 proprio
1027 2673 1319 2742 episcopo:
1363 2674 1407 2729 si
1437 2673 1654 2742 quidem
1692 2673 1892 2729 fuerint

285 2757 480 2814 clerici
531 2775 884 2828 personarum
934 2761 1280 2816 ordinatione
1334 2761 1647 2831 subjaceant
1691 2765 1892 2820 conde-

292 2851 662 2905 tunationihus
714 2867 1022 2907 canonum:
1072 2853 1116 2908 si
1167 2868 1294 2907 vero
1344 2853 1465 2908 laici
1515 2853 1596 2908 vel
1641 2855 1892 2910 monachi

291 2942 518 3005 fuerint,
551 2946 932 2999 communione
961 2945 1262 3014 priventur.
1303 2946 1552 3002 Poteram
1591 2946 1694 3000 alia
1724 2947 1890 3002 nmlta

291 3039 364 3093 de
392 3037 600 3107 legibus
637 3039 836 3094 divinis
881 3038 1006 3094 huic
1055 3040 1251 3095 rationi
1304 3040 1644 3095 firmamenta
1694 3041 1894 3095 subne-

290 3140 465 3189 ctere,
505 3129 598 3182 sed
646 3129 866 3184 brevem
897 3145 985 3185 me
1030 3131 1270 3187 scribere
1313 3132 1556 3186 memini.
1598 3132 1697 3197 Et,
1731 3140 1788 3186 ut
1817 3132 1894 3186 ait

293 3221 550 3285 Isidorus,
586 3221 728 3276 sicut
754 3222 910 3276 militi
943 3222 1032 3276 illa
1060 3238 1211 3276 arma
1241 3221 1540 3288 sufﬁciunt,
1586 3239 1708 3294 qua:
1749 3222 1894 3278 ferre

294 3311 364 3364 ad
404 3320 614 3380 tempus
641 3321 1006 3382 congruenter
1049 3322 1257 3383 potest,
1289 3313 1368 3369 sic
1405 3313 1559 3368 nobis
1597 3314 1664 3369 de
1707 3313 1894 3370 multis

297 3406 584 3460 sententiis
610 3421 815 3476 panem,
848 3416 1010 3477 prout
1040 3417 1252 3476 tempus
1273 3407 1536 3477 exegerit.
1563 3407 1715 3463 Nunc
1741 3407 1894 3462 vobis

295 3497 623 3552 charitative
647 3498 770 3552 volo
798 3501 1028 3554 suadere
1067 3507 1124 3552 nt
1169 3514 1304 3554 sano
1349 3499 1578 3554 consilio
1608 3498 1894 3569 praebeatis

293 3605 610 3656 assensum;
649 3591 713 3645 ad
741 3590 1136 3658 subjectionem
1169 3591 1408 3662 epise0pi
1438 3590 1603 3648 vestri
1633 3591 1895 3662 simplici-

297 3694 384 3736 ter
415 3682 672 3738 redeatis.
709 3684 780 3738 De
815 3684 1093 3753 praeterita
1127 3683 1286 3753 culpa
1319 3684 1609 3753 requiratis
1646 3685 1890 3752 veniam;

294 3773 366 3828 de
391 3771 573 3827 futura
603 3773 896 3828 assumatis
922 3773 1210 3838 cautelam,
1257 3783 1318 3828 ut
1357 3782 1413 3828 et
1440 3772 1590 3828 vobis
1619 3773 1711 3828 fiat
1737 3773 1894 3843 quies

296 3864 365 3919 de
388 3863 717 3926 obedientia.
749 3874 803 3919 et
829 3865 986 3920 nobis
1015 3867 1080 3920 de
1109 3873 1285 3920 vestra
1310 3865 1494 3936 quiete
1521 3864 1726 3920 laetitia.
1747 3865 1895 3922 Alio-

296 3955 427 4025 quin
454 3971 552 4026 pro
579 3966 729 4011 certo
759 3957 945 4013 sciatis
983 3957 1108 4027 quia
1153 3957 1232 4023 si,
1271 3959 1415 4028 quod
1458 3958 1635 4015 absit!
1681 3959 1734 4014 in
1763 3975 1896 4018 con-

297 4047 534 4101 tumacia
565 4057 754 4102 contra
801 4049 947 4103 illum
992 4049 1305 4104 manseritis
1329 4091 1344 4114 ,
1396 4050 1449 4104 in
1486 4050 1737 4121 proximo
1764 4065 1895 4106 con-

296 4147 461 4190 ventu
525 4136 901 4208 episcoporum
966 4153 1130 4208 grave
1185 4138 1530 4210 dispendium
1579 4139 1889 4196 incurretis.

300 4225 512 4281 valem'
620 4295 956 4354 EPISTOLA
988 4297 1124 4354 xcu
1156 4298 1328 4372 [olim.
1353 4299 1538 4375 xcu].

828 4461 838 4470 .
899 4389 1077 4461 (Anno
1111 4389 1294 4462 109.5)
1352 4461 1354 4464 ν

294 4480 431 4550 Regi
460 4486 734 4546 sacerdos,
776 4481 990 4536 domino
1017 4483 1215 4552 ﬁdelis,
1258 4483 1519 4556 Romam
1547 4485 1889 4542 FULBEB‘I‘US.

1985 593 2284 648 contemnis
2315 593 2481 648 Deum
2505 633 2520 658 ,
2561 603 2783 648 sanctos
2814 593 3141 660 inhonorus,
3186 609 3274 648 res
3311 594 3567 651 Ecclesia

1987 681 2200 737 invadis
2249 693 2303 737 et
2348 683 2571 738 aufers:
2613 683 2939 753 periclitari,
2977 684 3230 754 quoniam
3288 685 3380 755 qui
3439 686 3565 740 talia

1986 783 2174 844 agunt,
2206 791 2310 830 non
2337 775 2540 829 habent
2559 784 2769 845 partem
2801 776 2852 829 in
2876 791 3041 845 regno
3059 774 3174 829 Dei.
3203 774 3430 845 Propter
3451 777 3566 830 luce

1987 850 2207 933 peccata
2253 865 2464 920 monuit
2510 866 2948 934 archiepiscopus
2991 865 3324 920 Turonensis
3377 880 3569 920 omnes

1986 959 2270 1029 episcopos
2301 968 2539 1023 nostros,
2573 970 2628 1013 et
2662 959 2805 1013 inter
2835 958 2971 1013 alios
2999 975 3084 1014 me
3110 959 3387 1028 pusillum,
3416 969 3476 1014 ut
3516 969 3570 1014 te

1987 1049 2601 1103 excommunicaremus.
2628 1049 2732 1103 Sed
2750 1063 2849 1119 ego
2875 1048 3060 1104 censui
3087 1048 3232 1119 piunt
3259 1062 3405 1111 esse,
3433 1055 3492 1100 ut
3519 1055 3574 1101 te

1988 1141 2139 1209 prius
2171 1155 2446 1194 monerem
2489 1159 2503 1194 :
2533 1149 2588 1195 et
2614 1141 2900 1210 deprecor,
2929 1149 2987 1195 ut
3024 1139 3226 1195 habeas
3257 1139 3571 1195 misericor-

1987 1233 2132 1285 diam
2159 1236 2224 1287 de
2258 1231 2439 1287 anima
2472 1241 2584 1297 tua,
2612 1233 2835 1302 plaeans
2865 1233 3052 1287 Deum.
3082 1231 3200 1288 Jam
3234 1233 3375 1286 enim
3407 1245 3574 1302 prope

1987 1333 2070 1379 est
2105 1334 2228 1379 tuus
2276 1324 2418 1380 finis.
2469 1325 2688 1380 Festina
2736 1325 2920 1396 igitur,
2977 1341 3195 1396 qumso,
3234 1324 3572 1380 reconciliari

1987 1418 2206 1476 Christo
2238 1417 2507 1473 Salvatori
2539 1428 2756 1484 nostro;
2785 1419 2910 1488 quia
2940 1435 3047 1474 non
3082 1427 3168 1474 est
3190 1419 3338 1474 salus
3366 1416 3573 1473 homini

1990 1513 2091 1568 nisi
2116 1528 2210 1582 per
2235 1511 2430 1582 ipsum.
2459 1512 2608 1567 Tene
2643 1512 2696 1566 in
2745 1512 3004 1567 memoria
3031 1512 3254 1567 verbum
3283 1511 3387 1567 hoc
3416 1529 3429 1566 :
3471 1510 3575 1576 Qui

1989 1606 2293 1662 confitendo
2323 1614 2379 1660 et
2409 1606 2724 1676 paenitendo
2765 1606 2926 1660 finem
2978 1603 3110 1660 facit
3153 1603 3392 1674 pet-catis
3438 1603 3573 1666 suis.

1991 1709 2279 1768 antequam
2317 1698 2602 1763 moriatur,
2634 1698 2793 1752 finem
2829 1696 3046 1752 habebit
3093 1696 3147 1750 in
3176 1696 3346 1751 altero
3373 1693 3576 1750 satequ

1992 1805 2150 1860 paena
2179 1788 2382 1859 ipsius;
2415 1798 2471 1844 et
2497 1789 2588 1859 qui
2622 1787 2861 1859 peccatis
2897 1787 3219 1842 mortalibus
3261 1783 3578 1855 pmnitendo

1991 1897 2097 1936 non
2132 1881 2263 1936 facit
2289 1881 2474 1945 linem,
2503 1895 2662 1951 ptena
2707 1879 2874 1950 ipsius
2902 1877 3140 1934 eritsine
3189 1877 3313 1932 line.
3373 1873 3576 1947 Evigiia

1991 1973 2156 2044 igitur
2182 1982 2407 2043 propter
2456 1972 2821 2040 temetipsum,
2852 1971 2996 2026 sicut
3044 1971 3206 2024 homo
3249 1968 3302 2024 in
3331 1968 3580 2039 proximo

1992 2064 2289 2119 moriturus
2339 2080 2354 2118 :
2405 2073 2460 2119 et
2513 2062 2865 2118 reconciliare
2921 2061 3167 2124 Christo,
3213 2076 3280 2116 ne
3321 2059 3575 2115 moriaris

1991 2155 2282 2224 apostolica
2334 2154 2660 2209 auctoritate
2706 2153 3020 2208 damnatus.
3057 2150 3180 2207 Vale
3210 2160 3268 2206 et
3319 2149 3576 2206 remanda

1994 2245 2124 2300 mihi
2152 2245 2416 2300 velociter
2441 2252 2604 2314 atque
2635 2245 2904 2300 veraciter
2931 2242 3267 2299 voluntatem
3303 2252 3472 2297 tuam.

2364 2355 2698 2413 EPISTOLA
2741 2356 2877 2413 XCV
2913 2356 3062 2431 [olim
3091 2355 3155 2428 C]

2517 2448 2696 2521 (Circa
2721 2467 2813 2504 an.
2847 2451 3029 2504 eumd.

1995 2544 2317 2599 Fursenrus
2349 2541 2446 2596 Dei
2473 2542 2644 2611 gratia
2672 2539 3078 2598 Carnotensium
3106 2542 3377 2612 episcopus
3405 2540 3584 2596 comiti

2307 2613 2538 2668 FULCONI
2571 2615 3026 2667 commonitorium
3053 2613 3261 2667 salutis.

2067 2704 2198 2758 Tan.
2233 2704 2507 2759 horrendo
2553 2702 2798 2758 facinore
2827 2703 3170 2773 praesentiam
3197 2701 3401 2757 domini
3437 2701 3583 2770 regis

2019 2796 2071 2850 ni
2104 2795 2498 2851 dedecoravere
2520 2793 2802 2858 satellites,
2833 2804 2891 2849 ut
2914 2793 3173 2849 mundani
3203 2791 3415 2863 judices
3442 2807 3587 2848 asse-

1996 2894 2118 2939 rant
2166 2883 2399 2954 capitale
2446 2892 2499 2940 te
2546 2899 2766 2956 quoque
2825 2899 2977 2940 reum
3029 2881 3352 2952 majestatis,
3379 2883 3474 2953 qui
3504 2883 3585 2939 eis
3665 2910 3670 2915 ·

1995 2985 2181 3048 postea
2235 2976 2597 3047 patrocinium
2627 2984 2775 3030 tuum
2816 2984 2873 3030 et
2917 2973 3253 3045 receptacula
3287 2975 3582 3046 praebuisti.

1996 3070 2230 3126 Proinde
2278 3071 2578 3141 rogabatur
2629 3087 2662 3133 a
2705 3069 2912 3135 multis,
2942 3079 3002 3126 ut
3050 3070 3137 3125 die
3186 3085 3344 3125 sacro
3389 3069 3586 3126 Pente-

1997 3173 2197 3226 costes,
2229 3174 2284 3216 et
2311 3171 2364 3217 te
2403 3171 2460 3218 et
2505 3161 2628 3220 illos
2661 3162 3281 3220 esconununiearemus.
3329 3161 3438 3217 Sed
3486 3177 3586 3218 nos

2001 3264 2104 3308 tua:
2156 3254 2502 3323 providentes
2540 3255 2745 3322 saluti,
2789 3255 3458 3326 triumhebdomadarum
3515 3256 3585 3310 ab

1998 3348 2113 3417 ipso
2145 3348 2234 3403 die
2263 3349 2556 3420 petivimus
2587 3350 2858 3416 inducias,
2901 3358 2963 3406 ut
2990 3351 3186 3407 litteris
3218 3359 3270 3406 te
3292 3349 3585 3407 convenire

1995 3458 2300 3515 possemus.
2339 3443 2526 3499 Talem
2559 3445 2724 3500 etiam
2763 3461 2791 3498 a
2839 3460 2969 3515 rege
2991 3445 3352 3511 conditionem
3407 3444 3581 3514 impc-

1995 3536 2280 3615 travimus,
2313 3536 2356 3590 si
2390 3537 2604 3592 veneris
2625 3538 2676 3591 in
2702 3535 2990 3604 judicium,
3019 3547 3078 3590 ut
3103 3554 3207 3596 non
3230 3551 3394 3607 super
3418 3536 3579 3596 vitas.

1985 3625 2085 3679 aut
2127 3643 2291 3697 super
2331 3629 2593 3692 tnembra,
2651 3625 2745 3683 sed
2777 3643 2939 3698 super
2990 3626 3276 3690 facultates
3323 3626 3456 3681 ultio
3501 3640 3585 3680 re-

1994 3717 2258 3773 ﬂectatur.
2310 3719 2459 3775 Unde
2494 3730 2544 3774 te
2577 3734 3024 3784 commonemus,
3053 3727 3111 3780 ut
3157 3727 3282 3772 ante
3333 3717 3584 3786 prazscri-

1994 3823 2144 3882 ptum
2178 3814 2465 3867 terminum
2499 3821 2753 3867 auctores
2785 3812 2924 3876 tanti,
2963 3811 3184 3876 sceleris
3224 3809 3397 3864 autin
3438 3804 3585 3878 judi-

1996 3905 2138 3960 cium
2175 3906 2439 3969 adducas,
2463 3914 2557 3969 aut
2579 3913 2800 3975 propter
2828 3906 3091 3960 honorem
3124 3902 3266 3975 regis
3292 3901 3576 3973 repudies:

1996 3995 2344 4074 temetipsum
2373 3995 2586 4060 deinde,
2621 3979 2763 4051 sicut
2787 4011 2884 4077 per
2912 3995 3163 4060 abbatem
3203 3993 3376 4049 sancti
3405 3989 3586 4046 Albini

1997 4089 2315 4158 promisisti,
2355 4104 2667 4169 expurges,
2703 4099 2755 4145 et
2799 4089 2990 4152 humili
3030 4086 3404 4144 satisfactione
3440 4082 3586 4155 regis

1997 4179 2238 4240 animum
2276 4179 2480 4251 places.
2511 4179 2666 4248 Quod
2693 4180 2743 4245 si
2772 4195 2896 4236 reos
2921 4181 3068 4251 ipsos
3092 4194 3192 4234 nec
3227 4174 3586 4246 adjustitiam

1995 4271 2215 4338 ducere,
2234 4287 2335 4328 nec
2383 4282 2606 4344 propter
2630 4272 2902 4329 seniorem
2945 4283 3094 4328 tuum
3148 4271 3431 4343 repudium
3483 4282 3582 4322 vo-

1997 4364 2187 4431 lueris,
2234 4364 2606 4430 Christianam
2647 4367 3085 4423 communionem
3136 4364 3416 4420 nobiseum
3445 4359 3586 4416 ulte-

1998 4457 2113 4512 rius
2137 4472 2243 4516 non
2269 4456 2513 4514 habebis.
2549 4457 2722 4529 Vigila
2751 4445 2882 4529 ergo
2904 4459 3047 4513 sicut
3073 4470 3172 4527 pro
3197 4454 3499 4523 temetipso,
3528 4459 3586 4506 et

377 4545 446 4625 in
477 4571 632 4626 vobis
671 4572 918 4643 prmium
957 4545 1211 4643 Sa'bbam'
1241 4575 1475 4632 Turonis
1508 4553 1888 4645 'occurrerem'
1926 4545 1969 4603 Ι)
1997 4550 2126 4618 quid
2156 4549 2579 4645 haheasuanimi.
2623 4552 2744 4645 cito
2787 4547 3252 4645 mihiuren‘tanda.
3308 4545 3581 4617 Optimam

292 4663 425 4733 quia
441 4677 566 4718 sero
591 4664 1062 4720 commonitorium
1097 4666 1304 4736 accepi,
1337 4683 1444 4723 non
1473 4667 1650 4738 parui.
1685 4665 1744 4722 Si
1771 4681 1892 4737 qua:

292 4755 418 4810 alia:
467 4770 646 4810 causa:
681 4765 809 4811 sunt
856 4765 1110 4813 tacentur
1142 4758 1210 4813 ad
1246 4775 1508 4830 praesens,
1547 4758 1674 4829 quia
1711 4757 1892 4814 minus

295 4861 396 4899 vos
453 4845 629 4900 tacita:
677 4861 838 4916 quam
892 4848 1151 4918 expositae
1189 4848 1414 4905 lazdunt.
1459 4847 1589 4904 Vale
1643 4863 1786 4904 nunc
1835 4857 1892 4904 et

221 4975 224 4977 λ
293 4952 522 5007 semper

620 5007 952 5064 EPISTULA
992 5008 1149 5064 xcnt
1192 5010 1340 5082 [olim
1379 5009 1588 5084 xcvq.

785 5099 964 5167 (Circa
995 5114 1196 5156 annum
1230 5098 1414 5171 1025.)

376 5189 577 5246 Οάοιιὶσ
605 5192 808 5246 comitis
835 5192 903 5246 ad
943 5191 1222 5250 Robertum
1254 5191 1589 5246 Francorum
1627 5209 1817 5266 regem.

648 5282 807 5355 (Vide
837 5283 974 5338 infra
1006 5284 1060 5336 in
1090 5282 1350 5342 Rom-mro
1379 5284 1551 5355 rege.)

622 5373 957 5430 EPISTOLA
992 5373 1151 5430 XCIV
1185 5374 1332 5448 [olim
1359 5375 1568 5448 XCIX].

794 5465 970 5534 (Circa
1000 5480 1199 5520 annum
1225 5465 1409 5535 lOQ3.)

297 5555 625 5613 FULBEBTUS
645 5556 1052 5642 Carnolensium
1081 5559 1292 5681 lupuilis
1325 5560 1620 5629 episcOpus,
1648 5557 1886 5614 FULCONI

875 5646 1050 5681 εοιιιιιι
1073 5648 1130 5681 δα
1159 5641 1317 5681 ulem.

875 5641 1050 5683 σοιιιιιι
1073 5641 1317 5684 salutem.

379 5720 542 5774 Doleo
573 5735 736 5790 super
767 5729 837 5784 te,
867 5720 1063 5775 nobilis
1087 5723 1268 5784 homo,
1300 5736 1422 5776 eum
1451 5729 1504 5773 te
1530 5719 1688 5774 audio
1705 5734 1888 5775 errare

304 5822 357 5867 et
395 5812 711 5884 periclitari.
739 5812 939 5869 Errare
971 5814 1110 5880 dico,
1144 5814 1285 5884 quod
1317 5829 1440 5871 cum
1471 5811 1670 5868 debeas
1715 5813 1882 5870 Deum

1994 4651 2204 4712 partem
2235 4643 2446 4698 consilii
2474 4644 2565 4700 det
2596 4644 2697 4702 tibi.
2722 4645 2862 4699 Deus
2886 4643 3103 4716 eligere.

2367 4753 2705 4811 EPISTOLA
2739 4753 2901 4809 xcvr
2929 4753 3078 4826 [olim
3110 4752 3224 4826 x1].

2482 4847 2657 4914 (Circa
2687 4862 2886 4901 annum
2919 4845 3102 4916 1026.)

2007 4931 2309 4989 Venerando
2341 4935 2669 4994 Parisiorum
2695 4937 2918 4996 antistiti
2943 4921 3242 5000 Fusucout,
3264 4934 3583 4991 Fumant):

2069 5006 2162 5059 Dei
2182 5007 2358 5078 gratia
2381 5007 2715 5066 Curuotensi;
2735 5007 3200 5078 episcopus,totius
3220 5006 3581 5076 prosperitatis

2062 5094 2269 5132 munus.

2062 5168 2476 5236 Laudunensem
2513 5170 2656 5226 illam
2696 5171 3043 5243 sacrilegam,
3074 5185 3162 5226 res
3202 5167 3459 5225 Ecclesia
3485 5181 3582 5222 ve-

1992 5271 2119 5320 strae
2162 5263 2526 5334 diripientem,
2574 5275 2795 5335 propter
2825 5265 2924 5321 has
2967 5280 3158 5320 causas
3199 5263 3576 5319 excommuni-

1991 5370 2116 5410 care
2140 5356 2445 5412 distulimus
2470 5377 2481 5411 :
2510 5356 2707 5419 Primo,
2737 5357 2863 5427 quia
2886 5356 3054 5411 defuit
3075 5357 3164 5426 qui
3189 5355 3288 5427 ipsi
3312 5353 3457 5411 ferre
3481 5368 3578 5409 au-

1991 5447 2144 5502 deret
2169 5456 2410 5502 nostram
2435 5447 3072 5503 excomnmnicationem.
3101 5449 3304 5503 Deinde
3326 5447 3453 5519 quia
3486 5463 3576 5515 pa-

1991 5553 2108 5592 rum
2131 5537 2285 5592 vobis
2305 5547 2396 5591 aut
2417 5538 2548 5592 nihil
2571 5537 2819 5593 fortassis
2842 5540 3140 5610 prodesset,
3156 5541 3200 5594 si
3223 5541 3308 5594 illa
3328 5540 3579 5597 nesciens

1989 5629 2611 5684 cxcomtnunicaretm'in
2632 5629 2866 5684 Ecclesia
2890 5644 3094 5685 nostra.
3109 5631 3315 5697 Tertio,
3340 5631 3462 5702 quia
3479 5646 3578 5684 ex-

1989 5722 2352 5792 spectavimus
2369 5730 2425 5776 ut
2450 5723 2502 5776 in
2527 5733 2794 5778 conventu
2820 5733 3127 5780 nostrorum
3149 5722 3580 5794 comprovincia-

1991 5814 2121 5870 lium
2147 5816 2524 5885 episcoporum
2561 5813 2746 5872 utilius
2771 5814 2874 5871 hoc
2910 5814 3081 5872 ﬂeret.
3109 5814 3261 5882 Quod
3285 5812 3447 5870 etiam
3477 5809 3576 5865 ad-
