4018 6382
500 359 609 415 υτ

1474 358 1530 413 8.
1574 360 1912 416 ιιύωιέιιτι
1953 360 2429 416 CARNUTENSlS
2468 363 2781 419 El'lSL’OPl

3659 367 3787 425 253

504 478 609 531 huc
636 475 992 546 spectandum
1025 470 1179 535 vsliis
1203 472 1433 537 videtur,
1466 472 1512 527 si
1545 472 1710 526 animi
1744 472 1909 526 vestri
1939 486 2085 526 sere-
2112 481 2160 538 Α
2187 471 2548 529 commotione
2593 474 2939 543 contingunt.
2975 470 3124 528 Unde
3172 486 3272 527 nos
3295 486 3510 543 quoque
3539 473 3781 532 invicem

500 569 648 624 nitas
690 566 1025 636 acquiescat.
1082 564 1158 621 De
1200 561 1444 620 Lisiardo
1481 572 1664 618 autem
1703 563 2089 619 arebidiacono
2183 564 2339 618 nobis
2364 564 2586 633 rependi
2628 563 2991 635 postulantes,
3017 562 3142 632 agili
3174 577 3351 632 penna
3373 565 3785 625 exhortationis

497 667 703 722 vestro,
718 673 878 729 quem
907 656 1208 726 scripsistis
1236 656 1291 710 in
1319 670 1413 709 vos
1437 653 1725 725 superbum
1744 668 1809 707 ac
1831 653 2081 708 rebellem

497 762 644 815 esse,
667 764 773 804 non
795 762 933 817 opus
951 758 1035 803 est
1060 764 1157 802 nos
1182 747 1486 811 consulere,
1502 762 1623 801 cuin
1651 745 1854 815 optime
1875 745 2085 800 noverit

498 840 785 910 prudentia
807 849 985 894 vestra
1007 840 1138 909 quid
1149 840 1215 895 de
1230 837 1536 908 huiusmodi
1564 837 1646 892 lex
1663 837 1840 893 divina
1860 838 2075 901 sentiat,

498 947 672 1000 neque
702 948 801 987 “05
846 941 1095 1002 OWHBM
1135 949 1460 1004 quemquam
1488 933 1792 995 absentem,
1825 942 1882 987 υἱ
1916 946 2086 987 causa

498 1024 820 1088 indiscussa,
842 1024 1106 1092 iudicare.
1136 1023 1396 1080 Volumus
1418 1032 1598 1079 autem
1646 1039 1743 1078 vos
1766 1023 1909 1078 scire
1935 1024 2078 1092 quod

497 1117 773 1171 Aileolilus
795 1126 980 1171 noster
1005 1118 1073 1172 de
1100 1116 1419 1186 Novigcnto,
1443 1117 1528 1173 cui
1565 1115 1927 1172 anatlieiiiatis
1951 1129 2077 1170 seu-

498 1209 722 1264 teiitiain
773 1210 1072 1275 intentatis,
1110 1219 1335 1279 prepier
1370 1208 1648 1279 querelam
1683 1223 1846 1278 quam
1876 1209 2078 1264 habent

491 1307 685 1354 contra
706 1313 829 1354 eum
853 1300 1097 1355 monachi
1121 1300 1292 1355 sancti
1319 1300 1575 1371 Dionysii,
1591 1300 1721 1355 dicit
1742 1314 1800 1356 se
1827 1309 2075 1370 paratum

492 1406 618 1446 esse
628 1391 1104 1460 adiustiﬁcaiidinn
1121 1393 1173 1447 in
1187 1392 1459 1448 aiiilientia
1475 1401 1677 1457 vestra,
1690 1401 1853 1460 atque
1864 1400 2072 1448 nostra.

499 1478 735 1536 Proinde
757 1480 804 1535 si
836 1481 980 1536 litem
1006 1482 1147 1538 hanc
1169 1484 1285 1538 cito
1302 1482 1558 1552 iustoque
1586 1480 1692 1535 line
1714 1480 2076 1537 determiiiare

493 1566 677 1637 vultis,
707 1573 1021 1629 constituite
1046 1573 1211 1638 diem,
1240 1589 1348 1642 quo
1373 1573 1526 1628 vobis
1556 1580 1611 1627 et
1645 1572 1925 1629 monachis
1948 1589 2075 1627 san-

491 1663 566 1719 cti
596 1662 837 1735 Dionysii
868 1664 1007 1733 apud
1038 1673 1286 1721 sanctum
1315 1663 1653 1733 Ariiulphum
1670 1678 1961 1719 occurrere
1983 1679 2077 1719 va-

491 1754 821 1825 ieamus,qui
845 1756 994 1812 locus
1015 1757 1169 1812 vobis
1194 1758 1259 1811 ad
1274 1756 1702 1815 conveniendum
1720 1756 2075 1828 opportunior

489 1861 615 1903 esse
642 1849 874 1905 videtur.
910 1846 1114 1905 Valete.

759 1961 1092 2020 EPISTOLA
1128 1961 1310 2019 XCVII
1350 1961 1517 2036 [olim
1556 1963 1824 2038 XXXIV].

968 2055 1145 2127 (Circa
1184 2072 1383 2111 annum
1409 2057 1569 2129 £026)

491 2167 866 2225 Lauriisnicus
880 2168 1257 2225 Senonensinm
1272 2170 1739 2239 arcltiepiscopuset
1758 2169 2072 2239 Eumen'ros

562 2240 964 2295 Carnotensium
1012 2241 1284 2309 episcopus
1328 2239 1466 2294 clero
1513 2250 1710 2293 sam-tm
1752 2238 2071 2293 Parisiensis

560 2309 813 2365 Ecclesia:
838 2310 1233 2380 temperantiam
1282 2312 1338 2365 in
1384 2311 1668 2380 prosperis,
1707 2309 2075 2379 fortitudinem

558 2382 618 2434 in
643 2380 899 2445 adversis,
928 2381 1241 2435 charitatem
1273 2380 1480 2450 ubique.

559 2493 907 2557 Audiviinus.
953 2493 1300 2557 cliarissimi,
1342 2492 1541 2547 famam
1573 2491 1889 2560 iniuriarum
1936 2508 2075 2562 quas

490 2582 695 2651 patitur
713 2583 997 2651 episcopus
1025 2592 1225 2647 vester,
1254 2592 1310 2637 et
1335 2583 1498 2637 corde
1526 2582 1891 2651 compatimur
1922 2596 1937 2634 :
1976 2596 2074 2637 vos

490 2688 715 2742 quoque
731 2673 851 2728 illas
879 2674 955 2728 ita
978 2674 1181 2729 sentire
1209 2673 1505 2738 credimus,
1531 2673 1671 2728 sicut
1702 2672 1887 2727 lideles
1912 2671 2069 2739 ﬁlios,

490 2772 546 2817 et
566 2762 711 2819 bono
734 2763 900 2834 capiti
936 2763 1074 2820 bene
1099 2763 1432 2820 cohaerentia
1457 2761 1719 2818 membra.
1750 2761 1857 2819 Sed
1903 2763 2071 2817 mira-

491 2868 614 2908 mur
633 2869 802 2919 quare
824 2854 876 2908 in
910 2862 1067 2909 tanto
1092 2868 1329 2910 maerore
1357 2853 1635 2909 constituti
1667 2894 1683 2919 ,
1720 2866 1821 2909 nec
1860 2852 1928 2906 ad
1972 2867 2071 2907 nos

490 2946 733 3013 petenda:
755 2942 1143 3000 consolationis
1172 2959 1337 3008 causa
1365 2943 1611 3010 venistis,
1641 2957 1743 2998 nec
1765 2949 1954 2997 saltem
1986 2944 2069 2997 lit-

493 3043 636 3087 teras
658 3032 961 3095 direxistis.
981 3030 1116 3087 Nam
1158 3047 1334 3101 neque
1366 3032 1519 3101 plaga
1549 3040 1726 3087 vestra
1774 3040 1921 3086 tanta
1964 3026 2068 3098 est,

490 3133 551 3178 iit
572 3124 815 3178 invenire
846 3132 1079 3197 nequeat
1105 3123 1493 3179 consolationis
1525 3123 1853 3189 remedium,
1893 3138 2068 3192 neque

490 3230 653 3270 verus
680 3215 922 3271 medicus
947 3215 1036 3271 ille
1063 3214 1349 3285 dereliquit
1370 3214 1689 3279 Ecclesium,
1713 3214 1802 3283 qui
1828 3228 1887 3268 se
1912 3212 2068 3268 nobis

488 3307 741 3362 omnibus
762 3307 951 3363 diebus
982 3322 1151 3376 usque
1199 3307 1266 3361 ad
1319 3307 1842 3362 consummationem
1885 3304 2066 3359 saeculi

490 3399 739 3468 promisit
759 3399 1088 3454 adfuturum.
1119 3397 1377 3453 Miramur
1405 3399 1601 3469 iterum
1626 3414 1723 3452 cur
1751 3398 1943 3467 impios
1967 3398 2065 3451 lio—

490 3489 661 3543 mines
688 3528 704 3553 ,
733 3489 823 3558 qui
871 3488 1068 3544 divinis
1112 3488 1479 3551 sanctionibus
1524 3489 1878 3545 adversantur
1922 3499 1976 3542 et
2014 3487 2067 3542 in

490 3585 724 3632 vestrum
761 3588 1032 3648 pastorem
1062 3587 1411 3635 contumaces
1443 3580 1702 3645 existunt,
1741 3580 1803 3634 iii
1826 3595 2071 3635 commu-

487 3672 703 3725 nionem
745 3671 981 3742 recipitis
1021 3681 1211 3728 contra
1241 3674 1560 3728 canonicam
1608 3672 1867 3743 regulam,
1903 3686 2067 3743 quam

486 3761 641 3815 vobis
665 3761 914 3829 ignorare
939 3762 1090 3818 nefas
1113 3772 1197 3818 est
1220 3772 1275 3818 et
1295 3763 1652 3834 periculosum
1670 3764 1898 3818 solvere.
1914 3762 2068 3830 Quod

486 3854 530 3907 si
561 3853 764 3923 putatis
788 3869 883 3910 eos
908 3854 1091 3909 tandiu
1116 3855 1266 3910 vobis
1288 3854 1340 3908 iii
1364 3855 1740 3909 coiiiiuunione
1767 3855 2065 3921 habendos,

485 3961 767 4015 quousque
818 3947 885 4000 ab
936 3946 1189 4016 episeopo
1240 3956 1419 4000 vestro
1468 3944 1645 4015 palam
1693 3946 2066 4001 excommuni-

487 4046 699 4101 eentiir,
728 4036 953 4106 corrigit
983 4037 1124 4092 hanc
1144 4037 1557 4092 aestimationem
1578 4036 1769 4093 Petrus
1791 4040 2066 4108 apostolus

487 4127 544 4182 in
576 4144 823 4183 sermone
852 4128 1036 4183 habito
1066 4130 1131 4183 ad
1164 4128 1437 4184 Romanos
1466 4129 1532 4184 de
1560 4130 1901 4184 ordinatione
1938 4129 2073 4191 Cles

489 4218 688 4275 mentis
713 4218 797 4272 liis
851 4219 1031 4274 verbis
1056 4217 1168 4292 (i3)
1202 4237 1217 4273 :
1259 4238 1274 4270 ι
1306 4218 1587 4286 Quintiani,
1619 4220 1819 4290 inquit,
1849 4220 2063 4287 fratres,

488 4324 553 4363 ex
585 4308 737 4365 vobis
768 4310 896 4379 ipsis
928 4309 1224 4381 intelligere
1260 4310 1498 4376 debetis,
1539 4316 1583 4365 si
1629 4326 1734 4381 qua
1774 4320 1899 4366 sunt
1946 4327 2065 4381 qua:

487 4409 669 4455 vester
692 4400 976 4470 episcopus
1010 4409 1229 4471 propter
1250 4401 1474 4456 insidias
1498 4401 1760 4456 malorum
1783 4402 2062 4457 hominum

2184 669 2280 708 vos
2303 652 2495 710 adhoc
2521 654 2769 709 excitare
2791 654 3058 724 cupimus.
3083 662 3143 707 ut
3171 653 3290 708 sitis
3319 653 3375 710 iii
3403 654 3522 725 lege
3550 659 3782 715 Domini

2181 741 2411 799 studiosi
2435 744 2501 798 ad
2518 743 2886 799 obedientiam
2916 753 2969 798 et
3007 741 3320 814 sull‘ragium
3346 748 3510 801 vestri
3530 750 3784 815 pastoris

2182 850 2280 904 pro
2310 849 2495 889 amore
2519 826 2737 901 devoti;
2763 834 2831 889 ad
2881 835 3240 891 resistendum
3281 850 3406 892 vero
3440 839 3784 894 adversariis

2179 924 2297 995 eius
2320 926 2596 997 sagaciter
2624 925 2897 993 instructi,
2925 926 3158 984 ﬁdeliter
3184 930 3431 984 aniinaii.
3459 930 3605 985 Inter
3628 947 3782 1002 quos

2182 1019 2430 1074 videlicet
2483 1018 2831 1075 atversarios
2888 1035 3032 1076 unus
3082 1029 3167 1076 est
3220 1024 3438 1078 nomine
3488 1023 3786 1081 Lisiardns

2177 1110 2307 1167 oliui
2329 1111 2556 1180 quidem
2598 1110 3014 1167 archidiaconus
3048 1113 3179 1181 :qui
3224 1127 3343 1168 cum
3384 1130 3505 1170 esse
3543 1117 3784 1172 deberet

2176 1203 2367 1280 oculos
2393 1201 2639 1273 episcopi
2665 1201 2773 1268 sui,
2809 1203 3149 1272 dispensator
3172 1219 3491 1275 pauperum,
3529 1209 3783 1263 catechi-

2178 1306 2333 1349 zator
2378 1295 2778 1364 insipientium,
2825 1297 3152 1367 apostatavit
3196 1298 3263 1352 ab
3305 1300 3559 1354 omnibus
3579 1299 3688 1367 his,
3718 1310 3781 1356 et

2178 1390 2351 1444 factus
2379 1398 2461 1443 est
2484 1387 2745 1467 episcopo
2773 1404 2871 1443 suo
2899 1391 3051 1458 quasi
3077 1390 3265 1445 clavus
3288 1390 3341 1444 in
3362 1390 3599 1455 oculum,
3630 1407 3781 1461 pra:-

2176 1480 2244 1534 do
2274 1480 2627 1551 pauperibus,
2672 1479 2781 1535 dux
2826 1482 3031 1536 erroris
3057 1480 3437 1551 insipientibus
3463 1500 3478 1535 :
3507 1484 3632 1551 quia
3672 1498 3778 1538 su-

2175 1574 2341 1639 perba
2375 1581 2430 1626 et
2456 1571 2849 1626 contumeliosa
2878 1571 3161 1626 maledicta
3189 1572 3242 1626 in
3267 1572 3581 1642 episcoiinm
3611 1586 3778 1627 suum

2168 1658 2434 1729 iaculans,
2469 1661 2820 1716 serenitatem
2849 1661 3233 1733 speculationis
3253 1661 3585 1729 eiusturbat,
3619 1664 3774 1717 deci—

2177 1768 2292 1807 mas
2318 1763 2370 1808 et
2397 1752 2705 1809 oblationes
2734 1752 3009 1819 altarium,
3036 1755 3229 1823 stipem
3274 1753 3524 1809 videlicet
3564 1770 3771 1824 μιαρο-

2103 1823 2148 1884 B
2177 1859 2325 1913 rum,
2352 1860 2450 1899 suo
2480 1844 2737 1915 episcopo
2775 1844 3101 1908 inconsulto,
3128 1845 3374 1900 szeculari
3402 1845 3612 1899 miliiize
3651 1855 3770 1898 tra—

2173 1936 2270 1990 dit.
2301 1936 2364 1991 Et
2406 1951 2533 1991 eum
2580 1936 2705 1990 talia
2754 1935 2905 2000 facit,
2937 1936 3029 1991 dat
3059 1936 3440 2004 insipientibus
3478 1935 3693 1989 erroris
3715 1946 3776 1989 et

2173 2028 2493 2096 perditionis
2538 2027 2871 2097 exemplum,
2924 2026 3123 2096 quibus
3165 2026 3474 2096 impendere
3503 2026 3775 2080 debuerat

2171 2135 2314 2175 verae
2342 2120 2582 2175 scientiae
2606 2119 3017 2175 catechismum.
3051 2118 3190 2185 Quid
3224 2118 3470 2171 dicemus
3512 2117 3580 2169 de
3603 2117 3767 2186 inra-

2174 2219 2361 2265 mento
2403 2211 2703 2276 ﬁdelitatis,
2739 2209 2885 2282 quod
2916 2210 2989 2263 ita
3020 2208 3375 2272 contaminat,
3404 2216 3465 2262 ut
3505 2208 3775 2277 epismpo

2172 2316 2272 2355 suo
2296 2316 2400 2356 non
2433 2302 2618 2368 corde,
2648 2317 2748 2357 nec
2795 2301 2984 2366 verbo,
3011 2316 3110 2354 nec
3136 2314 3301 2369 opere
3333 2297 3504 2353 ﬁdelis
3531 2298 3783 2353 existatb

2174 2389 2289 2448 Non
2319 2402 2500 2445 autem
2535 2401 2736 2446 temere
2776 2391 2843 2445 de
2886 2390 3048 2445 corde
3075 2390 3246 2458 ipsius
3281 2385 3610 2456 iudicamus.
3637 2403 3777 2453 enin,

2173 2483 2437 2537 veraciter
2474 2481 2526 2536 in
2557 2496 2712 2537 sacro
2740 2490 2987 2552 poemate
3012 2480 3214 2535 dictum
3246 2488 3330 2536 est
3360 2480 3475 2549 (is)
3502 2497 3517 2508 -
3592 2517 3603 2524 .

2291 2614 2364 2667 Ex
2380 2626 2584 2679 cperam
2606 2598 2774 2677 specie
2792 2611 3065 2663 clarescunt
3090 2611 3255 2662 intima
3280 2611 3442 2659 contis

2173 2763 2221 2816 is
2267 2761 2451 2831 itaque
2491 2775 2590 2831 pro
2635 2759 2974 2815 contumacia
3029 2772 3124 2812 sua
3183 2772 3288 2827 qua
3351 2770 3510 2826 pmna
3560 2755 3777 2824 dignus.

2171 2852 2265 2918 sit,
2316 2851 2360 2906 si
2396 2851 2547 2905 ruina
2574 2850 2751 2920 angeli
2780 2865 2885 2903 non
2917 2846 3113 2902 sulIieit
3160 2848 3227 2901 ad
3262 2846 3593 2915 exemplum,
3629 2861 3753 2898 cou-

2173 2940 2401 2995 iuniacis
2424 2939 2564 2995 Core
2588 2938 2906 2994 manifestat
2931 2937 3206 2993 interitus.
3236 2937 3340 2992 Pro
3364 2937 3591 3007 perlidia
3630 2950 3772 2991 vero

2170 3044 2266 3085 sua
2314 3040 2371 3085 et
2418 3030 2808 3085 contumeliosa
2856 3029 3253 3093 maledictione,
3298 3028 3427 3097 quid
3474 3028 3766 3091 meruerit,

2170 3125 2519 3194 suspendium
2553 3123 2726 3189 Judte,
2770 3134 2825 3178 et
2862 3123 3068 3179 sororis
3098 3123 3275 3177 Aaron
3324 3122 3471 3192 lepra
3504 3130 3759 3175 testatur.

2169 3213 2213 3269 Ο
2260 3215 2534 3271 hominem
2574 3214 2843 3269 infelicem
2895 3215 3144 3280 nimium,
3189 3214 3276 3268 cui
3327 3222 3435 3268 tam
3488 3212 3769 3267 horrenda.

2169 3314 2464 3377 lempestas
2511 3304 2706 3361 divina:
2749 3304 2969 3360 ultionis
3016 3305 3296 3359 incumbit!
3325 3303 3661 3359 Condemnat
3696 3302 3763 3356 il-

2168 3396 2279 3452 lum
2306 3392 2715 3453 Testamentum
2743 3397 2912 3453 Vetus
2933 3395 3017 3451 bis
3040 3395 3223 3451 verbis
3248 3412 3264 3450 :
3292 3395 3397 3461 Qui
3427 3394 3760 3449 iiialedixerit

2167 3492 2327 3563 patri,
2373 3499 2539 3545 morte
2568 3491 2832 3545 moriatur
2876 3489 3075 3555 (Exod.
3113 3504 3231 3555 ni,
3274 3488 3384 3558 i7).
3419 3487 3763 3549 Candeninat

2171 3583 2318 3637 illum
2371 3582 2457 3637 lex
2508 3582 2938 3637 Christianorum
2986 3580 3230 3648 indicum
3286 3580 3388 3636 liae
3440 3580 3758 3636 sententia:

2170 3676 2226 3730 Si
2277 3676 2401 3745 quis
2449 3675 2706 3745 episcopo
2739 3675 2974 3744 aliquam
3036 3673 3311 3742 iniuriam,
3354 3679 3445 3726 aut
3496 3672 3757 3742 injustam

2168 3766 2651 3821 dehonorationem
2676 3764 2885 3827 fecerit,
2916 3766 2983 3818 de
3012 3766 3119 3818 vita
3144 3771 3453 3834 componat,
3485 3772 3541 3817 et
3566 3763 3757 3817 omnia

2168 3871 2289 3927 qua:
2321 3857 2520 3910 habere
2548 3855 2698 3910 visus
2744 3855 2923 3919 fuerit,
2957 3856 3209 3910 Ecclesia:
3257 3854 3341 3908 cui
3395 3866 3628 3922 pratesse
3673 3852 3757 3909 die

2168 3947 2481 4019 gnosciiur,
2540 3946 2889 4016 integerrime
2945 3946 3237 4001 socieiitur.
3302 3943 3757 3999 Exeoinmunieat

2169 4041 2317 4095 illum
2344 4040 2658 4109 Gangreuse
2683 4038 2972 4094 concilium
3002 4055 3054 4093 c.
3083 4038 3113 4091 7
3135 4046 3192 4093 et
3217 4037 3279 4101 8;
3302 4035 3565 4106 degradat
3598 4033 3752 4088 illum

2166 4129 2594 4200 Carthagineuse
2620 4127 2911 4184 concilium
2955 4142 3075 4196 cap.
3121 4126 3209 4191 57,
3240 4126 3334 4181 sed
3362 4135 3418 4181 et
3438 4125 3544 4178 alia
3570 4124 3659 4194 plu
3672 4141 3756 4182 ni.

2166 4220 2503 4290 Quapropter
2543 4229 2598 4275 et
2643 4236 2742 4281 nos
2780 4235 2810 4273 a
2860 4229 3170 4274 sanctorum
3211 4218 3432 4272 Patrum
3476 4219 3753 4273 sententia

2166 4315 2475 4383 discrepare
2524 4313 2790 4377 nolentes,
2838 4320 3229 4381 consequenter
3267 4310 3416 4365 illum
3444 4328 3474 4364 a
3504 4325 3755 4366 cominu-

2166 4407 2327 4463 iiiuiie
2354 4421 2690 4474 separamus,
2737 4414 2998 4475 quantum
3049 4414 3244 4459 nostrm
3266 4402 3514 4466 potestati
3555 4406 3756 4456 con'cc-

489 4507 593 4546 non
617 4500 801 4561 posset
826 4493 1131 4548 evidentius
1152 4502 1209 4547 et
1228 4492 1570 4548 manifestius
1591 4493 1836 4564 proloqui
1865 4496 1887 4549 Τ
1912 4496 2058 4550 verbi
2088 4508 2137 4567 ι)
2164 4499 2328 4563 ditur,
2377 4499 2548 4552 donec
2594 4496 2876 4565 resipiscat
2919 4504 2973 4549 et
3010 4494 3263 4563 episcopo
3301 4510 3398 4548 suo
3443 4493 3604 4563 digne
3648 4493 3750 4545 liii-

485 4583 681 4653 gratia,
707 4582 749 4637 si
775 4581 1023 4637 inimicus
1075 4591 1160 4637 est
1205 4581 1366 4637 alicui
1414 4598 1512 4652 pro
1558 4584 1770 4639 actibus
1804 4585 1936 4651 suis,
1968 4599 2068 4645 vos

488 4675 653 4747 nolite
682 4684 1020 4749 exspectare,
1051 4683 1107 4727 ut
1131 4674 1245 4744 ipse
1267 4673 1419 4729 vobis
1448 4675 1613 4741 dicat,
1646 4675 1740 4730 sed
1772 4676 2064 4746 prudenter

486 4748 1030 4839 observaredebeiis,
1058 4764 1393 4817 ctvolunlati
1427 4762 1543 4830 ejus
1573 4763 1777 4833 absque
1823 4778 2062 4818 commo-

489 4853 693 4906 iiizioue
712 4845 1103 4915 obsecundare,
1132 4862 1189 4917 et
1211 4863 1455 4907 avertere
1481 4869 1576 4907 vos
1597 4854 1664 4908 ab
1685 4869 1751 4908 eo
1778 4853 1863 4910 cui
1888 4854 2060 4923 ipsum

490 4942 705 5012 sentitis
744 4944 1049 4997 adversum.
1084 4961 1103 4996 i
1134 4942 1259 4997 Hinc
1284 4951 1341 4997 et
1363 4944 1511 5013 plura
1542 4942 1845 5011 huiusmodi
1870 4946 2062 4999 beatus

483 5029 677 5085 Petrus
715 5031 769 5084 iu
818 5033 1076 5101 praedicto
1133 5049 1403 5088 sermone.
1450 5032 1557 5105 Nos
1601 5044 1802 5099 autem,
1841 5033 2059 5101 fratres,

482 5119 608 5174 dum
641 5120 767 5174 talia
800 5123 951 5178 vobis
980 5124 1354 5193 proponimus,
1397 5122 1563 5179 nolite
1601 5124 1892 5189 :cstiiiiare,
1920 5125 2061 5179 absit

479 5210 645 5267 enim!
681 5221 738 5265 ut
774 5212 1052 5268 sinistrum
1082 5213 1283 5284 aliquid
1308 5214 1373 5269 de
1394 5214 1547 5270 vobis
1579 5215 1935 5283 suspicentur,
1966 5216 2060 5270 sed

480 5295 714 5354 ofﬁcium
766 5311 1009 5355 nostrum
1062 5300 1292 5359 facimus
1340 5317 1464 5357 cum
1508 5314 1601 5356 aut
1649 5318 1745 5359 vos
1794 5314 1887 5358 aut
1926 5303 2062 5360 alios

479 5389 679 5447 fratres
726 5402 941 5447 nostros
980 5393 1048 5448 ad
1089 5396 1311 5450 cautelae
1356 5396 1687 5467 vigilantiam
1736 5396 2055 5453 excitamus.

480 5480 595 5538 Non
619 5482 763 5537 enim
791 5482 911 5539 sine
936 5498 1098 5538 causa
1130 5486 1389 5557 scriptum
1418 5496 1500 5542 est
1528 5486 1899 5556 pr0plieticum
1931 5486 2058 5540 illud

480 5572 548 5627 de
590 5572 840 5642 pennatis
890 5573 1234 5640 animalibus,
1291 5592 1411 5645 quae
1460 5591 1520 5633 se
1571 5579 1802 5633 invicem
1850 5577 2058 5632 alarum

478 5686 665 5818 ωέιδ)
695 5686 1048 5759 Apocrypliiis
1094 5698 1176 5744 est
1205 5689 1278 5745 ibi
1303 5699 1640 5761 memoratus
1671 5689 1729 5747 S.
1765 5689 1909 5747 Petri
1935 5690 2059 5746 Ser-

2168 4588 2403 4641 miliatus
2454 4585 2807 4642 satisfaciat:
2861 4594 2915 4639 et
2970 4585 3072 4639 nisi
3124 4586 3233 4640 cito
3293 4584 3620 4654 resipiscens
3674 4582 3748 4635 ad

2164 4679 2585 4734 satisfactionem
2623 4677 2852 4738 venerit,
2891 4677 2947 4729 in
2977 4675 3215 4745 plenaria
3243 4674 3449 4747 synodo
3479 4680 3747 4742 perpetuo

2164 4768 2509 4822 anathemate
2551 4766 2793 4819 feriatur.
2824 4764 3140 4819 Mandamns
3173 4774 3353 4817 autem
3382 4763 3534 4818 vobis
3556 4772 3614 4814 ut
3642 4761 3744 4830 ipsi

2161 4856 2408 4912 Lisiardo
2454 4857 2554 4910 lias
2605 4857 2817 4911 litteras
2864 4856 3183 4921 ostendatis,
3232 4865 3292 4910 iit
3324 4864 3431 4911 tam
3468 4855 3746 4908 horrenda

2162 4949 2422 5017 pericula,
2478 4948 2556 5003 vel
2606 4949 2843 5017 graviter
2887 4948 3195 5003 admonitus
3223 4949 3373 5002 exire
3411 4947 3738 5001 meminerit.

2162 5038 2314 5093 Patet
2343 5038 2689 5092 eiiiiii'adlinc
2734 5038 2991 5093 evadendi
3048 5038 3218 5103 locus,
3256 5035 3466 5092 di'cente
3512 5038 3753 5093 Domino

2161 5111 2257 5198 per
2304 5127 2683 5182 Ezccliiclcm:
2736 5126 2795 5180 Si
2843 5127 3031 5196 impius
3075 5131 3233 5197 egerit
3279 5128 3631 5197 pa’iiitentiam
3672 5132 3742 5179 ab

2161 5217 2397 5269 omnibus
2423 5218 2643 5285 peccetis
2680 5215 2787 5270 suis
2815 5234 2929 5286 quin
2960 5228 3200 5283 aperatus
3228 5226 3323 5279 est,
3366 5226 3411 5267 ct
3438 5217 3741 5268 custodierit

2162 5323 2232 5361 un
2258 5324 2399 5361 versa
2423 5325 2517 5376 pra
2534 5318 2676 5376 cepta
2700 5324 2832 5368 mea,
2856 5317 2900 5359 et
2926 5307 3101 5376 fecerit
3115 5307 3381 5375 judicium
3393 5318 3437 5359 et
3446 5306 3739 5375 justitiam,

2161 5397 2262 5448 vita
2291 5397 2440 5461 vivet,
2464 5406 2508 5448 et
2539 5413 2641 5448 non
2680 5397 2930 5448 morietur
2958 5394 3172 5459 (Exerit.
3206 5410 3359 5471 xviii,
3390 5393 3498 5466 21).
3547 5395 3613 5449 Ει
3642 5410 3743 5471 per

2160 5485 2423 5543 Joannem
2454 5505 2469 5541 :
2503 5484 2707 5551 Filioli,
2735 5487 2845 5541 ha'c
2871 5487 3041 5541 scribo
3073 5488 3233 5552 vobis,
3269 5497 3326 5541 ut
3365 5504 3467 5541 non
3494 5478 3740 5556 peccetis,

2161 5590 2209 5633 et
2235 5582 2279 5635 si
2295 5582 2411 5650 quis
2432 5581 2738 5650 peccaverit,
2754 5579 3061 5632 advocatum
3087 5578 3333 5632 habemus
3362 5578 3503 5650 apud
3523 5575 3737 5635 Patrem

2233 5689 2345 5761 (lii)
2376 5690 2538 5745 Forte
2576 5688 2883 5761 Prudeniii,
2905 5690 2962 5744 S.
2997 5688 3246 5761 Prosperi
3276 5697 3371 5744 aut
3389 5690 3615 5745 alterius
3643 5705 3737 5745 cu-

2154 5757 2373 5830 juslibet
2397 5773 2567 5831 poetic
2595 5757 2830 5829 ejusdem
2861 5758 2971 5815 fere
2992 5757 3188 5814 aetatis.
