3974 5374
131 343 255 414 m.

1563 351 1946 412 EPISTOLE.

3275 356 3383 416 2ζο
3422 418 3429 424 ,

130 467 300 523 λειω
320 468 555 536 justum,
579 467 686 535 ipse
716 474 788 519 est
837 463 1073 519 exoratio
1112 479 1211 534 pro
1243 466 1469 533 pereatis
1502 466 1693 520 nostris
1720 466 1774 526 Α
1799 467 1907 521 fine
1928 465 2149 537 capituli
2177 480 2193 522 :
2227 465 2283 523 Si
2304 467 2429 539 quis
2454 483 2587 539 ergo
2611 477 2736 539 post
2761 477 2839 523 tot
2862 470 3251 539 px-onibitiones
3277 473 3392 528 haec

129 566 174 636 (1
198 565 357 619 loca.
387 581 450 628 ιι,
494 565 572 627 l).
604 563 669 617 Et
709 563 822 632 ipse
862 562 1123 617 Dominus
1168 561 1284 616 ait:
1318 550 1585 615 Gaudium
1630 572 1707 618 est

128 654 315 724 angelis
344 655 443 709 Dei
489 670 647 725 super
675 669 777 707 uno
804 663 1073 723 peccatore
1115 652 1469 721 ptenitentiam
1498 664 1702 722 agente,

127 762 271 815 quam
298 762 459 815 super
487 745 771 815 nonaginta
800 760 980 797 novem
1001 742 1187 810 justis,
1217 742 1305 812 qui
1343 758 1444 797 non
1472 743 1705 813 indigent

128 842 417 908 pauitentia
442 837 598 910 (Luc.
625 855 714 893 xv.
750 838 859 910 10).
888 837 1105 892 Certum
1137 836 1282 891 enim
1325 835 1487 891 habet
1515 836 1704 892 catho-

128 930 218 982 lica
244 928 399 993 fides,
434 938 495 981 ut
525 928 704 984 verbis
738 928 880 983 beati
921 926 1187 999 Fulgentii
1216 935 1359 993 utar,
1413 927 1538 996 quia
1570 942 1704 997 quo-

127 1034 327 1087 cunque
352 1028 597 1088 tempore
618 1020 780 1074 homo
800 1019 972 1090 egerit
995 1017 1391 1090 paenitentiam,
1408 1017 1705 1086 quamlibet

126 1124 372 1174 annosus,
424 1111 473 1165 si
509 1119 624 1164 toto
670 1108 833 1165 corde
884 1109 1274 1165 renuntiaverit
1304 1108 1541 1179 peccatis
1568 1123 1702 1178 prte-

128 1200 316 1265 teritis,
343 1210 399 1255 et
424 1216 526 1270 pro
553 1202 633 1255 eis
667 1200 721 1255 in
744 1210 1033 1273 conspectu
1057 1199 1152 1256 Dei
1180 1216 1288 1255 non
1318 1198 1490 1255 solum
1514 1212 1702 1269 corpo-

129 1291 194 1344 ris
216 1290 309 1344 Sed
359 1291 525 1345 etiam
557 1292 737 1347 cordis
766 1291 1037 1363 lacrymas
1075 1289 1295 1354 fuderit,
1329 1298 1384 1344 et
1435 1288 1700 1344 malorum

128 1398 339 1453 operum
383 1382 628 1439 maculas
674 1383 832 1440 bonis
872 1383 1127 1453 operibus
1156 1381 1362 1437 diluere
1404 1379 1697 1445 curaverit,

126 1477 355 1532 omnium
418 1488 770 1548 peccatorum
826 1475 1213 1548 indulgentiam
1266 1489 1392 1531 mox
1456 1471 1695 1527 habebit.

127 1573 337 1635 Verum,
372 1582 431 1626 ut
480 1572 558 1627 ait
590 1570 750 1625 Pater
776 1569 1129 1640 Augustinus,
1154 1567 1245 1638 qui
1272 1567 1483 1621 veniam
1519 1565 1697 1636 paeni-

130 1661 247 1715 tenti
301 1661 576 1731 promisit,
631 1659 995 1715 dissimulanti
1042 1659 1184 1714 diem
1233 1657 1532 1713 crastinum
1588 1670 1696 1710 non

129 1753 419 1823 spopondit.
474 1751 753 1822 Rogamus
786 1751 971 1815 etiam,
1000 1749 1222 1814 fratres,
1250 1758 1307 1803 ut
1344 1750 1601 1804 donmum
1630 1744 1694 1800 F.

128 1843 479 1899 venerabilem
514 1843 831 1913 episcopum
861 1843 978 1897 vice
1017 1851 1201 1896 nostra
1226 1839 1464 1895 salutare
1486 1848 1543 1895 et
1570 1853 1700 1893 con-

130 1934 316 1991 fortare
339 1935 733 2001 memineritis;
754 1945 906 1990 certo
932 1934 1165 1989 scientes
1193 1948 1289 1988 sua
1313 1933 1486 1988 tristia
1508 1940 1693 1988 nostra

131 2042 255 2090 Esse,
281 2036 465 2082 nostra
494 2041 757 2097 prospera
789 2041 907 2082 sua.
937 2024 1130 2080 Valete
1158 2039 1280 2080 cum
1305 2024 1443 2094 ipso.

392 2178 727 2237 EPISTULA
755 2179 960 2236 xcvut
983 2178 1132 2255 [olim
1170 2176 1411 2251 xxxv}.

631 2272 809 2342 (Circa
849 2287 940 2326 an.
969 2270 1174 2343 eumd.)

132 2360 312 2419 Dilecto
341 2361 493 2418 Patri
519 2375 568 2419 et
594 2364 896 2430 corvisropo
926 2379 1021 2415 suo
1046 2361 1469 2428 G.,Fur.esn1us
1511 2362 1694 2427 virere,

778 2448 823 2490 et
852 2436 1035 2489 coiere.

190 2565 369 2621 Vester
395 2566 633 2621 clericus
673 2558 1008 2636 propinquus
1049 2573 1232 2622 noster
1276 2564 1335 2619 ι’.
1376 2563 1443 2619 ad
1475 2577 1572 2618 nos
1602 2576 1694 2616 ve-

134 2655 270 2711 niens
309 2671 371 2712 eo
410 2670 471 2711 se
521 2657 901 2727 gratiosiorem
950 2656 1222 2722 exhibuit,
1273 2671 1380 2726 quo
1423 2655 1492 2709 de
1540 2652 1694 2709 vobis

133 2747 250 2800 bene
273 2762 368 2817 per
393 2747 578 2801 omnia
614 2746 903 2801 nuntiavit.
942 2745 1094 2801 Unde
1140 2760 1283 2801 nunc
1318 2744 1466 2799 illutn
1491 2743 1693 2798 saluta-

135 2838 272 2893 tio;.is
299 2840 547 2910 gerulum
580 2838 864 2902 facientes,
902 2848 955 2892 et
980 2838 1215 2893 claritati
1253 2847 1445 2893 vestrae
1475 2852 1697 2907 compa-

133 2929 221 2984 rati
248 2931 579 2986 tnunusculis
627 2946 856 2986 exorare
887 2930 1149 2995 volmnus,
1178 2931 1222 2986 si
1251 2947 1355 2986 non
1381 2941 1467 2985 est
1495 2932 1693 2999 impor-

134 3032 316 3086 tunum,
349 3032 410 3076 ut
437 3039 559 3078 eam
590 3023 820 3093 gratiam
847 3023 950 3078 sibi
983 3023 1181 3077 sentiat
1217 3023 1495 3092 prodesse,
1526 3038 1689 3091 quam

132 3114 246 3182 Ῥυιί
273 3115 707 3184 τοεὶαιηάιιίιυιη
734 3131 834 3171 nos
875 3117 1149 3172 credimus
1192 3116 1467 3172 habuisse.
1506 3116 1651 3173 Vale.
1715 3149 1763 3214 Β

368 3272 710 3328 EPISTOLA
751 3275 914 3331 XCIX
956 3275 1102 3349 [olim
1152 3276 1418 3349 XXXVI].

644 3368 821 3439 (Circa
844 3385 934 3424 an.
964 3371 1170 3441 euntd.)

130 3471 279 3529 Citam
317 3475 465 3529 Patri
510 3485 558 3530 et
587 3477 887 3546 coepiscopo
926 3496 1023 3533 suo
1057 3477 1309 3544 Gumonr,
1349 3479 1690 3536 FULBEBTUS.

187 3565 238 3621 Si
275 3568 505 3623 diacono
557 3570 651 3638 qui
701 3584 763 3624 se
809 3571 1181 3640 presbyterum
1215 3571 1512 3635 simulavit,
1565 3572 1693 3626 mis-

128 3646 329 3726 samque
372 3658 657 3713 celebrare
688 3662 1053 3729 praesumpsit,
1104 3662 1321 3717 modum
1361 3662 1701 3731 poenitentia!

130 3748 175 3800 in
201 3749 392 3804 divinis
435 3749 649 3822 legibus
676 3765 895 3820 proprie
924 3760 1184 3807 statutum
1213 3767 1316 3808 non
1363 3754 1685 3820 invenimus,

128 3849 211 3903 per
227 3838 695 3893 ratiocinationem
720 3839 977 3894 similium
1000 3842 1079 3896 sic
1092 3843 1364 3897 asstimare
1380 3858 1687 3913 possumus.

128 3928 266 3991 Core,
297 3931 502 3986 Dathan
529 3940 586 3986 et
621 3932 826 3989 Ahirun
863 3934 1071 4005 judicio
1114 3935 1210 3990 Dei
1240 3937 1606 4004 condemnati,
1631 3949 1690 3992 et

128 4018 349 4075 horribili
376 4032 552 4078 morte
577 4022 821 4077 mulctati
869 4033 1017 4091 sunt,
1041 4042 1108 4081 eo
1132 4028 1275 4095 quod
1297 4028 1477 4084 Aaron
1504 4043 1688 4084 sacer-

124 4111 223 4167 doti
260 4126 315 4165 se
352 4126 671 4182 comparare
701 4112 928 4185 ejusque
974 4114 1206 4172 officium
1251 4133 1516 4188 usurpare
1546 4133 1687 4188 piae-

123 4213 464 4271 sumpserunt.
503 4203 607 4259 llic
645 4214 825 4260 autem
865 4206 1027 4263 levita
1069 4224 1217 4267 more
1246 4209 1460 4266 illorum
1500 4210 1686 4267 illicite

122 4292 217 4347 sibi
238 4297 592 4351 sacerdotium
626 4299 925 4367 usurpavit.
984 4299 1116 4365 Quis
1143 4315 1274 4370 ergo
1305 4301 1360 4355 in
1395 4302 1500 4356 isto
1532 4302 1687 4356 dubi-

124 4396 317 4444 tetesse
346 4390 574 4446 mortale
604 4392 978 4456 commissum,
1009 4391 1101 4461 qui
1144 4392 1200 4446 in
1232 4392 1338 4447 illis
1373 4392 1483 4448 Deo
1503 4393 1684 4463 judice

1808 558 2026 615 decreta
2069 560 2391 630 apostolica,
2429 570 2483 616 et
2512 561 2753 634 synodali
2784 564 3107 618 auctoritate
3134 574 3391 621 renovata

1809 660 2078 709 temerare
2114 657 2537 727 pmsumpserit,
2590 657 2790 727 gradus
2816 658 2897 712 sui
2942 658 3181 728 periculo
3209 660 3384 731 subju-

1807 744 1969 800 ccbit.
2007 743 2264 800 Videmus
2311 761 2440 817 ergo
2485 747 2781 819 capitulum
2814 762 2964 804 nova:
3005 748 3137 818 legis
3167 758 3393 805 vetustte

1806 850 2125 905 congruere,
2151 851 2253 891 nec
2287 851 2422 908 Opus
2446 845 2530 893 est
2551 837 2782 907 amplius
2805 837 2932 906 quid
2960 837 3025 889 de
3049 837 3141 893 illo
3164 838 3391 894 diacono

1804 924 2110 982 faciendum
2142 928 2210 982 sit
2235 928 2498 985 dubitare.
2532 929 2626 984 Est
2649 930 2793 984 enim
2820 928 3006 999 procul
3048 928 3213 984 dubio
3234 937 3387 984 extra

1804 1016 2030 1070 chorum
2073 1016 2440 1087 deponendus,
2491 1018 2809 1087 pmniteutia
2859 1017 3194 1087 plectendos.
3236 1016 3389 1085 Quod

1803 1108 1847 1162 si
1871 1108 1939 1163 de
1964 1107 2295 1179 longitudine
2322 1109 2652 1179 pmniteutiax
2681 1111 2908 1180 quaestio
2938 1110 3050 1176 fiat,
3080 1109 3390 1165 meminisse

1803 1201 2061 1257 debemus
2105 1201 2253 1257 illius
2279 1202 2584 1268 sententiae,
2626 1218 2747 1272 qtae
2772 1203 2839 1257 ad
2867 1203 3009 1258 hanc
3032 1204 3386 1273 quaestionem

1802 1295 2093 1365 respondet
2116 1294 2217 1350 hoc
2246 1294 2438 1350 modo:
2472 1294 2776 1349 Mensuram
2805 1294 3065 1366 temporis
3096 1294 3148 1347 in
3176 1292 3387 1362 agenda

1800 1387 2125 1456 poenitentia
2163 1386 2364 1442 idcirco
2410 1400 2517 1440 non
2552 1387 2687 1442 satis
2724 1395 2932 1441 attente
2975 1384 3257 1456 praefigunt
3298 1401 3390 1438 ca-

1800 1496 1970 1536 nones
1995 1496 2094 1551 pro
2123 1494 2445 1550 unoquoque
2470 1479 2720 1545 crimine,
2750 1477 2845 1533 sed
2874 1476 3045 1547 magis
3080 1475 3132 1529 in
3155 1474 3388 1529 arbitrio

1801 1572 2061 1627 antistitis
2080 1571 2424 1626 statuendum
2451 1570 2781 1639 relinquunt,
2795 1568 2921 1639 quia
2939 1568 3078 1639 apud
3100 1566 3386 1622 Dominum

1800 1678 1908 1717 non
1932 1669 2140 1716 tantum
2186 1661 2326 1717 valet
2354 1676 2604 1716 mensura
2648 1659 2927 1731 temporis,
2967 1672 3129 1728 quam
3159 1655 3382 1722 doloris;

1800 1768 1900 1810 nec
1937 1754 2266 1810 abstinentia
2317 1762 2524 1809 tantum
2568 1754 2838 1819 ciborum,
2890 1752 2986 1809 sed
3035 1751 3387 1808 ntortilicatio

1800 1847 1977 1917 potius
2028 1848 2305 1903 vitiorum.
2354 1847 2411 1901 In
2463 1855 2641 1902 vestra
2687 1861 2817 1917 ergo
2869 1860 3032 1900 manu
3080 1845 3240 1900 situm
3274 1851 3381 1908 est,

1799 1939 2173 2009 paenitentiam
2199 1937 2316 2009 ejus
2354 1938 2436 1993 vel
2480 1938 2750 2001 breviare,
2778 1937 2863 1992 vel
2903 1926 3190 2008 protelare,
3226 1934 3385 2006 juxta

1797 2030 1940 2100 quod
1964 2045 2089 2086 eum
2120 2029 2173 2084 in
2192 2030 2506 2099 paenitendo
2533 2029 2868 2100 diligentem,
2908 2044 3002 2086 seu
3025 2027 3383 2100 negligentem

1797 2122 2065 2178 videritis.
2093 2121 2283 2178 Valeat
2312 2123 2575 2178 sanctitas
2596 2131 2798 2177 vestra.

2100 2256 2432 2314 EPISTULA
2473 2255 2515 2311 c
2553 2232 2712 2330 [οιίηῖ
2740 2254 3050 2327 LXXXIX].

2294 2349 2450 2405 Circa
2478 2365 2677 2405 annum
2709 2349 2892 2419 £026.)

1796 2442 2149 2499 Dilectissimo
2173 2444 2382 2498 domino
2407 2443 2909 2513 regiqneRonsn'ro,
2939 2442 3258 2497 Fetnenrus
3282 2443 3380 2494 Im-

1864 2514 2005 2568 milis
2037 2516 2307 2583 episcopus
2337 2515 2686 2568 [inutilitatem
2717 2514 2769 2568 in
2796 2514 3088 2583 prosperis,
3125 2512 3380 2582 ﬁduciam

1863 2588 1919 2640 in
1947 2586 2203 2639 adversis.

1869 2699 1943 2755 De
1970 2699 2220 2756 Lisiardo
2262 2698 2489 2765 clerico,
2519 2698 2607 2769 qui
2657 2697 2945 2754 Meldensis
2984 2696 3243 2767 episcrpii
3291 2711 3380 2750 res

1792 2792 1976 2846 odiosa
2004 2790 2408 2860 importunitate
2435 2788 2695 2859 pervasit,
2719 2787 2827 2842 tale
2855 2786 3140 2842 consilium
3162 2787 3395 2841 damus:

1793 2879 2076 2952 l’rzucipite
2119 2880 2524 2952 archiepiscopo
2568 2878 2892 2942 Senoncnsi,
2941 2886 3001 2931 ut
3044 2876 3125 2930 vel
3169 2876 3380 2946 episco-

1793 2976 1937 3046 pium
1963 2975 2076 3044 ipse
2112 2974 2323 3039 visitet,
2356 2981 2658 3042 vestraeque
2682 2979 2736 3025 et
2765 2985 2876 3026 sua
2908 2968 3101 3025 ditioni
3137 2975 3375 3031 revocet,

1794 3078 1851 3122 ιιι
1880 3068 2099 3138 dignum
2120 3074 2234 3132 est;
2264 3064 2368 3131 vel,
2395 3064 2439 3120 si
2468 3065 2519 3117 id
2544 3062 2724 3119 facere
2757 3061 3132 3132 prohibeatur,
3157 3059 3379 3115 mandet

2184 3170 2281 3225 per
2324 3155 2533 3210 litteras
2568 3168 2633 3209 es
2667 3168 2763 3208 sua
2808 3164 2863 3208 et
2912 3160 3119 3211 nostra.
3151 3168 3375 3207 suorum

1798 3252 2046 3307 videlicet
2074 3249 2537 3320 suifraganeorum
2560 3257 2715 3317 parte
2744 3247 3106 3317 conscriptas,
3138 3254 3195 3299 ut
3215 3246 3376 3300 cedat

1798 3344 1916 3398 loco
1946 3352 1997 3397 et
2044 3341 2206 3396 rebus
2249 3339 2413 3395 stulte
2451 3339 2715 3409 pervasis,
2753 3337 2903 3392 etde
2951 3335 3376 3406 prmsnmptione

1796 3452 1890 3491 sua
1915 3435 2071 3490 nobis
2103 3433 2423 3489 satisfacere
2448 3431 2663 3487 studeat
2686 3439 2812 3484 ante
2843 3429 3141 3499 proximam
3168 3426 3374 3482 festivi-

1798 3539 1960 3583 tatem
2002 3526 2175 3582 sancti
2218 3523 2362 3578 Petri
2392 3521 2756 3593 apostolorum
2800 3519 3079 3588 principis.
3140 3514 3372 3583 Quodsi

1794 3620 1972 3675 facere
2000 3616 2319 3687 neglexerit,
2347 3630 2413 3669 ex
2444 3623 2573 3667 tunc
2599 3611 2653 3665 in
2687 3620 2844 3664 antea
2876 3625 2904 3663 a
2937 3607 3093 3663 nobis
3118 3606 3372 3661 omnibus

1791 3711 2292 3769 excommunicatus
2322 3707 2411 3761 sit.
2443 3703 2644 3759 Valete.

2161 3864 2492 3922 EPISTOLA
2521 3863 2584 3919 Cl
2615 3862 2634 3935 ι
2641 3862 2785 3916 olim.
2821 3860 2977 3932 XCI}.

2269 3956 2449 4030 (Circa
2469 3971 2670 4009 annum
2702 3953 2885 4024 l0‘26.)

1790 4051 2139 4108 Serenissinto
2187 4065 2295 4118 regi
2347 4047 2680 4101 Francorum
2735 4045 2991 4102 Rosnn'ro
3048 4041 3375 4118 Funesu'rcs

1856 4121 2071 4178 Immitis
2107 4115 2507 4176 Curubtensium
2565 4118 2858 4189 episcopus,
2923 4116 3063 4187 quod
3123 4115 3265 4167 decet
3319 4121 3368 4166 et

1854 4194 2084 4258 prodest.

1856 4304 2115 4361 Gratqur
2140 4303 2255 4367 tibi,
2286 4300 2501 4357 domine
2526 4300 2620 4365 mi,
2651 4299 2793 4368 quod
2825 4296 2973 4351 fonte
2998 4295 3281 4358 bonitatis,
3310 4302 3370 4347 ut

1785 4412 1999 4467 semper
2025 4395 2282 4466 irrigans,
2320 4392 2593 4462 negotium
2636 4391 2727 4446 Dei
2770 4388 3036 4443 mandasti
3090 4386 3219 4441 mihi
3253 4396 3367 4438 tra-

124 4480 249 4534 videt
270 4491 441 4537 morte
468 4483 763 4553 punitum?
804 4485 875 4538 At
903 4485 1027 4553 quia
1051 4483 1162 4552 jam
1206 4485 1456 4541 Salvator
1478 4497 1682 4553 nosmr,
1713 4487 1762 4547 ι)
1788 4501 1940 4546 ctare
1985 4496 2042 4542 ut
2068 4488 2307 4556 expedit.
2348 4485 2497 4540 'l‘alia
2529 4484 2761 4553 denique
2788 4492 2837 4537 te
2865 4496 3046 4551 regem
3074 4478 3368 4550 prmcipere

123 4573 198 4643 qui
228 4576 372 4629 venit
413 4576 820 4644 salvareouod
844 4577 1102 4647 perierat,
1147 4593 1252 4633 non
1294 4579 1407 4634 vult
1454 4589 1683 4635 mortem

123 4669 420 4741 peccatoris,
467 4676 562 4725 sed
589 4677 652 4724 ut
675 4681 1030 4727 convertatur
1066 4682 1120 4727 et
1159 4673 1335 4738 vivat,
1385 4673 1683 4727 clementer

124 4756 277 4822 agitur
328 4767 389 4811 ut
434 4759 804 4829 degradentur
856 4760 1181 4828 huiusmodi,
1229 4773 1284 4815 et
1332 4762 1473 4816 inter
1518 4760 1683 4815 laicus

125 4850 467 4909 ttenitentiam
497 4859 682 4922 agant.
722 4850 829 4906 Sed
858 4867 929 4908 ne
953 4854 1113 4907 nimis
1142 4852 1511 4907 austeritatem
1536 4863 1677 4906 vete-

126 4936 187 4991 ris
222 4940 348 5010 legis
390 4939 507 4995 haec
532 4942 881 4997 ratiocinatio
908 4957 1098 5013 sapere
1124 4944 1390 5006 videatur,
1415 4958 1680 5012 propona-

126 5044 225 5085 mus
262 5044 317 5088 et
358 5048 521 5088 nova.
553 5034 777 5106 Legitur
807 5036 859 5088 in
903 5036 1136 5104 quodam
1182 5035 1459 5107 capitulo:
1497 5035 1681 5091 Statu-

127 5130 215 5176 tom
267 5126 567 5195 saepissime
628 5135 684 5182 et
746 5127 1029 5183 inhibitum
1088 5139 1209 5194 est,
1280 5140 1343 5183 ut
1390 5129 1678 5183 missarum

125 5213 485 5242 ηλιλιιμιειη-..
535 5219 585 5242 2..
622 5219 756 5242 [ηε-
803 5219 1278 5242 ε-----..---,ᾼ.ει.---
1328 5223 1533 5242 __-,,,-_-
1570 5239 1585 5242 -
1614 5235 1673 5242 --

1785 4586 1951 4641 decus
1990 4592 2094 4647 est,
2130 4580 2482 4648 subditosque
2534 4577 2628 4633 tibi
2684 4590 2975 4644 capescere
3016 4581 3211 4625 tutum.
3258 4569 3366 4622 Sed

1785 4675 1916 4730 illud
1941 4675 2129 4737 miror,
2158 4670 2302 4741 quod
2347 4669 2586 4724 Odonem
2624 4666 2876 4721 comitem
2911 4664 2962 4715 iu
2996 4676 3115 4715 mea
3155 4657 3363 4713 delibe-

1785 4769 1996 4823 ratione
2029 4764 2111 4820 vel
2142 4762 2388 4834 posuisse
2414 4760 2498 4813 vel
2529 4758 2827 4829 positurum
2854 4769 2972 4808 esse
2998 4750 3206 4816 dixisti,
3234 4750 3364 4817 quid

1783 4860 1963 4914 facere
1990 4857 2187 4912 debeat
2207 4854 2274 4908 de
2304 4851 2612 4921 receptione
2636 4846 2923 4902 Mcldensis
2946 4841 3209 4915 episc0pi,
3236 4854 3363 4892 cum

1780 4949 1979 5003 abhinc
2009 4961 2149 5001 anno
2171 4945 2283 5000 fere
2312 4942 2539 4998 dimidio
2563 4956 2660 4996 nec
2689 4940 2867 5008 ipsum
2903 4934 3155 4999 viderim,
3179 4947 3278 4986 nec
3302 4933 3370 4985 de

1784 5039 1879 5096 tali
1908 5038 2123 5110 negotio
2162 5035 2483 5107 legationem
2527 5032 2644 5103 ejus
2674 5027 3001 5096 acceperim.
3035 5025 3289 5081 Attamen
3324 5022 3366 5073 si

1782 5131 2056 5200 aspirante
2076 5129 2187 5184 Deo
2215 5130 2282 5183 ad
2298 5140 2395 5182 nos
2427 5128 2614 5180 venire
2637 5130 2691 5177 et
2722 5117 2968 5175 consiliis
2991 5116 3125 5173 meis
3150 5111 3370 5181 acquie-

2443 5214 2628 5242 .\........I
2660 5208 2819 5242 ,ιηιιίιι
2840 5209 3153 5242 nummlininnv
3182 5201 3368 5242 er-IP-

2134 5220 2166 5242 ξΙ
2212 5218 2412 5242 ᾸΑΑΞΠΩΛ.
