4018 6396
529 393 630 448 251

937 499 1266 556 lil’lSTOl.A
1294 501 1378 554 cu
1411 499 1557 571 [olim
1581 497 1717 570 LX].

1129 595 1306 662 (Anno
1331 593 1514 663 1027.)

579 686 872 738 Venerabili
903 688 1041 755 patri
1073 697 1120 739 et
1153 693 1454 755 coepiscopo
1489 700 1584 737 suo
1617 682 1682 738 G.
1736 683 2074 738 Fucsenrus.

597 774 682 831 Ad
726 774 1156 833 benedictionem
1188 777 1404 832 l‘lenrici
1443 778 1604 847 regia:
1651 775 1817 844 prolis
1843 774 1954 844 (45)
1989 783 2111 829 voto

526 868 741 937 quidem
790 869 1004 938 rapior,
1048 870 1142 925 sed
1179 871 1406 925 adversa
1449 884 1534 924 me
1569 871 1816 940 corporis
1861 870 2117 926 valetudo

525 964 783 1017 retardat.
867 963 1158 1019 Tentarem
1220 975 1398 1018 tamen
1468 974 1744 1033 utcunque
1821 963 2117 1019 moderatis

525 1055 946 1122 equitationibus
972 1071 1038 1109 eo
1075 1056 1383 1124 pervenire,
1420 1058 1463 1108 si
1508 1071 1612 1109 non
1647 1056 1978 1110 abslorrcrct
2018 1071 2092 1110 sa:

529 1143 660 1197 vitia
694 1146 884 1199 matris
910 1142 1045 1210 ejus,
1092 1141 1176 1200 cui
1220 1155 1354 1200 satis
1384 1144 1624 1199 creditur
1651 1159 1774 1198 cum
1815 1143 1954 1197 mala
1996 1159 2114 1211 pro-

529 1234 720 1301 mittit,
759 1234 919 1289 ﬁdem
947 1234 1274 1289 facientibus
1295 1234 1465 1303 gestis
1489 1234 1625 1304 ejus.
1659 1233 1776 1301 Qua
1801 1232 2115 1288 dilIicultate

526 1328 856 1396 prohibitus,
901 1344 1028 1397 rogo
1073 1337 1309 1382 vestram
1361 1328 1706 1394 charitatem,
1737 1328 2112 1392 dilectissime,

527 1427 586 1472 ut
619 1419 734 1474 vice
758 1435 877 1474 mea
900 1421 1175 1475 suadeatis
1196 1419 1396 1475 domno
1418 1420 1830 1489 archiepiscopo
1858 1421 2114 1476 Remensi

527 1511 847 1580 calet-isque
877 1512 1235 1580 prhuoribus,
1283 1528 1351 1567 ne
1383 1528 1489 1582 qua
1535 1512 1825 1568 occasione
1865 1510 2116 1566 dilferant

527 1599 958 1658 benedictionem
994 1604 1212 1674 juvenis
1242 1605 1558 1675 supradicti.
1595 1604 1768 1675 Spero
1792 1607 1935 1660 enim
1965 1604 2114 1660 illum

525 1690 661 1758 Deo,
691 1701 746 1751 et
770 1694 930 1750 bonis
961 1694 1272 1750 hominibus
1299 1696 1645 1765 placiturum.
1678 1696 1833 1752 Vale.

848 1786 1181 1845 EPISTOLA
1221 1787 1329 1842 Clll
1368 1787 1537 1861 [olim.
1574 1787 1762 1862 LXV].

1126 1882 1306 1955 (Anno
1329 1883 1514 1952 1027.)
1641 1894 1644 1896 ⁷

523 1973 876 2030 Dilectissimo
900 1976 1201 2044 coepiscopo
1245 1993 1342 2029 suo
1375 1977 1649 2032 Ooocmco
1676 1977 2020 2046 Fontanus,
2053 1994 2117 2033 ea:

870 2048 1048 2100 animo
1070 2048 1324 2118 quidquid
1355 2065 1507 2102 verus
1542 2050 1763 2104 anticus.

594 2137 836 2195 Primum
866 2145 1070 2211 gratias
1099 2157 1221 2212 ago,
1272 2141 1628 2207 eharissime,
1671 2145 1814 2212 quod
1862 2143 2020 2199 nobis
2050 2145 2117 2202 ad

523 2231 814 2287 concilium
862 2242 917 2287 et
952 2235 1270 2289 comitatum
1314 2242 1368 2287 et
1415 2233 1732 2303 obsequium
1765 2233 2114 2304 pollicemini.

525 2322 676 2392 Quod
710 2323 836 2378 dum
869 2323 1072 2387 facitis,
1116 2325 1352 2396 ingenita
1393 2327 1728 2394 benignitate
1767 2337 1946 2381 vestra
1976 2327 2116 2380 mul-

525 2426 639 2469 tum
695 2430 794 2470 nos
847 2415 1095 2471 hilaratis
1142 2434 1156 2471 :
1209 2425 1265 2471 et
1308 2416 1464 2473 nobis
1519 2417 1735 2486 quidem
1785 2418 2115 2474 desiderium

523 2515 671 2561 esset
708 2519 1006 2561 memorato
1035 2508 1266 2562 concilio
1303 2509 1587 2573 interesse,
1641 2510 1784 2564 sicut
1827 2511 1992 2564 etiam
2020 2499 2124 2566 ve?

524 2598 750 2653 uerabili
778 2600 1186 2670 archiepiscopo
1211 2610 1400 2655 nostro
1422 2601 1744 2655 Leutherico
1767 2602 1818 2655 itt
1843 2602 2117 2657 audientia

524 2698 703 2745 vestra
759 2707 859 2746 nos
910 2693 1114 2747 dixisse
1155 2694 1522 2758 meminimus,
1560 2695 1653 2748 sed
1687 2693 2025 2749 diﬁieultatcs
2050 2709 2117 2750 ex

529 2783 737 2836 malitia
791 2783 951 2848 hujus
1001 2787 1264 2856 temporis
1311 2788 1519 2841 oborta:
1571 2803 1678 2840 non
1732 2788 2118 2856 sinunt.de

525 2874 690 2927 etiam
721 2890 817 2930 vos
850 2876 920 2930 illi
955 2887 1140 2931 notum
1189 2877 1368 2933 facere
1408 2895 1712 2948 precamur,
1741 2897 1808 2938 ne
1837 2881 1906 2938 sit
1935 2891 2118 2938 nostra

524 2967 934 3033 exspectatione
963 2984 1276 3038 suspensus.
1303 2970 1570 3025 Czetcrnm
1603 2973 1925 3041 exoptabilis
1954 2974 2119 3028 collo-

527 3057 640 3126 quii
671 3060 833 3113 vestri
865 3062 1325 3130 opportunitatem
1357 3063 1408 3117 in
1431 3080 1671 3134 przeseus
1698 3081 1802 3119 non
1835 3067 2117 3134 habemus,

527 3150 630 3203 nisi
657 3151 795 3208 forte
828 3155 980 3210 vobis
1027 3153 1383 3222 Novigentum
1430 3157 1691 3213 placuerit
1736 3159 2117 3230 prepinquare.

531 3241 680 3299 νὼ
867 3318 1201 3374 EPISTOLA
1238 3320 1348 3375 etv
1380 3321 1528 3394 [olim
1569 3322 1775 3395 [θίγῃ.

1007 3411 1195 3480 (Circa
1225 3430 1426 3467 aumun
1460 3415 1639 3485 1027.)

925 3505 1131 3560 Di’rrto
1161 3524 1257 3560 suo
1284 3506 1347 3561 Ο.
1381 3507 1717 3584 Fumantes.

599 3592 751 3661 Quod
782 3595 935 3650 vobis
979 3595 1129 3662 olim,
1163 3598 1506 3661 charissima,
1534 3615 1630 3668 per
1663 3599 2001 3654 veredarium
2027 3617 2117 3656 ve-

526 3695 699 3740 strum
747 3684 960 3742 litteras
990 3703 1094 3742 non
1146 3689 1360 3752 remisi,
1404 3689 1456 3744 id
1498 3705 1676 3744 causze
1717 3689 1816 3743 luit
1862 3690 1986 3759 quia
2022 3707 2116 3746 vos

527 3780 928 3849 quamprimum
963 3780 1138 3836 visere
1189 3781 1551 3843 destinabam,
1586 3783 1744 3851 idque
1767 3782 1867 3837 etsi
1893 3783 1982 3836 diu
2007 3783 2118 3837 dis-

531 3861 651 3933 tuli,
687 3869 998 3924 desiderare
1023 3887 1127 3926 non
1174 3870 1380 3925 destiti.
1424 3871 1529 3926 Sed
1578 3872 1792 3927 interim
1834 3887 1932 3928 vos
1973 3873 2116 3929 scire

528 3957 650 4008 vnlu
672 3959 814 4026 quod
845 3959 1032 4028 utique
1054 3960 1190 4014 velle
1221 3961 1335 4016 scio
1367 3979 1380 4014 :
1411 3977 1496 4015 me
1531 3963 1742 4017 scilicet
1770 3963 1836 4016 ad
1877 3978 2116 4032 prtesens

530 4047 621 4102 Del
650 4049 823 4120 gratia
853 4050 990 4106 bene
1019 4051 1200 4106 valere
1228 4055 1423 4108 vestris
1449 4054 1727 4123 obsequiis
1756 4054 2117 4123 spiritualiter

530 4137 821 4195 instantem
854 4143 1214 4211 corporaliter
1239 4155 1584 4214 apparatum,
1621 4147 1763 4202 sicut
1787 4161 1947 4203 nemo
1985 4147 2114 4204 ﬁde-

529 4231 655 4296 lius,
685 4241 910 4302 excepto
961 4235 1050 4290 illo
1105 4246 1294 4292 sancto
1338 4237 1727 4293 monachorum
1785 4238 2112 4309 archangelo

528 4321 776 4389 0diloue,
805 4325 891 4380 cui
926 4340 1012 4381 me
1049 4327 1102 4382 in
1147 4327 1294 4382 nullo
1330 4343 1647 4400 comparare
1687 4346 1976 4400 prmsumo.
2006 4331 2112 4386 Cu-

522 4414 612 4484 jus
654 4416 818 4472 etiam
853 4419 1091 4476 eharitas
1129 4420 1174 4476 si
1205 4423 1436 4491 qualiter
1475 4422 1671 4479 alliciat
1698 4425 1935 4478 animam
1962 4435 2110 4480 tuam

1589 389 1649 442 ε..
1676 382 2019 444 FULBERTI
2054 381 2328 436 (SARMH
2343 381 2536 436 bNSlS
2579 380 2878 438 EPISCOPI

2138 497 2185 554 Α

2143 1843 2191 1904 Β

3696 377 3813 432 25‘!

2534 492 2873 549 EPISTOLA
2907 490 2994 548 CV
3031 447 3180 566 [olint
3216 496 3445 570 LXVII].

2689 585 2880 656 (Circa
2915 601 3116 640 annum
3143 586 3323 658 1027.)

2225 673 2522 730 Venerabili
2565 675 2715 730 Patri
2755 694 2849 730 suo
2891 677 3146 744 ODILONI,
3188 679 3506 738 Fumea-ws
3549 688 3813 744 sacerdos

2287 763 2390 798 non
2432 749 2604 800 meriti
2649 749 2991 827 conﬁdentia,
3030 751 3123 827 sed
3166 753 3371 820 pietatis
3425 754 3639 824 a/I’eclu,
3662 775 3791 827 pra

2285 829 2548 884 sumptum
2578 821 2830 874 orationis
2859 821 3194 890 stt/fragium.

2288 907 2538 975 Magnum
2588 909 2716 962 mihi
2767 909 3094 967 desiderium
3136 910 3254 975 l'uit,
3296 925 3349 974 et
3375 915 3550 972 adhuc
3578 933 3804 986 qmuem

2215 1008 2300 1053 est
2344 999 2411 1052 ad
2450 1015 2544 1054 vos
2587 1001 2858 1066 veniendi,
2906 1002 3000 1055 sed
3045 1002 3250 1058 obortae
3296 1021 3466 1076 nuper
3512 1007 3562 1060 in
3615 1017 3809 1061 nostro

2215 1089 2528 1158 episcopatu
2595 1089 2996 1145 dissensionmn
3048 1108 3225 1149 causa:
3301 1097 3630 1165 pmpositum
3700 1098 3810 1152 iter

2215 1178 2466 1247 omittere
2507 1188 2822 1251 coegerunt.
2881 1180 3034 1248 Quod
3080 1182 3232 1238 vobis
3273 1187 3671 1255 quamprimum
3718 1188 3812 1243 bis

2217 1269 2462 1339 pauculis
2499 1272 2744 1340 apicibus
2789 1272 3097 1344 signiﬁcare
3139 1275 3343 1338 curavi,
3392 1293 3459 1332 ne
3497 1278 3812 1336 sublimitas

2217 1374 2396 1418 vestra
2425 1364 2495 1418 sit
2529 1365 2594 1418 ad
2635 1381 2874 1433 pnesens
2901 1366 2967 1422 de
3010 1383 3144 1430 mea:
3175 1368 3485 1439 pusillitatis
3527 1382 3813 1440 exspecta-

2219 1457 2362 1511 tione
2393 1473 2676 1527 suspensa.
2721 1457 2941 1512 Veniam
2973 1469 3154 1514 autem
3185 1460 3473 1530 aliquando
3511 1461 3556 1515 si
3592 1461 3815 1516 licuerit

2217 1552 2284 1604 ad
2309 1565 2426 1614 vos,
2457 1565 2593 1618 quos
2628 1565 2750 1603 vere
2787 1550 3055 1604 inhabitat
3077 1548 3312 1620 Spiritus
3338 1563 3580 1614 sanctus,
3613 1552 3812 1606 consi-

2219 1641 2348 1696 lium
2378 1641 2544 1696 divini
2567 1640 2770 1695 oraculi
2794 1642 3076 1710 petiturus.
3108 1640 3297 1698 Valete
3325 1643 3377 1698 iu
3405 1643 3630 1698 Domino
3659 1657 3815 1698 sem-

2219 1750 2335 1805 per,
2367 1734 2558 1788 iterum
2590 1733 2712 1788 dico
2739 1733 2937 1791 valete.

2534 1843 2865 1902 EPISTOLA
2891 1845 3000 1901 ενι
3029 1845 3176 1919 [olim
3202 1846 3452 1920 vaut].

2693 1938 2884 2011 (Circa
2911 1955 3111 1994 annum
3145 1940 3326 2011 1027.)

2221 2030 2518 2086 Prudenter
2543 2041 2591 2088 et
2613 2031 2866 2102 prteclare
2893 2033 3174 2102 magni/iro
3210 2031 3359 2088 Patri
3390 2031 3456 2089 Ο.
3487 2030 3819 2092 Fuuss'rtts

2937 2121 3086 2158 suus.

2293 2215 2361 2272 Ut
2387 2217 2456 2272 ab
2483 2218 2589 2272 alio
2619 2217 2917 2273 liberaliter
2943 2227 3216 2289 acceptus,
3250 2218 3330 2274 sic
3352 2233 3496 2273 nunc
3515 2232 3649 2288 quas
3678 2233 3821 2287 ope-

2219 2327 2280 2367 re
2319 2327 2552 2382 nequeo,
2585 2313 2780 2368 all'ectu
2809 2312 3000 2366 saltem
3028 2312 3233 2384 gratias
3273 2327 3640 2383 recompenso.
3689 2311 3817 2366 Tali

2219 2403 2364 2456 enim
2399 2411 2656 2472 apparatu
2694 2403 2746 2456 in
2787 2401 3014 2473 epistola
3058 2411 3147 2455 tua
3197 2401 3450 2472 dignatus
3483 2417 3624 2467 sum,
3657 2401 3814 2471 quali

2220 2512 2327 2550 non
2363 2495 2609 2550 festivior
2629 2505 2976 2564 exspectetur
3004 2495 3055 2548 in
3093 2494 3298 2550 ferculo
3327 2493 3629 2549 Salomonis
3663 2495 3819 2548 inter

2221 2603 2422 2659 organa
2444 2596 2649 2650 vatum,
2673 2599 2727 2642 et
2744 2588 2999 2642 ardentes
3021 2586 3365 2641 cincendetas
3389 2585 3650 2654 virginum
3668 2583 3815 2655 (46).

2218 2681 2532 2751 Angelicum
2569 2681 2699 2739 mihi
2736 2695 2932 2733 manna
2974 2679 3202 2749 posuisti
3256 2694 3360 2732 non
3411 2678 3526 2732 sine
3575 2679 3817 2748 mystica

2221 2771 2356 2840 dape
2401 2771 2773 2826 columbarum
2805 2785 2871 2824 ac
2913 2778 3204 2824 turturum.
3241 2767 3570 2838 Propinabas
3597 2767 3816 2824 interea

2221 2861 2504 2915 charitatis
2529 2857 2732 2916 nectar.
2759 2861 2876 2928 Quo
2915 2861 3190 2914 inhianter
3213 2861 3408 2914 hausto
3435 2867 3491 2913 et
3518 2859 3584 2913 ad
3621 2857 3816 2914 cordis

2185 2991 2188 2994 ~
2222 2955 2478 3010 interiora
2506 2957 2846 3020 transmisso,
2871 2956 2914 3010 si
2944 2972 3048 3010 non
3074 2955 3385 3026 pmphetice
3416 2965 3474 3010 ut
3495 2954 3663 3010 David
3691 2970 3818 3009 ver-

2224 3049 2348 3102 bum
2377 3049 2598 3111 bonum,
2638 3049 2961 3118 panegyrice
2991 3057 3169 3102 tamen
3201 3057 3260 3101 ut
3286 3047 3366 3113 ﬁt,
3399 3056 3456 3102 et
3481 3047 3816 3117 imprecatu-

2224 3140 2303 3194 rie
2349 3139 2488 3195 sicut
2533 3139 2642 3193 ﬁlio
2698 3140 3030 3195 relocillatus
3078 3139 3260 3202 Israel,
3317 3139 3414 3194 tibi
3467 3139 3614 3194 Patri
3666 3139 3819 3195 ﬁlius

2221 3240 2469 3284 eructare
2497 3230 2820 3300 gaudebam.
2848 3230 3077 3285 Paterna
3107 3231 3301 3286 deinde
3323 3247 3450 3286 cura
3487 3229 3813 3300 signiﬁcasti

2225 3331 2272 3376 te
2304 3337 2435 3376 mea:
2482 3323 2806 3378 valetudinis
2863 3324 3106 3378 habitum
3158 3324 3433 3394 sagaciter
3468 3323 3812 3394 explorasse,

2219 3420 2381 3481 atque
2410 3413 2498 3467 ubi
2529 3414 2705 3468 vitalis
2727 3414 2876 3468 calor
2899 3414 3114 3485 aliquod
3143 3416 3195 3469 in
3224 3431 3310 3470 me
3335 3415 3498 3470 dabat
3527 3415 3814 3484 sospitatis

2221 3505 2479 3558 indicium
2510 3506 2792 3574 gratulari,
2833 3506 3017 3561 dolere
3059 3506 3232 3562 morbi
3275 3507 3488 3578 signum
3517 3515 3573 3561 et
3619 3507 3814 3562 formi-

2218 3593 2350 3648 dare
2388 3595 2709 3664 periculum.
2768 3594 2876 3650 Nec
2927 3611 3054 3656 vero
3107 3597 3323 3651 tandem
3365 3596 3676 3666 benignitas
3717 3608 3812 3651 tua

2220 3685 2428 3756 plagam
2477 3701 2652 3741 meam
2691 3686 3000 3756 relinquere
3037 3703 3192 3757 passa
3240 3697 3324 3742 est
3368 3701 3480 3742 suae
3505 3687 3811 3742 curationis

2217 3785 2514 3842 exsortem,
2565 3778 2696 3846 quin
2728 3785 2846 3832 arte
2884 3777 3067 3831 divina
3120 3777 3450 3832 mirabiliter.
3475 3791 3606 3831 usus
3636 3775 3813 3846 liquo?

2221 3884 2332 3920 rem
2362 3866 2649 3936 quemdam
2677 3868 2850 3922 instar
2883 3867 2991 3920 vini
3030 3867 3198 3921 Samii
3237 3868 3387 3937 prius
3413 3865 3684 3931 infudisti,
3719 3866 3811 3936 qui

2219 3959 2540 4029 indigestum
2587 3959 2868 4014 humorem
2921 3968 3271 4030 excoqueret,
3328 3959 3526 4014 dehinc
3567 3958 3808 4016 alterum

2217 4051 2359 4104 olivo
2405 4051 2757 4122 persimilem,
2808 4067 2918 4120 quo
2955 4059 3102 4106 totus
3143 4050 3368 4106 omnino
3416 4061 3598 4105 tumor
3640 4059 3812 4121 atque

2216 4143 2369 4198 dolor
2414 4143 2691 4212 mitigatus
2735 4142 3073 4197 abscederet.
3102 4140 3260 4196 Nune
3285 4156 3416 4211 ergo
3447 4149 3536 4194 tua
3581 4150 3813 4196 curatus

2217 4235 2500 4303 industria,
2531 4236 2640 4290 tuis
2665 4234 2840 4307 epulis
2861 4245 3162 4301 recreatus,
3190 4235 3411 4306 dignum
3433 4232 3575 4288 duco
3605 4243 3665 4288 ut
3689 4249 3811 4288 09h

2216 4343 2312 4382 nes
2341 4343 2472 4382 mem
2513 4327 2660 4383 vires
2700 4336 2805 4382 tua:
2831 4326 3130 4383 voluntatis
3167 4341 3386 4396 semper
3417 4325 3810 4381 adminiculan-

2216 4429 2304 4474 lur
2331 4419 2566 4476 ell‘ectui.
2597 4419 2708 4476 Nec
2737 4419 3082 4490 aliquatenus
3106 4436 3137 4474 a
3169 4431 3260 4475 tua
3295 4419 3565 4475 sententia
3601 4420 3809 4474 discre-

529 4509 816 4580 aggrediar
841 4511 1040 4573 dicere,
1081 4513 1285 4581 deﬁcit,
1334 4531 1402 4571 tte
1431 4533 1542 4573 rem
1569 4518 1985 4573 inenarrabilem
2030 4519 2110 4573 vi-
2137 4546 2186 4607 ο
2214 4520 2396 4580 patum
2427 4511 2507 4565 ire
2533 4519 2734 4576 statuo,
2763 4525 2885 4581 quae
2910 4517 2960 4566 te
2987 4525 3110 4566 cum
3144 4510 3373 4564 Domtno
3400 4521 3664 4580 quantum
3707 4510 3808 4563 lto-

528 4600 662 4655 dear
689 4602 828 4659 velle
856 4620 1099 4660 narrare.
1128 4605 1288 4662 Plura
1315 4625 1398 4662 me
1425 4610 1664 4664 scribere
1690 4610 1966 4682 prohibuit
1999 4618 2108 4666 tam

528 4693 803 4764 tnttltiplex
843 4697 1179 4766 negotiorum
1215 4702 1520 4769 occupatio,
1562 4718 1726 4772 quam
1757 4703 1918 4758 etiam
1965 4702 2114 4774 lega-

527 4794 612 4837 tus
642 4802 918 4843 tuorarum
943 4790 1248 4861 impatiens.
1275 4792 1380 4848 Sed
1404 4795 1505 4850 hoc
1531 4811 1695 4849 unum
1727 4796 1941 4849 tandem
1968 4796 2108 4864 apud

526 4888 762 4932 vestram
813 4879 1203 4952 benignitatem
1254 4885 1538 4953 deprecor,
1583 4895 1641 4938 ut
1690 4901 1810 4939 eum
1861 4897 2107 4939 nostrum

526 4969 906 5040 archangelum
954 4973 1071 5027 vice
1102 4985 1288 5028 nostra
1328 4976 1713 5041 salutaveritis,
1748 4991 1869 5030 cum
1899 4976 2107 5046 simpli-

527 5060 690 5118 (itate
735 5065 1037 5121 monastira
1089 5065 1417 5121 hilaritatem
1464 5068 1764 5139 angelicam
1799 5084 1918 5136 qum
1958 5069 2110 5124 vobis

524 5163 722 5222 praesto
743 5167 824 5212 est
852 5158 1112 5214 induatis.
1145 5159 1334 5214 Valete
1359 5175 1616 5230 prospere
1642 5161 1695 5214 in
1723 5160 1922 5215 virtute
1953 5160 2067 5215 Dei.

526 5266 708 5346 .__(.l5)
750 5267 1021 5346 Successit
1052 5273 1287 5346 Roherto
1315 5274 1423 5345 regi
1459 5273 1725 5330 lleuricus
1750 5274 1912 5339 ﬁlius,
1946 5289 2107 5346 quem

523 5335 908 5418 illenmoriens
956 5343 1223 5418 barredem
1283 5335 1655 5418 nuticuparat,
1694 5356 1773 5418 ut
1803 5335 2106 5418 AllOlltilllllS

522 5407 790 5488 scribunt,
841 5411 1100 5488 minorem
1122 5414 1320 5488 ﬁlium.
1360 5407 1494 5470 Huic
1535 5416 2105 5488 consilioConstatttia

526 5480 713 5555 regina
740 5480 988 5555 obstabat
1037 5493 1091 5537 et
1122 5484 1412 5555 liobertum
1445 5487 1673 5542 alterum
1725 5487 1890 5540 ﬁlium
1925 5502 2102 5555 regem

521 5549 836 5629 salutabat._
871 5551 1094 5622 Odoque
1141 5554 1450 5629 Campania:
1505 5567 1558 5611 et
1613 5557 1904 5610 Baldninus
1939 5549 2103 5609 Flau-

520 5619 666 5697 (11*ἰίιξΔ
698 5621 948 5697 comites,
981 5619 1044 5697 ate
1080 5641 1184 5678 non
1215 5619 1369 5696 pauci
1413 5629 1671 5697 p'r:eterea
1725 5643 1830 5680 non
1862 5639 2104 5681 contem-

523 5693 716 5746 nenda:
755 5693 1052 5748 nobilitatis
1107 5697 1159 5750 in
1196 5693 1362 5752 armis
1411 5693 1656 5752 aderant.
1703 5697 1941 5751 Tandem
1993 5697 2102 5750 llo-

522 5762 710 5844 liertus
743 5765 866 5844 jure
893 5767 1034 5837 regis
1059 5768 1253 5844 cedere
1281 5779 1523 5844 coactus,
1557 5769 2101 5844 dueatu_Bn_rgu_ndi_:e

519 5833 856 5893 nobilissimo
883 5833 1391 5910 ac'opulentissimo
1421 5850 1726 5898 contentus.
1746 5833 2098 5894 Pattl.'zEntil.

2214 4604 2345 4658 mini
2377 4605 2556 4669 datur,
2607 4605 2752 4658 idem
2785 4603 2921 4659 velle
2964 4612 3129 4672 atque
3170 4603 3314 4658 nolle
3350 4601 3585 4656 conﬁdo.
3636 4599 3807 4655 Decet

2215 4696 2417 4766 itaque,
2448 4695 2626 4762 Pater,
2667 4704 2725 4749 ut
2762 4704 2814 4749 tu
2849 4711 3065 4765 quoque
3094 4695 3334 4750 vicissim
3371 4707 3457 4748 me
3495 4703 3644 4747 tuum
3686 4708 3805 4746 ser-

2213 4787 2393 4843 vulum
2427 4792 2493 4842 de
2515 4797 2566 4842 te
2595 4791 2942 4857 pendentem,
2974 4798 3134 4856 teque
3158 4803 3262 4842 non
3287 4786 3406 4841 sine
3436 4800 3629 4855 magna
3663 4784 3806 4838 ﬁdu-

2213 4879 2295 4933 cia
2343 4887 2758 4948 respectantem,
2833 4877 3003 4933 sacris
3039 4876 3523 4932 intercessionibus
3550 4875 3799 4943 adiuves.

2213 4972 2344 5027 Sum
2375 4972 2520 5026 enim
2550 4969 2703 5024 valde
2739 4969 3064 5024 miserabilis
3087 4969 3268 5031 homo,
3298 4968 3390 5038 qui
3421 4983 3543 5022 eum
3573 4967 3640 5022 ad
3674 4982 3805 5037 pro-

2214 5071 2384 5138 priam
2433 5083 2536 5122 non
2588 5068 2912 5128 sullicerem,
2955 5068 3021 5120 ad
3068 5066 3337 5132 publicam
3376 5081 3562 5121 curam
3611 5065 3802 5120 nescio

2212 5175 2314 5227 qua
2344 5176 2436 5213 seu
2475 5159 2704 5225 ratione,
2736 5173 2828 5212 seu
2872 5158 3175 5213 temeritate
3211 5158 3510 5228 perductus
3548 5173 3696 5225 sum,
3724 5157 3802 5211 id-

2213 5271 2263 5326 in
2294 5270 2412 5324 Vita
2443 5271 2679 5325 Ilenrici.

2282 5340 2394 5412 (46)
2437 5342 2584 5394 Inter
2609 5357 2808 5410 organa
2858 5353 3051 5403 ratum,
3094 5351 3141 5394 et
3189 5342 3431 5396 ardentes
3461 5341 3799 5412 cincendelas

2210 5413 2486 5479 virginum.
2514 5413 2605 5466 Sic
2637 5413 2865 5465 habetur
2890 5412 2940 5464 in
2973 5422 3159 5468 nostro
3185 5427 3286 5466 ms.
3321 5422 3374 5466 et
3405 5415 3456 5466 in
3482 5427 3566 5466 ms
3598 5411 3662 5466 1).
3699 5412 3801 5466 Pa-

2210 5484 2339 5538 tavii
2367 5483 2466 5537 viri
2494 5499 2647 5539 cons.
2676 5491 2732 5535 et
2764 5482 3086 5545 doctissimi,
3118 5485 3168 5535 in
3197 5482 3481 5537 Catholieo
3528 5481 3795 5537 Januensi

2209 5554 2287 5608 sic
2332 5554 2764 5622 interpretatur:
2823 5570 2841 5602 ι
2881 5549 3195 5606 Cinrendelu
3241 5569 3270 5606 a
3311 5555 3529 5615 candeo,
3575 5555 3795 5618 condes,

2208 5626 2407 5679 dicitur
2432 5643 2444 5678 :
2478 5623 2673 5692 infula,
2698 5638 2865 5692 genus
2891 5623 3242 5677 scrabronum
3275 5626 3417 5693 quod
3449 5624 3638 5677 volans
3666 5641 3790 5676 cau-

2209 5698 2363 5760 deat;
2405 5695 2736 5749 cicendulnm
2784 5695 3121 5765 poniturpro
3160 5694 3410 5759 candela,
3439 5711 3562 5749 nam
3593 5695 3798 5750 dicitur

2207 5786 2235 5824 a
2267 5768 2483 5823 caudeo.
2515 5787 2530 5818 ι
