3974 5374
146 345 261 406 22.3

146 553 291 613 mihi
339 552 474 609 facit
503 551 718 608 consilii
769 560 934 605 atoue
987 550 1174 605 auxilii
1213 547 1515 610 debitorem
1568 548 1659 618 qui
1714 559 1770 604 te

147 658 401 700 suasore
427 658 535 705 non
567 641 761 701 desero
790 642 936 695 hunc
970 639 1235 695 laborem.
1268 639 1419 695 Vale.

509 730 846 789 EPISTOLA
888 731 1020 787 CVll
1047 730 1193 803 [olim
1228 729 1440 803 LXIX].

146 823 522 880 Sanctissimo
569 833 724 894 atque
755 822 1094 894 dilectissimo
1134 820 1289 875 Patri
1444 820 1768 894 FuLatznrt's

402 894 621 948 humilis
638 892 917 958 sacerdos,
944 892 1200 946 orationis
1229 892 1567 962 stt/fragium.

225 987 499 1059 Volebam
529 986 683 1041 vobis
710 1000 1018 1048 occurrere,
1043 985 1227 1050 Pater,
1275 995 1331 1039 ut
1381 982 1630 1045 mandavi
1674 999 1769 1052 per

148 1076 219 1131 Β.
258 1079 557 1141 diaconem
589 1092 809 1131 meum:
852 1076 946 1131 sed
993 1075 1278 1131 domestici
1320 1077 1421 1129 inci
1470 1089 1607 1140 novo
1634 1089 1769 1144 quo-

148 1171 287 1233 dam
322 1185 545 1225 rumore
569 1169 823 1240 permoti,
851 1184 951 1224 nec
979 1184 1064 1224 me
1095 1169 1199 1224 iter
1228 1167 1293 1222 ad
1326 1183 1562 1238 praesens
1583 1181 1769 1238 agere,

149 1274 259 1313 nec
290 1275 356 1315 se
389 1258 607 1315 itineris
631 1260 736 1314 mei
772 1258 890 1314 fore
916 1260 1146 1315 comites
1177 1260 1553 1331 acquiescant,
1597 1259 1773 1315 donec

153 1351 339 1406 tutius
369 1350 422 1406 id
453 1350 570 1404 fieri
600 1366 758 1419 posse
787 1353 1145 1420 perpendam.

441 1444 740 1503 PlS'l‘OLA
778 1445 955 1500 cvtn.
997 1443 1147 1517 [olim
1188 1443 1551 1517 LXXXXVI].

770 1534 950 1607 (Anno
986 1535 1173 1605 4027.)

155 1624 296 1699 Regi
322 1627 573 1695 sacerdos
595 1627 875 1695 Romam,
909 1627 1251 1692 Fucnznrus,
1277 1626 1450 1697 ﬁdelis
1475 1638 1522 1682 et
1546 1642 1770 1699 pronus.

172 1803 181 1809 ᾗ
228 1742 477 1810 Accepta
518 1739 795 1809 legatione
840 1748 1022 1794 vestra
1077 1752 1173 1809 per
1216 1738 1281 1797 Β.
1337 1748 1542 1797 sanctae
1574 1736 1771 1793 Crucis

64 1819 73 1826 ’
158 1843 512 1898 φροιιοιιιιιηι
563 1828 935 1894 destinatum,
996 1828 1494 1899 peregrinationem
1568 1826 1728 1883 iterm

164 1920 463 1977 intermisi.
499 1919 657 1974 Nunc
679 1919 808 1991 quid
825 1935 910 1976 me
934 1920 1064 1975 velit
1086 1920 1356 1976 serenitas
1378 1930 1467 1976 tua
1493 1919 1772 1995 colloquio

163 2015 366 2085 magis,
393 2015 439 2069 si
477 2012 596 2069 fieri
629 2014 821 2084 possit,
871 2030 1034 2086 quam
1073 2014 1268 2086 legatis
1316 2022 1411 2069 aut
1439 2013 1639 2071 litteris
1668 2031 1768 2070 cu-

161 2105 318 2173 piam
346 2104 594 2159 edoceri.
652 2104 907 2160 Venircm
936 2113 1119 2167 autem
1153 2105 1267 2175 ipse
1298 2106 1545 2175 protinus
1567 2105 1635 2160 ad
1673 2121 1768 2161 vos

161 2193 334 2269 hujus
356 2196 435 2251 rei
468 2196 673 2268 gratia,
706 2197 753 2250 si
782 2197 1066 2253 commode
1096 2212 1334 2269 possem,
1362 2199 1455 2254 sed
1486 2199 1671 2255 venire
1713 2198 1768 2253 in

174 2286 354 2342 armis
375 2302 595 2342 sacrum
629 2296 842 2358 tempus
865 2289 1056 2344 abnuit
1077 2304 1143 2345 ac
1171 2288 1361 2360 religio
1399 2289 1569 2345 nostri
1623 2288 1772 2343 ordi-

166 2377 280 2438 nis.
312 2375 511 2432 Venire
535 2377 798 2440 inermes,
823 2378 981 2451 longa
1012 2379 1098 2433 via
1127 2379 1531 2444 intermittatur,
1568 2393 1632 2432 ac
1658 2394 1771 2432 nta-

166 2468 286 2537 ljtia
306 2468 604 2525 surcularis.
630 2468 729 2523 Est
749 2470 895 2525 enim
930 2471 1061 2525 mihi
1087 2470 1150 2527 Ο.
1182 2471 1406 2527 coluber
1432 2471 1484 2526 iu
1517 2471 1602 2525 via
1629 2471 1766 2542 (t7),

168 2559 239 2634 Β.
279 2574 520 2618 cerastes
559 2563 617 2618 in
649 2564 869 2619 semita.
910 2563 1178 2625 Czcterum
1230 2579 1297 2620 ex
1328 2563 1554 2619 arbitrio
1590 2573 1771 2621 vestro

176 2656 440 2727 pendeat,
464 2657 665 2712 amndo
693 2672 801 2727 quo
828 2668 984 2728 pacto
1015 2657 1350 2715 voluntatem
1378 2665 1613 2713 vestram
1637 2656 1772 2712 mihi

173 2745 386 2815 placeat
430 2747 701 2810 indicare,
758 2748 1016 2818 quoniam
1058 2748 1200 2819 apud
1233 2762 1320 2801 me
1368 2745 1650 2801 definitum
1679 2760 1773 2802 vo-

174 2838 365 2897 luntati
415 2847 639 2911 vestrm,
680 2854 800 2908 quae
838 2838 993 2894 vobis
1031 2852 1140 2894 non
1199 2845 1414 2904 noceat,
1453 2836 1771 2899 convenire.

175 2926 362 2989 Valete
389 2930 655 3002 regaliter
682 2930 819 2999 (48).

539 3019 883 3076 EPISTOLA
912 3018 1026 3076 CIX
1050 3019 1208 3092 [olim
1233 3018 1341 3075 CVI
1362 3018 1405 3091 1.

645 3098 826 3181 (Circa
856 3127 1060 3165 annum
1098 3111 1281 3179 1027.)

178 3205 527 3278 piiectissimo
560 3204 896 3278 dominorsuo
930 3202 1218 3260 FULBEBTO
1241 3204 1491 3278 episcopo
1521 3201 1609 3267 ιι.,
1661 3201 1776 3272 ejus

245 3277 419 3344 ﬁdelis
440 3279 605 3345 juxta
638 3273 857 3328 Domini
885 3288 1227 3345 praceptum,
1266 3275 1619 3342 serpentinum
1650 3289 1778 3344 pru-

245 3348 479 3401 dentiam
512 3345 817 3413 columbino
838 3344 1175 3413 simplicitate
1204 3345 1482 3415 prwditam

248 3436 403 3503 Quod
433 3446 545 3499 tuo,
578 3435 895 3490 beatissime
916 3433 1105 3503 Pater,
1123 3433 1464 3504 aliorumque
1485 3433 1778 3489 multorum

179 3528 351 3585 relatu
382 3543 760 3600 perceperant,
792 3527 842 3582 id
874 3528 1047 3599 ipsum
1077 3542 1269 3597 nuper,
1292 3526 1513 3581 domino
1538 3525 1778 3581 Berardo

183 3619 498 3674 Suessionis
520 3619 781 3689 episcOpo
816 3618 1110 3682 referente,
1146 3618 1374 3687 cngnovi
1397 3635 1410 3672 :
1436 3617 1646 3672 scilicet
1688 3616 1773 3672 in-

179 3710 420 3779 currisse
448 3719 502 3765 te
526 3692 909 3781 gravissimum
935 3708 1134 3779 reginae
1160 3708 1347 3763 odium
1373 3707 1647 3763 faventem
1681 3722 1779 3779 po-

181 3799 290 3871 tius
329 3800 531 3855 marito
554 3813 677 3864 suo,
705 3799 773 3853 de
817 3798 1201 3855 constituendo
1231 3814 1362 3870 rege
1400 3797 1604 3867 majore
1645 3798 1776 3866 filio,

179 3903 343 3959 quem
374 3890 563 3945 dicunt
602 3888 982 3944 simulatorem
1009 3904 1155 3955 esse,
1186 3904 1430 3961 segnem,
1456 3891 1698 3958 mallent,
1721 3892 1776 3947 in

180 3981 504 4050 negligenda
543 3979 667 4050 jure
722 3981 1170 4051 patrissaturum,
1220 3981 1377 4036 fratri
1432 3997 1532 4037 suo
1572 3980 1778 4051 juniori

179 4070 545 4147 attribuentes
567 4071 651 4125 his
671 4071 965 4127 contraria.
980 4069 1063 4126 Te
1083 4085 1300 4141 quoque
1326 4071 1550 4142 plurimi
1568 4086 1779 4142 episco-

181 4177 376 4234 porum
437 4165 691 4218 mordent
735 4162 1045 4218 clanculum
1100 4164 1185 4218 vel
1231 4163 1301 4218 ab
1329 4164 1412 4220 eis
1453 4180 1520 4219 ac
1566 4164 1780 4220 caeteris

181 4244 336 4323 quasi
361 4252 613 4323 quintum
648 4251 900 4307 malleum
940 4268 971 4306 a
1003 4261 1237 4322 quatuor
1271 4251 1649 4325 Pythagoricis
1680 4271 1779 4325 pro

179 4346 289 4422 bac
327 4359 493 4400 causa
532 4343 929 4399 dissonantem.
975 4343 1128 4400 Unde
1168 4353 1433 4415 quantum
1482 4361 1550 4401 ex
1598 4346 1780 4402 verbis

180 4436 479 4517 supradicti
524 4436 774 4508 prmsulis
816 4437 1048 4507 adverti,
1077 4438 1401 4494 sententiam
1430 4439 1780 4510 coepiscopo-

1606 343 1996 402 εριετοιίε.

143 477 257 529 que
289 468 453 516 certe
480 469 567 515 est
595 472 771 527 neque
813 455 1145 521 dissimules.
1187 456 1334 528 quod
1369 466 1420 514 te
1453 456 1767 527 specialiter
1793 463 1842 520 Α

3349 345 3457 402 ΞΜ

1943 455 2122 512 Insani
2151 470 2346 511 nomen
2372 471 2535 511 sanus
2555 456 2713 524 feret,
2743 473 2930 528 aequus
2952 458 3144 529 iniqui,

1945 545 2096 602 Ultra
2123 561 2285 616 quant
2315 549 2449 602 satis
2477 557 2581 614 cst,
2606 547 2865 603 virtutem
2890 549 2932 604 si
2958 559 3109 620 petat
3135 550 3330 620 ipsam.

1939 640 2202 696 Invidiam
2231 640 2400 696 nimio
2428 642 2575 698 cultu
2598 643 2774 697 vitare
2796 652 3072 697 memento
3100 668 3105 673 ο

1940 734 2069 801 Quae
2080 733 2123 787 si
2140 749 2243 787 non
2269 732 2433 798 laedit,
2451 741 2628 787 tamen
2653 734 2792 788 hanc
2808 733 3035 789 sufferre
3058 735 3457 791 tnolcstumest.

1939 824 2094 877 Adsit
2143 824 2241 877 tibi
2294 824 2346 878 in
2393 824 2647 879 omnibus
2698 824 2877 896 magni
2926 826 3139 881 consil-ii
3210 826 3454 897 angelus.

1870 916 1998 972 Mihi
2043 931 2260 989 quoque
2306 917 2506 972 tribuat
2536 917 2719 972 videre
2750 917 2944 973 faciem
2977 929 3121 974 tuam
3176 920 3459 974 desidera-

1873 1007 2156 1062 tissimam.
2192 1005 2249 1060 Si
2280 1006 2411 1076 quid
2437 1007 2576 1060 forte
2598 1006 2849 1061 insolenti
2886 1023 3112 1062 susurro
3136 1016 3312 1062 tecum
3335 1024 3455 1076 agn,

1872 1098 2106 1164 facilem,
2128 1114 2334 1169 quieso,
2358 1098 2499 1169 apud
2527 1107 2579 1154 te
2598 1099 2767 1153 veni:e
2804 1097 2982 1153 locum
3018 1099 3312 1164 obtineant.
3334 1114 3456 1155 cum

1870 1191 2046 1261 magis
2079 1205 2143 1245 es
2183 1199 2432 1260 prompta
2471 1189 2732 1244 fidelitate
2758 1204 2921 1271 quant
2962 1188 3209 1260 improba
3241 1189 3461 1244 temeri-

1873 1291 1982 1338 tate
2012 1281 2375 1354 peccaverint.

2225 1392 2563 1450 EPISTOLA
2588 1392 2680 1449 CX
2712 1391 2878 1463 [olim
2908 1389 3099 1464 CVII].

2332 1485 2513 1558 (Circa
2537 1498 2739 1539 annum
2776 1484 2957 1553 1027.)

1941 1599 2163 1659 Certum
2214 1609 2298 1658 est
2345 1600 2597 1657 omnibus
2644 1601 2734 1672 qui
2792 1599 3143 1655 fundamenta
3178 1599 3465 1657 catholica:

1873 1695 2128 1767 puritatis
2180 1703 2468 1760 noverunt,
2520 1694 2687 1749 totius
2727 1692 2988 1748 Ecclesiae
3023 1691 3352 1748 soliditatem
3405 1692 3461 1746 in

1733 1782 1842 1882 :8
1873 1802 2010 1858 pace
2031 1786 2353 1851 consistere,
2400 1793 2455 1841 ct
2502 1786 2715 1855 signum
2757 1783 2959 1840 Christi
3004 1782 3360 1855 discipulatus
3405 1782 3462 1837 in

1868 1877 2181 1934 dilectione.
2214 1877 2351 1933 Nam
2376 1878 2516 1931 sicut
2542 1877 2595 1931 in
2626 1875 2918 1948 Evangelia
2951 1876 3237 1931 Dominum
3259 1874 3466 1930 dixisse

1870 1966 2100 2040 legimus
2126 1984 2142 2024 :
2172 1968 2366 2024 Pacem
2395 1968 2631 2039 relinquo
2656 1969 2819 2033 vobis,
2854 1985 3033 2039 pacem
3061 1960 3231 2024 meam
3267 1969 3334 2023 do
3379 1985 3467 2024 vo-

1870 2059 1947 2114 bis
1972 2058 2154 2131 (Joan.
2188 2076 2301 2125 xw,
2353 2058 2488 2129 27);
2526 2067 2583 2114 et
2641 2059 2838 2114 iterum
2876 2057 2986 2113 ειη
3023 2060 3121 2113 ltoc
3156 2067 3471 2130 cognoscens

1871 2168 2047 2207 omnes
2063 2153 2190 2223 quia
2230 2152 2334 2206 mei
2350 2153 2475 2207 estis
2505 2152 2775 2222 discipuli,
2796 2152 2844 2206 si
2869 2152 3200 2207 dilectionem
3223 2153 3468 2207 habueri-

1871 2238 1936 2298 tis
1963 2245 2032 2297 ad
2056 2245 2274 2298 invicem
2300 2244 2483 2315 (Joan.
2516 2259 2639 2309 xm,
2667 2244 2790 2316 55);
2826 2244 2997 2315 liquet
3027 2260 3157 2316 ergo
3190 2245 3464 2300 neminem

1872 2336 1988 2392 fore
2013 2337 2218 2392 Christi
2245 2336 2592 2407 discipulum,
2620 2338 2722 2393 nisi
2762 2338 2917 2409 signo
2940 2336 3247 2392 dilectionis
3276 2351 3340 2390 ac
3370 2348 3467 2404 pan

1872 2430 1952 2486 cis
1974 2430 2137 2510 fuerit
2168 2430 2479 2500 insignitus.
2527 2430 2640 2487 lloc
2669 2446 2797 2487 vero
2825 2418 3163 2501 signaculum
3204 2444 3311 2484 non
3338 2426 3459 2481 adio

1872 2524 2124 2596 piscitur,
2150 2522 2253 2577 nisi
2282 2522 2350 2577 ab
2378 2522 2446 2577 iis
2472 2522 2525 2577 in
2567 2523 2764 2593 quibus
2801 2521 2963 2577 fuerit
3004 2522 3182 2575 unitas
3219 2519 3470 2574 volunta-
3517 2509 3521 2515 “

1875 2626 2010 2670 ιιιιιι.
2041 2613 2235 2670 Unitas
2264 2623 2445 2668 autem
2475 2612 2816 2668 voluntatum
2862 2612 3093 2667 inveniri
3133 2626 3237 2666 non
3266 2617 3464 2681 potest.

1873 2706 1977 2759 nisi
2003 2705 2055 2759 in
2082 2704 2169 2760 his
2194 2704 2286 2775 qui
2310 2720 2467 2759 suum
2495 2704 2630 2761 velle
2657 2713 2712 2760 et
2747 2704 2888 2760 nolle
2912 2705 2965 2759 in
2999 2705 3159 2759 unius
3192 2699 3469 2773 praepositi

1868 2796 2077 2867 judicio
2097 2796 2452 2851 constituunt.
2486 2794 2642 2853 Unde
2664 2804 2719 2849 et
2747 2804 2939 2850 auctor
2963 2793 3113 2866 pacis
3135 2792 3339 2849 nullum
3378 2807 3472 2846 οι·-

1873 2890 2055 2944 dinem
2081 2888 2132 2941 in
2167 2886 2408 2942 Ecclesia
2447 2886 2565 2942 sine
2587 2886 2793 2957 praelati
2833 2885 3095 2957 regimine
3133 2884 3467 2952 relinquens,

1875 2995 1975 3052 pro
2025 2988 2176 3034 certo
2218 2977 2460 3032 insinuat
2513 2977 2655 3032 nulla
2702 2975 2809 3031 alia
2858 2976 3070 3030 ratione
3120 2972 3471 3043 fragilitatem

1875 3072 2128 3127 humana:
2153 3069 2433 3132 labilitatis
2455 3069 2521 3124 ad
2551 3070 2813 3124 unitatem
2837 3068 3063 3138 spiritus
3090 3079 3248 3137 posse
3277 3061 3471 3132 redigi,

1804 3164 1851 3227 C
1881 3164 1995 3220 sive
2019 3164 2071 3218 in
2103 3179 2234 3234 pace
2263 3163 2598 3219 conservari.
2633 3162 2813 3229 Quare
2855 3177 2954 3216 nos
2983 3159 3142 3230 pauci
3174 3158 3373 3212 fratres
3416 3154 3470 3209 is

1880 3255 2153 3319 cmnobio,
2187 3255 2271 3310 cui
2302 3253 2449 3310 Cella
2476 3253 2678 3309 Boboni
2708 3244 2928 3318 nomen,
2960 3261 3017 3306 et
3046 3250 3158 3306 Deo
3187 3264 3286 3322 pro
3314 3260 3476 3317 posse

1879 3346 2227 3410 famulantes,
2255 3346 2379 3416 quia
2409 3344 2684 3400 vinculum
2709 3344 2857 3414 pacis
2876 3352 2933 3398 et
2957 3341 3293 3412 signaculum
3315 3338 3472 3394 Chri-

1880 3436 2072 3492 stiana:
2112 3436 2415 3507 disciplina:
2457 3434 2802 3490 dilectionem
2849 3449 2946 3504 per
2977 3434 3240 3496 unitatem
3289 3432 3475 3487 cordis

1879 3528 1966 3584 vel
1996 3528 2193 3584 animo:
2227 3528 2503 3597 possidere
2547 3525 2818 3595 cupimus,
2865 3532 2986 3594 post
3013 3523 3221 3577 obitum
3268 3520 3475 3576 domini

1879 3621 2069 3677 Garini
2096 3621 2309 3676 abbatis
2338 3620 2436 3674 viri
2469 3618 2706 3690 religiosi
2735 3617 2997 3688 elegimus
3026 3615 3251 3670 fratrem
3283 3628 3476 3684 quem-

1881 3714 2005 3770 dam
2042 3727 2252 3768 morum
2290 3711 2559 3784 probitate
2604 3718 2859 3766 ornatum
2908 3706 3275 3776 Bernardum,
3310 3718 3473 3774 quem

1879 3805 2038 3861 nobis
2067 3804 2183 3860 vice
2207 3802 2385 3863 Patris
2416 3816 2650 3873 praiesse
2670 3800 2955 3865 voiumus;
2988 3806 3044 3854 et
3064 3798 3119 3853 in
3156 3796 3474 3854 definitione

1878 3895 1996 3967 ejus
2018 3896 2414 3953 sententiarum
2464 3903 2775 3949 nostrarum
2805 3892 2948 3947 uniri
2975 3890 3374 3954 diversitatem,
3402 3902 3474 3942 ne

1880 3987 2092 4042 diversa
2123 3986 2447 4050 sentientes,
2502 3998 2533 4038 a
2583 3982 2787 4039 Christi
2836 3981 3082 4038 doctrina
3134 3979 3478 4037 inveniamur

1879 4076 2148 4133 extranei.
2181 4075 2344 4131 Facta
2374 4083 2457 4131 est
2480 4083 2663 4130 autem
2707 4072 2900 4129 electio
2922 4073 3026 4127 ista
3053 4070 3282 4128 consilio
3309 4078 3476 4141 atque

1879 4170 2207 4226 auctoritate
2244 4169 2430 4224 domui
2477 4167 2693 4223 abbatis
2737 4165 2956 4235 Majoris
3006 4163 3317 4221 Monasterii
3348 4170 3476 4234 post

1878 4277 2163 4318 excessum
2189 4260 2410 4333 gloriosi
2456 4259 2716 4332 principis
2744 4258 2972 4325 Odonis,
2998 4272 3031 4311 a
3066 4271 3175 4327 quo
3199 4253 3361 4324 hujus
3391 4252 3471 4309 rei

1881 4368 2067 4408 curam
2093 4360 2426 4422 susceperat.
2451 4350 2555 4418 Qui
2579 4352 2680 4405 hoc
2704 4350 2757 4404 in
2785 4358 3056 4405 conventu
3080 4348 3475 4404 monachorum

1881 4445 1988 4500 ritu
2010 4442 2210 4500 celebri
2237 4451 2479 4514 peracto,
2496 4442 2689 4498 obtulit
2709 4441 2874 4496 etiam
2898 4440 3121 4496 fratrem
3149 4438 3473 4509 prtedictum

183 4544 305 4584 rum
333 4514 550 4585 tuorum
572 4526 1039 4605 lf‘rancigcnarum
1066 4543 1232 4599 super
1255 4529 1358 4584 hoc
1384 4529 1654 4599 agendum
1683 4545 1779 4585 ne-
1808 4510 1858 4569 D
1884 4510 2328 4592 nobilissimam.
2379 4533 2695 4599 coutitissze,
2731 4531 2834 4586 sub
2878 4530 3034 4601 cujus
3067 4528 3272 4584 ditione
3317 4527 3476 4583 locus

181 4618 386 4691 gotium
418 4618 680 4674 intimare
722 4618 818 4683 tibi
862 4634 969 4673 non
998 4633 1084 4674 me
1113 4619 1317 4690 piguit;
1347 4628 1406 4673 ut
1432 4619 1477 4675 si
1520 4618 1661 4675 forte
1692 4634 1780 4674 sa-

182 4699 306 4767 nior
323 4719 427 4775 est,
459 4710 509 4767 ei
536 4726 608 4766 ne
661 4710 979 4780 refrageris,
1014 4720 1069 4767 et
1098 4702 1135 4777 ad
1158 4712 1398 4783 periculo
1436 4712 1529 4767 tibi
1561 4727 1778 4768 caveas.

183 4801 280 4857 Est
322 4811 503 4858 autem
555 4803 676 4857 inec
714 4817 904 4856 eorum
940 4803 1008 4877 ad
1047 4804 1477 4874 componendam
1526 4805 1781 4873 utrinque

185 4898 330 4973 litem
358 4898 636 4953 sententia
673 4914 689 4951 :
730 4905 887 4973 patre
932 4899 1148 4967 vivente
1190 4888 1399 4952 nullum
1443 4912 1626 4967 regem
1676 4896 1779 4953 sibi

181 4972 392 5052 creari;
432 4986 579 5057 quod
631 4986 679 5040 si
716 4972 901 5041 acrius
946 4987 1207 5063 institerit
1251 4987 1303 5042 in
1331 4988 1438 5058 vita
1476 4990 1648 5059 patris
1679 4988 1783 5043 hoc

184 5074 321 5141 fieri,
351 5091 508 5146 quem
538 5076 827 5132 meliorem
851 5079 1105 5143 senserit,
1134 5078 1202 5133 ad
1228 5093 1406 5150 regem
1429 5066 1629 5135 debere
1649 5078 1782 5134 sub-

184 5166 380 5222 limari.
443 5169 682 5243 Videris,
738 5165 904 5220 Pater
951 5170 1399 5238 prudentissime,
1436 5187 1502 5226 ne
1544 5172 1623 5226 sis
1661 5168 1781 5240 plus

185 5275 335 5331 aquo
358 5261 554 5330 justus,
588 5275 700 5316 nec
728 5274 761 5312 ει
785 5261 987 5331 sanctis
1010 5263 1487 5331 consacerdotihus
1520 5267 1626 5319 tuis
1654 5248 1779 5333 per-

1884 4628 1996 4698 ipse
2026 4626 2297 4691 consistit,
2324 4633 2379 4680 et
2402 4623 2684 4694 Stephano
2700 4621 2883 4676 comiti
2908 4620 3026 4690 ejus
3054 4619 3182 4681 filio,
3217 4635 3246 4672 a
3276 4618 3476 4687 quibus

1883 4716 2083 4768 donum
2136 4729 2318 4768 rerum
2368 4711 2749 4783 temporalium
2785 4710 2853 4764 ad
2899 4709 3042 4764 idem
3087 4706 3478 4778 pertinentium

1883 4807 2189 4862 ctenobium
2220 4804 2478 4874 suscepit.
2534 4805 2738 4861 Dehinc
2766 4817 2897 4859 vero
2933 4801 3123 4858 statuit
3155 4804 3281 4856 eum
3316 4788 3480 4852 vene-

1886 4901 2041 4956 rabili
2067 4898 2369 4963 Mainardo,
2391 4897 2838 4955 Trecassinornm
2859 4894 3098 4968 prtesuli,
3123 4893 3281 4965 cujus
3303 4888 3478 4948 eccle-

1884 4990 2101 5045 siastica
2119 4989 2443 5045 auctoritate
2457 4988 2778 5047 electionem
2798 4986 3103 5058 hujusmodi
3137 4977 3485 5041 corroborari
3506 5008 3513 5015 ι

1884 5085 2123 5153 oportuit
2153 5093 2318 5153 atque
2362 5082 2429 5137 ab
2481 5083 2600 5155 ipso
2653 5083 2959 5139 animarum
3010 5096 3201 5136 curam
3247 5071 3487 5142 suscipi.

1886 5195 1986 5235 nec
2017 5196 2121 5234 non
2151 5176 2368 5233 abbatis
2396 5176 2832 5234 benedictionem
2862 5176 3161 5236 secundum
3190 5166 3490 5229 institutio-

1888 5287 2010 5328 nem
2066 5269 2289 5325 Patrum
2356 5269 2649 5326 celcbrari.
2715 5267 2870 5337 Quod
2921 5270 3038 5344 ipse
3096 5260 3491 5336 benignissime
