4018 6382
512 398 620 455 235

1584 401 1643 458 S.
1685 404 2029 461 FULBEIITI
2061 404 2541 462 CAllNOTENSlS
2580 406 2886 464 ειιίδωυρι

3677 411 3791 469 256

513 525 702 585 utpote
726 530 811 571 vtr
853 515 1313 586 prudentissimus
1361 524 1525 586 atque
1555 518 1861 573 eruditione
1892 516 2090 585 clarus,
2124 534 2173 588 Α
2198 516 2360 571 aliam
2387 518 2603 588 (Matth.
2628 536 2682 585 χ,
2704 518 2817 582 25).
2850 519 2915 574 Et
2948 536 2962 574 :
3004 519 3109 585 Qui
3150 530 3200 574 te
3228 525 3535 577 uerensserit
3563 528 3616 581 in
3651 529 3792 583 de:—

514 608 827 681 complevit.

866 678 1203 737 EPISTOLA
1236 679 1352 737 CXI
1387 679 1549 753 [olim
1586 680 1802 755 CVIII.)

991 774 1175 847 (Circa
1212 790 1413 830 annum
1454 776 1636 846 1027.)

644 868 887 925 0di!onis
920 869 1281 925 Cluniacensis
1309 870 1510 923 abbatis
1536 868 1605 922 ad
1640 867 1971 922 Fulbertum.

512 960 671 1034 (Vide
699 961 1018 1033 Patrologia:
1048 961 1403 1102 tom.(13XI.ll),
1427 965 1572 1018 inter
1597 962 1857 1033 epistolas
1884 962 1943 1017 S.
1970 961 2098 1017 0di«

1233 1048 1370 1087 onis.

1233 1048 1370 1087 OnlS.

1052 1123 1385 1180 EPISTOLA
1428 1122 1587 1179 CXII.

512 1228 776 1269 I'ULBER'I'I
834 1230 1195 1271 CARNOTENSIS
1267 1230 1505 1270 EPISCOPI
1578 1230 1646 1268 AD
1708 1230 2097 1272 BILDEGARIUI.

782 1283 859 1338 De
884 1287 1136 1355 episwpis
1166 1286 1234 1339 ad
1257 1285 1392 1339 bella
1417 1285 1835 1356 procedentibus.

512 1375 822 1444 (Mantuae,
852 1375 1151 1433 Thcsnurus
1178 1377 1585 1444 Anecdotorum,
1616 1386 1745 1432 tom.
1776 1379 1814 1443 I,
1849 1379 2097 1447 col.150,

835 1463 921 1503 ex.
953 1465 1056 1503 ms.
1090 1449 1149 1504 S.
1182 1448 1413 1518 Remigii
1444 1448 1777 1520 Bernensis.)

581 1541 1655 1614 Fumant-us,Carnotensiumypiseopus
1692 1540 1936 1609 humilis,
1967 1539 2098 1596 lin.-

512 1646 746 1688 chuno
771 1632 927 1688 fratri
953 1633 1205 1689 salutem.

580 1722 941 1779 Deereveram
967 1724 1189 1794 quidem
1219 1723 1338 1792 tibi,
1371 1724 1500 1779 licet
1526 1724 1723 1795 saepius
1750 1723 1979 1796 petenti,
2006 1738 2103 1781 nev

510 1830 787 1887 quaquam
830 1816 1105 1883 scribere,
1154 1832 1261 1872 non
1301 1818 1445 1888 quod
1482 1816 1756 1873 dilectioni
1801 1825 1906 1873 tua:
1945 1815 2101 1887 quid-

511 1921 675 1976 quam
722 1905 808 1961 vel
843 1922 967 1963 cum
1009 1922 1130 1962 meo
1159 1908 1363 1978 pudore
1407 1923 1605 1979 negare
1642 1908 1945 1975 debuerim,
1990 1909 2100 1964 imo

512 2012 615 2053 nec
645 1997 898 2065 debeam;
937 1998 1033 2053 sed
1060 1998 1205 2069 quod
1234 2000 1528 2053 consultius
1562 1999 1871 2055 arbitrabar
1904 1999 2102 2070 lingua

506 2088 733 2159 ianuam
775 2089 1051 2155 obserere,
1084 2105 1248 2159 quam
1275 2105 1337 2145 ea
1375 2090 1428 2144 in
1462 2090 1634 2145 lucem
1681 2090 1929 2161 proferre
1978 2106 2101 2162 quae

512 2181 795 2236 incurrant
859 2182 1154 2237 multorum
1221 2180 1502 2237 oll‘ensam.
1569 2182 1774 2238 Idcirco
1838 2182 2102 2239 hactenus

510 2271 655 2342 apud
695 2279 747 2325 te
804 2281 987 2326 mutus
1038 2271 1138 2339 fui,
1167 2272 1310 2342 quod
1365 2274 1790 2329 obtrectatorum
1841 2274 2101 2330 invidiam

509 2369 701 2416 contra
735 2376 823 2416 me
851 2376 1153 2432 provocare
1179 2362 1450 2417 nolebam.
1484 2363 1609 2419 Scio
1639 2365 1837 2435 quippe
1867 2380 1973 2420 non
2005 2365 2101 2419 de-

511 2452 746 2518 futuros,
783 2452 878 2521 qui
915 2452 1032 2508 haec
1072 2468 1199 2524 qua:
1241 2453 1439 2508 dicturi
1481 2470 1701 2521 sumus,
1738 2456 1894 2526 quasi
1930 2454 2101 2510 inele-

510 2543 747 2597 mentius
767 2543 911 2599 dicta
937 2544 990 2599 in
1015 2560 1171 2599 suam
1194 2546 1435 2600 referant
1463 2546 1868 2601 contumeliam.
1901 2546 2101 2602 Verum

511 2636 639 2704 quia
672 2636 1006 2692 obstinacius
1030 2637 1082 2692 in
1107 2638 1371 2708 pulsando
1392 2639 1659 2708 persistis,
1687 2651 1741 2695 et
1767 2640 1964 2696 litteris
1985 2656 2103 2695 cre-

511 2724 628 2780 bris
664 2725 1036 2794 importunum
1072 2736 1123 2782 te
1163 2729 1422 2784 exhibere
1459 2745 1562 2784 non
1596 2730 1824 2785 desinis.
1862 2733 2101 2798 aperiam

513 2815 615 2870 tibi
652 2827 817 2886 prout
847 2818 1085 2888 Spiritus
1113 2827 1337 2875 sanctus
1376 2822 1629 2876 annuerit
1661 2837 1782 2891 qnze
1823 2822 2098 2892 postulas;

513 2908 626 2965 imo
659 2924 723 2964 ea
747 2910 860 2980 ipsa
889 2910 1163 2966 revolvam
1192 2928 1311 2981 qua:
1335 2924 1648 2968 sauclormn
1672 2914 1893 2970 Patrum
1925 2916 2102 2970 sanxit

513 3001 844 3069 auctoritas,
895 3017 1127 3073 quorum
1164 3000 1327 3059 dictis
1364 3006 1657 3078 refragari,
1697 3006 1983 3063 veritatem
2016 3022 2104 3062 re-

513 3104 710 3161 spuere
730 3101 833 3147 est.

586 3184 796 3252 Qumris
824 3184 953 3255 quid
984 3185 1216 3242 sentiam
1255 3186 1321 3242 de
1359 3187 1625 3258 epise0pis
1658 3188 1771 3258 qui,
1796 3199 1978 3258 spreta
2009 3204 2100 3244 ec-
2129 3222 2175 3284 Ο

516 3272 834 3330 clesiasticze
861 3274 1013 3344 pacis
1044 3276 1465 3346 tranquillitate,
1508 3279 1804 3335 seditiones
1830 3291 2098 3351 quzerunt,

514 3362 653 3419 bella
686 3366 1000 3421 sectantur?
1031 3364 1177 3423 Sane
1219 3384 1560 3438 nequaquam
1613 3372 1787 3426 audeo
1823 3370 1945 3426 illos
1985 3373 2100 3442 epi-

517 3470 715 3527 scopos
755 3457 1068 3525 nominare,
1105 3473 1171 3513 ne
1201 3459 1455 3529 religioso
1493 3460 1697 3514 nomini
1735 3459 1985 3528 iniuriam
2026 3463 2103 3515 fa-

515 3547 676 3603 ciam.
717 3546 1003 3620 'I‘yrannos
1036 3549 1215 3620 potius
1249 3550 1550 3619 appellabo,
1577 3552 1667 3621 qui
1710 3551 1914 3607 bellicis
1945 3567 2102 3606 occa-

514 3642 626 3712 pati
666 3644 927 3715 negotiis,
969 3643 1137 3699 multo
1174 3644 1353 3712 stipati
1402 3644 1541 3699 latus
1582 3645 1778 3709 milite,
1819 3645 2103 3699 solidat-ius

515 3734 693 3803 pretio
719 3736 1052 3799 conducunt,
1089 3743 1143 3789 nt
1177 3735 1348 3790 nullos
1380 3736 1559 3790 smerdi
1600 3753 1755 3807 rcges
1782 3746 1873 3791 aut
1904 3738 2102 3807 princi—

517 3839 610 3894 pes
660 3824 902 3880 noverim
971 3826 1108 3881 adeo
1175 3826 1468 3880 instructos
1531 3826 1793 3880 bellorum
1857 3828 2099 3897 legibus,

518 3926 684 3972 totam
728 3933 1004 3972 armorum
1048 3918 1387 3986 disciplinam
1445 3919 1496 3971 in
1554 3900 1835 3988 procinctu
1896 3919 2102 3975 militia:

516 4022 770 4072 servare,
827 4009 1073 4079 digerere
1125 4018 1361 4073 turmas,
1406 4011 1623 4065 ordines
1665 4028 1986 4081 componere
2032 4013 2101 4070 ad

519 4100 839 4154 turbandam
876 4101 1130 4156 Ecclesiae
1154 4114 1464 4171 pacemrct
1491 4104 1944 4173 Christianorum,
1976 4107 2102 4163 licet

518 4191 778 4254 hostium,
819 4191 1133 4262 sanguinem
1170 4191 1572 4247 eﬂ'nndcndnm.
1604 4194 1807 4262 Quibus
1833 4198 1876 4251 si
1922 4197 1986 4252 de
2016 4198 2099 4254 bis

518 4280 720 4334 dudum
761 4281 829 4335 ab
873 4283 1192 4338 orlltodoxis
1239 4283 1491 4338 Patribus
1528 4286 1733 4354 prolata
1788 4289 2097 4345 testimonia

518 4372 789 4443 proferas,
832 4374 949 4429 illos
1004 4392 1108 4429 non
1150 4378 1347 4442 armis,
1402 4378 1496 4433 sed
1547 4379 1930 4437 ecclesiastica:
1978 4383 2097 4452 paci

520 4463 719 4519 debere
762 4479 882 4519 esse
927 4465 1185 4532 intentos,
1233 4485 1339 4522 non
1381 4470 1591 4524 excidia
1625 4470 1954 4538 viventium,
2003 4474 2099 4529 sed

2199 618 2334 662 trum
2361 610 2651 677 maxillam,
2695 612 2865 681 prwbe
2893 612 2972 665 illi
2997 621 3045 666 et
3072 615 3293 666 alterunt
3325 614 3541 686 (Matth.
3577 634 3630 684 ν,
3665 619 3792 691 39).

2202 703 2309 757 Et:
2350 702 2451 770 Qui
2489 704 2597 759 vult
2636 715 2803 759 tecum
2829 706 3038 775 judicio
3078 707 3405 774 contendere,
3458 720 3508 765 et
3550 713 3798 769 tunicam

2200 804 2345 846 tuam
2387 794 2588 861 tollere,
2629 798 2832 851 remitte
2873 799 2922 851 ei
2957 807 3005 852 et
3056 797 3279 868 pallium
3333 800 3525 872 (Ibid.,
3565 804 3679 876 40).
3724 807 3803 862 Et

2203 887 2426 940 iterum:
2458 886 2524 941 In
2548 889 2800 954 patientia
2833 891 3336 960 restrapossidebitis
3358 894 3563 949 animus
3589 907 3804 951 vestras

2203 976 2485 1047 (Luc.xxt,
2514 978 2849 1048 l9).3cimus
2870 982 3011 1035 enim
3044 983 3133 1051 qui
3159 983 3293 1037 dixit
3320 1001 3332 1036 :
3358 984 3804 1043 Mihinindictam

2211 1078 2259 1121 et
2282 1085 2376 1139 ego
2400 1070 2874 1142 retribuamUiom.
2895 1074 3115 1137 1:11.19).
3149 1075 3206 1128 in
3232 1077 3397 1130 veteri
3428 1077 3806 1134 instrumento

2201 1164 2451 1218 oratione
2523 1162 2691 1236 Moysi
2754 1166 3005 1221 hostilem
3056 1170 3353 1225 exercitum
3414 1171 3666 1227 vincebat
3714 1172 3802 1226 Is—

2202 1256 2335 1321 rael,
2378 1266 2518 1324 etc.;
2567 1259 2861 1325 contrario,
2896 1276 3089 1315 manus
3134 1262 3224 1317 illo
3261 1264 3593 1328 remittente,
3620 1264 3798 1319 hosti-

2201 1348 2302 1403 bus
2326 1348 2550 1403 cedebat
2588 1348 2811 1404 victoria
2837 1350 3038 1419 (Exod.
3055 1368 3188 1417 xvn,
3215 1353 3324 1424 11).
3350 1352 3504 1410 Unde
3530 1354 3800 1425 colligere

2201 1453 2488 1507 possumus
2514 1438 2656 1509 quod
2700 1439 2892 1495 melius
2914 1441 3176 1511 patientia
3218 1453 3274 1497 et
3296 1446 3545 1501 oratione
3570 1445 3801 1516 prmlia-

2202 1545 2352 1595 mur,
2406 1545 2568 1600 quam
2622 1529 2815 1602 gladiis
2866 1541 2920 1587 et
2967 1535 3343 1589 seditionibus.
3399 1535 3518 1607 Ipse
3571 1553 3803 1607 quoque

2201 1621 2462 1692 magister
2498 1623 2778 1689 veritatis,
2819 1624 2974 1695 cujus
3030 1626 3253 1697 vestigia
3299 1630 3449 1699 sequi
3504 1629 3802 1695 debemus,

2202 1712 2344 1769 sicut
2390 1710 2627 1769 Joannes
2670 1716 2948 1785 apostolus
3016 1720 3209 1774 scribit
3251 1737 3265 1774 :
3319 1718 3423 1785 Qui
3468 1722 3594 1776 dicit
3650 1740 3707 1778 se
3738 1723 3802 1778 in

2204 1801 2413 1859 Christo
2451 1820 2685 1872 manere,
2730 1806 2877 1862 debet
2928 1809 3063 1863 sicut
3114 1809 3205 1864 ille
3258 1810 3542 1866 ambulavit
3576 1821 3625 1866 et
3678 1813 3803 1880 ipsa

2203 1895 2474 1951 ambulare
2510 1895 2560 1951 ll
2596 1897 2759 1955 Joan.
2800 1915 2856 1955 tt.
2893 1899 2973 1971 6).
3016 1916 3138 1957 cum
3179 1901 3800 1973 jnstissimambaberc:

2203 2008 2444 2061 causam,
2477 2012 2577 2053 nec
2617 1996 2882 2053 minorem
2929 2001 3253 2065 potestatem
3299 2008 3425 2050 suos
3470 1993 3803 2051 fulminandi

2205 2085 2849 2157 adversarios,sieutipse
2877 2093 3004 2140 ante
3031 2085 3500 2156 passionemsuam
3524 2093 3805 2156 protesta-

2206 2185 2292 2233 tus
2311 2190 2395 2251 est
2422 2180 2626 2245 dicens,
2666 2176 2911 2233 exhiberi
2941 2176 3045 2232 sibi
3088 2192 3118 2231 a
3149 2175 3330 2240 Patre,
3360 2175 3404 2230 si
3434 2176 3613 2235 vellet.
3641 2174 3807 2247 plus-

2205 2284 2310 2341 qua
2321 2286 2370 2323 ιιι
2395 2270 2680 2325 duodecim
2695 2267 3258 2339 legionesangelorum
3273 2265 3486 2338 (Matth.
3511 2266 3798 2338 xxvr,53);

2205 2374 2327 2416 cum
2346 2361 2587 2415 etiamad
2618 2361 2902 2432 imperium
2928 2360 3046 2432 ejus
3068 2368 3212 2415 totus
3226 2360 3375 2415 orbis
3400 2369 3662 2430 pugnaret
3686 2376 3801 2431 pro

2204 2466 2268 2505 eo
2280 2460 2470 2506 contra
2484 2451 2815 2517 insensatos,
2833 2450 3132 2522 quippequi
3147 2458 3335 2505 contra
3347 2465 3471 2504 eum
3484 2450 3806 2508 insurrexe-

2208 2552 2347 2609 rant,
2379 2545 2470 2615 qui
2499 2560 2625 2599 vere
2657 2546 2918 2600 innocens
2939 2553 3076 2608 erat,
3102 2552 3156 2599 et
3188 2545 3239 2598 in
3273 2541 3426 2611 cujus
3447 2559 3543 2598 ore
3571 2559 3674 2599 non
3702 2553 3801 2601 est

2205 2636 2456 2693 inventus
2510 2638 2667 2693 dolus
2697 2637 2745 2709 (ι
2782 2636 2928 2692 Patr.
2969 2637 3190 2707 tl,-22),
3221 2636 3405 2691 volens
3452 2646 3627 2692 tamen
3664 2652 3801 2703 nos,

2203 2744 2432 2798 quorum
2460 2729 2758 2784 inﬁrmitati
2791 2729 2848 2784 in
2881 2729 3135 2784 erunibus
3157 2727 3693 2795 consuluit,invitare
3721 2729 3803 2788 ad

2205 2820 2541 2891 patientiam,
2585 2820 2780 2875 ductus
2827 2819 2895 2875 ad
2948 2818 3222 2874 victimam
3272 2820 3427 2889 quasi
3473 2818 3802 2874 mitissimus

2206 2929 2376 2983 agnus
2398 2930 2497 2969 nec
2526 2914 2740 2984 aperuit
2766 2928 2829 2967 os
2867 2927 3024 2967 suum
3056 2909 3191 2983 (Isa.
3226 2926 3345 2976 un,
3377 2910 3454 2981 7).
3497 2909 3630 2965 Nam
3659 2925 3797 2964 eum

2206 3006 2378 3063 fidelis
2414 3006 2709 3077 discipulus
2738 3020 2837 3076 pro
2879 3002 3137 3074 Magistro
3175 3002 3437 3057 dimicare
3476 3008 3690 3072 pararet
3722 3016 3799 3058 ac

2206 3099 2409 3155 librans
2446 3113 2631 3153 ensem
2662 3096 2906 3166 evagina
2953 3094 3063 3163 jam
3101 3095 3153 3149 in
3191 3109 3371 3165 pugna
3413 3103 3694 3165 ageretur,
3728 3102 3800 3149 ut

2206 3189 2373 3244 sciret
2416 3203 2522 3244 non
2581 3188 2633 3241 in
2669 3186 2847 3258 gladio
2896 3186 2990 3241 sed
3043 3184 3095 3238 in
3152 3182 3263 3239 Deo
3317 3198 3435 3238 esse
3482 3182 3796 3249 victoriam,

2208 3283 2357 3337 audit
2397 3297 2426 3334 a
2462 3281 2717 3351 Magistro
2749 3298 2760 3333 :
2792 3278 3044 3333 Converte
3081 3278 3316 3347 gladium
3358 3286 3500 3330 tuum
3533 3276 3586 3330 in
3612 3274 3801 3332 locum

2204 3389 2357 3427 suum
2386 3385 2405 3423 :
2454 3388 2629 3425 omnes
2670 3371 2806 3423 enim
2851 3368 2940 3441 qui
2991 3368 3280 3438 acceperint
3309 3366 3566 3435 gladium,
3606 3366 3797 3439 gladio

2203 3462 2439 3532 peribunt
2468 3459 2682 3531 (Matth.
2735 3476 2883 3524 xxvi,
2918 3457 3032 3530 '52).
3078 3458 3226 3514 Unde
3263 3458 3399 3512 etB.
3453 3456 3798 3528 Augustinus

2206 3555 2258 3609 in
2293 3554 2429 3609 libro
2478 3553 2846 3620 Quiestiounm
2877 3549 3088 3605 Veteris
3135 3565 3199 3605 ac
3235 3548 3370 3604 Novi
3409 3549 3745 3605 Testamenti
3775 3569 3791 3607 ;

2210 3667 2228 3699 ι
2265 3649 2533 3719 Apostolo.
2559 3648 2722 3705 Petro
2784 3663 2953 3718 usque
3024 3648 3090 3701 ad
3132 3647 3235 3702 boc
3286 3645 3606 3725 permissum
3656 3654 3795 3709 est,

2204 3741 2346 3810 quod
2398 3741 2637 3809 dolorem
2668 3740 2901 3808 laceret,
2951 3754 3058 3793 non
3088 3737 3382 3794 occideret.
3410 3754 3428 3788 ι
3461 3734 3596 3819 Quia
3637 3734 3795 3789 enim

2204 3844 2391 3886 saneta
2459 3830 2704 3886 Ecclesia
2761 3846 2867 3885 non
2934 3829 3100 3884 babet
3161 3827 3398 3897 gladium
3454 3826 3557 3881 nisi
3619 3826 3794 3894 spiri-

2205 3920 2440 3986 tualem,
2490 3936 2591 3976 nec
2636 3919 2883 3975 occidere
2930 3920 3119 3986 debet,
3160 3918 3257 3973 sed
3313 3917 3627 3981 vivilicare,
3680 3927 3794 3971 tes-

2205 4022 2350 4069 tatur
2392 4012 2644 4069 Nicolaus
2697 4030 2833 4084 papa
2871 4013 3103 4069 dicens:
3159 4031 3180 4064 ι
3223 4011 3423 4066 Sancta
3471 4008 3564 4063 Dei
3596 4007 3792 4064 Eccle-

2201 4106 2280 4160 sia
2313 4105 2600 4160 mundanis
2647 4120 2921 4175 nunquam
2962 4103 3363 4175 constringetur
3395 4101 3629 4172 legibus;
3668 4099 3791 4169 gla—

2200 4196 2348 4251 dium
2385 4211 2493 4251 non
2521 4194 2684 4249 habet
2722 4193 2824 4248 nisi
2859 4192 3225 4263 spiritualem,
3262 4208 3370 4246 non
3417 4191 3638 4255 occidit,
3686 4190 3790 4243 sed

2200 4290 2457 4345 viviﬁcat.
2505 4308 2523 4342 ι
2560 4289 2624 4342 Et
2646 4288 2705 4342 Β.
2738 4286 3095 4358 Hieronymus
3123 4286 3176 4339 in
3206 4284 3431 4355 epistola
3471 4283 3537 4337 ad
3575 4283 3789 4352 Ageruo

2200 4382 2405 4438 cbiam:
2433 4381 2599 4438 (Olim
2627 4377 3041 4450 praecipiebatur
3065 4377 3211 4431 reddi
3243 4376 3455 4431 oculqu
3483 4390 3580 4444 pro
3600 4373 3783 4441 oculo,

2199 4473 2413 4528 dentem
2459 4486 2559 4544 pro
2587 4472 2747 4526 dente
2782 4469 2997 4543 (Matth.
3030 4485 3084 4533 v,
3118 4467 3240 4538 58);
3288 4482 3430 4522 nunc
3472 4466 3786 4522 verberanti

516 4555 760 4626 regimen
801 4557 1107 4626 suscepisse
1153 4560 1482 4625 animarmn,
1523 4563 1705 4617 statim
1758 4565 2096 4633 prmleudunt
2124 4571 2174 4631 ι)
2200 4562 2473 4617 maxillam
2504 4562 2805 4632 prtebemus
2848 4571 2903 4614 et
2937 4559 3158 4614 alteram
3206 4557 3397 4630 (Ibid,
3437 4555 3551 4628 59).
3593 4555 3688 4610 Illo
3726 4557 3785 4612 in

510 4643 732 4716 iustitia:
788 4664 981 4704 causas
1011 4691 1025 4716 ,
1086 4666 1145 4705 se
1187 4651 1383 4706 invitus
1433 4668 1585 4707 arma
1645 4655 1955 4724 suscipere.
2002 4657 2097 4710 bo-

514 4737 678 4792 stium
732 4748 976 4795 catervas
1036 4741 1102 4796 de
1147 4742 1285 4796 collo
1335 4743 1606 4812 pendere.
1655 4745 1937 4801 imminere
1980 4762 2099 4800 cer-

514 4831 723 4887 vicibus
795 4832 1031 4902 gladios,
1112 4834 1414 4889 libertatem
1493 4852 1552 4891 se
1620 4852 1861 4906 qnzerere
1929 4838 2097 4892 armis

515 4936 678 4991 quam
708 4937 841 4993 pace
875 4924 1121 4979 obtinere
1149 4940 1253 4979 non
1286 4935 1528 4994 possunt.
1570 4927 1749 4993 Quare
1778 4944 1885 4981 non
1927 4928 2098 4994 magis

482 5070 497 5085 κ
516 5015 812 5069 secundum
842 5015 1159 5086 Apostolum
1185 5014 1435 5084 injuriam
1467 5017 1772 5071 sustinent?
1793 5033 1963 5087 quare
1991 5032 2094 5071 non

516 5104 690 5176 magis
719 5103 961 5162 fraudant
989 5107 1299 5177 patiuntur?
1328 5109 1487 5161 Arma
1509 5110 1646 5162 enim
1674 5109 1876 5163 militia:
1904 5120 2098 5165 nostra

517 5213 621 5252 non
648 5198 888 5252 carnalia
917 5209 1069 5265 sunt;
1090 5200 1179 5254 sed
1201 5200 1431 5270 potentia
1456 5199 1562 5253 Deo
1587 5200 1657 5253 ad
1692 5200 2095 5254 destructionem

515 5288 864 5343 munitionum
894 5330 909 5354 ,
973 5292 1311 5361 cogitationes
1368 5291 1727 5357 destruentcs,
1781 5302 1829 5345 et
1893 5308 2097 5346 omnem

514 5378 850 5433 altitudinem
872 5380 1196 5436 extollentem
1218 5398 1272 5436 se
1300 5382 1550 5435 adversus
1576 5381 1847 5436 scientiam
1878 5381 1974 5435 Dei
2009 5379 2093 5452 (11

515 5470 639 5525 Cor.
660 5487 715 5536 χ,
744 5471 798 5534 4,
825 5472 901 5529 5).
925 5473 1275 5529 Orationibus
1295 5476 1561 5545 siquidem
1584 5475 1788 5529 instare
1811 5473 2091 5541 deberent,

513 5575 571 5619 et
594 5564 743 5618 Pauli
776 5565 1006 5619 consilio
1027 5567 1375 5634 acquiescere
1405 5567 1636 5622 dicentis
1667 5585 1680 5621 :
1718 5567 1840 5620 Non
1863 5576 2093 5620 vosmet-

513 5656 655 5723 ipsos
698 5654 1067 5725 defendentes,
1098 5658 1426 5724 charissimi,
1465 5660 1559 5712 sed
1613 5658 1736 5712 date
1782 5655 1955 5711 locum
2001 5658 2095 5713 ira:

516 5744 696 5813 (llam.
720 5763 820 5811 xu,
858 5749 968 5819 l9).
1004 5747 1069 5803 Et
1106 5748 1366 5806 Dominus
1406 5752 1475 5808 ad
1502 5750 1795 5823 discipulos
1819 5749 2090 5821 loquitur:

514 5835 577 5893 Si
622 5855 709 5896 vos
755 5843 1010 5911 persecuti
1062 5842 1258 5914 fuerint
1308 5844 1362 5900 in
1409 5844 1615 5901 civitate
1655 5845 1778 5910 ista,
1827 5842 1992 5921 fugite
2039 5842 2092 5898 in

2203 4662 2443 4722 tempore
2488 4650 2837 4706 bellatoribus
2885 4650 3165 4703 dicebatur
3209 4662 3225 4701 :
3280 4646 3562 4717 Accingere
3602 4645 3784 4718 gladio

2200 4756 2288 4798 tuo
2314 4759 2470 4813 super
2492 4742 2665 4811 femur
2709 4750 2876 4803 luunt,
2902 4739 3254 4807 potentissime
3294 4736 3467 4808 (l’sal.
3497 4752 3648 4800 XLtv,
3686 4737 3783 4805 ιη

2200 4836 2360 4890 modo
2400 4834 2549 4888 audit
2584 4832 2777 4887 Petrus
2816 4846 2830 4884 :
2873 4829 3056 4885 Coude
3094 4828 3327 4899 gladium
3365 4836 3513 4882 tuum
3548 4829 3599 4881 in
3636 4828 3782 4899 vagi-

2200 4941 2328 4979 nam
2365 4939 2379 4977 :
2419 4925 2509 4994 qui
2538 4924 2684 4978 enim
2723 4922 2902 4994 gladio
2944 4919 3312 4990 percusserit,
3360 4918 3538 4991 gladio
3583 4917 3780 4988 peribit

2200 5017 2413 5089 (Matth.
2448 5032 2592 5081 xxvi,
2626 5016 2736 5085 '52).
2759 5015 3117 5069 i—tDebent
3147 5014 3345 5083 quippe
3367 5010 3780 5082 episcopi,sicul

2198 5109 2436 5166 Isidorus
2456 5110 2533 5163 ait
2555 5109 2609 5164 in
2633 5109 2771 5163 libro
2800 5108 2866 5163 de
2880 5106 3478 5176 OlIiciis,principatnm
3503 5104 3554 5157 in
3582 5104 3780 5174 populo

2199 5215 2306 5254 non
2333 5201 2594 5271 sanguine
2621 5198 3039 5263 defendere,sed
3062 5198 3185 5251 vita:
3221 5196 3445 5248 meritis.
3480 5212 3499 5243 ι
3519 5191 3732 5247 Ειειιὶιιί
3761 5208 3777 5246 :

2204 5308 2223 5341 ι
2261 5290 2513 5361 Episcopi
2559 5290 2791 5359 speciale
2837 5287 3072 5344 ollicinm
3114 5296 3191 5341 est
3228 5285 3538 5354 Scripturas
3575 5282 3778 5353 legere,

2199 5398 2519 5452 percurrere
2569 5398 2838 5449 canones,
2882 5379 3126 5450 exempla
3176 5388 3487 5433 sanctorum
3549 5376 3773 5431 imitari.

2197 5473 2668 5545 vigiliis,jejuniis
2718 5475 3061 5537 incumbere,
3110 5487 3234 5527 eum
3284 5469 3542 5524 fratribus
3578 5468 3774 5524 habere

2198 5581 2406 5637 pacem,
2435 5580 2532 5619 nec
2553 5578 2878 5633 quemquam
2903 5577 2968 5617 ex
3006 5560 3262 5616 membris
3292 5558 3407 5614 suis
3445 5558 3778 5630 discerpere,

2199 5657 2402 5713 nullum
2427 5657 2686 5711 damnare
2733 5654 2835 5710 nisi
2876 5656 3160 5725 probatum
3182 5692 3198 5718 ,
3230 5651 3435 5706 nullum
3465 5666 3778 5707 exconnnu-

2198 5749 2381 5804 nicare
2406 5747 2510 5803 nisi
2539 5747 2865 5802 discussum.
2912 5766 2931 5799 ι

2265 5839 2369 5906 Qui
2417 5839 2600 5910 itaque
2658 5838 2857 5895 talibus
2900 5837 3089 5894 ciliciis
3134 5851 3332 5893 vacare
3379 5838 3558 5902 debet,
3610 5852 3774 5908 quam
