4018 6430
184 303 294 373 Ξὲὶῖ

1651 286 2030 357 EPiSTOLAS;

3331 302 3439 357 258

182 425 372 485 illicita
409 431 467 479 et
513 427 701 477 contra
752 415 975 489 gradum
1028 428 1186 470 suum
1238 398 1309 469 ad
1331 426 1481 467 arma
1516 412 1762 469 humana:
1789 431 1835 486 Α
1870 428 1889 461 ι
1922 410 2125 467 Christi
2154 410 2306 466 miles
2335 426 2477 477 sum,
2500 420 2739 483 pugnare
2777 410 2905 468 mibi
2946 428 3048 468 non
3079 412 3221 471 licet.
3258 434 3279 468 ι
3313 414 3438 472 Bre-

183 516 394 575 militize
416 519 720 583 consurgat,
766 508 946 563 omnis
984 508 1075 576 qni
1102 521 1296 560 sanum
1324 504 1462 574 sapit
1492 503 1761 575 intelligit.

185 583 345 665 Unde
369 607 430 664 Β.
458 602 777 659 Ambrosius
805 598 1175 656 sacerdotibus
1211 599 1343 653 dare
1368 596 1557 652 volens
1583 610 1766 651 exem-

182 701 333 771 plum
386 699 681 767 patientiae,
715 695 768 748 in
815 690 1043 762 epistola
1095 700 1283 745 contra
1337 690 1662 745 Auxentium
1700 689 1769 744 de

185 791 469 846 tradendis
513 786 752 843 basilicis
803 784 1013 839 civibus
1072 782 1263 838 scribit
1312 800 1327 837 :
1386 800 1405 833 ι
1460 780 1628 836 Video
1671 796 1768 837 vos

181 892 382 954 prater
407 880 626 936 solitum
657 893 779 935 esse
802 877 1050 931 turbatos
1080 876 1261 930 solito.
1299 874 1404 930 Sed
1427 873 1554 942 quid
1587 872 1768 927 turba-

184 974 356 1029 mini?
408 972 606 1048 volens
632 985 903 1041 nunquam
930 984 1023 1022 vos
1042 970 1313 1033 deseram,
1360 973 1584 1021 coactus
1606 979 1767 1033 repn-

180 1081 354 1137 gnare
380 1080 486 1119 non
512 1064 658 1126 novi,
686 1063 866 1117 dolere
891 1072 1099 1132 potero,
1140 1059 1271 1114 ﬁere
1302 1067 1511 1128 potero,
1551 1070 1769 1127 gemere

182 1165 406 1223 potero,
445 1155 705 1208 adversus
756 1152 955 1205 milites
1002 1150 1209 1205 Gothos
1243 1164 1393 1201 arma
1438 1160 1652 1216 quoque
1689 1145 1768 1199 la~

180 1258 386 1315 crymac
415 1257 549 1297 meae
571 1250 715 1297 sunt.
734 1239 885 1294 Talia
911 1247 1256 1295 monumenta
1286 1245 1413 1291 sunt
1437 1232 1767 1289 sacerdotis:

182 1334 350 1389 aliter
386 1350 493 1389 non
527 1334 721 1396 debeo,
760 1345 860 1386 nec
896 1345 1115 1401 possum
1161 1328 1435 1384 resistere.
1484 1345 1505 1377 ι
1534 1325 1665 1380 Item
1702 1324 1769 1379 de

179 1425 375 1479 eadem
428 1438 487 1479 re
538 1424 590 1478 in
641 1421 832 1477 eadem
879 1421 1157 1491 epistola:
1212 1437 1231 1471 ι
1291 1417 1348 1472 Si
1382 1413 1769 1487 patrimonium

182 1515 410 1584 petitur,
462 1514 777 1577 invadatur;
831 1512 875 1567 si
905 1522 1123 1580 corpus,
1153 1523 1454 1565 occurram.
1505 1506 1678 1562 Vultis
1716 1505 1767 1560 in

181 1605 404 1659 vincula
436 1619 650 1674 rapere,
681 1601 840 1657 vultis
866 1602 918 1655 in
947 1600 1209 1656 mortem?
1238 1596 1494 1651 voluntati
1519 1596 1766 1650 mihiest.

179 1696 301 1751 Non
329 1713 433 1768 ego
470 1712 554 1750 me
584 1696 795 1749 vallaho
825 1691 1243 1748 circumfusione
1274 1688 1619 1761 populorum,
1668 1701 1771 1741 nec

1866 509 2005 564 viter
2030 508 2210 564 docuit
2257 522 2362 565 non
2407 508 2580 565 solum
2625 510 2906 581 episcopos
2934 512 3192 581 autsaeri
3230 514 3441 569 ordinis

1870 603 2151 658 ministros
2178 618 2207 655 a
2239 601 2439 672 praeliis
2468 601 2734 669 cohiberi,
2761 616 2947 657 verum
2976 603 3137 658 etiam
3167 604 3259 673 qui
3285 605 3442 661 Chri-

1867 702 1951 749 sto
1986 692 2153 749 semel
2184 692 2417 748 militare
2449 692 2695 763 coeperit,
2722 692 2887 747 etiam
2916 693 2985 748 ab
3022 693 3153 764 ipsis
3181 694 3438 750 bellormn

1866 780 2240 838 occasionibus
2287 781 2614 837 omnimodis
2664 781 3038 837 abstinendum
3096 781 3229 839 fore.
3295 783 3441 839 idem

1868 881 2034 935 etiam
2068 881 2121 933 in
2149 879 2490 950 episcopatus
2515 880 2751 936 culmine
2780 880 2986 950 positus
3010 896 3113 936 non
3141 874 3315 937 solum
3342 876 3443 938 ali-

1868 984 2029 1041 quem
2073 986 2179 1024 non
2228 971 2523 1027 insectatus
2567 982 2652 1026 est
2691 971 3004 1033 inimicum,
3047 987 3233 1027 verum
3280 974 3444 1030 etiam

1869 1072 2098 1119 mortem
2139 1063 2364 1119 meritos
2409 1063 2770 1118 inaestimabili
2817 1064 3101 1120 charitatis
3145 1062 3340 1120 allecto
3377 1069 3445 1118 ab

1870 1153 2172 1209 imminenti
2209 1152 2361 1208 clade
2409 1153 2724 1224 plerumque
2771 1154 3000 1224 eripuit,
3049 1170 3257 1208 memor
3304 1155 3446 1209 illius

1868 1249 2122 1319 prtecepti
2155 1265 2169 1301 :
2219 1245 2362 1301 Erue
2389 1264 2474 1300 eos
2529 1248 2619 1317 qui
2657 1248 2920 1300 ducuntur
2954 1247 3022 1300 ad
3058 1255 3297 1301 mortem.
3339 1245 3448 1299 Nec

1870 1342 1974 1399 hoc
2001 1339 2122 1394 dico
2151 1348 2208 1392 ut
2230 1336 2502 1392 maleﬁcos
2527 1346 2581 1391 et
2604 1338 2709 1392 vita
2734 1337 2847 1406 ipsa
2876 1338 3122 1408 indignos
3146 1337 3212 1392 ab
3243 1336 3446 1391 ultione

1868 1432 2217 1502 prohibeam;
2249 1431 2342 1484 sed
2374 1430 2586 1492 regibus
2618 1429 2718 1483 hoc
2758 1430 2880 1485 licet
2910 1445 2972 1483 ac
3001 1428 3182 1484 surculi
3210 1438 3447 1499 potesta-

1872 1528 2036 1591 tibus,
2059 1537 2113 1581 tt
2135 1526 2329 1597 quibus
2354 1540 2382 1577 a
2409 1524 2612 1595 legibus
2635 1522 2950 1593 permissum
2973 1529 3073 1577 cst.
3097 1520 3229 1574 Alias
3250 1521 3446 1591 quippe

1871 1627 1996 1675 sunt
2045 1617 2188 1687 leges
2218 1616 2477 1679 Caesaris,
2510 1614 2598 1668 alii
2638 1629 2815 1668 mores
2856 1612 3236 1667 ecclesiasticae
3274 1612 3447 1683 digni-

1874 1708 2019 1762 tatis.
2056 1706 2206 1762 Unde
2231 1706 2360 1761 dicit
2387 1705 2444 1758 B.
2476 1702 2807 1774 Augustinus
2839 1701 2891 1756 in
2922 1702 3057 1757 libro
3077 1700 3443 1769 Quaestionum

181 1789 375 1843 altaria
431 1790 622 1843 tenebo
665 1788 831 1844 vitam
881 1786 1194 1847 obsecrans,
1240 1782 1335 1838 sed
1374 1796 1474 1850 pro
1506 1779 1769 1834 altaribus
1804 1781 1845 1838 Β
1874 1795 2086 1852 Velm-is
2112 1811 2175 1851 ac
2198 1794 2331 1852 Νονί
2363 1794 2691 1850 Τεεωηιριιιί
2725 1811 2737 1845 :
2774 1810 2792 1843 ι
2827 1793 3003 1860 Quare
3030 1794 3294 1857 sententia
3322 1795 3445 1847 data

181 1882 396 1951 gratius
456 1878 792 1934 imtuolabor.
855 1895 875 1929 ι
933 1874 1195 1946 Origenes
1238 1887 1452 1942 quoque
1498 1884 1771 1939 exponens

183 1971 316 2025 illud
348 1972 416 2025 de
446 1968 737 2041 Evangelia
764 1985 781 2022 :
808 1968 1069 2022 Attendite
1097 1983 1128 2019 ιι
1162 1964 1312 2035 falsis
1359 1963 1639 2032 prophetis.
1681 1961 1769 2032 qui

184 2063 399 2116 reniunt
441 2063 509 2114 ad
555 2077 646 2114 vos
693 2061 749 2113 in
794 2059 1104 2112 vestimentis
1157 2056 1349 2119 ovium,
1405 2054 1546 2108 intus
1594 2062 1770 2106 autem

182 2163 310 2206 sunt
339 2150 448 2211 lupi
484 2165 735 2220 rapaces;
776 2168 807 2204 a
852 2149 1108 2219 fructibus
1134 2163 1313 2202 eorum
1345 2146 1662 2216 cognoscetis
1683 2160 1771 2198 eos

184 2244 404 2314 (ﬂatile.
438 2258 518 2304 Ix.
554 2243 675 2311 15),
726 2242 807 2297 sic
844 2242 1018 2295 dicit:
1073 2259 1093 2291 ι
1135 2238 1377 2308 Apostoli
1413 2246 1470 2291 et
1509 2244 1773 2306 martyres

184 2334 363 2388 sancti
392 2348 499 2387 non
529 2334 962 2403 persecutionem
999 2330 1263 2392 fecerunt,
1310 2329 1403 2383 sed
1441 2326 1773 2398 persecutio-

186 2439 317 2479 nem
354 2424 720 2495 pertulerunt;
755 2439 859 2479 non
900 2422 1317 2486 maledixernnt,
1359 2423 1454 2476 sed
1485 2420 1770 2475 maledicta

184 2516 597 2584 sustinuerunt;
627 2531 732 2569 non
757 2516 1286 2579 blasphemaveruut,
1328 2512 1423 2567 sed
1450 2527 1481 2567 a
1524 2510 1775 2582 blasphe-

105 2643 113 2649 .
188 2606 500 2660 uiatoribus
544 2605 810 2659 interfecti
851 2613 998 2658 sunt.
1032 2623 1054 2656 ι
1097 2603 1163 2656 Et
1206 2602 1267 2657 Β.
1299 2601 1593 2673 Gregorius
1634 2616 1774 2672 papa

187 2697 245 2751 in
270 2696 506 2766 quadam
536 2696 757 2751 homilia
798 2695 1098 2751 informans
1128 2710 1223 2749 nos
1255 2695 1323 2749 ad
1352 2694 1772 2749 conservandam

190 2789 559 2859 innocentiam
602 2790 677 2844 ita
708 2789 881 2844 dicit:
930 2806 948 2840 ι
996 2787 1212 2843 Utinam
1261 2787 1304 2841 si
1342 2787 1408 2841 ad
1434 2786 1773 2856 praedicatio-

190 2885 279 2939 nis
306 2885 560 2939 virtutem
591 2899 700 2938 non
738 2881 1057 2947 sufficimus,
1098 2880 1200 2936 loci
1233 2879 1405 2934 nostri
1436 2877 1668 2933 olIicinm
1718 2878 1771 2932 in

189 2980 502 3036 innocentia
568 2980 697 3034 vitae
751 2987 1051 3036 teneamus.
1100 2976 1159 3031 ln
1215 2974 1507 3046 Evangeléo
1579 2972 1774 3044 quippe

188 3071 456 3129 Dominus
503 3070 582 3128 ait
620 3088 636 3126 :
666 3069 803 3126 Ecce
845 3088 939 3142 ego
968 3073 1118 3124 mitto
1146 3086 1234 3124 vos
1278 3069 1410 3123 sicut
1444 3083 1605 3138 agnos
1641 3067 1776 3120 inter

187 3165 344 3233 lupos
387 3162 605 3234 (Matth.
639 3180 691 3229 x,
745 3162 858 3233 l6).
900 3161 1067 3232 lgitur
1100 3161 1236 3216 sicut
1266 3159 1388 3228 agni
1434 3159 1576 3213 inter
1620 3157 1774 3229 lupos

189 3256 481 3323 mittimur,
509 3266 568 3310 ut
599 3270 817 3313 sensum
854 3262 1133 3310 servantes
1162 3252 1504 3317 innocentiae,
1537 3265 1775 3305 morsum

190 3347 416 3403 tualitite
444 3362 551 3403 non
582 3348 898 3403 habeamus.
923 3344 1023 3413 Qui
1054 3345 1198 3398 enim
1233 3343 1413 3399 locum
1440 3341 1777 3414 prmdicatio-

190 3440 279 3494 nis
315 3440 565 3509 suscipit,
609 3439 750 3493 mala
787 3438 990 3511 interro
1031 3454 1138 3494 non
1169 3436 1359 3495 debet.
1389 3436 1482 3491 sed
1525 3434 1772 3498 tolerare,

189 3540 251 3585 ut
303 3546 373 3584 ex
422 3531 536 3601 ipsa
584 3545 681 3586 sua
708 3530 1120 3586 mansuetudine
1150 3528 1284 3582 iram
1315 3528 1651 3582 smvicntittm
1678 3527 1778 3580 mi-

190 3624 346 3694 tiget,
389 3631 445 3677 et
488 3634 832 3694 peccatorum
879 3622 1101 3678 vulnera
1148 3621 1202 3676 in
1243 3620 1363 3676 aliis
1399 3618 1777 3675 aﬂlietionibus

190 3716 312 3787 ipse
338 3716 656 3772 vulneratus
679 3725 859 3771 sanet.
890 3733 911 3767 ι
939 3714 1087 3770 Idem
1101 3714 1265 3770 etiam
1294 3727 1428 3784 papa
1455 3712 1610 3768 docet
1633 3711 1778 3766 nullo

191 3806 377 3869 modo,
405 3804 584 3876 neque
602 3820 704 3877 pro
737 3804 887 3876 iusta
923 3805 1087 3861 etiam
1125 3818 1313 3869 causa,
1343 3802 1652 3872 episcopum
1679 3801 1775 3855 de-

189 3899 325 3955 bere
373 3900 540 3955 armis
578 3900 887 3957 inservire:
917 3899 1103 3955 volens
1149 3897 1271 3952 aliis
1321 3911 1420 3952 suo
1451 3896 1777 3951 satisfacere

189 3992 464 4063 exemplo,
514 3992 708 4049 scribit
750 4008 917 4063 super
957 3991 1063 4047 hoc
1110 3989 1408 4045 Sabiniano
1444 3988 1671 4044 diacono
1699 3980 1779 4041 aii-

190 4097 353 4137 cens:
376 4098 398 4144 ι
419 4081 599 4138 Unum
614 4090 698 4139 est
716 4081 860 4154 quod
878 4081 1120 4136 breviter
1135 4094 1394 4149 suggeras
1416 4076 1779 4133 serenissimis

192 4171 432 4228 dominis
477 4172 652 4227 notris
703 4170 1149 4240 imperatoribus;
1197 4168 1324 4238 quia
1357 4167 1403 4222 si
1444 4182 1543 4239 ego
1591 4181 1780 4221 servus

190 4277 387 4318 eorum
442 4262 495 4317 in
547 4272 722 4318 morte
776 4261 862 4317 vel
909 4261 1388 4331 Langobardorum
1421 4275 1507 4315 me
1550 4259 1781 4314 miscere

192 4354 513 4416 voluissem,
545 4353 704 4409 hodie
733 4352 1214 4423 Langobardorum
1263 4366 1397 4421 gens
1429 4366 1528 4405 nec
1574 4365 1776 4420 regem,

1870 1888 1985 1944 est?
2020 1887 2092 1943 Ut
2113 1889 2239 1958 quid
2273 1890 2364 1958 qtti
2394 1887 2592 1957 accipit
2633 1886 2866 1958 gladium
2897 1885 3073 1959 gladio
3100 1896 3313 1955 pereat,
3343 1886 3447 1940 nisi

1872 1980 1997 2050 quia
2043 1979 2174 2035 nulli
2224 1979 2380 2042 licet,
2408 1988 2636 2048 excepto
2674 1977 2885 2049 judice,
2915 1976 3090 2047 gladio
3119 1992 3445 2047 quemquam

1872 2071 2153 2126 occidere?
2186 2089 2205 2122 ι
2240 2070 2308 2125 Et
2344 2069 2535 2124 beatus
2579 2069 2969 2138 Hieronymus,
2996 2080 3159 2139 super
3189 2067 3448 2121 Ezechie-

1872 2161 1977 2218 lem
2006 2161 2143 2216 libro
2174 2177 2234 2216 ιιι
2263 2176 2277 2213 :
2312 2179 2331 2212 ι
2364 2159 2463 2226 Qui
2488 2159 2662 2216 malos
2689 2160 2939 2229 percutit,
2972 2159 3024 2213 in
3049 2174 3114 2214 eo
3154 2158 3296 2229 quod
3325 2160 3446 2215 mali

1872 2260 2020 2317 sunt,
2051 2260 2107 2306 et
2132 2252 2295 2306 habet
2343 2267 2470 2305 vasa
2509 2249 2902 2305 iuterfectionis
2941 2260 2999 2303 ut
3040 2250 3249 2305 occidat
3274 2251 3446 2320 pessi-

1876 2358 2029 2408 mos,
2092 2342 2339 2397 minister
2397 2352 2480 2397 est
2541 2342 2774 2397 Domini.
2829 2361 2848 2395 ι
2897 2342 2961 2396 Et
3004 2340 3233 2404 Haimo,
3287 2355 3450 2410 super

1875 2433 2169 2507 Epistulam
2214 2434 2281 2488 ad
2328 2433 2598 2489 Romanos
2628 2449 2641 2487 :
2674 2452 2692 2485 ι
2729 2432 2864 2489 Sunt
2911 2434 3155 2502 quaedam
3204 2434 3446 2487 enormia

1876 2527 2074 2597 ﬂagitia
2121 2541 2241 2594 qua:
2285 2525 2463 2594 potius
2514 2539 2607 2593 per
2660 2523 2842 2578 mundi
2888 2523 3097 2593 iudices
3140 2536 3301 2593 quam
3354 2539 3452 2593 per

1875 2617 2145 2671 antistites
2179 2625 2233 2670 et
2265 2626 2502 2670 rectores
2535 2615 2882 2670 ecclesiarum
2923 2617 3259 2687 judicantnr,
3306 2618 3450 2673 sicut

1875 2718 1957 2764 est
1981 2726 2102 2765 cum
2130 2709 2252 2777 quis
2280 2709 2538 2763 interﬁcit
2564 2709 2939 2778 apostoliemu,
2965 2710 3298 2779 episcopum,
3327 2724 3450 2780 pre—

1876 2797 2168 2869 sbyterum,
2196 2798 2499 2852 diaconum.
2525 2797 2838 2867 Huiusmodi
2880 2812 3000 2853 reos
3033 2812 3188 2868 reges
3223 2806 3275 2851 ct
3303 2798 3452 2869 prin-

1875 2890 2025 2960 cipes
2068 2890 2250 2945 mundi
2298 2890 2576 2945 damnant.
2609 2890 2747 2962 Ergo
2776 2905 2881 2945 non
2922 2891 3041 2947 sine
3081 2906 3242 2946 caus:t
3276 2901 3452 2961 portat

1876 2978 2133 3050 gladium,
2164 2978 2257 3049 qui
2304 2979 2429 3033 talia
2475 2979 2683 3034 scelera
2728 2977 3004 3047 dijudicat.
3056 3000 3074 3031 ι
3125 2979 3278 3036 Sicut
3321 2996 3450 3049 ergo

1876 3074 2142 3144 episcopis
2175 3082 2230 3128 et
2274 3073 2413 3129 sacri
2461 3074 2670 3129 ordinis
2716 3073 2981 3129 ministris
3021 3073 3243 3128 onmiuo
3266 3073 3454 3143 probi-

1875 3165 2045 3220 bitum
2069 3173 2155 3220 est
2195 3164 2427 3234 aliquem
2472 3165 2742 3230 occidere,
2787 3166 2858 3219 ita
2891 3164 3071 3220 surculi
3118 3165 3452 3235 principibus

1877 3257 1982 3311 hoc
2011 3256 2137 3311 licet
2168 3257 2371 3325 absque
2403 3268 2554 3311 reatu
2585 3256 2789 3320 facere,
2817 3256 2957 3311 sicut
2988 3255 3350 3327 Hieronymus
3378 3264 3454 3307 te-

1877 3355 2051 3400 statur
2077 3361 2241 3417 super
2267 3346 2561 3416 Epistolam
2589 3349 2658 3402 ad
2685 3346 2925 3413 Galatas,
2956 3346 3092 3402 libro
3118 3362 3170 3401 χι
3195 3364 3208 3400 :
3238 3365 3257 3398 ι
3284 3345 3456 3402 Judex

1878 3452 1985 3491 non
2014 3444 2101 3491 est
2141 3446 2333 3491 auctor
2359 3436 2603 3501 sceleris,
2650 3452 2826 3507 neque
2871 3437 3118 3493 homines
3149 3436 3453 3497 vinciendo,

1878 3540 2054 3595 neque
2099 3526 2346 3580 homines
2389 3527 2726 3598 perimeudo.
2776 3547 2796 3581 ι
2844 3527 3038 3598 Liquet
3093 3529 3275 3597 itaque
3330 3526 3459 3583 solis

1879 3616 2062 3671 mundi
2116 3618 2473 3687 potestatibus
2528 3618 2844 3675 attributam
2896 3630 3217 3690 potestatem
3273 3620 3455 3677 eradi-

1879 3709 2035 3765 candi
2084 3709 2276 3780 impios
2321 3710 2387 3765 de
2438 3719 2579 3766 terra
2606 3751 2621 3776 ,
2675 3711 2817 3768 sicut
2859 3712 3204 3768 beatissimus
3250 3722 3457 3784 martyr

1878 3803 2178 3878 Cyprianus
2227 3803 2420 3860 scribit
2447 3804 2500 3859 in
2532 3819 2673 3860 nono
2700 3791 3230 3875 genere'abusionis.
3261 3824 3279 3857 ι
3318 3804 3458 3869 Rex,

1880 3899 2075 3968 inquit,
2104 3898 2266 3955 debet
2310 3896 2451 3953 furta
2498 3898 2777 3963 cohibere,
2808 3897 3070 3954 adulteria
3110 3897 3324 3967 punire,
3354 3898 3459 3950 im-

1878 3990 1997 4059 pios
2024 3989 2091 4045 de
2139 3997 2282 4045 terra
2326 3988 2578 4057 perdere,
2604 3988 2895 4060 patricidas
2929 3998 2984 4043 et
3022 3985 3324 4058 pejerantes
3354 4002 3457 4041 non

1879 4080 2057 4135 sinere
2103 4079 2303 4144 vivere,
2356 4078 2494 4134 ﬁlios
2537 4095 2665 4134 suos
2713 4095 2818 4135 non
2863 4080 3042 4135 sinere
3086 4078 3247 4148 impie
3277 4093 3459 4150 agere.

1882 4172 2131 4242 Episcopi
2176 4188 2307 4228 vero
2340 4173 2391 4227 in
2423 4189 2521 4227 sua
2564 4172 2975 4229 mansuetudine
3003 4181 3059 4227 et
3085 4170 3462 4227 ecclesiastica

1880 4264 2168 4318 severitate
2197 4273 2252 4318 et
2275 4265 2660 4335 pucdicatione
2687 4264 2834 4320 verbi
2865 4264 2959 4320 Dei
2988 4263 3208 4319 stabiles
3243 4279 3426 4333 perma
3446 4294 3460 4304 -

1883 4363 2068 4420 n‘eant,
2101 4354 2240 4408 sicut
2267 4353 2319 4407 in
2357 4354 2580 4409 Actibus
2606 4354 2975 4425 apostolorum
3022 4354 3282 4424 scriptum
3329 4363 3406 4409 est
3446 4369 3463 4406 τ

193 4465 296 4506 nec
323 4449 511 4513 duces,
550 4464 651 4505 nec
700 4450 927 4505 comites
972 4448 1224 4515 haberet,
1261 4458 1425 4517 atque
1464 4447 1519 4501 in
1568 4462 1776 4501 summa
1811 4470 1856 4529 υ
1884 4441 2007 4497 Νοη
2046 4455 2119 4498 est
2148 4460 2352 4513 a'quttm
2384 4445 2669 4515 relinquere
2698 4444 2907 4499 verbum
2950 4443 3048 4499 Dei
3083 4456 3130 4499 et
3162 4445 3468 4498 ministrare

191 4538 520 4595 confusione
555 4547 701 4595 esset
740 4540 936 4595 divisa.
976 4538 1084 4595 Sed
1128 4539 1251 4608 quia
1290 4538 1455 4593 Deum
1502 4538 1694 4603 timeo,
1722 4537 1776 4592 in

193 4641 376 4686 morte
399 4631 687 4701 cujuslibet
714 4631 948 4687 hominis
979 4645 1064 4685 me
1090 4632 1319 4685 miscere
1349 4628 1600 4683 formido.
1644 4648 1662 4680 ι

269 4722 429 4780 Unde
474 4723 675 4793 liquido
701 4723 959 4794 colligere
1002 4730 1183 4793 potes,
1223 4721 1657 4791 quandoquidem
1693 4719 1781 4775 ille

196 4826 321 4871 tuas
350 4823 462 4869 tam
488 4813 778 4869 etlicaciter
816 4812 1003 4868 ulcisci
1033 4812 1330 4883 praevalens
1361 4811 1608 4882 injurias,
1636 4819 1782 4865 metu

196 4916 385 4977 tamen
416 4904 601 4959 divino
628 4903 792 4973 elegit
820 4911 1032 4958 scutum
1064 4903 1352 4972 patientim,
1385 4917 1451 4956 ne
1502 4902 1778 4956 hominum

196 4996 470 5052 mortibus
517 5010 576 5050 se
620 4995 891 5058 misceret,
924 4995 1067 5064 quod
1111 4994 1197 5048 isti
1229 4994 1420 5048 timore
1448 4994 1539 5048 Dei
1572 4992 1782 5061 altjecto

196 5086 405 5155 nefarie
428 5087 667 5143 caedibus
695 5086 970 5141 hominum
991 5100 1050 5140 se
1079 5085 1436 5147 'intersernnt,
1459 5093 1514 5137 et
1532 5092 1784 5138 cruentas

195 5192 411 5249 strages
488 5177 869 5233 contaminatis
941 5178 1216 5233 obtutibus
1285 5177 1571 5248 aspiciunt.
1630 5173 1782 5243 Quod

196 5270 552 5337 beatissimus
574 5268 836 5323 Martinus
870 5284 1195 5341 magnopere
1244 5267 1476 5340 fugiens,
1521 5267 1783 5324 abdicantis

198 5360 389 5423 armis,
421 5359 619 5428 quibus
662 5359 763 5414 sub
790 5368 1006 5413 terreno
1033 5374 1159 5429 rege
1189 5359 1476 5423 militabat,
1504 5372 1617 5413 stne
1658 5354 1781 5411 ﬁdei

198 5448 515 5505 tirocinium
565 5448 999 5503 mansuetudinis
1040 5458 1097 5503 et
1139 5449 1465 5523 innocentiae
1506 5447 1782 5518 prOposito

197 5543 495 5615 dedicavit,
523 5549 581 5596 et
615 5541 854 5597 nondum
896 5541 1165 5597 clericalis
1193 5541 1397 5597 ordinis
1425 5542 1647 5611 gradum
1681 5539 1782 5594 ali-

197 5651 363 5706 quem
416 5635 674 5699 sortitus,
719 5634 907 5691 multis
952 5642 1132 5690 tamen
1181 5634 1373 5689 merito
1416 5630 1782 5704 praeferendus

196 5727 502 5802 episcopis,
544 5728 749 5783 militia:
792 5735 1105 5785 constanter
1147 5725 1495 5791 renuntiavit,
1547 5723 1733 5779 dicens
1768 5741 1779 5776 :

1882 4538 2069 4590 mensis
2100 4537 2237 4607 (Art.
2272 4553 2342 4597 Vl,
2371 4537 2449 4607 2).
2486 4557 2505 4588 ι
2537 4536 2637 4602 Qui
2680 4537 2759 4592 sic
2799 4537 2962 4591 etiam
3009 4537 3203 4592 docere
3240 4537 3462 4597 debent,

1882 4628 2022 4683 sicut
2055 4628 2412 4698 Hieronymus
2440 4628 2546 4688 ait,
2577 4639 2634 4681 ut
2679 4628 2791 4682 vita
2837 4643 3023 4682 eorum
3065 4627 3463 4696 irreprebensi-

1882 4723 2007 4777 bilis
2038 4724 2129 4777 sit.
2162 4721 2345 4776 Perdit
2387 4722 2529 4776 enim
2576 4721 2956 4775 auctoritatem
3004 4718 3254 4782 docenni,
3307 4718 3461 4789 cujus

1882 4830 2061 4870 sermo
2086 4831 2248 4886 opere
2287 4814 2602 4870 tlestrnitur.
2629 4813 2862 4868 Proinde
2906 4813 3082 4868 sciant
3111 4813 3212 4867 sibi
3239 4813 3460 4865 omnino

1885 4907 2171 4962 inhibitum
2221 4906 2285 4959 ad
2333 4904 2468 4959 bella
2526 4904 2846 4972 procedere,
2895 4904 2996 4958 nisi
3038 4902 3354 4973 quibusdam
3392 4916 3461 4955 ex

1883 4999 2063 5053 causis
2089 5013 2209 5067 qua:
2251 4996 2302 5050 in
2332 4995 2675 5066 subsequenti
2705 4994 2886 5051 Caroli
2925 4994 3065 5067 regis
3106 4994 3284 5048 edicto
3310 5000 3462 5062 pate-

1886 5088 2052 5141 bnnt:
2089 5104 2107 5137 ι
2138 5086 2367 5142 Carolus
2394 5086 2484 5140 Dei
2514 5087 2684 5156 gratia
2713 5101 2808 5140 rex
2832 5085 3088 5154 regnique
3128 5081 3460 5137 Francorum

1885 5188 2083 5243 rector,
2112 5187 2168 5234 et
2194 5178 2420 5233 devotus
2448 5188 2651 5231 sanctae
2693 5175 2944 5231 defensor
2984 5173 3260 5239 Ecclesiae,
3298 5182 3463 5243 atque

1884 5270 2098 5339 adiutor
2128 5271 2179 5325 in
2223 5270 2473 5325 omnibus
2510 5268 2818 5339 apostolicae
2860 5267 3023 5322 sedis.
3069 5266 3295 5321 Hortatu
3342 5279 3465 5318 om-

1883 5361 2033 5417 nium
2082 5358 2315 5416 ﬁdelium
2362 5370 2664 5414 uostrormn
2685 5400 2701 5423 ,
2730 5368 2784 5415 et
2818 5358 3048 5412 maxime
3078 5348 3458 5425 episcoporum

1885 5466 1950 5507 ac
1997 5450 2322 5522 reliquorum
2354 5450 2689 5505 sacerdotum
2719 5448 2984 5513 consultu,
3012 5449 3185 5503 servis
3224 5446 3319 5500 Dei
3365 5461 3469 5515 per

1885 5541 2065 5620 omnia
2095 5542 2344 5597 omnibus
2367 5550 2694 5611 armaturam
2727 5550 2942 5608 portare
2971 5538 3052 5592 vel
3078 5552 3335 5608 pugnare,
3366 5544 3467 5590 aut

1887 5633 1941 5688 in
1978 5634 2275 5689 exercitum
2322 5642 2375 5686 et
2423 5634 2474 5685 in
2514 5632 2717 5685 hostem
2746 5646 2985 5701 pergere,
3012 5626 3236 5684 Omnino
3269 5627 3456 5696 prohi—

1886 5723 2103 5788 bemus;
2148 5723 2248 5776 uisi
2284 5720 2389 5776 illis
2436 5721 2805 5777 tantummodo
2831 5719 2921 5792 qui
2966 5730 3183 5793 propter
3214 5717 3457 5771 divinum
