3974 5374
557 191 666 249 239

1643 194 1703 251 s.
1745 178 2089 252 remearn
2129 180 2610 256 canae‘rsxsrs
2641 200 2948 259 EPiSCOPl

3746 207 3840 268 160

559 309 923 367 ministerium
960 310 1247 366 missarum
1280 309 1489 366 scilicet
1517 308 1777 364 solemnia
1812 311 2147 380 adimplenda
2177 323 2223 379 Α
2254 315 2562 384 episcopum
2601 314 2754 384 jubet
2798 331 2919 372 esse
2961 331 3077 372 srne
3123 318 3369 383 crimine,
3412 337 3521 376 non
3563 339 3840 394 percusso-

557 414 610 456 et
636 401 736 456 SS.
769 402 1068 471 patrocinia
1099 404 1360 473 portanda
1389 403 1456 457 ad
1488 404 1591 458 hoc
1621 403 1779 458 electi
1813 415 1958 469 sunt,
1991 406 2148 462 idest

553 511 695 550 unus
726 495 808 548 vel
847 495 954 548 duo
983 493 1220 565 episcopi
1265 510 1387 548 cum
1437 493 1730 564 capellanis
1777 496 2108 568 presbyteris
2130 496 2152 562 ;’

553 596 609 640 ct
657 585 1033 657 unusquisque
1069 587 1322 657 princeps
1348 603 1514 641 unum
1548 587 1926 659 presbyterum
1964 605 2146 645 secum

552 681 769 744 haheat,
819 681 911 751 qui
954 689 1176 751 peccata
1216 681 1602 737 conﬁtentibus
1640 679 1880 736 indicare
1909 690 1965 736 et
2010 683 2147 737 indi-

549 789 678 830 cere
709 775 1082 843 ptenitentiam
1119 775 1306 845 possit.
1345 792 1363 824 ι

623 865 747 919 lltec
791 866 974 919 omnia
1020 865 1106 920 isti
1156 865 1585 934 parvipendunt,
1629 865 1736 920 imo
1773 867 1935 920 etiam
1978 879 2143 920 evan-

549 953 720 1025 gelica
753 953 1001 1008 instituta
1046 962 1480 1018 contemnentes,
1519 954 1862 1026 plerumque,
1893 964 1952 1009 ut
1989 955 2142 1010 audi-

546 1053 744 1119 vimus,
779 1053 956 1109 adhuc
978 1052 1128 1108 illitis
1156 1069 1346 1108 recens
1375 1052 1513 1108 facta
1552 1053 1696 1108 c:ede
1731 1054 1999 1118 manibus,
2031 1067 2138 1107 non

545 1149 719 1202 solum
749 1147 1036 1203 ecclesiam
1092 1147 1297 1202 intrare
1338 1148 1432 1202 sed
1464 1147 1530 1202 ad
1575 1147 1687 1217 ipsa
1718 1145 1917 1202 Christi
1951 1162 2138 1201 sacra-

544 1247 727 1294 menta
759 1238 972 1294 nefario
999 1250 1130 1293 ausu
1156 1247 1494 1308 przesumunt
1531 1236 1819 1302 accedere,
1850 1251 1956 1291 non
1996 1235 2135 1304 diju-

541 1337 733 1383 cantes
762 1343 963 1399 corpus
1006 1337 1061 1382 et
1090 1326 1406 1399 sanguinem
1439 1325 1649 1380 Domini
1686 1342 1699 1378 :
1734 1326 1990 1380 nimirum
2029 1342 2134 1380 non

543 1419 889 1475 attendentes
917 1419 1060 1489 quod
1103 1419 1243 1474 idem
1282 1417 1533 1474 Christus
1567 1434 1671 1473 non
1708 1415 1884 1472 alieno
1918 1431 2131 1479 cruore,

537 1511 634 1564 sed
663 1509 882 1580 proprio
907 1509 1171 1580 sanguine
1202 1509 1442 1564 introivit
1463 1508 1630 1564 semel
1662 1509 1712 1563 in
1737 1521 1944 1574 sancta,
1968 1524 1996 1563 a
2029 1509 2134 1563 Deo

538 1599 945 1654 tniseratiouum
980 1601 1226 1654 ubertate
1259 1598 1588 1664 redundans,
1622 1607 1678 1652 ut
1715 1614 1814 1668 pro
1858 1598 1988 1669 ipsis
2017 1599 2132 1653 suis

2255 419 2390 460 rem.
2418 405 2620 471 Quibus
2659 408 2893 462 breviter
2918 409 3061 473 dico,
3087 409 3130 464 si
3159 412 3296 466 tueri
3322 427 3380 468 se
3411 412 3648 490 [volunt]
3679 433 3837 486 pravo

2252 493 2481 562 alicujus
2509 496 2774 566 exemplo,
2807 500 3053 555 noverint
3097 501 3223 570 quia
3271 501 3564 574 singularis
3598 524 3837 576 persona:

2248 586 2332 640 vel
2379 602 2557 642 causa:
2586 603 2692 642 non
2724 589 3078 660 pra‘judicant
3109 592 3149 664 [,
3183 592 3302 666 sed]
3333 597 3611 651 communi
3648 597 3752 668 legi
3791 610 3838 655 et

2248 677 2538 732 universali
2570 681 2873 734 sententiae.
2900 681 2976 734 Illi
3003 683 3186 752 itaque
3215 683 3433 739 solliciti
3456 687 3570 741 sint
3601 689 3834 759 episcopi

2153 791 2156 796 -
2247 769 2392 823 circa
2438 784 2654 841 gregem
2704 787 2884 839 suum,
2919 772 3151 843 pascant
3191 791 3459 847 pauperes
3504 781 3755 836 ecclesia:
3789 791 3837 837 et

2245 857 2574 916 domesticos
2603 862 2750 926 ﬁdei,
2781 872 2838 917 et
2884 879 3047 919 causa
3094 866 3380 922 viduarum
3417 880 3473 924 et
3506 871 3832 941 pupillorum

2245 947 2579 1020 ingrediatur
2607 953 2674 1007 ad
2701 969 2823 1019 eos,
2869 955 3102 1010 vestiant
3147 955 3348 1019 nudos,
3393 962 3670 1030 egentium
3721 963 3834 1016 ani-

2243 1053 2360 1093 mas
2390 1039 2711 1108 relocillent,
2742 1054 2797 1097 et
2822 1054 3017 1099 ctetera
3043 1048 3387 1116 paternitatis
3416 1049 3681 1120 obsequia
3716 1050 3832 1105 ﬁliis

2241 1131 2354 1187 suis
2382 1133 2713 1204 impendant.
2745 1135 2849 1190 Sed
2874 1137 3199 1192 omnimodis
3235 1139 3335 1194 hoc
3383 1151 3640 1204 caveant,
3680 1156 3750 1196 ne
3775 1151 3829 1198 es

2239 1241 2359 1296 quae
2390 1228 2461 1283 ob
2508 1229 2862 1301 indigentium
2904 1231 3282 1286 necessitatem
3318 1232 3560 1288 Ecclesia
3607 1249 3830 1304 congrea

2239 1328 2331 1388 gat
2359 1329 2413 1374 et
2457 1331 2638 1375 servat
2663 1320 2954 1391 aliquando
2997 1322 3188 1376 tollant
3217 1334 3271 1378 et
3312 1325 3366 1378 in
3399 1323 3538 1380 alios
3568 1341 3702 1380 usus
3740 1341 3830 1382 nea

2237 1411 2373 1465 larie
2403 1409 2701 1476 effundant,
2727 1408 2926 1467 Christi
2961 1412 3192 1468 ﬁliorum
3226 1427 3418 1482 panem
3446 1429 3618 1470 canes
3652 1431 3830 1472 comes

2237 1505 2395 1567 dant,
2426 1506 2569 1573 quod
2601 1503 2823 1558 omnino
2871 1521 2976 1559 non
3025 1506 3245 1576 expedit
3289 1507 3579 1561 animabus
3616 1523 3823 1562 eorum;

2235 1592 2479 1649 Invenies
2505 1602 2560 1648 et
2590 1593 2694 1647 alia
2719 1595 3002 1650 innumera
3030 1595 3224 1650 divinae
3250 1597 3460 1667 pagina:
3485 1598 3821 1663 testimonia;

534 1693 1000 1761 persecutoribus,
1046 1691 1171 1746 licet
1212 1690 1584 1745 misericordia
1635 1690 1888 1761 indignis,
1918 1691 1986 1744 ad
2025 1688 2123 1743 Pa-
2161 1673 2203 1732 Β
2233 1685 2327 1739 sed
2358 1685 2470 1756 ipse
2503 1687 2597 1740 tibi
2642 1701 2708 1741 ex
2737 1694 2888 1757 parte
2923 1703 3042 1742 mea
3087 1687 3203 1742 haec
3229 1704 3403 1759 pauca
3445 1689 3735 1747 destinavi.
3771 1702 3825 1744 ιιι

534 1791 674 1835 trem
705 1782 908 1836 diceret
940 1798 954 1834 :
991 1779 1168 1841 Pater,
1194 1781 1399 1849 ignosce
1428 1779 1551 1843 illis,
1583 1781 1711 1850 quia
1745 1780 1979 1833 nesciunt
2001 1779 2127 1849 quid

532 1869 736 1939 faciunt
762 1869 914 1939 (Luc.
951 1885 1107 1933 χχιιι,
1131 1868 1243 1940 54).
1275 1869 1584 1923 Meminisse
1614 1884 1829 1938 quoque
1866 1869 2128 1923 deberent

531 1965 676 2030 quod
731 1962 900 2016 David
939 1977 1036 2015 rex
1086 1960 1357 2030 quondam
1409 1960 1850 2030 potentissimus,
1903 1958 1969 2012 de
2016 1973 2124 2029 quo

529 2055 792 2109 Dominus
819 2071 831 2106 :
865 2053 1070 2118 Inveni,
1095 2054 1287 2122 inquit,
1317 2053 1482 2106 cirum
1505 2052 1788 2106 secundum
1815 2068 1902 2104 cor
1927 2067 2118 2110 meum,

525 2148 617 2215 qui
647 2147 810 2216 faciat
839 2161 1044 2200 onmem
1091 2140 1418 2198 voluntatem
1449 2160 1614 2197 meam
1650 2140 1821 2212 (I’snl.
1852 2157 2117 2203 Lxxxvnt,

526 2239 588 2292 2|
603 2251 652 2305 );
689 2248 868 2291 tamen
897 2248 1116 2307 propter
1143 2243 1370 2289 mortem
1409 2232 1550 2288 Uria:
1572 2243 1626 2288 et
1654 2232 1907 2303 populum
1936 2245 2121 2286 recen-

525 2331 692 2386 situm
716 2340 769 2384 et
792 2330 1102 2398 frequentes
1123 2327 1496 2398 expeditiones
1525 2324 1832 2395 prohibitus
1847 2333 1927 2378 est
1950 2323 2118 2377 aedili-

524 2440 652 2480 care
678 2423 936 2494 templum
951 2422 1202 2486 Domino,
1225 2421 1368 2492 quod
1395 2422 1510 2490 ipso
1539 2429 1751 2474 mortuo
1771 2415 2048 2479 Salomon,
2065 2416 2116 2470 id

523 2525 607 2571 est
631 2531 722 2570 rex
739 2514 1022 2584 paciﬁcus,
1044 2514 1313 2568 aediﬁcare
1345 2509 1604 2580 meruit(l
1625 2509 1750 2563 Par.
1785 2507 2113 2580 xxvnt).lpsi

521 2606 704 2676 itaque
727 2621 832 2658 non
866 2605 1059 2658 timent
1083 2604 1223 2674 quod
1252 2602 1540 2672 Apostolus
1569 2601 1732 2655 dicit:
1769 2600 1869 2666 Qui
1901 2601 2116 2670 indigne

519 2696 1118 2766 manducat,judicium
1148 2695 1246 2748 sibi
1289 2693 1571 2773 manducat
1620 2691 1678 2762 (1
1709 2690 1831 2746 Cor.
1859 2707 1912 2745 ιι
1935 2732 1948 2756 ,
1978 2691 2049 2745 29
2070 2692 2110 2756 ).

521 2791 679 2847 Unde
722 2790 1022 2845 admonens
1065 2804 1166 2843 nos
1193 2787 1512 2842 Ambrosius
1554 2786 1728 2840 dicit:
1765 2804 1782 2836 ι
1819 2784 1952 2840 Vide
1982 2785 2111 2855 quid

519 2899 674 2953 agas,
709 2883 1005 2938 sacerdos:
1036 2898 1105 2937 ne
1136 2879 1468 2936 febricitanti
1497 2893 1657 2932 manu
1687 2875 1890 2932 Christi
1913 2891 2112 2946 corpus

515 2976 792 3044 attingas;
835 2975 986 3046 prius
1030 2988 1260 3033 curare,
1298 2982 1356 3026 ιιι
1401 2969 1575 3040 possis
1624 2969 1958 3024 ministrare.
1989 2988 2008 3020 ι
2044 2967 2110 3022 Ει

514 3067 576 3122 Β.
633 3066 995 3138 Hieronymus
1040 3063 1397 3127 irrPsahno:
1443 3080 1460 3112 ι
1499 3061 1710 3116 Elc'ctos
1739 3060 1904 3115 Israel
1935 3058 2105 3129 inpe-

513 3159 682 3226 divit,
712 3158 1080 3228 impediuntur
1113 3165 1168 3211 et
1200 3170 1343 3209 nunc
1391 3153 1549 3209 electi
1601 3153 1853 3208 Ecclesiae
1901 3152 1945 3206 si
1996 3167 2104 3206 non

512 3249 613 3319 ipsi
645 3262 860 3320 quoque
907 3246 1226 3302 sacerdotes
1270 3244 1587 3298 innocenter
1625 3243 1893 3297 sacriﬁcia
1932 3243 2106 3312 perci-

510 3341 683 3410 piant.
723 3358 742 3391 ι
773 3337 907 3406 Quia
941 3335 1108 3410 igitur
1140 3336 1324 3391 illicita
1367 3343 1722 3406 prmsumunt,
1755 3333 1949 3388 merito
1992 3347 2104 3387 sum

511 3429 746 3484 actionis
774 3441 900 3482 ante
942 3428 1131 3483 oculos
1181 3428 1402 3498 superni
1450 3425 1655 3482 Judicis
1681 3424 1961 3492 dignitatis
1992 3439 2102 3479 sure

510 3527 718 3578 honore
749 3524 1048 3594 privantur,
1084 3523 1173 3592 qui
1206 3522 1341 3576 falso
1382 3530 1663 3592 pastorum
1709 3519 1927 3574 nomine
1975 3529 2100 3572 ante

509 3617 759 3671 homines
783 3615 1101 3688 gloriantur.
1139 3615 1292 3671 Unde
1343 3613 1592 3668 noverint
1645 3627 1702 3666 se
1755 3628 1860 3668 non
1900 3613 2099 3666 habere

507 3707 651 3762 illam
682 3708 940 3778 apostolis
987 3716 1148 3776 atque
1193 3706 1486 3776 apostolico
1517 3703 1764 3774 exemplo
1797 3704 2098 3758 viventibus

504 3801 775 3871 episc0pis
824 3799 1076 3854 collatam
1115 3813 1144 3851 a
1191 3799 1300 3851 Deo
1336 3804 1656 3866 potestatem
1703 3794 1901 3863 ligandi
1935 3804 2097 3861 atque

505 3891 768 3950 solvendi.
814 3891 968 3962 juxta
1027 3889 1240 3943 beatum
1302 3887 1662 3956 Augustinum
1728 3884 1780 3938 in
1833 3883 2092 3939 canonica

506 3983 689 4053 regula
739 3983 809 4035 ita
857 3983 1168 4036 dicentem:
1208 3998 1227 4031 ι
1261 3978 1338 4033 Illi
1389 3977 1486 4032 soli
1537 3976 1736 4047 ligandi
1778 3985 1938 4044 atque
1981 3975 2090 4030 sol-

504 4074 689 4136 vetuli,
719 4073 860 4126 sicut
903 4072 1076 4125 sancti
1111 4069 1336 4140 apostoli
1380 4069 1579 4123 habent
1623 4076 1968 4137 potestatem,
1998 4066 2089 4135 qui

503 4165 714 4220 illorum
756 4163 998 4233 exempla
1025 4178 1147 4217 cum
1179 4161 1425 4217 doctrina
1460 4169 1670 4225 tenent,
1703 4169 1757 4214 et
1793 4159 2089 4213 secundum

507 4255 743 4328 regulam
795 4255 1145 4326 apostolicam
1190 4253 1370 4307 omnia
1424 4251 1732 4306 connnunia
1788 4250 2007 4305 habent.
2067 4268 2084 4300 ι

2231 1778 2498 1832 desiderio
2530 1788 2618 1832 tuo
2655 1779 3051 1836 satisfacerem.
3081 1781 3160 1835 'l‘u
3191 1797 3336 1844 vero,
3370 1783 3414 1837 si
3455 1785 3678 1852 sapiens
3715 1783 3825 1838 (εισι

2230 1868 2328 1936 ris,
2371 1870 2421 1924 in
2451 1871 2636 1940 paucis
2659 1871 2827 1926 multa
2853 1874 3098 1944 cegitare
3122 1874 3348 1944 poteris.
3380 1875 3534 1931 Vale.

2756 2007 3086 2065 EPISTOLA
3127 2009 3304 2065 CXIII.

2288 2136 2550 2178 FULBERTI
2589 2137 2951 2177 CARNOTENSIS
2990 2138 3223 2178 EPISCOI’I
3266 2140 3333 2176 AD
3372 2139 3761 2180 IIILDEG.\RIL'I'.

2226 2231 2402 2303 [Apud
2439 2231 2738 2297 GAI.LA.\'D.,
2775 2232 3098 2286 Bibliotheca
3136 2232 3252 2303 lj'et.
3297 2233 3474 2297 Pana,
3510 2243 3643 2288 tom.
3681 2234 3813 2296 XIV,

2863 2320 2987 2374 pag.
3017 2302 3165 2375 £90.]

2293 2420 2638 2485 FULB’EBTIYS,
2675 2421 3090 2476 Carnotensium
3119 2421 3400 2490 episcopus
3423 2461 3437 2485 ,
3481 2422 3818 2478 “ILDEGAMO

2219 2512 2448 2568 Salutem
2472 2514 2540 2568 ab
2573 2512 2660 2568 illo
2687 2515 2778 2582 qui
2808 2515 3029 2569 mandat
3065 2514 3270 2569 salutes
3299 2513 3486 2569 Jac..b.

2292 2605 2578 2674 Epistolari
2629 2605 2894 2661 brevitate
2941 2616 3164 2662 coactus
3228 2607 3644 2678 interrogationi
3713 2619 3814 2663 tua:

2215 2698 2601 2767 compendiose
2623 2698 2941 2767 respondeo.
2971 2699 3045 2754 De
3071 2698 3464 2754 ecclesiasticis
3495 2699 3664 2755 rebus
3693 2699 3816 2755 Ilie-

2217 2801 2475 2858 ronymus
2505 2789 2636 2843 dicit
2672 2789 2738 2842 ad
2769 2787 3124 2858 Nepotianum
3157 2791 3338 2860 (epist.
3373 2789 3477 2858 52)
3517 2808 3531 2842 :
3567 2807 3586 2841 ι
3623 2791 3814 2847 Amico

2214 2878 2488 2947 quidpiam
2539 2894 2730 2949 rapere
2785 2877 2987 2933 furtum
3035 2890 3153 2944 est,
3201 2881 3499 2936 Ecclesiatn
3558 2882 3810 2937 fraudare

2214 2968 2556 3039 sacrilegium
2604 2977 2705 3034 est,
2738 2972 3015 3040 accep?sse
3064 2972 3392 3041 pauperibus
3436 2973 3808 3043 erogandum,

2213 3068 2264 3114 et
2316 3061 2682 3115 esurientibus
2733 3060 2980 3130 plurimis
3017 3062 3102 3115 vel
3133 3071 3350 3116 cautum
3381 3077 3504 3117 esse
3536 3064 3623 3117 vel
3659 3065 3806 3118 timi-

2210 3151 2369 3216 dum,
2417 3161 2541 3215 aut,
2589 3153 2733 3222 quod
2777 3152 3104 3222 apertissimi
3157 3153 3378 3208 sceleris
3426 3165 3546 3218 est,
3600 3156 3806 3226 aliquid

2207 3242 2400 3296 exinde
2429 3243 2772 3309 subtrahere,
2799 3244 3040 3298 onmium
3074 3247 3388 3314 praedonum
3419 3246 3800 3301 crudelitatem

2206 3345 2448 3406 superat.
2484 3356 2502 3389 ι
2536 3336 2668 3390 Itcm
2701 3339 2765 3391 ad
2796 3337 3204 3398 Pammachium
3249 3339 3421 3411 (epist.
3458 3342 3552 3412 48)
3585 3359 3600 3396 :
3640 3361 3660 3394 ι
3702 3342 3801 3399 Ubi

2205 3427 2368 3481 ditior
2396 3437 2479 3481 est
2509 3426 2764 3498 largitore
2794 3429 2881 3483 cui
2927 3429 3262 3500 largiendum
3305 3439 3387 3486 est
3407 3472 3421 3496 ,
3466 3447 3596 3502 pars
3628 3435 3794 3488 sacri-

2204 3519 2326 3589 legii
2371 3529 2454 3574 est
2513 3535 2628 3574 rem
2688 3536 2983 3596 pauperum
3034 3523 3166 3578 dare
3217 3540 3324 3578 non
3381 3526 3739 3595 pauperibus.
3774 3546 3794 3577 ι»

2203 3609 2355 3666 Unde
2387 3610 2622 3666 Isidorus
2665 3629 2678 3664 :
2717 3632 2735 3662 ι
2774 3612 3023 3683 Magnum
3054 3615 3232 3670 scelus
3261 3627 3343 3670 est
3372 3632 3461 3671 res
3489 3633 3793 3688 pauperum

2200 3712 2456 3773 pnestare
2487 3705 2764 3771 divitibus,
2797 3715 2852 3762 et
2887 3706 2954 3762 de
2998 3709 3303 3778 sumptibus
3333 3709 3556 3779 inopum
3601 3712 3792 3782 acqui-

2200 3811 2320 3850 rere
2372 3794 2587 3852 favores
2639 3799 2964 3868 potentium.
3017 3819 3036 3852 ι
3087 3801 3382 3855 Considera
3425 3802 3614 3873 itaque
3669 3806 3791 3874 quia

2198 3886 2403 3941 nullum
2431 3887 2710 3958 Scriptura
2737 3891 2955 3960 excipit,
2985 3905 3090 3946 non
3117 3892 3446 3964 episcopum,
3487 3911 3595 3950 non
3627 3897 3792 3951 ahba-

2198 3987 2328 4040 tcnt,
2375 3997 2481 4035 non
2517 3983 2749 4051 aliquem
2777 3983 2967 4038 domus
3001 3984 3093 4038 Dei
3132 3974 3498 4040 (Bconotunm.
3530 3988 3789 4058 Quisquis

2194 4070 2296 4123 sibi
2322 4071 2624 4126 commissae
2655 4073 2910 4129 Ecclesia:
2941 4077 3080 4129 bona
3111 4076 3404 4142 subtrahit,
3435 4079 3702 4148 intelligat
3728 4094 3785 4133 se

2185 4158 2298 4227 jam
2378 4177 2484 4215 non
2538 4174 2807 4232 pastorem
2850 4166 2958 4223 sed
3004 4167 3307 4222 invasorem
3359 4184 3484 4223 esse
3530 4174 3787 4242 omnique

2193 4252 2446 4320 praedone
2497 4254 2877 4320 crudeliorem,
2926 4255 3209 4327 furetnque
3265 4259 3661 4326 domesticum,
3720 4278 3782 4316 ac

499 4347 696 4404 Beatus
737 4362 949 4417 quoque
980 4361 1114 4415 papa
1161 4343 1454 4414 Gregorius
1487 4343 1539 4396 in
1567 4341 1788 4412 Dialogo
1830 4358 1842 4394 :
1879 4359 1898 4391 ‹
1943 4339 2087 4395 Petri
2122 4375 2168 4433 υ
2197 4345 2516 4400 familiarem
2550 4346 2847 4401 inimicum.
2876 4348 2977 4416 Qui
3001 4349 3142 4402 enim
3175 4366 3235 4403 ea
3267 4366 3387 4419 qute
3407 4353 3540 4406 solis
3562 4355 3784 4407 omnino

496 4442 670 4496 vicem
714 4441 764 4494 in
814 4439 1028 4510 ligando
1059 4446 1114 4493 et
1160 4437 1416 4491 solvendo
1463 4435 1741 4501 obtinent,
1771 4435 1862 4504 qui
1907 4434 2084 4489 locum

496 4535 670 4590 sancti
704 4533 981 4603 rcgiminis
1011 4531 1112 4586 ﬁde
1156 4541 1211 4586 et
1240 4532 1481 4585 moribus
1521 4538 1727 4583 tenent.
1761 4549 1778 4579 ι
1811 4528 1875 4582 Ει
1904 4528 2029 4582 alibi
2066 4546 2078 4580 :

499 4645 516 4677 ι
545 4624 672 4680 Jurc
703 4623 1038 4693 privilegium
1069 4630 1308 4676 meretur
1341 4621 1611 4685 amittere,
1638 4619 1727 4688 qui
1761 4619 2082 4672 auctoritate

493 4727 718 4788 usurpat
762 4716 970 4770 illicita.
1011 4735 1028 4766 ρ
1061 4715 1214 4782 Quod
1264 4715 1310 4769 si
1355 4716 1422 4769 ad
1467 4712 1807 4768 excusandas
1854 4726 2080 4765 excusa—

493 4812 669 4865 tiones
721 4810 773 4863 in
827 4807 1070 4877 peccatis
1122 4808 1460 4876 iniquitatem
1514 4821 1664 4861 suam
1715 4803 2080 4874 quorumlibet

489 4901 748 4954 similium
780 4898 1081 4953 imitatione
1110 4898 1332 4968 palliare
1358 4897 1651 4962 voluerint,
1681 4898 1771 4966 qui
1818 4906 2075 4966 tanquam

490 4991 730 5060 religiosi
779 4989 1001 5054 fuerint,
1053 5000 1107 5044 et
1157 5000 1332 5044 tamen
1387 4991 1456 5045 ab
1495 4991 1927 5059 expeditionibus
1969 5005 2074 5043 non

487 5079 874 5145 abstinuerint,
906 5081 1118 5135 etiamsi
1150 5081 1380 5150 aliquem
1418 5097 1624 5153 magna:
1654 5081 1991 5136 auctoritatis
2023 5081 2074 5133 iu

486 5184 774 5225 assensum
808 5185 963 5222 suum
1014 5173 1357 5237 attraxerint,
1385 5187 1486 5242 ego
1517 5173 1686 5243 magis
1724 5172 1884 5228 credo
1911 5185 2074 5222 evan-

487 5261 675 5332 gelicm
707 5258 853 5321 ﬁdei,
885 5269 1190 5314 sanctorum
1217 5261 1437 5317 Patrum
1463 5265 1698 5327 veritati,
1721 5279 1882 5333 quam
1911 5261 2072 5316 alicui

630 5367 747 5374 _.._---
802 5361 905 5374 ΙΑΑ..
957 5368 1073 5374 --ι-..ω

2193 4439 2518 4508 pauperibus
2565 4439 2835 4509 eroganda
2883 4442 3152 4510 suscepit,
3188 4442 3238 4495 in
3276 4442 3482 4497 alienos
3527 4461 3658 4499 usus
3706 4454 3775 4498 te-

2187 4544 2336 4584 mere
2369 4529 2651 4597 dilapidat,
2705 4546 2811 4583 non
2860 4531 2972 4584 vult
3022 4533 3074 4586 in
3122 4537 3336 4588 deserto
3386 4534 3545 4602 hujus
3598 4538 3775 4591 surculi

2188 4621 2397 4673 turbam
2452 4635 2748 4690 pauperum
2799 4622 3130 4676 esurientem
3192 4624 3446 4689 reﬁcere,
3501 4628 3596 4680 sed
3655 4643 3774 4680 cum

2183 4710 2604 4764 sceleratissimo
2657 4709 2794 4765 Juda
2841 4712 3048 4768 loculos
3092 4715 3192 4769 sibi
3245 4717 3566 4780 constituit,
3611 4730 3667 4771 et
3711 4733 3771 4771 ea

2183 4819 2302 4874 qua:
2333 4805 2384 4858 in
2430 4820 2726 4874 pauperum
2764 4806 2916 4861 cibos
2951 4823 3328 4880 aggregamus,
3367 4808 3458 4864 fur
3499 4811 3773 4882 improbus

2181 4906 2443 4965 asportat.

2254 4987 2459 5040 Debent
2485 4988 2682 5057 quippe
2706 5004 2868 5044 nosse
2896 4991 3224 5055 sacerdotes,
3255 4990 3624 5047 Ecclesiarnm
3651 4992 3769 5046 sub.

2179 5078 2432 5131 stantiam
2466 5094 2762 5148 pauperum
2802 5096 2940 5144 esse,
2975 5097 3079 5135 non
3119 5098 3270 5136 suam
3293 5125 3308 5148 ,
3342 5098 3442 5137 nec
3474 5082 3769 5138 abutantur

2179 5165 2230 5218 in
2265 5168 2559 5238 tyrannica:
2587 5169 2865 5224 ellusionis
2901 5185 3106 5224 morem
3135 5173 3396 5227 creditam
3433 5172 3537 5227 sibi
3570 5175 3768 5242 degen-

2109 5273 2112 5276 ’
2178 5259 2308 5313 lium
2359 5261 2836 5330 dispensationem.
2895 5261 3050 5317 Unde
3102 5263 3463 5335 Hieronymus
3513 5264 3651 5320 dicit
3703 5266 3763 5318 ad

2175 5347 2455 5374 h....l:-...-..
2492 5351 2640 5374 l--.:_.
2706 5350 2766 5374 ιιι
2839 5351 2933 5374 ...-I.
2987 5368 3062 5374 -.--
3093 5353 3105 5374 ι
3133 5353 3148 5374 \
