4018 6398
162 283 271 350 itii

1633 261 1992 335 tris‘rom:

3335 271 3447 330 ξω

164 399 545 472 imprudenter
570 393 834 458 en‘undas,
864 391 915 447 id
941 399 1047 457 est,
1074 404 1141 446 ne
1165 389 1520 446 immoderato
1545 388 1750 460 judicio
1779 395 1825 453 Α
1854 398 1970 444 sita
2015 387 2326 460 egentibus,
2380 372 2716 458 captivorum
2768 388 2956 458 pretiis
3004 389 3367 460 profecerunt.
3419 412 3438 445 ι

166 508 290 548 rem
321 502 618 562 pauperum
651 485 855 540 tribuas
880 498 985 538 non
1014 483 1357 554 pauperibus,
1389 484 1758 538 etsecundum

165 586 378 641 dictum
426 578 835 655 prudentissimi
884 577 1022 643 viri,
1081 575 1403 632 liberalitate
1464 575 1759 631 liberalitas

163 688 380 751 pereat.
427 697 448 732 ι
488 675 758 732 Debemus
806 678 1020 743 quoque
1073 671 1420 726 considerare
1481 671 1611 742 quid
1671 669 1756 723 cui

166 767 522 824 tribuendum
554 765 648 830 sit,
676 763 818 819 sicut
849 763 988 817 idem
1020 761 1178 832 paulo
1213 761 1463 831 superius
1505 761 1572 814 ad
1608 775 1760 814 eum-

163 859 293 914 dem
343 857 576 913 scribit:
616 873 634 906 ι
670 844 876 908 Praeter
922 853 1122 906 victum
1173 860 1228 905 et
1278 851 1657 905 vestimentum
1705 857 1762 904 ct

163 945 490 1002 manifestas
515 943 885 1008 necessitates,
916 930 1050 996 nihil
1078 945 1313 1010 unquam
1336 939 1497 994 alicui
1528 939 1756 1006 tribuas,

161 1053 238 1108 ne
287 1038 522 1093 ﬁliorum
560 1049 756 1108 panem
807 1049 975 1090 canes
1013 1034 1323 1090 comedant.
1359 1049 1378 1086 ι
1435 1031 1588 1088 Sicut
1628 1047 1759 1104 ergo

159 1123 317 1202 pium
362 1139 448 1186 est
476 1140 533 1184 et
569 1126 774 1196 justum
814 1125 954 1181 bona
989 1123 1243 1196 Ecclesia:
1289 1139 1510 1181 servare
1559 1119 1760 1180 solum-

161 1222 335 1276 modo
361 1221 429 1276 ad
459 1235 597 1290 Optts
626 1233 924 1290 pauperum
966 1226 1019 1272 et
1064 1217 1426 1288 captivorum,
1460 1218 1535 1271 ita
1583 1216 1758 1271 sacri-

161 1311 368 1384 legium
417 1322 504 1367 est
544 1312 596 1365 in
647 1310 922 1381 propriam
950 1306 1311 1373 voluntatem,
1351 1317 1406 1362 et
1455 1307 1507 1362 in
1552 1305 1759 1362 alienos

160 1422 298 1460 usus
326 1404 746 1468 distribuere,et
769 1418 798 1456 a
826 1402 1134 1458 Christiana
1158 1402 1443 1458 devotione
1464 1413 1755 1459 semotum.

163 1495 325 1562 Quod
383 1495 498 1564 ipse
548 1508 762 1563 quoque
815 1493 1180 1565 Hieronymus
1229 1501 1462 1548 testatur
1516 1493 1569 1548 in
1625 1492 1759 1546 Mat-

165 1586 371 1639 tbaeum
401 1604 415 1638 :
450 1604 469 1636 ι
504 1583 707 1639 Onmes
747 1583 838 1654 qui
869 1583 1154 1654 stipendiis
1192 1583 1398 1653 templi,
1439 1592 1495 1639 et
1520 1584 1605 1639 bis
1641 1599 1759 1654 quae

162 1674 528 1732 conferuntur
557 1677 623 1730 ad
655 1692 784 1730 usus
818 1675 1074 1730 Ecclesia:
1103 1677 1400 1737 abutuntur
1428 1677 1481 1730 in
1526 1677 1648 1732 aliis
1677 1691 1759 1731 re-

164 1767 289 1830 bus,
326 1765 526 1836 quibus
549 1780 703 1820 suam
732 1765 987 1836 expleant
1018 1765 1373 1831 voluntatem,
1405 1767 1610 1822 similes
1635 1778 1760 1821 sunt

165 1857 487 1912 Scribarum
529 1867 582 1912 et
613 1858 978 1922 sacerdotum,
1005 1856 1387 1912 redimentium
1420 1859 1759 1916 mendacium

164 1957 216 2002 et
269 1950 590 2019 sanguinem
638 1948 956 2004 Salvatoris.
1006 1969 1024 2001 ι
1059 1948 1211 2004 Scire
1239 1949 1401 2004 debet
1448 1950 1628 2019 itaque
1674 1951 1759 2020 pia

165 2037 481 2092 sollicitudo
529 2049 802 2108 pastorum
857 2034 982 2108 quia
1036 2039 1168 2093 nihil
1206 2040 1426 2094 omnino
1465 2054 1625 2108 agere
1665 2040 1758 2094 de-

166 2129 300 2183 bent
329 2129 396 2183 de
426 2130 587 2183 rebus
619 2129 980 2183 Ecclesiarum
1016 2130 1134 2184 sine
1158 2129 1387 2184 consilio
1409 2139 1464 2184 et
1493 2145 1760 2185 consensu

167 2219 537 2283 subditorum,
567 2221 820 2290 quoniam
853 2221 1152 2291 prudentia:
1181 2205 1370 2276 eorum
1412 2205 1769 2276 commissura

168 2320 257 2367 est
284 2312 628 2366 ministrandi
660 2309 918 2376 ofﬁcium,
952 2327 1056 2366 non
1086 2313 1424 2382 dispergendi
1455 2313 1759 2366 arbitrium.

245 2403 345 2460 llis
391 2405 713 2474 przelibatis,
765 2405 827 2457 ad
877 2419 998 2458 vasa
1049 2398 1305 2458 Ecclesia:
1351 2404 1653 2468 veniamus,
1699 2405 1765 2460 de

166 2500 372 2570 quibus
421 2499 763 2568 potissimum
815 2497 1136 2569 interrogas.
1185 2498 1321 2554 Cum
1377 2500 1516 2553 enim
1555 2500 1765 2553 dicatur

167 2589 521 2661 sacrilegium
561 2591 838 2644 incurrere
863 2589 953 2660 qui
983 2589 1185 2659 aliquid
1227 2591 1296 2645 de
1330 2590 1486 2644 bouis
1513 2591 1766 2648 Ecclcsfte

171 2683 226 2735 in
262 2681 627 2752 expletionetn
661 2681 954 2736 voluntatis
978 2697 1088 2736 suae
1113 2682 1406 2746 contraxit,
1437 2685 1766 2753 perpendere

171 2782 332 2844 potes
360 2781 620 2841 quantum
659 2770 927 2842 delinquit
957 2773 1046 2842 qui
1077 2789 1208 2829 vasa
1236 2776 1408 2831 sacris
1438 2775 1612 2830 dicata
1645 2791 1764 2848 my-

171 2866 360 2920 steriis
394 2863 676 2918 abstulerit

245 2957 518 3022 Primum,
548 2957 592 3012 si
623 2966 768 3012 tanta
799 2973 1095 3028 pauperum
1131 2966 1187 3014 et
1216 2960 1549 3030 captivorum
1579 2975 1769 3016 neces-

173 3049 313 3104 sitas
361 3049 653 3113 iucumbit,
686 3048 970 3102 tribuenda
1002 3059 1129 3104 sunt
1171 3060 1366 3104 caetera
1413 3065 1533 3120 qua!
1569 3051 1620 3105 in
1653 3052 1768 3106 the-

175 3140 358 3196 sauris
388 3141 645 3196 Ecclesia:
679 3141 916 3212 reposita
948 3151 1096 3207 sunt,
1126 3142 1319 3198 deinde
1346 3144 1460 3213 ipsa
1490 3159 1616 3200 vasa
1649 3143 1764 3199 fru-

175 3233 365 3288 statim
409 3231 834 3287 comminuenda
867 3241 1016 3297 sunt,
1064 3241 1121 3288 et
1165 3233 1218 3287 in
1258 3233 1514 3303 operibus
1559 3234 1770 3290 miseri-

176 3326 383 3380 cordia!
408 3325 699 3396 eroganda.
728 3324 882 3380 Unde
926 3325 1056 3380 dicit
1093 3325 1411 3380 Ambrosius
1443 3326 1496 3380 in
1538 3325 1674 3381 libro
1703 3327 1769 3382 de

177 3412 519 3488 Oﬂiciis(lib.
556 3431 614 3480 ll,
644 3431 764 3486 cap.
795 3416 865 3471 28
895 3417 996 3471 sub
1023 3415 1196 3486 iuit.):
1231 3435 1250 3468 ι
1285 3417 1492 3472 Aurum
1525 3417 1768 3473 Ecclesia

178 3510 370 3575 habet,
406 3523 511 3563 non
552 3517 608 3562 ut
641 3517 840 3574 servet,
871 3509 964 3564 sed
1006 3518 1065 3562 ut
1087 3518 1296 3580 eroget,
1321 3518 1376 3563 et
1403 3509 1687 3564 subveniat
1715 3511 1768 3562 in

178 3602 624 3658 necessitatibus.
660 3599 798 3668 Quid
847 3615 984 3672 opus
1032 3609 1115 3656 est
1154 3601 1427 3657 custodire
1467 3601 1610 3671 quod
1639 3601 1769 3655 nihil

177 3695 440 3766 adjuvat?
463 3695 546 3748 An
577 3693 888 3764 ignoramus
917 3703 1179 3764 quantum
1210 3693 1326 3747 auri
1366 3703 1421 3749 et
1449 3694 1657 3764 argenti
1705 3695 1770 3748 de

179 3785 388 3853 templo
428 3785 636 3841 Domini
685 3785 895 3856 Assyrii
941 3781 1542 3840 sustulerunt?‘Nonne
1580 3785 1772 3840 melius

179 3877 384 3932 ronllat
427 3877 684 3933 sacerdos
734 3885 954 3946 propter
1005 3877 1312 3931 alimoniam
1353 3892 1682 3948 pauperum,
1725 3878 1768 3932 si

178 3970 289 4024 alia
321 3969 564 4024 subsidia
593 3969 784 4030 desint,
819 3985 980 4038 quam
1010 3970 1306 4042 sacrilegus
1334 3971 1690 4035 contaminet,
1718 3980 1770 4024 et

178 4072 429 4136 asportet
457 4063 664 4118 hostis?
699 4081 717 4115 ι
746 4062 810 4117 Et
839 4072 959 4133 post
986 4079 1155 4134 pauca
1190 4081 1203 4117 :
1243 4081 1260 4114 ι
1294 4063 1544 4134 Nunquid
1567 4064 1770 4118 dictum

177 4163 268 4211 est
294 4165 490 4210 sancto
512 4154 798 4208 Laurentio
829 4171 841 4207 :
873 4172 890 4204 ι
922 4152 1039 4208 Non
1092 4154 1326 4209 debuisti
1371 4169 1598 4226 erogare
1648 4154 1770 4207 the-

186 4264 206 4295 ι
255 4259 455 4301 sauros
480 4243 766 4309 Ecclesiae,
795 4260 923 4298 vasa
950 4255 1413 4300 sacramentorum
1446 4244 1712 4300 vendere?
1747 4263 1766 4296 ι

180 4338 332 4408 Opus
362 4346 448 4392 est
477 4345 535 4391 ut
562 4335 682 4406 quis
712 4335 815 4390 ﬁde
847 4337 1058 4391 sincera
1081 4345 1135 4391 et
1160 4336 1455 4406 perspicaci
1488 4336 1775 4407 providen-

1863 476 2014 544 Qnod
2053 477 2096 530 si
2131 476 2309 532 desint
2357 493 2527 545 nova,
2567 487 2622 533 et
2662 495 2781 550 qua:
2818 481 3054 534 nondum
3104 481 3316 536 initiata
3369 484 3447 537 vi-

1861 568 2110 631 deantur,
2144 569 2194 622 in
2227 569 2551 640 hujusmodi,
2585 587 2721 640 quos
2767 574 3042 642 supradixi
3080 590 3227 643 usus,
3263 580 3446 634 omnia

1862 659 2099 712 arbitror
2145 660 2230 730 pie
2275 676 2433 730 posse
2461 665 2726 717 converti.
2775 649 2933 720 Prius
2974 679 3104 736 ergo
3150 668 3334 722 usuale
3361 686 3451 724 ar-

1861 757 2082 815 gentum
2115 750 2166 804 in
2195 752 2519 821 supradictis
2545 754 2961 810 necessitatibus
2985 757 3236 812 distribui
3269 759 3444 825 debet,

1861 838 2003 892 sicut
2051 840 2240 896 beatus
2271 841 2567 912 Gregorius
2611 845 2742 898 dicit
2779 846 2998 901 domino
3027 848 3280 921 episcopo
3312 851 3452 906 Mes-

1861 941 2007 984 sanae
2033 925 2149 1001 (lib.
2182 945 2235 985 vt
2256 972 2271 998 ,
2302 934 2452 1001 epist.
2485 933 2576 1005 55)
2605 951 2621 991 :
2657 953 2676 986 ι
2716 935 3058 1019 Fraternitas
3097 953 3274 996 vestra
3311 943 3449 999 mul-

1863 1027 1976 1074 tum
2010 1021 2171 1075 debet
2206 1036 2330 1076 esse
2372 1024 2624 1091 sollicita,
2659 1034 2738 1090 ut,
2769 1027 2814 1082 si
2855 1028 3071 1098 quidem
3104 1031 3156 1086 in
3203 1031 3448 1089 Ecclesia

1864 1118 2042 1166 vestra
2077 1113 2265 1169 usuale
2289 1125 2576 1186 argentum
2604 1127 2706 1183 est,
2739 1120 2890 1188 prius
2938 1119 3068 1176 illud
3109 1135 3364 1194 erogetur
3395 1126 3448 1180 in

1865 1203 2233 1274 redemptione
2267 1199 2601 1276 captivorum
2646 1227 2658 1262 :
2691 1211 2928 1282 alioquin
2976 1216 3043 1270 de
3083 1219 3312 1271 sacratis
3356 1233 3451 1273 vos

1863 1296 2008 1349 vasis
2036 1287 2279 1367 praebere
2305 1315 2549 1355 necesse.
2577 1299 2736 1366 Nam,
2765 1303 2905 1358 sicut
2929 1307 3150 1360 omnino
3175 1322 3337 1378 grave
3367 1316 3452 1364 est

1864 1387 2066 1443 frustra
2096 1391 2462 1448 ecclesiastica
2502 1396 2832 1452 venumdore
2877 1397 3174 1455 ministeria
3195 1442 3209 1466 ,
3237 1402 3317 1456 sic
3347 1403 3450 1457 ite-

1864 1498 1981 1536 rum
2015 1483 2168 1553 culpa
2213 1495 2316 1549 est,
2373 1486 2688 1542 imminente
2739 1487 3042 1557 hujusmodi
3092 1493 3450 1558 necessitate,

1868 1589 1953 1628 res
1979 1577 2142 1630 etiam
2167 1577 2422 1632 desolata:
2449 1579 2704 1634 Ecclesia:
2728 1583 2954 1651 captivis
2977 1584 3088 1637 suis
3114 1600 3452 1655 prieponere,

1862 1676 1917 1718 et
1944 1665 1997 1720 iu
2035 1683 2222 1721 eorum
2259 1670 2626 1740 redemptione
2657 1687 2893 1727 cessare.
2929 1693 2948 1726 ι
2977 1674 3106 1728 ltem
3136 1677 3275 1729 idem
3315 1676 3451 1730 For-

1791 1743 1836 1802 Β
1867 1767 2053 1813 tunato
2098 1760 2353 1830 episcopo
2383 1761 2649 1817 Phanensi
2683 1762 2869 1833 (Ibid.,
2902 1769 3030 1835 epist
3083 1766 3209 1836 15):
3247 1785 3265 1818 ι
3303 1766 3457 1822 Sicut

1866 1849 2286 1918 rrprehensibile
2310 1861 2366 1906 et
2392 1851 2595 1907 ultione
2625 1854 2844 1923 dignum
2884 1865 2970 1910 est
3011 1868 3222 1912 sacrata
3266 1873 3457 1928 quern-

1864 1954 2026 2008 qnam
2059 1957 2210 2008 vasa,
2240 1954 2438 2013 printer
2467 1944 2518 1998 iu
2556 1945 2640 1999 his
2668 1961 2788 2016 quae
2815 1945 2901 2000 lex
2952 1957 3006 2002 et
3037 1950 3175 2004 sacri
3217 1966 3456 2006 canones

1869 2033 2210 2102 praecipiunt,
2257 2036 2608 2101 venundare;
2643 2037 2712 2089 ita
2764 2037 2908 2091 trulla
2953 2048 3036 2093 est
3080 2039 3456 2112 objurgatioze

1866 2124 1948 2177 vel
1982 2127 2219 2179 vindicta
2252 2127 2614 2194 plectendum,
2649 2143 2692 2182 ει
2732 2129 2950 2199 pietatis
2973 2146 3137 2186 causa
3164 2149 3264 2202 pro
3288 2132 3460 2204 capti-

1869 2233 2053 2272 vorum
2101 2219 2303 2274 fuerint
2352 2222 2724 2290 redemptione
2771 2223 3049 2278 distracta.
3089 2244 3106 2275 ι
3152 2225 3456 2282 Notandum

1867 2313 2009 2380 quod
2049 2315 2238 2368 beatus
2268 2313 2561 2385 Gregorius
2608 2317 2737 2369 dicit
2766 2317 2892 2384 quia
2919 2318 3138 2372 omnino
3165 2335 3330 2390 grave
3375 2328 3460 2374 est

1869 2400 2068 2458 frustra
2117 2407 2488 2462 ecclesiastica
2540 2407 2856 2473 ministeria,
2892 2409 2944 2462 id
2995 2419 3077 2463 est
3109 2413 3458 2478 candelabra,

1871 2494 2140 2549 lltttrtbula
2173 2507 2222 2549 ct
2249 2508 2444 2552 czctera
2477 2497 2778 2566 hujusmodi
2815 2501 3148 2567 venundare,
3181 2503 3282 2557 nisi
3320 2519 3463 2574 pra:-

1871 2594 1954 2638 tcr
1984 2586 2072 2639 illa
2109 2596 2321 2639 tantum
2352 2603 2471 2656 qua:
2498 2587 2580 2640 lex
2604 2595 2659 2641 ct
2688 2589 2828 2642 sacri
2857 2605 3090 2646 canones
3120 2593 3458 2663 praecipiunt,

1869 2677 2076 2732 scilicet
2103 2694 2200 2747 pro
2232 2679 2603 2748 redemptione
2628 2680 2991 2749 captivorum,
3015 2692 3071 2737 et
3098 2682 3461 2756 eleemOsynis

1869 2768 2002 2822 nihil
2037 2770 2250 2839 penitus
2280 2759 2617 2824 habentium.
2650 2772 2751 2839 Qui
2784 2789 2914 2845 ergo
2953 2774 3006 2829 in
3047 2775 3150 2829 alia
3181 2779 3458 2847 expendit,

1869 2867 2059 2915 contra
2090 2875 2327 2915 canones
2366 2859 2516 2916 facit.
2549 2861 2700 2917 Unde
2737 2863 2902 2919 etiam
2934 2867 3256 2922 sacerdotali
3289 2869 3464 2940 digui«

1872 2957 1981 3004 tate
2013 2951 2260 3020 quisquis
2311 2951 2399 3006 ille
2447 2961 2548 3015 est,
2603 2955 2811 3008 noverit
2860 2970 2918 3010 se
2960 2957 3260 3029 indignum,
3303 2959 3459 3028 juxta

1869 3037 2109 3106 ejusdem
2139 3057 2289 3111 papze
2317 3045 2644 3099 sententiam
2675 3044 2964 3102 scribentis
2989 3046 3181 3104 Joauni
3209 3053 3460 3122 episeopo

1869 3132 2137 3189 Larissa-0
2187 3133 2301 3204 (lib.
2352 3151 2431 3201 ιι,
2483 3137 2638 3205 epist.
2684 3137 2739 3202 7,
2770 3148 2896 3192 ante
2928 3140 3042 3212 lin.)
3092 3158 3106 3196 :
3154 3161 3172 3192 ι
3209 3143 3462 3199 Consoua

1869 3229 2074 3282 sanctis
2101 3227 2351 3283 Pati-ibus
2380 3227 2700 3285 dilliuitione
2727 3235 3023 3299 sancimus,
3053 3243 3108 3309 ut
3137 3235 3228 3305 qui
3259 3239 3465 3292 sanctis

1871 3322 2043 3376 nescit
2078 3322 2298 3377 obedire
2346 3324 2676 3392 canonibus,
2723 3342 2823 3381 nec
2854 3328 3028 3383 sacris
3053 3329 3461 3397 administrare,

1872 3412 1952 3465 vcl
1981 3416 2414 3468 communionem
2445 3433 2662 3486 capere,
2693 3419 2764 3473 sit
2793 3421 2987 3490 dignus
3011 3420 3293 3478 altaribus.
3334 3443 3355 3476 ›

1890 3489 1895 3496 ‘
1946 3502 2020 3556 Ex
2068 3505 2439 3572 superiorilms
2483 3507 2685 3577 itaque,
2734 3521 2996 3577 quantum
3047 3511 3294 3580 conjicio,
3337 3529 3464 3584 pcr-

1871 3595 2107 3662 pendere
2143 3605 2296 3662 potes
2331 3597 2478 3665 quia,
2517 3597 2561 3651 si
2617 3600 2840 3654 oumiuo
2866 3617 3030 3668 grave
3075 3611 3160 3656 est
3196 3603 3354 3658 veudi
3394 3621 3463 3659 ea

1872 3685 2081 3740 scilicet
2118 3701 2238 3756 qua:
2287 3689 2494 3742 minora
2535 3701 2660 3743 sunt
2695 3690 2950 3746 Ecclesiae
3000 3693 3297 3750 ministeria
3343 3697 3462 3750 sino

1872 3789 2018 3833 certa
2050 3781 2397 3846 necessitate,
2423 3782 2767 3853 sacrilegium
2797 3792 2900 3849 est,
2924 3795 2978 3839 et
3004 3788 3224 3842 omnino
3254 3789 3463 3858 gravis-

1873 3869 2092 3932 simum,
2141 3871 2346 3939 absque
2379 3872 2617 3926 rnaxima
2663 3887 2960 3942 pauperum
3001 3875 3320 3946 indigentia,
3369 3893 3464 3933 ex-

1873 3961 2186 4017 cellentiora
2218 3964 2305 4017 illa
2341 3963 2596 4020 videlicet
2640 3981 2768 4020 vasa
2812 3977 3024 4022 sacrata
3057 3978 3113 4024 et
3153 3986 3344 4026 cruces
3374 3989 3466 4027 ve-

1876 4055 2138 4107 nundare.
2192 4053 2536 4124 Quapropter
2572 4057 2824 4111 noverint
2855 4073 3047 4113 omnes
3094 4061 3324 4116 ministri
3363 4063 3464 4119 Ec-

1873 4145 2054 4200 clesia:
2092 4145 2219 4214 quia
2256 4146 2402 4216 gregi
2437 4146 2522 4200 cui
2554 4156 2816 4215 praesunt,
2847 4157 2903 4202 ut
2940 4161 3066 4217 puta
3110 4153 3192 4204 his
3216 4167 3307 4219 qut
3341 4161 3466 4207 sunt

1875 4253 2136 4307 pauperes
2183 4236 2408 4302 Christi,
2468 4239 2680 4294 scilicet
2725 4241 3026 4306 monachis,
3077 4251 3134 4296 et
3186 4245 3467 4298 canonicis

1875 4330 2234 4398 regularibus,
2284 4331 2366 4384 vel
2427 4331 2694 4399 religiosis
2744 4333 3050 4403 quibusque.
3101 4339 3468 4391 communit-.r

182 4433 260 4486 tia
310 4445 512 4485 munus
559 4429 658 4484 hoc
697 4429 936 4499 impleat.
986 4427 1131 4484 Sane
1179 4429 1222 4483 si
1267 4429 1321 4482 in
1369 4443 1524 4482 suum
1575 4426 1769 4496 aliquis
1801 4443 1846 4502 ι)
1874 4425 2200 4485 viventibus,
2235 4427 2382 4494 prius
2417 4427 2599 4480 omnia
2646 4431 2955 4484 necessaria
2995 4432 3306 4487 ministrare
3344 4451 3463 4487 mo-

178 4520 394 4578 derivet
421 4521 870 4586 emolumentum,
901 4521 1106 4576 crimen
1137 4529 1248 4586 est;
1277 4520 1358 4574 sin
1393 4535 1519 4574 vero
1549 4519 1772 4590 pauperi

178 4622 392 4687 eroget,
416 4613 689 4684 captivum
741 4614 991 4677 redimat,
1041 4613 1326 4667 humandis
1373 4611 1610 4667 ﬁdelium
1652 4611 1774 4665 reli-

181 4708 330 4779 quiis
356 4707 528 4778 spatia
550 4704 864 4775 ampliﬁcet,
891 4705 1260 4760 misericordia
1283 4715 1384 4760 est.
1411 4705 1465 4758 In
1493 4705 1576 4758 his
1601 4705 1774 4760 tribes

182 4799 484 4870 generibus
513 4813 640 4852 vasa
669 4797 924 4852 Ecclesiae
965 4797 1130 4850 etiam
1168 4796 1377 4850 initiata
1409 4795 1770 4864 confringere,

181 4875 464 4952 conﬂare,
507 4889 742 4944 vendere
787 4887 932 4943 licet.
968 4906 987 4940 ι
1019 4887 1263 4941 Breviter
1289 4887 1419 4940 mihi
1467 4887 1776 4956 depinxisse

183 4983 409 5034 videtur
437 4979 565 5049 quid
602 4979 872 5048 agendum
920 4979 990 5033 sit
1039 4979 1105 5033 de
1155 4979 1315 5032 rebus
1360 4976 1635 5031 Ecclesiae.
1669 4975 1776 5030 Sed

185 5087 364 5142 neque
393 5071 597 5126 licitum
630 5078 716 5126 est
741 5071 808 5125 de
838 5070 1091 5127 Ecclesia:
1117 5069 1281 5124 tutela
1313 5084 1436 5124 vasa
1471 5083 1624 5124 sacra
1656 5070 1778 5122 abs-

186 5165 432 5229 trahere,
478 5170 534 5216 et
570 5161 874 5232 aliquorum
925 5160 1174 5215 manibus
1203 5159 1320 5214 loco
1351 5159 1636 5214 vadimonii
1669 5169 1778 5211 tra-

185 5234 350 5321 dere,
397 5254 538 5312 sicut
583 5255 724 5310 idem
775 5269 991 5325 quoque
1036 5262 1267 5309 testatur
1309 5251 1498 5324 (Ibid.)
1532 5270 1544 5304 :
1579 5273 1596 5302 ι
1633 5250 1779 5320 Opus

186 5359 272 5405 est
302 5356 367 5403 ut
392 5348 462 5404 de
491 5347 735 5403 Ecclesia
767 5348 980 5418 mystici
1028 5346 1207 5418 populi
1259 5345 1430 5401 forma
1468 5361 1572 5400 non
1599 5355 1777 5409 exeat,

188 5454 256 5494 ne
283 5439 353 5493 ad
386 5454 517 5495 usus
549 5438 786 5493 nefarios
823 5437 962 5493 sacri
999 5439 1182 5494 calicis
1212 5438 1569 5494 ministerium
1602 5445 1781 5491 trans-

191 5533 423 5590 feratur.
455 5531 579 5588 ldeo
606 5534 744 5586 intra
781 5530 1073 5586 Ecclesium
1121 5530 1355 5600 primum
1392 5530 1619 5600 qumsita
1657 5535 1783 5582 sunt

190 5640 318 5680 vasa
361 5638 485 5694 quze
532 5623 742 5677 initiata
790 5638 893 5676 non
938 5634 1150 5688 essent;
1203 5622 1394 5677 deinde
1431 5621 1781 5684 comminuta,

192 5725 471 5788 postremo
505 5715 755 5782 conﬂata,
786 5731 883 5787 per
923 5717 1160 5800 minutas
1199 5715 1540 5786 erogationes
1568 5713 1784 5791 dispenf

1875 4517 2061 4568 derata
2099 4516 2483 4570 distributione
2529 4518 2757 4585 debent;
2796 4520 2846 4573 id
2877 4537 3222 4592 summopere
3266 4542 3470 4594 przcca-

1876 4620 2064 4663 vcntcs
2099 4625 2164 4663 ne
2193 4609 2417 4662 nimium
2448 4610 2668 4680 prodiga
2720 4613 3096 4680 superﬂuitate
3131 4617 3251 4669 talis
3280 4633 3471 4671 ncces-

1876 4701 2008 4753 sitas
2060 4701 2344 4768 proveniat
2405 4691 2525 4770 qua:
2582 4701 2864 4755 thesauros
2922 4703 3178 4758 Ecclesia:
3234 4708 3465 4774 expendi

1877 4789 2181 4860 compellat.
2229 4790 2285 4844 Si
2327 4791 2469 4843 enim
2497 4790 2850 4845 immoderate
2870 4790 3172 4859 effundunt,
3205 4805 3461 4864 peccant;

1877 4885 2000 4953 quia
2037 4882 2434 4936 inconsiderata
2465 4881 2677 4946 cll‘usio,
2713 4885 2878 4939 totius
2929 4885 3122 4941 domus
3167 4888 3321 4941 ruina
3357 4899 3463 4942 est.

1878 4976 2169 5030 Enimvero
2209 4975 2419 5028 czeteris
2468 4975 2520 5028 in
2571 4977 2826 5044 operibus
2869 4977 3258 5033 misericordia:
3288 4980 3469 5034 distri-

1880 5068 2048 5131 butis,
2084 5068 2127 5121 si
2159 5077 2306 5122 tanta
2356 5068 2654 5122 necessitas
2685 5069 2971 5126 obvenerit
3001 5080 3061 5125 ut
3107 5072 3327 5142 aliquod
3373 5089 3468 5128 vas

1885 5161 2142 5216 Ecclesia?
2178 5161 2498 5232 capiendum
2532 5162 2626 5225 sit,
2657 5163 2722 5215 ad
2772 5164 2872 5218 hoc
2905 5167 3281 5221 tantummodo
3311 5167 3468 5222 alteri

1883 5252 2137 5308 Ecclesia:
2169 5253 2462 5308 venundari
2512 5262 2690 5323 potest
2721 5262 2780 5308 ut
2826 5255 2878 5308 in
2911 5254 3028 5324 ipso
3055 5257 3196 5311 idem
3232 5258 3466 5314 ollltium

1881 5345 2023 5416 quod
2067 5355 2226 5399 antea
2272 5345 2597 5410 celebretur,
2645 5356 2698 5400 et
2737 5361 2804 5400 ex
2835 5346 2949 5416 ipsa
2994 5349 3237 5418 pecuniae
3272 5351 3470 5405 distra-

1883 5445 2064 5492 ctione
2093 5437 2236 5491 aliud
2266 5437 2320 5491 in
2351 5437 2470 5491 loco
2504 5439 2622 5507 ejus
2650 5438 2989 5505 restituatur,
3021 5440 3106 5494 vel
3143 5441 3470 5512 pauperibus

1883 5540 2157 5600 erogetur.
2208 5529 2285 5584 Ita
2333 5544 2489 5597 ergo,
2541 5539 2600 5583 ut
2641 5531 3012 5600 prmdiximus,
3062 5534 3221 5588 vendi
3269 5543 3464 5604 potest,

1887 5633 1978 5698 aut
2023 5623 2319 5679 secundum
2357 5623 2666 5694 supradicta
2706 5635 3019 5681 sanctorum
3052 5626 3272 5683 Patrum
3319 5627 3470 5682 testi-

1888 5717 2066 5792 monia
2101 5717 2151 5770 iu
2182 5715 2353 5771 frusta
2393 5717 2721 5783 comminui;
2751 5718 2844 5774 sed
2893 5716 3246 5790 incongruum
3295 5732 3374 5775 est
3410 5734 3470 5778 ut
