  <div class='ocr_page' id='page_1' title='image "/cluster/home/n/w/nwhite01/storage/ocr_20150623/141/hvd.32044015471790/137.png"; bbox 0 0 3974 5374; ppageno 0'>
   <div class='ocr_carea' id='block_1_1' title="bbox 523 262 631 332">
    <p class='ocr_par' dir='ltr' id='par_1_1' title="bbox 523 262 631 332">
     <span class='ocr_line' id='line_1_1' title="bbox 523 262 631 332; baseline 0 0"><span class='ocrx_word' id='word_1_1' title='bbox 523 262 631 332; x_wconf 61' lang='grc'><strong>963</strong></span> 
     </span>
    </p>
   </div>
   <div class='ocr_carea' id='block_1_2' title="bbox 1349 262 2663 332">
    <p class='ocr_par' dir='ltr' id='par_1_2' title="bbox 1349 262 2663 332">
     <span class='ocr_line' id='line_1_2' title="bbox 1349 262 2663 332; baseline -0.002 0"><span class='ocrx_word' id='word_1_2' title='bbox 1349 276 1406 332; x_wconf 90' lang='lat' dir='ltr'><strong>s.</strong></span> <span class='ocrx_word' id='word_1_3' title='bbox 1447 262 1790 332; x_wconf 75' lang='lat' dir='ltr'><strong>FULBERTI</strong></span> <span class='ocrx_word' id='word_1_4' title='bbox 1843 270 2323 331; x_wconf 60' lang='lat' dir='ltr'><strong>causorsa&#39;sas</strong></span> <span class='ocrx_word' id='word_1_5' title='bbox 2365 272 2663 329; x_wconf 77' lang='lat' dir='ltr'><strong>EPISCOPI</strong></span> 
     </span>
    </p>
   </div>
   <div class='ocr_carea' id='block_1_3' title="bbox 3690 274 3797 339">
    <p class='ocr_par' dir='ltr' id='par_1_3' title="bbox 3690 274 3797 339">
     <span class='ocr_line' id='line_1_3' title="bbox 3690 274 3797 339; baseline 0.019 -2"><span class='ocrx_word' id='word_1_6' title='bbox 3690 274 3797 339; x_wconf 69' lang='grc' dir='ltr'><strong>εει</strong></span> 
     </span>
    </p>
   </div>
   <div class='ocr_carea' id='block_1_4' title="bbox 525 383 3799 461">
    <p class='ocr_par' dir='ltr' id='par_1_4' title="bbox 525 383 3799 461">
     <span class='ocr_line' id='line_1_4' title="bbox 525 383 3799 461; baseline 0.002 -17"><span class='ocrx_word' id='word_1_7' title='bbox 525 390 581 445; x_wconf 88' lang='lat' dir='ltr'><strong>in</strong></span> <span class='ocrx_word' id='word_1_8' title='bbox 606 388 976 457; x_wconf 80' lang='lat' dir='ltr'><strong>vadimonium</strong></span> <span class='ocrx_word' id='word_1_9' title='bbox 1002 392 1254 459; x_wconf 83' lang='lat' dir='ltr'><strong>ponatur.</strong></span> <span class='ocrx_word' id='word_1_10' title='bbox 1297 387 1511 443; x_wconf 77' lang='lat' dir='ltr'><strong>Etenim</strong></span> <span class='ocrx_word' id='word_1_11' title='bbox 1547 388 1837 444; x_wconf 78' lang='lat' dir='ltr'><strong>saeculares</strong></span> <span class='ocrx_word' id='word_1_12' title='bbox 1868 402 2114 458; x_wconf 72' lang='lat' dir='ltr'><strong>persona:</strong></span> <span class='ocrx_word' id='word_1_13' title='bbox 2143 391 2190 448; x_wconf 77' lang='grc' dir='ltr'>Α</span> <span class='ocrx_word' id='word_1_14' title='bbox 2220 383 2374 454; x_wconf 87' lang='lat' dir='ltr'><strong>pueri</strong></span> <span class='ocrx_word' id='word_1_15' title='bbox 2422 385 2632 455; x_wconf 98' lang='lat' dir='ltr'><strong>parvuli</strong></span> <span class='ocrx_word' id='word_1_16' title='bbox 2687 400 2849 456; x_wconf 88' lang='lat' dir='ltr'><strong>super</strong></span> <span class='ocrx_word' id='word_1_17' title='bbox 2891 388 3135 444; x_wconf 88' lang='lat' dir='ltr'><strong>eamdem</strong></span> <span class='ocrx_word' id='word_1_18' title='bbox 3187 404 3369 447; x_wconf 86' lang='lat' dir='ltr'><strong>arcam</strong></span> <span class='ocrx_word' id='word_1_19' title='bbox 3410 394 3799 461; x_wconf 74' lang='lat' dir='ltr'><strong>ascenderunt,</strong></span> 
     </span>
    </p>
   </div>
   <div class='ocr_carea' id='block_1_5' title="bbox 527 478 2115 550">
    <p class='ocr_par' dir='ltr' id='par_1_5' title="bbox 527 478 2115 550">
     <span class='ocr_line' id='line_1_5' title="bbox 527 478 2115 550; baseline -0.003 -15"><span class='ocrx_word' id='word_1_20' title='bbox 527 480 766 536; x_wconf 79' lang='lat' dir='ltr'><strong>debitam</strong></span> <span class='ocrx_word' id='word_1_21' title='bbox 811 479 1170 534; x_wconf 73' lang='lat' dir='ltr'><strong>reverentiam</strong></span> <span class='ocrx_word' id='word_1_22' title='bbox 1219 479 1392 534; x_wconf 87' lang='lat' dir='ltr'><strong>sacris</strong></span> <span class='ocrx_word' id='word_1_23' title='bbox 1422 479 1696 550; x_wconf 76' lang='lat' dir='ltr'><strong>mysteriis</strong></span> <span class='ocrx_word' id='word_1_24' title='bbox 1725 478 1975 533; x_wconf 90' lang='lat' dir='ltr'><strong>nesciunt</strong></span> <span class='ocrx_word' id='word_1_25' title='bbox 2014 478 2115 532; x_wconf 83' lang='lat' dir='ltr'><strong>im-</strong></span> 
     </span>
    </p>
   </div>
   <div class='ocr_carea' id='block_1_6' title="bbox 524 568 2111 642">
    <p class='ocr_par' dir='ltr' id='par_1_6' title="bbox 524 568 2111 642">
     <span class='ocr_line' id='line_1_6' title="bbox 524 568 2111 642; baseline -0.001 -16"><span class='ocrx_word' id='word_1_26' title='bbox 524 571 767 641; x_wconf 81' lang='lat' dir='ltr'><strong>pendere.</strong></span> <span class='ocrx_word' id='word_1_27' title='bbox 785 611 798 637; x_wconf 89' lang='lat'><strong>,</strong></span> <span class='ocrx_word' id='word_1_28' title='bbox 829 570 1085 642; x_wconf 88' lang='lat' dir='ltr'><strong>quoniam</strong></span> <span class='ocrx_word' id='word_1_29' title='bbox 1101 570 1209 626; x_wconf 78' lang='lat' dir='ltr'><strong>&#39;hie</strong></span> <span class='ocrx_word' id='word_1_30' title='bbox 1238 585 1366 626; x_wconf 89' lang='lat' dir='ltr'><strong>usus</strong></span> <span class='ocrx_word' id='word_1_31' title='bbox 1401 585 1506 624; x_wconf 92' lang='lat' dir='ltr'><strong>non</strong></span> <span class='ocrx_word' id='word_1_32' title='bbox 1547 577 1632 625; x_wconf 88' lang='lat' dir='ltr'><strong>est</strong></span> <span class='ocrx_word' id='word_1_33' title='bbox 1661 570 1742 626; x_wconf 89' lang='lat' dir='ltr'><strong>eis</strong></span> <span class='ocrx_word' id='word_1_34' title='bbox 1770 568 2111 624; x_wconf 86' lang='lat' dir='ltr'><strong>commissus.</strong></span> 
     </span>
    </p>
   </div>
   <div class='ocr_carea' id='block_1_7' title="bbox 526 660 2088 733">
    <p class='ocr_par' dir='ltr' id='par_1_7' title="bbox 526 660 2088 733">
     <span class='ocr_line' id='line_1_7' title="bbox 526 660 2088 733; baseline -0.001 -17"><span class='ocrx_word' id='word_1_35' title='bbox 526 660 786 718; x_wconf 72' lang='lat' dir='ltr'><strong>Fortasse</strong></span> <span class='ocrx_word' id='word_1_36' title='bbox 813 669 996 716; x_wconf 86' lang='lat' dir='ltr'><strong>autem</strong></span> <span class='ocrx_word' id='word_1_37' title='bbox 1043 662 1363 732; x_wconf 83' lang='lat' dir='ltr'><strong>centingere</strong></span> <span class='ocrx_word' id='word_1_38' title='bbox 1396 670 1578 733; x_wconf 91' lang='lat' dir='ltr'><strong>potest</strong></span> <span class='ocrx_word' id='word_1_39' title='bbox 1610 671 1669 716; x_wconf 91' lang='lat' dir='ltr'><strong>ut</strong></span> <span class='ocrx_word' id='word_1_40' title='bbox 1711 677 1879 733; x_wconf 82' lang='lat' dir='ltr'><strong>prope</strong></span> <span class='ocrx_word' id='word_1_41' title='bbox 1906 677 2088 716; x_wconf 82' lang='lat' dir='ltr'><strong>arcam</strong></span> 
     </span>
    </p>
   </div>
   <div class='ocr_carea' id='block_1_8' title="bbox 526 750 2113 822">
    <p class='ocr_par' dir='ltr' id='par_1_8' title="bbox 526 750 2113 822">
     <span class='ocr_line' id='line_1_8' title="bbox 526 750 2113 822; baseline 0.001 -18"><span class='ocrx_word' id='word_1_42' title='bbox 526 752 612 805; x_wconf 78' lang='lat' dir='ltr'><strong>vel</strong></span> <span class='ocrx_word' id='word_1_43' title='bbox 644 751 699 806; x_wconf 89' lang='lat' dir='ltr'><strong>in</strong></span> <span class='ocrx_word' id='word_1_44' title='bbox 747 765 812 806; x_wconf 88' lang='lat' dir='ltr'><strong>ea</strong></span> <span class='ocrx_word' id='word_1_45' title='bbox 851 750 1013 807; x_wconf 91' lang='lat' dir='ltr'><strong>domo</strong></span> <span class='ocrx_word' id='word_1_46' title='bbox 1048 751 1101 806; x_wconf 92' lang='lat' dir='ltr'><strong>in</strong></span> <span class='ocrx_word' id='word_1_47' title='bbox 1135 767 1241 822; x_wconf 90' lang='lat' dir='ltr'><strong>qua</strong></span> <span class='ocrx_word' id='word_1_48' title='bbox 1278 767 1408 808; x_wconf 84' lang='lat' dir='ltr'><strong>vasa</strong></span> <span class='ocrx_word' id='word_1_49' title='bbox 1438 752 1756 807; x_wconf 88' lang='lat' dir='ltr'><strong>abscondita</strong></span> <span class='ocrx_word' id='word_1_50' title='bbox 1787 760 1935 818; x_wconf 89' lang='lat' dir='ltr'><strong>sunt,</strong></span> <span class='ocrx_word' id='word_1_51' title='bbox 1965 768 2113 808; x_wconf 83' lang='lat' dir='ltr'><strong>com-</strong></span> 
     </span>
    </p>
   </div>
   <div class='ocr_carea' id='block_1_9' title="bbox 528 843 2113 900">
    <p class='ocr_par' dir='ltr' id='par_1_9' title="bbox 528 843 2113 900">
     <span class='ocr_line' id='line_1_9' title="bbox 528 843 2113 900; baseline 0.001 -3"><span class='ocrx_word' id='word_1_52' title='bbox 528 843 818 899; x_wconf 72' lang='lat' dir='ltr'><strong>mittantur</strong></span> <span class='ocrx_word' id='word_1_53' title='bbox 854 843 1117 899; x_wconf 89' lang='lat' dir='ltr'><strong>adulteria</strong></span> <span class='ocrx_word' id='word_1_54' title='bbox 1148 854 1200 898; x_wconf 86' lang='lat' dir='ltr'><strong>et</strong></span> <span class='ocrx_word' id='word_1_55' title='bbox 1258 843 1641 900; x_wconf 87' lang='lat' dir='ltr'><strong>fornicationes</strong></span> <span class='ocrx_word' id='word_1_56' title='bbox 1687 860 1742 899; x_wconf 81' lang='lat' dir='ltr'><strong>et</strong></span> <span class='ocrx_word' id='word_1_57' title='bbox 1780 859 1845 899; x_wconf 86' lang='lat' dir='ltr'><strong>ea</strong></span> <span class='ocrx_word' id='word_1_58' title='bbox 1884 844 2113 899; x_wconf 88' lang='lat' dir='ltr'><strong>crimina</strong></span> 
     </span>
    </p>
   </div>
   <div class='ocr_carea' id='block_1_10' title="bbox 524 932 2115 1005">
    <p class='ocr_par' dir='ltr' id='par_1_10' title="bbox 524 932 2115 1005">
     <span class='ocr_line' id='line_1_10' title="bbox 524 932 2115 1005; baseline 0.002 -20"><span class='ocrx_word' id='word_1_59' title='bbox 524 948 651 1004; x_wconf 72' lang='lat' dir='ltr'><strong>qua:</strong></span> <span class='ocrx_word' id='word_1_60' title='bbox 690 935 824 989; x_wconf 85' lang='lat' dir='ltr'><strong>iram</strong></span> <span class='ocrx_word' id='word_1_61' title='bbox 855 935 948 990; x_wconf 89' lang='lat' dir='ltr'><strong>Dei</strong></span> <span class='ocrx_word' id='word_1_62' title='bbox 982 942 1298 1005; x_wconf 82' lang='lat' dir='ltr'><strong>provocent.</strong></span> <span class='ocrx_word' id='word_1_63' title='bbox 1322 932 1469 988; x_wconf 81' lang='lat' dir='ltr'><strong>Nam</strong></span> <span class='ocrx_word' id='word_1_64' title='bbox 1501 948 1622 989; x_wconf 84' lang='lat' dir='ltr'><strong>cum</strong></span> <span class='ocrx_word' id='word_1_65' title='bbox 1667 934 1719 989; x_wconf 91' lang='lat' dir='ltr'><strong>in</strong></span> <span class='ocrx_word' id='word_1_66' title='bbox 1755 933 1980 989; x_wconf 78' lang='lat' dir='ltr'><strong>historia</strong></span> <span class='ocrx_word' id='word_1_67' title='bbox 2014 934 2115 988; x_wconf 74' lang='lat' dir='ltr'><strong>lte-</strong></span> 
     </span>
    </p>
   </div>
   <div class='ocr_carea' id='block_1_11' title="bbox 528 1013 2114 1098">
    <p class='ocr_par' dir='ltr' id='par_1_11' title="bbox 528 1013 2114 1098">
     <span class='ocr_line' id='line_1_11' title="bbox 528 1013 2114 1098; baseline 0.001 -18"><span class='ocrx_word' id='word_1_68' title='bbox 528 1042 654 1098; x_wconf 88' lang='lat' dir='ltr'><strong>gum</strong></span> <span class='ocrx_word' id='word_1_69' title='bbox 696 1026 927 1097; x_wconf 83' lang='lat' dir='ltr'><strong>legimus</strong></span> <span class='ocrx_word' id='word_1_70' title='bbox 957 1028 1149 1093; x_wconf 87' lang='lat' dir='ltr'><strong>Ozam,</strong></span> <span class='ocrx_word' id='word_1_71' title='bbox 1191 1042 1258 1083; x_wconf 90' lang='lat' dir='ltr'><strong>eo</strong></span> <span class='ocrx_word' id='word_1_72' title='bbox 1306 1027 1449 1098; x_wconf 88' lang='lat' dir='ltr'><strong>quod</strong></span> <span class='ocrx_word' id='word_1_73' title='bbox 1497 1013 1907 1084; x_wconf 77' lang='lat' dir='ltr'><strong>calcitrautibus</strong></span> <span class='ocrx_word' id='word_1_74' title='bbox 1943 1027 2114 1083; x_wconf 70' lang='lat' dir='ltr'><strong>bobus</strong></span> 
     </span>
    </p>
   </div>
   <div class='ocr_carea' id='block_1_12' title="bbox 529 1119 2114 1191">
    <p class='ocr_par' dir='ltr' id='par_1_12' title="bbox 529 1119 2114 1191">
     <span class='ocr_line' id='line_1_12' title="bbox 529 1119 2114 1191; baseline 0.002 -19"><span class='ocrx_word' id='word_1_75' title='bbox 529 1135 715 1174; x_wconf 69' lang='lat' dir='ltr'><strong>aream</strong></span> <span class='ocrx_word' id='word_1_76' title='bbox 751 1119 961 1175; x_wconf 91' lang='lat' dir='ltr'><strong>Domini</strong></span> <span class='ocrx_word' id='word_1_77' title='bbox 993 1121 1254 1191; x_wconf 78' lang='lat' dir='ltr'><strong>tetigerit,</strong></span> <span class='ocrx_word' id='word_1_78' title='bbox 1285 1120 1431 1175; x_wconf 83' lang='lat' dir='ltr'><strong>illico</strong></span> <span class='ocrx_word' id='word_1_79' title='bbox 1459 1120 1763 1186; x_wconf 80' lang='lat' dir='ltr'><strong>interiisse;</strong></span> <span class='ocrx_word' id='word_1_80' title='bbox 1787 1129 1841 1175; x_wconf 83' lang='lat' dir='ltr'><strong>et</strong></span> <span class='ocrx_word' id='word_1_81' title='bbox 1872 1122 1924 1174; x_wconf 90' lang='lat' dir='ltr'><strong>in</strong></span> <span class='ocrx_word' id='word_1_82' title='bbox 1961 1121 2114 1175; x_wconf 66' lang='lat' dir='ltr'><strong>Levi-</strong></span> 
     </span>
    </p>
   </div>
   <div class='ocr_carea' id='block_1_13' title="bbox 529 1211 2115 1283">
    <p class='ocr_par' dir='ltr' id='par_1_13' title="bbox 529 1211 2115 1283">
     <span class='ocr_line' id='line_1_13' title="bbox 529 1211 2115 1283; baseline 0.001 -18"><span class='ocrx_word' id='word_1_83' title='bbox 529 1214 640 1266; x_wconf 87' lang='lat' dir='ltr'><strong>tico</strong></span> <span class='ocrx_word' id='word_1_84' title='bbox 674 1220 1005 1281; x_wconf 68' lang='lat' dir='ltr'><strong>praeceptum</strong></span> <span class='ocrx_word' id='word_1_85' title='bbox 1038 1213 1108 1265; x_wconf 85' lang='lat' dir='ltr'><strong>sit</strong></span> <span class='ocrx_word' id='word_1_86' title='bbox 1136 1212 1314 1266; x_wconf 80' lang='lat' dir='ltr'><strong>Aaron</strong></span> <span class='ocrx_word' id='word_1_87' title='bbox 1350 1221 1405 1266; x_wconf 90' lang='lat' dir='ltr'><strong>ct</strong></span> <span class='ocrx_word' id='word_1_88' title='bbox 1429 1211 1554 1266; x_wconf 83' lang='lat' dir='ltr'><strong>ﬁliis</strong></span> <span class='ocrx_word' id='word_1_89' title='bbox 1583 1211 1698 1280; x_wconf 82' lang='lat' dir='ltr'><strong>ejus</strong></span> <span class='ocrx_word' id='word_1_90' title='bbox 1724 1226 1793 1267; x_wconf 90' lang='lat' dir='ltr'><strong>ne</strong></span> <span class='ocrx_word' id='word_1_91' title='bbox 1839 1214 2115 1283; x_wconf 81' lang='lat' dir='ltr'><strong>permitte-</strong></span> 
     </span>
    </p>
   </div>
   <div class='ocr_carea' id='block_1_14' title="bbox 528 1305 2112 1377">
    <p class='ocr_par' dir='ltr' id='par_1_14' title="bbox 528 1305 2112 1377">
     <span class='ocr_line' id='line_1_14' title="bbox 528 1305 2112 1377; baseline 0.001 -16"><span class='ocrx_word' id='word_1_92' title='bbox 528 1316 654 1361; x_wconf 89' lang='lat' dir='ltr'><strong>rent</strong></span> <span class='ocrx_word' id='word_1_93' title='bbox 683 1306 808 1361; x_wconf 84' lang='lat' dir='ltr'><strong>filiis</strong></span> <span class='ocrx_word' id='word_1_94' title='bbox 839 1305 1004 1361; x_wconf 88' lang='lat' dir='ltr'><strong>Caath</strong></span> <span class='ocrx_word' id='word_1_95' title='bbox 1051 1321 1178 1361; x_wconf 87' lang='lat' dir='ltr'><strong>vasa</strong></span> <span class='ocrx_word' id='word_1_96' title='bbox 1222 1308 1519 1361; x_wconf 91' lang='lat' dir='ltr'><strong>sanctuarii</strong></span> <span class='ocrx_word' id='word_1_97' title='bbox 1563 1306 1706 1361; x_wconf 85' lang='lat' dir='ltr'><strong>ferre</strong></span> <span class='ocrx_word' id='word_1_98' title='bbox 1741 1307 1823 1360; x_wconf 87' lang='lat' dir='ltr'><strong>vel</strong></span> <span class='ocrx_word' id='word_1_99' title='bbox 1868 1316 2112 1377; x_wconf 81' lang='lat' dir='ltr'><strong>tangere,</strong></span> 
     </span>
    </p>
   </div>
   <div class='ocr_carea' id='block_1_15' title="bbox 527 1398 2115 1470">
    <p class='ocr_par' dir='ltr' id='par_1_15' title="bbox 527 1398 2115 1470">
     <span class='ocr_line' id='line_1_15' title="bbox 527 1398 2115 1470; baseline 0 -17"><span class='ocrx_word' id='word_1_100' title='bbox 527 1414 600 1455; x_wconf 85' lang='lat' dir='ltr'><strong>ne</strong></span> <span class='ocrx_word' id='word_1_101' title='bbox 643 1399 789 1454; x_wconf 88' lang='lat' dir='ltr'><strong>forte</strong></span> <span class='ocrx_word' id='word_1_102' title='bbox 825 1398 1066 1470; x_wconf 83' lang='lat' dir='ltr'><strong>perirent</strong></span> <span class='ocrx_word' id='word_1_103' title='bbox 1111 1400 1177 1453; x_wconf 88' lang='lat' dir='ltr'><strong>de</strong></span> <span class='ocrx_word' id='word_1_104' title='bbox 1220 1399 1397 1453; x_wconf 82' lang='lat' dir='ltr'><strong>medio</strong></span> <span class='ocrx_word' id='word_1_105' title='bbox 1453 1399 1798 1463; x_wconf 81' lang='lat' dir='ltr'><strong>Levitaruui;</strong></span> <span class='ocrx_word' id='word_1_106' title='bbox 1845 1401 2115 1470; x_wconf 88' lang='lat' dir='ltr'><strong>quomodo</strong></span> 
     </span>
    </p>
   </div>
   <div class='ocr_carea' id='block_1_16' title="bbox 502 1489 2114 1563">
    <p class='ocr_par' dir='ltr' id='par_1_16' title="bbox 502 1489 2114 1563">
     <span class='ocr_line' id='line_1_16' title="bbox 502 1489 2114 1563; baseline 0.001 -19"><span class='ocrx_word' id='word_1_107' title='bbox 502 1490 695 1545; x_wconf 69' lang='lat' dir='ltr'><strong>’audet</strong></span> <span class='ocrx_word' id='word_1_108' title='bbox 736 1490 1002 1561; x_wconf 83' lang='lat' dir='ltr'><strong>quispiam</strong></span> <span class='ocrx_word' id='word_1_109' title='bbox 1053 1498 1206 1544; x_wconf 80' lang='lat' dir='ltr'><strong>extra</strong></span> <span class='ocrx_word' id='word_1_110' title='bbox 1271 1489 1571 1545; x_wconf 81' lang='lat' dir='ltr'><strong>Ecclesiam</strong></span> <span class='ocrx_word' id='word_1_111' title='bbox 1620 1506 1773 1544; x_wconf 87' lang='lat' dir='ltr'><strong>suam</strong></span> <span class='ocrx_word' id='word_1_112' title='bbox 1812 1492 2114 1563; x_wconf 69' lang='lat' dir='ltr'><strong>cuicunqre</strong></span> 
     </span>
    </p>
   </div>
   <div class='ocr_carea' id='block_1_17' title="bbox 528 1580 2114 1649">
    <p class='ocr_par' dir='ltr' id='par_1_17' title="bbox 528 1580 2114 1649">
     <span class='ocr_line' id='line_1_17' title="bbox 528 1580 2114 1649; baseline 0.003 -16"><span class='ocrx_word' id='word_1_113' title='bbox 528 1594 795 1649; x_wconf 61' lang='lat' dir='ltr'><strong>personae,</strong></span> <span class='ocrx_word' id='word_1_114' title='bbox 846 1581 962 1637; x_wconf 84' lang='lat' dir='ltr'><strong>sive</strong></span> <span class='ocrx_word' id='word_1_115' title='bbox 1000 1580 1200 1636; x_wconf 88' lang='lat' dir='ltr'><strong>clerico</strong></span> <span class='ocrx_word' id='word_1_116' title='bbox 1226 1582 1341 1636; x_wconf 89' lang='lat' dir='ltr'><strong>sive</strong></span> <span class='ocrx_word' id='word_1_117' title='bbox 1385 1582 1545 1647; x_wconf 85' lang='lat' dir='ltr'><strong>laico,</strong></span> <span class='ocrx_word' id='word_1_118' title='bbox 1589 1596 1740 1636; x_wconf 87' lang='lat' dir='ltr'><strong>aram</strong></span> <span class='ocrx_word' id='word_1_119' title='bbox 1789 1581 1988 1639; x_wconf 84' lang='lat' dir='ltr'><strong>Christi</strong></span> <span class='ocrx_word' id='word_1_120' title='bbox 2029 1584 2114 1638; x_wconf 85' lang='lat' dir='ltr'><strong>vel</strong></span> 
     </span>
    </p>
   </div>
   <div class='ocr_carea' id='block_1_18' title="bbox 525 1670 2112 1742">
    <p class='ocr_par' dir='ltr' id='par_1_18' title="bbox 525 1670 2112 1742">
     <span class='ocr_line' id='line_1_18' title="bbox 525 1670 2112 1742; baseline 0.004 -18"><span class='ocrx_word' id='word_1_121' title='bbox 525 1670 837 1740; x_wconf 78' lang='lat' dir='ltr'><strong>sepulcrum</strong></span> <span class='ocrx_word' id='word_1_122' title='bbox 883 1672 1002 1742; x_wconf 84' lang='lat' dir='ltr'><strong>ejus</strong></span> <span class='ocrx_word' id='word_1_123' title='bbox 1048 1672 1100 1725; x_wconf 89' lang='lat' dir='ltr'><strong>in</strong></span> <span class='ocrx_word' id='word_1_124' title='bbox 1159 1672 1525 1726; x_wconf 82' lang='lat' dir='ltr'><strong>vadimonium</strong></span> <span class='ocrx_word' id='word_1_125' title='bbox 1571 1672 1738 1728; x_wconf 79' lang='lat' dir='ltr'><strong>dare?</strong></span> <span class='ocrx_word' id='word_1_126' title='bbox 1782 1675 1919 1741; x_wconf 86' lang='lat' dir='ltr'><strong>Quid</strong></span> <span class='ocrx_word' id='word_1_127' title='bbox 1969 1674 2112 1730; x_wconf 89' lang='lat' dir='ltr'><strong>enim</strong></span> 
     </span>
    </p>
   </div>
   <div class='ocr_carea' id='block_1_19' title="bbox 529 1741 2189 1834">
    <p class='ocr_par' dir='ltr' id='par_1_19' title="bbox 529 1741 2189 1834">
     <span class='ocr_line' id='line_1_19' title="bbox 529 1741 2189 1834; baseline 0.004 -17"><span class='ocrx_word' id='word_1_128' title='bbox 529 1774 664 1817; x_wconf 80' lang='lat' dir='ltr'><strong>crux</strong></span> <span class='ocrx_word' id='word_1_129' title='bbox 713 1773 820 1828; x_wconf 90' lang='lat' dir='ltr'><strong>est,</strong></span> <span class='ocrx_word' id='word_1_130' title='bbox 848 1763 954 1818; x_wconf 89' lang='lat' dir='ltr'><strong>nisi</strong></span> <span class='ocrx_word' id='word_1_131' title='bbox 1006 1778 1098 1817; x_wconf 90' lang='lat' dir='ltr'><strong>ara</strong></span> <span class='ocrx_word' id='word_1_132' title='bbox 1130 1762 1372 1819; x_wconf 79' lang='lat' dir='ltr'><strong>Christi?</strong></span> <span class='ocrx_word' id='word_1_133' title='bbox 1416 1763 1484 1818; x_wconf 84' lang='lat' dir='ltr'><strong>Et</strong></span> <span class='ocrx_word' id='word_1_134' title='bbox 1512 1765 1642 1834; x_wconf 87' lang='lat' dir='ltr'><strong>quid</strong></span> <span class='ocrx_word' id='word_1_135' title='bbox 1679 1765 1840 1831; x_wconf 84' lang='lat' dir='ltr'><strong>calix,</strong></span> <span class='ocrx_word' id='word_1_136' title='bbox 1891 1765 1995 1822; x_wconf 90' lang='lat' dir='ltr'><strong>nisi</strong></span> <span class='ocrx_word' id='word_1_137' title='bbox 2029 1782 2112 1823; x_wconf 89' lang='lat' dir='ltr'><strong>se-</strong></span> <span class='ocrx_word' id='word_1_138' title='bbox 2144 1741 2189 1801; x_wconf 72' lang='grc' dir='ltr'><strong>Β</strong></span> 
     </span>
    </p>
   </div>
   <div class='ocr_carea' id='block_1_20' title="bbox 529 1853 2117 1928">
    <p class='ocr_par' dir='ltr' id='par_1_20' title="bbox 529 1853 2117 1928">
     <span class='ocr_line' id='line_1_20' title="bbox 529 1853 2117 1928; baseline 0.004 -21"><span class='ocrx_word' id='word_1_139' title='bbox 529 1854 776 1924; x_wconf 88' lang='lat' dir='ltr'><strong>pulcrum</strong></span> <span class='ocrx_word' id='word_1_140' title='bbox 803 1853 1041 1922; x_wconf 81' lang='lat' dir='ltr'><strong>ejusdem</strong></span> <span class='ocrx_word' id='word_1_141' title='bbox 1082 1854 1297 1910; x_wconf 87' lang='lat' dir='ltr'><strong>Domini</strong></span> <span class='ocrx_word' id='word_1_142' title='bbox 1342 1856 1563 1911; x_wconf 91' lang='lat' dir='ltr'><strong>nostri?</strong></span> <span class='ocrx_word' id='word_1_143' title='bbox 1590 1856 1691 1924; x_wconf 85' lang='lat' dir='ltr'><strong>Qui</strong></span> <span class='ocrx_word' id='word_1_144' title='bbox 1723 1872 1854 1928; x_wconf 88' lang='lat' dir='ltr'><strong>ergo</strong></span> <span class='ocrx_word' id='word_1_145' title='bbox 1880 1873 2031 1911; x_wconf 91' lang='lat' dir='ltr'><strong>aram</strong></span> <span class='ocrx_word' id='word_1_146' title='bbox 2059 1865 2117 1913; x_wconf 88' lang='lat' dir='ltr'><strong>et</strong></span> 
     </span>
    </p>
   </div>
   <div class='ocr_carea' id='block_1_21' title="bbox 529 1946 2117 2018">
    <p class='ocr_par' dir='ltr' id='par_1_21' title="bbox 529 1946 2117 2018">
     <span class='ocr_line' id='line_1_21' title="bbox 529 1946 2117 2018; baseline 0.001 -18"><span class='ocrx_word' id='word_1_147' title='bbox 529 1946 841 2013; x_wconf 79' lang='lat' dir='ltr'><strong>sepulcrum</strong></span> <span class='ocrx_word' id='word_1_148' title='bbox 884 1946 938 2000; x_wconf 91' lang='lat' dir='ltr'><strong>iu</strong></span> <span class='ocrx_word' id='word_1_149' title='bbox 983 1947 1352 2000; x_wconf 87' lang='lat' dir='ltr'><strong>vadimonium</strong></span> <span class='ocrx_word' id='word_1_150' title='bbox 1401 1947 1544 2018; x_wconf 92' lang='lat' dir='ltr'><strong>ponit</strong></span> <span class='ocrx_word' id='word_1_151' title='bbox 1576 1990 1590 2012; x_wconf 92' lang='lat'><strong>,</strong></span> <span class='ocrx_word' id='word_1_152' title='bbox 1629 1964 1751 2004; x_wconf 91' lang='lat' dir='ltr'><strong>cum</strong></span> <span class='ocrx_word' id='word_1_153' title='bbox 1791 1949 1924 2003; x_wconf 85' lang='lat' dir='ltr'><strong>.lnda</strong></span> <span class='ocrx_word' id='word_1_154' title='bbox 1961 1948 2117 2004; x_wconf 75' lang='lat' dir='ltr'><strong>Chri-</strong></span> 
     </span>
    </p>
   </div>
   <div class='ocr_carea' id='block_1_22' title="bbox 529 2024 2114 2113">
    <p class='ocr_par' dir='ltr' id='par_1_22' title="bbox 529 2024 2114 2113">
     <span class='ocr_line' id='line_1_22' title="bbox 529 2024 2114 2113; baseline 0.003 -21"><span class='ocrx_word' id='word_1_155' title='bbox 529 2045 673 2092; x_wconf 83' lang='lat' dir='ltr'><strong>stum</strong></span> <span class='ocrx_word' id='word_1_156' title='bbox 713 2024 926 2103; x_wconf 72' lang='lat' dir='ltr'><strong>vendit;</strong></span> <span class='ocrx_word' id='word_1_157' title='bbox 977 2048 1031 2090; x_wconf 78' lang='lat' dir='ltr'><strong>et</strong></span> <span class='ocrx_word' id='word_1_158' title='bbox 1061 2039 1151 2109; x_wconf 86' lang='lat' dir='ltr'><strong>qui</strong></span> <span class='ocrx_word' id='word_1_159' title='bbox 1203 2039 1254 2093; x_wconf 95' lang='lat' dir='ltr'><strong>iu</strong></span> <span class='ocrx_word' id='word_1_160' title='bbox 1307 2039 1674 2094; x_wconf 81' lang='lat' dir='ltr'><strong>vadimonium</strong></span> <span class='ocrx_word' id='word_1_161' title='bbox 1717 2040 1944 2113; x_wconf 82' lang='lat' dir='ltr'><strong>accipit,</strong></span> <span class='ocrx_word' id='word_1_162' title='bbox 1991 2056 2114 2096; x_wconf 92' lang='lat' dir='ltr'><strong>cum</strong></span> 
     </span>
    </p>
   </div>
   <div class='ocr_carea' id='block_1_23' title="bbox 531 2127 2113 2203">
    <p class='ocr_par' dir='ltr' id='par_1_23' title="bbox 531 2127 2113 2203">
     <span class='ocr_line' id='line_1_23' title="bbox 531 2127 2113 2203; baseline 0.003 -21"><span class='ocrx_word' id='word_1_163' title='bbox 531 2127 820 2192; x_wconf 80' lang='lat' dir='ltr'><strong>militibus,</strong></span> <span class='ocrx_word' id='word_1_164' title='bbox 869 2143 936 2183; x_wconf 90' lang='lat' dir='ltr'><strong>ne</strong></span> <span class='ocrx_word' id='word_1_165' title='bbox 983 2130 1182 2184; x_wconf 84' lang='lat' dir='ltr'><strong>Christi</strong></span> <span class='ocrx_word' id='word_1_166' title='bbox 1243 2132 1698 2187; x_wconf 81' lang='lat' dir='ltr'><strong>resurrectionem</strong></span> <span class='ocrx_word' id='word_1_167' title='bbox 1751 2141 1807 2188; x_wconf 90' lang='lat' dir='ltr'><strong>et</strong></span> <span class='ocrx_word' id='word_1_168' title='bbox 1853 2132 2113 2203; x_wconf 85' lang='lat' dir='ltr'><strong>gloriam,</strong></span> 
     </span>
    </p>
   </div>
   <div class='ocr_carea' id='block_1_24' title="bbox 531 2219 2111 2295">
    <p class='ocr_par' dir='ltr' id='par_1_24' title="bbox 531 2219 2111 2295">
     <span class='ocr_line' id='line_1_24' title="bbox 531 2219 2111 2295; baseline 0.004 -22"><span class='ocrx_word' id='word_1_169' title='bbox 531 2234 696 2290; x_wconf 89' lang='lat' dir='ltr'><strong>quam</strong></span> <span class='ocrx_word' id='word_1_170' title='bbox 737 2219 803 2275; x_wconf 81' lang='lat' dir='ltr'><strong>ad</strong></span> <span class='ocrx_word' id='word_1_171' title='bbox 847 2221 1156 2292; x_wconf 88' lang='lat' dir='ltr'><strong>sepulcrum</strong></span> <span class='ocrx_word' id='word_1_172' title='bbox 1195 2224 1402 2277; x_wconf 87' lang='lat' dir='ltr'><strong>Domini</strong></span> <span class='ocrx_word' id='word_1_173' title='bbox 1439 2224 2111 2295; x_wconf 73' lang='lat' dir='ltr'><strong>viderant,pncdicarent,</strong></span> 
     </span>
    </p>
   </div>
   <div class='ocr_carea' id='block_1_25' title="bbox 527 2313 2116 2387">
    <p class='ocr_par' dir='ltr' id='par_1_25' title="bbox 527 2313 2116 2387">
     <span class='ocr_line' id='line_1_25' title="bbox 527 2313 2116 2387; baseline 0.004 -19"><span class='ocrx_word' id='word_1_174' title='bbox 527 2313 821 2384; x_wconf 79' lang='lat' dir='ltr'><strong>pecuniam</strong></span> <span class='ocrx_word' id='word_1_175' title='bbox 883 2327 913 2368; x_wconf 90' lang='lat' dir='ltr'><strong>a</strong></span> <span class='ocrx_word' id='word_1_176' title='bbox 977 2314 1260 2369; x_wconf 84' lang='lat' dir='ltr'><strong>sceleratis</strong></span> <span class='ocrx_word' id='word_1_177' title='bbox 1308 2314 1510 2371; x_wconf 79' lang='lat' dir='ltr'><strong>Judaeis</strong></span> <span class='ocrx_word' id='word_1_178' title='bbox 1564 2317 1805 2387; x_wconf 82' lang='lat' dir='ltr'><strong>suscipit.</strong></span> <span class='ocrx_word' id='word_1_179' title='bbox 1865 2318 2116 2387; x_wconf 83' lang='lat' dir='ltr'><strong>Legimus</strong></span> 
     </span>
    </p>
   </div>
   <div class='ocr_carea' id='block_1_26' title="bbox 527 2406 2116 2478">
    <p class='ocr_par' dir='ltr' id='par_1_26' title="bbox 527 2406 2116 2478">
     <span class='ocr_line' id='line_1_26' title="bbox 527 2406 2116 2478; baseline 0.004 -19"><span class='ocrx_word' id='word_1_180' title='bbox 527 2421 748 2476; x_wconf 80' lang='lat' dir='ltr'><strong>quoque</strong></span> <span class='ocrx_word' id='word_1_181' title='bbox 795 2406 847 2460; x_wconf 89' lang='lat' dir='ltr'><strong>in</strong></span> <span class='ocrx_word' id='word_1_182' title='bbox 894 2406 1119 2460; x_wconf 80' lang='lat' dir='ltr'><strong>Daniele</strong></span> <span class='ocrx_word' id='word_1_183' title='bbox 1161 2421 1343 2475; x_wconf 81' lang='lat' dir='ltr'><strong>regem</strong></span> <span class='ocrx_word' id='word_1_184' title='bbox 1402 2408 1659 2478; x_wconf 71' lang='lat' dir='ltr'><strong>gentilrm</strong></span> <span class='ocrx_word' id='word_1_185' title='bbox 1703 2407 2008 2474; x_wconf 82' lang='lat' dir='ltr'><strong>Balthasar,</strong></span> <span class='ocrx_word' id='word_1_186' title='bbox 2052 2424 2116 2465; x_wconf 88' lang='lat' dir='ltr'><strong>eo</strong></span> 
     </span>
    </p>
   </div>
   <div class='ocr_carea' id='block_1_27' title="bbox 524 2498 2117 2572">
    <p class='ocr_par' dir='ltr' id='par_1_27' title="bbox 524 2498 2117 2572">
     <span class='ocr_line' id='line_1_27' title="bbox 524 2498 2117 2572; baseline 0.004 -22"><span class='ocrx_word' id='word_1_187' title='bbox 524 2498 670 2567; x_wconf 69' lang='lat' dir='ltr'><strong>quo]</strong></span> <span class='ocrx_word' id='word_1_188' title='bbox 723 2500 776 2553; x_wconf 91' lang='lat' dir='ltr'><strong>in</strong></span> <span class='ocrx_word' id='word_1_189' title='bbox 815 2498 984 2564; x_wconf 85' lang='lat' dir='ltr'><strong>vasis,</strong></span> <span class='ocrx_word' id='word_1_190' title='bbox 1030 2512 1152 2569; x_wconf 78' lang='lat' dir='ltr'><strong>qua:</strong></span> <span class='ocrx_word' id='word_1_191' title='bbox 1193 2500 1260 2554; x_wconf 84' lang='lat' dir='ltr'><strong>de</strong></span> <span class='ocrx_word' id='word_1_192' title='bbox 1313 2501 1514 2572; x_wconf 87' lang='lat' dir='ltr'><strong>templo</strong></span> <span class='ocrx_word' id='word_1_193' title='bbox 1548 2499 1760 2555; x_wconf 90' lang='lat' dir='ltr'><strong>Domini</strong></span> <span class='ocrx_word' id='word_1_194' title='bbox 1810 2508 1966 2570; x_wconf 90' lang='lat' dir='ltr'><strong>pater</strong></span> <span class='ocrx_word' id='word_1_195' title='bbox 2001 2502 2117 2571; x_wconf 91' lang='lat' dir='ltr'><strong>ejus</strong></span> 
     </span>
    </p>
   </div>
   <div class='ocr_carea' id='block_1_28' title="bbox 532 2588 2115 2661">
    <p class='ocr_par' dir='ltr' id='par_1_28' title="bbox 532 2588 2115 2661">
     <span class='ocr_line' id='line_1_28' title="bbox 532 2588 2115 2661; baseline 0.003 -20"><span class='ocrx_word' id='word_1_196' title='bbox 532 2589 850 2652; x_wconf 78' lang='lat' dir='ltr'><strong>sustulerat,</strong></span> <span class='ocrx_word' id='word_1_197' title='bbox 908 2588 1226 2643; x_wconf 88' lang='lat' dir='ltr'><strong>concubinis</strong></span> <span class='ocrx_word' id='word_1_198' title='bbox 1286 2590 1400 2644; x_wconf 90' lang='lat' dir='ltr'><strong>suis</strong></span> <span class='ocrx_word' id='word_1_199' title='bbox 1449 2599 1632 2661; x_wconf 91' lang='lat' dir='ltr'><strong>potum</strong></span> <span class='ocrx_word' id='word_1_200' title='bbox 1689 2591 2115 2657; x_wconf 88' lang='lat' dir='ltr'><strong>ministraverit,</strong></span> 
     </span>
    </p>
   </div>
   <div class='ocr_carea' id='block_1_29' title="bbox 531 2678 2118 2752">
    <p class='ocr_par' dir='ltr' id='par_1_29' title="bbox 531 2678 2118 2752">
     <span class='ocr_line' id='line_1_29' title="bbox 531 2678 2118 2752; baseline 0.005 -22"><span class='ocrx_word' id='word_1_201' title='bbox 531 2678 717 2732; x_wconf 80' lang='lat' dir='ltr'><strong>subito</strong></span> <span class='ocrx_word' id='word_1_202' title='bbox 746 2693 962 2733; x_wconf 88' lang='lat' dir='ltr'><strong>manum</strong></span> <span class='ocrx_word' id='word_1_203' title='bbox 989 2680 1387 2750; x_wconf 88' lang='lat' dir='ltr'><strong>scriptitantem</strong></span> <span class='ocrx_word' id='word_1_204' title='bbox 1416 2682 1640 2745; x_wconf 84' lang='lat' dir='ltr'><strong>vidisse,</strong></span> <span class='ocrx_word' id='word_1_205' title='bbox 1667 2689 1720 2737; x_wconf 90' lang='lat' dir='ltr'><strong>et</strong></span> <span class='ocrx_word' id='word_1_206' title='bbox 1746 2682 1813 2737; x_wconf 90' lang='lat' dir='ltr'><strong>de</strong></span> <span class='ocrx_word' id='word_1_207' title='bbox 1836 2682 2118 2752; x_wconf 75' lang='lat' dir='ltr'><strong>scriptura:</strong></span> 
     </span>
    </p>
   </div>
   <div class='ocr_carea' id='block_1_30' title="bbox 531 2768 2117 2841">
    <p class='ocr_par' dir='ltr' id='par_1_30' title="bbox 531 2768 2117 2841">
     <span class='ocr_line' id='line_1_30' title="bbox 531 2768 2117 2841; baseline 0.004 -20"><span class='ocrx_word' id='word_1_208' title='bbox 531 2768 985 2839; x_wconf 85' lang='lat' dir='ltr'><strong>interpretatione</strong></span> <span class='ocrx_word' id='word_1_209' title='bbox 1035 2771 1358 2841; x_wconf 81' lang='lat' dir='ltr'><strong>cognovisse</strong></span> <span class='ocrx_word' id='word_1_210' title='bbox 1402 2781 1629 2828; x_wconf 87' lang='lat' dir='ltr'><strong>mortem</strong></span> <span class='ocrx_word' id='word_1_211' title='bbox 1663 2772 1764 2828; x_wconf 88' lang='lat' dir='ltr'><strong>sibi</strong></span> <span class='ocrx_word' id='word_1_212' title='bbox 1819 2772 2025 2829; x_wconf 85' lang='lat' dir='ltr'><strong>instare</strong></span> <span class='ocrx_word' id='word_1_213' title='bbox 2064 2784 2117 2828; x_wconf 89' lang='lat' dir='ltr'><strong>et</strong></span> 
     </span>
    </p>
   </div>
   <div class='ocr_carea' id='block_1_31' title="bbox 530 2860 1183 2933">
    <p class='ocr_par' dir='ltr' id='par_1_31' title="bbox 530 2860 1183 2933">
     <span class='ocr_line' id='line_1_31' title="bbox 530 2860 1183 2933; baseline 0.002 -19"><span class='ocrx_word' id='word_1_214' title='bbox 530 2860 853 2915; x_wconf 79' lang='lat' dir='ltr'><strong>divisionem</strong></span> <span class='ocrx_word' id='word_1_215' title='bbox 895 2863 1047 2933; x_wconf 84' lang='lat' dir='ltr'><strong>regni</strong></span> <span class='ocrx_word' id='word_1_216' title='bbox 1077 2863 1183 2916; x_wconf 92' lang='lat' dir='ltr'><strong>sui.</strong></span> 
     </span>
    </p>
   </div>
   <div class='ocr_carea' id='block_1_32' title="bbox 546 2951 2113 3027">
    <p class='ocr_par' dir='ltr' id='par_1_32' title="bbox 546 2951 2113 3027">
     <span class='ocr_line' id='line_1_32' title="bbox 546 2951 2113 3027; baseline 0.003 -21"><span class='ocrx_word' id='word_1_217' title='bbox 546 2973 553 2981; x_wconf 67' lang='grc'><em>’</em></span> <span class='ocrx_word' id='word_1_218' title='bbox 603 2951 909 3021; x_wconf 78' lang='lat' dir='ltr'><strong>Ego-ipse,</strong></span> <span class='ocrx_word' id='word_1_219' title='bbox 973 2963 1034 3006; x_wconf 90' lang='lat' dir='ltr'><strong>ut</strong></span> <span class='ocrx_word' id='word_1_220' title='bbox 1092 2953 1159 3008; x_wconf 91' lang='lat' dir='ltr'><strong>de</strong></span> <span class='ocrx_word' id='word_1_221' title='bbox 1214 2954 1573 3023; x_wconf 79' lang='lat' dir='ltr'><strong>praesentibus</strong></span> <span class='ocrx_word' id='word_1_222' title='bbox 1627 2954 1846 3011; x_wconf 86' lang='lat' dir='ltr'><strong>interim</strong></span> <span class='ocrx_word' id='word_1_223' title='bbox 1903 2970 2113 3027; x_wconf 69' lang='lat' dir='ltr'><strong>loquar,</strong></span> 
     </span>
    </p>
   </div>
   <div class='ocr_carea' id='block_1_33' title="bbox 534 3044 2117 3118">
    <p class='ocr_par' dir='ltr' id='par_1_33' title="bbox 534 3044 2117 3118">
     <span class='ocr_line' id='line_1_33' title="bbox 534 3044 2117 3118; baseline 0.005 -23"><span class='ocrx_word' id='word_1_224' title='bbox 534 3054 701 3097; x_wconf 79' lang='lat' dir='ltr'><strong>mium</strong></span> <span class='ocrx_word' id='word_1_225' title='bbox 735 3044 830 3098; x_wconf 89' lang='lat' dir='ltr'><strong>tibi</strong></span> <span class='ocrx_word' id='word_1_226' title='bbox 873 3045 1112 3100; x_wconf 81' lang='lat' dir='ltr'><strong>breviter</strong></span> <span class='ocrx_word' id='word_1_227' title='bbox 1157 3047 1389 3117; x_wconf 78' lang='lat' dir='ltr'><strong>exempli</strong></span> <span class='ocrx_word' id='word_1_228' title='bbox 1440 3062 1602 3102; x_wconf 87' lang='lat' dir='ltr'><strong>causa</strong></span> <span class='ocrx_word' id='word_1_229' title='bbox 1659 3046 1929 3118; x_wconf 87' lang='lat' dir='ltr'><strong>proferam</strong></span> <span class='ocrx_word' id='word_1_230' title='bbox 1973 3048 2117 3118; x_wconf 87' lang='lat' dir='ltr'><strong>quod</strong></span> 
     </span>
    </p>
   </div>
   <div class='ocr_carea' id='block_1_34' title="bbox 534 3136 2118 3211">
    <p class='ocr_par' dir='ltr' id='par_1_34' title="bbox 534 3136 2118 3211">
     <span class='ocr_line' id='line_1_34' title="bbox 534 3136 2118 3211; baseline 0.004 -24"><span class='ocrx_word' id='word_1_231' title='bbox 534 3148 711 3203; x_wconf 82' lang='lat' dir='ltr'><strong>nuper</strong></span> <span class='ocrx_word' id='word_1_232' title='bbox 741 3136 944 3202; x_wconf 86' lang='lat' dir='ltr'><strong>audivi,</strong></span> <span class='ocrx_word' id='word_1_233' title='bbox 976 3136 1160 3192; x_wconf 90' lang='lat' dir='ltr'><strong>nescio</strong></span> <span class='ocrx_word' id='word_1_234' title='bbox 1189 3154 1256 3192; x_wconf 91' lang='lat' dir='ltr'><strong>an</strong></span> <span class='ocrx_word' id='word_1_235' title='bbox 1298 3138 1365 3192; x_wconf 92' lang='lat' dir='ltr'><strong>ad</strong></span> <span class='ocrx_word' id='word_1_236' title='bbox 1398 3145 1451 3193; x_wconf 88' lang='lat' dir='ltr'><strong>te</strong></span> <span class='ocrx_word' id='word_1_237' title='bbox 1484 3154 1697 3210; x_wconf 90' lang='lat' dir='ltr'><strong>quoque</strong></span> <span class='ocrx_word' id='word_1_238' title='bbox 1743 3140 1884 3194; x_wconf 78' lang='lat' dir='ltr'><strong>fama</strong></span> <span class='ocrx_word' id='word_1_239' title='bbox 1927 3155 2118 3211; x_wconf 89' lang='lat' dir='ltr'><strong>pervc-</strong></span> 
     </span>
    </p>
   </div>
   <div class='ocr_carea' id='block_1_35' title="bbox 535 3224 2119 3300">
    <p class='ocr_par' dir='ltr' id='par_1_35' title="bbox 535 3224 2119 3300">
     <span class='ocr_line' id='line_1_35' title="bbox 535 3224 2119 3300; baseline 0.004 -21"><span class='ocrx_word' id='word_1_240' title='bbox 535 3225 701 3279; x_wconf 86' lang='lat' dir='ltr'><strong>nerit.</strong></span> <span class='ocrx_word' id='word_1_241' title='bbox 728 3224 937 3282; x_wconf 87' lang='lat' dir='ltr'><strong>Accidit</strong></span> <span class='ocrx_word' id='word_1_242' title='bbox 967 3228 1018 3281; x_wconf 91' lang='lat' dir='ltr'><strong>in</strong></span> <span class='ocrx_word' id='word_1_243' title='bbox 1048 3228 1324 3283; x_wconf 86' lang='lat' dir='ltr'><strong>Britannia</strong></span> <span class='ocrx_word' id='word_1_244' title='bbox 1364 3230 1558 3285; x_wconf 82' lang='lat' dir='ltr'><strong>minori</strong></span> <span class='ocrx_word' id='word_1_245' title='bbox 1593 3231 1859 3300; x_wconf 77' lang='lat' dir='ltr'><strong>quoddam</strong></span> <span class='ocrx_word' id='word_1_246' title='bbox 1885 3232 2119 3286; x_wconf 90' lang='lat' dir='ltr'><strong>miracu-</strong></span> 
     </span>
    </p>
   </div>
   <div class='ocr_carea' id='block_1_36' title="bbox 535 3315 2115 3387">
    <p class='ocr_par' dir='ltr' id='par_1_36' title="bbox 535 3315 2115 3387">
     <span class='ocr_line' id='line_1_36' title="bbox 535 3315 2115 3387; baseline 0.003 -17"><span class='ocrx_word' id='word_1_247' title='bbox 535 3316 667 3371; x_wconf 85' lang='lat' dir='ltr'><strong>lum.</strong></span> <span class='ocrx_word' id='word_1_248' title='bbox 708 3315 840 3370; x_wconf 86' lang='lat' dir='ltr'><strong>Nam</strong></span> <span class='ocrx_word' id='word_1_249' title='bbox 878 3319 1096 3387; x_wconf 83' lang='lat' dir='ltr'><strong>quidam</strong></span> <span class='ocrx_word' id='word_1_250' title='bbox 1140 3320 1535 3375; x_wconf 84' lang='lat' dir='ltr'><strong>Immmularius</strong></span> <span class='ocrx_word' id='word_1_251' title='bbox 1563 3337 1689 3375; x_wconf 86' lang='lat' dir='ltr'><strong>vasa</strong></span> <span class='ocrx_word' id='word_1_252' title='bbox 1722 3321 1979 3377; x_wconf 72' lang='lat' dir='ltr'><strong>Ecclesiae</strong></span> <span class='ocrx_word' id='word_1_253' title='bbox 2014 3323 2115 3376; x_wconf 80' lang='lat' dir='ltr'><strong>sibi</strong></span> 
     </span>
    </p>
   </div>
   <div class='ocr_carea' id='block_1_37' title="bbox 534 3407 2115 3482">
    <p class='ocr_par' dir='ltr' id='par_1_37' title="bbox 534 3407 2115 3482">
     <span class='ocr_line' id='line_1_37' title="bbox 534 3407 2115 3482; baseline 0.002 -19"><span class='ocrx_word' id='word_1_254' title='bbox 534 3407 658 3464; x_wconf 82' lang='lat' dir='ltr'><strong>loco</strong></span> <span class='ocrx_word' id='word_1_255' title='bbox 709 3408 1000 3464; x_wconf 81' lang='lat' dir='ltr'><strong>vadimonii</strong></span> <span class='ocrx_word' id='word_1_256' title='bbox 1057 3410 1111 3465; x_wconf 91' lang='lat' dir='ltr'><strong>in</strong></span> <span class='ocrx_word' id='word_1_257' title='bbox 1169 3425 1294 3465; x_wconf 87' lang='lat' dir='ltr'><strong>arca</strong></span> <span class='ocrx_word' id='word_1_258' title='bbox 1351 3411 1588 3482; x_wconf 88' lang='lat' dir='ltr'><strong>reposita</strong></span> <span class='ocrx_word' id='word_1_259' title='bbox 1639 3412 1926 3476; x_wconf 49' lang='lat' dir='ltr'><strong>servabat»;</strong></span> <span class='ocrx_word' id='word_1_260' title='bbox 1988 3427 2115 3466; x_wconf 82' lang='lat' dir='ltr'><strong>casu</strong></span> 
     </span>
    </p>
   </div>
   <div class='ocr_carea' id='block_1_38' title="bbox 2216 472 3805 546">
    <p class='ocr_par' dir='ltr' id='par_1_38' title="bbox 2216 472 3805 546">
     <span class='ocr_line' id='line_1_38' title="bbox 2216 472 3805 546; baseline 0.013 -21"><span class='ocrx_word' id='word_1_261' title='bbox 2216 472 2308 543; x_wconf 87' lang='lat' dir='ltr'><strong>qui</strong></span> <span class='ocrx_word' id='word_1_262' title='bbox 2349 472 2494 529; x_wconf 90' lang='lat' dir='ltr'><strong>illico</strong></span> <span class='ocrx_word' id='word_1_263' title='bbox 2530 475 2582 529; x_wconf 92' lang='lat' dir='ltr'><strong>in</strong></span> <span class='ocrx_word' id='word_1_264' title='bbox 2639 476 2931 531; x_wconf 88' lang='lat' dir='ltr'><strong>amentiam</strong></span> <span class='ocrx_word' id='word_1_265' title='bbox 2988 479 3131 534; x_wconf 85' lang='lat' dir='ltr'><strong>versi</strong></span> <span class='ocrx_word' id='word_1_266' title='bbox 3184 491 3340 546; x_wconf 91' lang='lat' dir='ltr'><strong>sunt;</strong></span> <span class='ocrx_word' id='word_1_267' title='bbox 3396 485 3490 539; x_wconf 86' lang='lat' dir='ltr'><strong>sed</strong></span> <span class='ocrx_word' id='word_1_268' title='bbox 3536 494 3592 541; x_wconf 84' lang='lat' dir='ltr'><strong>et</strong></span> <span class='ocrx_word' id='word_1_269' title='bbox 3636 502 3805 545; x_wconf 86' lang='lat' dir='ltr'><strong>canes</strong></span> 
     </span>
    </p>
   </div>
   <div class='ocr_carea' id='block_1_39' title="bbox 2217 559 3804 632">
    <p class='ocr_par' dir='ltr' id='par_1_39' title="bbox 2217 559 3804 632">
     <span class='ocr_line' id='line_1_39' title="bbox 2217 559 3804 632; baseline 0.011 -17"><span class='ocrx_word' id='word_1_270' title='bbox 2217 559 2359 616; x_wconf 88' lang='lat' dir='ltr'><strong>forte</strong></span> <span class='ocrx_word' id='word_1_271' title='bbox 2408 564 2790 630; x_wconf 86' lang='lat' dir='ltr'><strong>ascenderant,</strong></span> <span class='ocrx_word' id='word_1_272' title='bbox 2842 574 2900 620; x_wconf 89' lang='lat' dir='ltr'><strong>et</strong></span> <span class='ocrx_word' id='word_1_273' title='bbox 2946 566 2999 621; x_wconf 88' lang='lat' dir='ltr'><strong>in</strong></span> <span class='ocrx_word' id='word_1_274' title='bbox 3056 570 3260 624; x_wconf 85' lang='lat' dir='ltr'><strong>rabiem</strong></span> <span class='ocrx_word' id='word_1_275' title='bbox 3313 570 3519 629; x_wconf 73' lang='lat' dir='ltr'><strong>efferati</strong></span> <span class='ocrx_word' id='word_1_276' title='bbox 3559 562 3804 632; x_wconf 87' lang='lat' dir='ltr'><strong>fuerunt.</strong></span> 
     </span>
    </p>
   </div>
   <div class='ocr_carea' id='block_1_40' title="bbox 2217 648 3806 735">
    <p class='ocr_par' dir='ltr' id='par_1_40' title="bbox 2217 648 3806 735">
     <span class='ocr_line' id='line_1_40' title="bbox 2217 648 3806 735; baseline 0.011 -30"><span class='ocrx_word' id='word_1_277' title='bbox 2217 648 2402 706; x_wconf 80' lang='lat' dir='ltr'><strong>Sensit</strong></span> <span class='ocrx_word' id='word_1_278' title='bbox 2451 652 2705 708; x_wconf 86' lang='lat' dir='ltr'><strong>dominus</strong></span> <span class='ocrx_word' id='word_1_279' title='bbox 2755 654 3020 711; x_wconf 88' lang='lat' dir='ltr'><strong>ultionem</strong></span> <span class='ocrx_word' id='word_1_280' title='bbox 3059 657 3297 713; x_wconf 83' lang='lat' dir='ltr'><strong>divinam</strong></span> <span class='ocrx_word' id='word_1_281' title='bbox 3347 675 3466 717; x_wconf 90' lang='lat' dir='ltr'><strong>esse</strong></span> <span class='ocrx_word' id='word_1_282' title='bbox 3536 679 3603 718; x_wconf 90' lang='lat' dir='ltr'><strong>eo</strong></span> <span class='ocrx_word' id='word_1_283' title='bbox 3660 668 3806 735; x_wconf 89' lang='lat' dir='ltr'><strong>quod</strong></span> 
     </span>
    </p>
   </div>
   <div class='ocr_carea' id='block_1_41' title="bbox 2214 750 3804 827">
    <p class='ocr_par' dir='ltr' id='par_1_41' title="bbox 2214 750 3804 827">
     <span class='ocr_line' id='line_1_41' title="bbox 2214 750 3804 827; baseline 0.007 -26"><span class='ocrx_word' id='word_1_284' title='bbox 2214 761 2346 802; x_wconf 85' lang='lat' dir='ltr'><strong>vasa</strong></span> <span class='ocrx_word' id='word_1_285' title='bbox 2387 756 2629 813; x_wconf 80' lang='lat' dir='ltr'><strong>sacrata,</strong></span> <span class='ocrx_word' id='word_1_286' title='bbox 2671 763 2777 804; x_wconf 88' lang='lat' dir='ltr'><strong>non</strong></span> <span class='ocrx_word' id='word_1_287' title='bbox 2828 750 2915 805; x_wconf 90' lang='lat' dir='ltr'><strong>bis</strong></span> <span class='ocrx_word' id='word_1_288' title='bbox 2965 751 3270 820; x_wconf 75' lang='lat' dir='ltr'><strong>deputanda</strong></span> <span class='ocrx_word' id='word_1_289' title='bbox 3305 753 3437 811; x_wconf 88' lang='lat' dir='ltr'><strong>locis</strong></span> <span class='ocrx_word' id='word_1_290' title='bbox 3470 757 3555 812; x_wconf 85' lang='lat' dir='ltr'><strong>vel</strong></span> <span class='ocrx_word' id='word_1_291' title='bbox 3599 762 3804 827; x_wconf 86' lang='lat' dir='ltr'><strong>pactis,</strong></span> 
     </span>
    </p>
   </div>
   <div class='ocr_carea' id='block_1_42' title="bbox 2213 842 3807 925">
    <p class='ocr_par' dir='ltr' id='par_1_42' title="bbox 2213 842 3807 925">
     <span class='ocr_line' id='line_1_42' title="bbox 2213 842 3807 925; baseline 0.006 -29"><span class='ocrx_word' id='word_1_292' title='bbox 2213 849 2315 911; x_wconf 88' lang='lat' dir='ltr'><strong>pro</strong></span> <span class='ocrx_word' id='word_1_293' title='bbox 2359 842 2768 925; x_wconf 85' lang='lat' dir='ltr'><strong>accommodata</strong></span> <span class='ocrx_word' id='word_1_294' title='bbox 2797 845 3024 912; x_wconf 86' lang='lat' dir='ltr'><strong>pecunia</strong></span> <span class='ocrx_word' id='word_1_295' title='bbox 3077 848 3414 917; x_wconf 80' lang='lat' dir='ltr'><strong>accepisset;</strong></span> <span class='ocrx_word' id='word_1_296' title='bbox 3461 853 3807 925; x_wconf 82' lang='lat' dir='ltr'><strong>nimiumque</strong></span> 
     </span>
    </p>
   </div>
   <div class='ocr_carea' id='block_1_43' title="bbox 2214 933 3809 1011">
    <p class='ocr_par' dir='ltr' id='par_1_43' title="bbox 2214 933 3809 1011">
     <span class='ocr_line' id='line_1_43' title="bbox 2214 933 3809 1011; baseline 0.005 -22"><span class='ocrx_word' id='word_1_297' title='bbox 2214 934 2539 1005; x_wconf 86' lang='lat' dir='ltr'><strong>perterritus</strong></span> <span class='ocrx_word' id='word_1_298' title='bbox 2583 933 2719 1006; x_wconf 82' lang='lat' dir='ltr'><strong>fugit</strong></span> <span class='ocrx_word' id='word_1_299' title='bbox 2764 935 2832 991; x_wconf 89' lang='lat' dir='ltr'><strong>ad</strong></span> <span class='ocrx_word' id='word_1_300' title='bbox 2880 936 3192 1004; x_wconf 88' lang='lat' dir='ltr'><strong>ecclesiam,</strong></span> <span class='ocrx_word' id='word_1_301' title='bbox 3221 941 3348 1011; x_wconf 91' lang='lat' dir='ltr'><strong>quid</strong></span> <span class='ocrx_word' id='word_1_302' title='bbox 3377 940 3581 996; x_wconf 91' lang='lat' dir='ltr'><strong>factum</strong></span> <span class='ocrx_word' id='word_1_303' title='bbox 3625 943 3809 999; x_wconf 80' lang='lat' dir='ltr'><strong>fuerat</strong></span> 
     </span>
    </p>
   </div>
   <div class='ocr_carea' id='block_1_44' title="bbox 2215 1012 3807 1102">
    <p class='ocr_par' dir='ltr' id='par_1_44' title="bbox 2215 1012 3807 1102">
     <span class='ocr_line' id='line_1_44' title="bbox 2215 1012 3807 1102; baseline 0.005 -18"><span class='ocrx_word' id='word_1_304' title='bbox 2215 1029 2465 1085; x_wconf 86' lang='lat' dir='ltr'><strong>omnibus</strong></span> <span class='ocrx_word' id='word_1_305' title='bbox 2492 1012 2780 1093; x_wconf 84' lang='lat' dir='ltr'><strong>iutimavit,</strong></span> <span class='ocrx_word' id='word_1_306' title='bbox 2823 1038 2878 1085; x_wconf 92' lang='lat' dir='ltr'><strong>ct</strong></span> <span class='ocrx_word' id='word_1_307' title='bbox 2926 1046 3082 1086; x_wconf 88' lang='lat' dir='ltr'><strong>saera</strong></span> <span class='ocrx_word' id='word_1_308' title='bbox 3116 1048 3246 1087; x_wconf 86' lang='lat' dir='ltr'><strong>vasa</strong></span> <span class='ocrx_word' id='word_1_309' title='bbox 3297 1038 3624 1102; x_wconf 86' lang='lat' dir='ltr'><strong>quantocius</strong></span> <span class='ocrx_word' id='word_1_310' title='bbox 3678 1052 3707 1091; x_wconf 87' lang='lat' dir='ltr'><strong>a</strong></span> <span class='ocrx_word' id='word_1_311' title='bbox 3748 1052 3807 1092; x_wconf 85' lang='lat' dir='ltr'><strong>se</strong></span> 
     </span>
    </p>
   </div>
   <div class='ocr_carea' id='block_1_45' title="bbox 2217 1121 3807 1194">
    <p class='ocr_par' dir='ltr' id='par_1_45' title="bbox 2217 1121 3807 1194">
     <span class='ocr_line' id='line_1_45' title="bbox 2217 1121 3807 1194; baseline 0.003 -17"><span class='ocrx_word' id='word_1_312' title='bbox 2217 1122 2417 1183; x_wconf 84' lang='lat' dir='ltr'><strong>emisit,</strong></span> <span class='ocrx_word' id='word_1_313' title='bbox 2464 1135 2569 1175; x_wconf 89' lang='lat' dir='ltr'><strong>non</strong></span> <span class='ocrx_word' id='word_1_314' title='bbox 2612 1121 2807 1177; x_wconf 89' lang='lat' dir='ltr'><strong>minori</strong></span> <span class='ocrx_word' id='word_1_315' title='bbox 2826 1121 3130 1177; x_wconf 74' lang='lat' dir='ltr'><strong>formidine</strong></span> <span class='ocrx_word' id='word_1_316' title='bbox 3176 1138 3340 1194; x_wconf 80' lang='lat' dir='ltr'><strong>quam</strong></span> <span class='ocrx_word' id='word_1_317' title='bbox 3391 1127 3522 1180; x_wconf 88' lang='lat' dir='ltr'><strong>olim</strong></span> <span class='ocrx_word' id='word_1_318' title='bbox 3569 1126 3807 1182; x_wconf 85' lang='lat' dir='ltr'><strong>Philistii</strong></span> 
     </span>
    </p>
   </div>
   <div class='ocr_carea' id='block_1_46' title="bbox 2216 1210 3804 1285">
    <p class='ocr_par' dir='ltr' id='par_1_46' title="bbox 2216 1210 3804 1285">
     <span class='ocr_line' id='line_1_46' title="bbox 2216 1210 3804 1285; baseline 0.004 -18"><span class='ocrx_word' id='word_1_319' title='bbox 2216 1227 2398 1267; x_wconf 86' lang='lat' dir='ltr'><strong>arcam</strong></span> <span class='ocrx_word' id='word_1_320' title='bbox 2437 1210 2658 1267; x_wconf 69' lang='lat' dir='ltr'><strong>fmderis</strong></span> <span class='ocrx_word' id='word_1_321' title='bbox 2695 1211 2907 1267; x_wconf 91' lang='lat' dir='ltr'><strong>Domini</strong></span> <span class='ocrx_word' id='word_1_322' title='bbox 2943 1223 3163 1285; x_wconf 90' lang='lat' dir='ltr'><strong>propter</strong></span> <span class='ocrx_word' id='word_1_323' title='bbox 3192 1217 3565 1271; x_wconf 88' lang='lat' dir='ltr'><strong>imminentem</strong></span> <span class='ocrx_word' id='word_1_324' title='bbox 3595 1218 3804 1273; x_wconf 84' lang='lat' dir='ltr'><strong>cladem</strong></span> 
     </span>
    </p>
   </div>
   <div class='ocr_carea' id='block_1_47' title="bbox 2217 1303 3811 1374">
    <p class='ocr_par' dir='ltr' id='par_1_47' title="bbox 2217 1303 3811 1374">
     <span class='ocr_line' id='line_1_47' title="bbox 2217 1303 3811 1374; baseline 0.003 -15"><span class='ocrx_word' id='word_1_325' title='bbox 2217 1320 2245 1359; x_wconf 85' lang='lat' dir='ltr'><strong>a</strong></span> <span class='ocrx_word' id='word_1_326' title='bbox 2272 1319 2330 1359; x_wconf 90' lang='lat' dir='ltr'><strong>se</strong></span> <span class='ocrx_word' id='word_1_327' title='bbox 2359 1303 2704 1374; x_wconf 79' lang='lat' dir='ltr'><strong>expulerunt.</strong></span> <span class='ocrx_word' id='word_1_328' title='bbox 2736 1303 2866 1371; x_wconf 64' lang='lat' dir='ltr'><strong>Quae</strong></span> <span class='ocrx_word' id='word_1_329' title='bbox 2912 1320 2997 1359; x_wconf 89' lang='lat' dir='ltr'><strong>res</strong></span> <span class='ocrx_word' id='word_1_330' title='bbox 3030 1306 3166 1361; x_wconf 89' lang='lat' dir='ltr'><strong>adeo</strong></span> <span class='ocrx_word' id='word_1_331' title='bbox 3198 1316 3355 1360; x_wconf 68' lang='lat' dir='ltr'><strong>terrae</strong></span> <span class='ocrx_word' id='word_1_332' title='bbox 3398 1307 3603 1361; x_wconf 83' lang='lat' dir='ltr'><strong>incolas</strong></span> <span class='ocrx_word' id='word_1_333' title='bbox 3628 1318 3811 1363; x_wconf 86' lang='lat' dir='ltr'><strong>exter-</strong></span> 
     </span>
    </p>
   </div>
   <div class='ocr_carea' id='block_1_48' title="bbox 2216 1395 3811 1469">
    <p class='ocr_par' dir='ltr' id='par_1_48' title="bbox 2216 1395 3811 1469">
     <span class='ocr_line' id='line_1_48' title="bbox 2216 1395 3811 1469; baseline 0.002 -18"><span class='ocrx_word' id='word_1_334' title='bbox 2216 1396 2348 1461; x_wconf 88' lang='lat' dir='ltr'><strong>ruit,</strong></span> <span class='ocrx_word' id='word_1_335' title='bbox 2391 1404 2448 1450; x_wconf 89' lang='lat' dir='ltr'><strong>ut</strong></span> <span class='ocrx_word' id='word_1_336' title='bbox 2476 1395 2884 1451; x_wconf 84' lang='lat' dir='ltr'><strong>sceleratiorem</strong></span> <span class='ocrx_word' id='word_1_337' title='bbox 2913 1397 3150 1468; x_wconf 85' lang='lat' dir='ltr'><strong>quolibet</strong></span> <span class='ocrx_word' id='word_1_338' title='bbox 3192 1399 3471 1453; x_wconf 89' lang='lat' dir='ltr'><strong>idulolatra</strong></span> <span class='ocrx_word' id='word_1_339' title='bbox 3509 1401 3811 1469; x_wconf 55' lang='lat' dir='ltr'><strong>praedicent</strong></span> 
     </span>
    </p>
   </div>
   <div class='ocr_carea' id='block_1_49' title="bbox 2214 1487 3802 1561">
    <p class='ocr_par' dir='ltr' id='par_1_49' title="bbox 2214 1487 3802 1561">
     <span class='ocr_line' id='line_1_49' title="bbox 2214 1487 3802 1561; baseline 0.003 -20"><span class='ocrx_word' id='word_1_340' title='bbox 2214 1487 2308 1557; x_wconf 88' lang='lat' dir='ltr'><strong>qui</strong></span> <span class='ocrx_word' id='word_1_341' title='bbox 2337 1502 2494 1541; x_wconf 89' lang='lat' dir='ltr'><strong>sacra</strong></span> <span class='ocrx_word' id='word_1_342' title='bbox 2523 1500 2650 1541; x_wconf 84' lang='lat' dir='ltr'><strong>vasa</strong></span> <span class='ocrx_word' id='word_1_343' title='bbox 2680 1487 2935 1560; x_wconf 89' lang='lat' dir='ltr'><strong>deinceps</strong></span> <span class='ocrx_word' id='word_1_344' title='bbox 2964 1496 3016 1544; x_wconf 85' lang='lat' dir='ltr'><strong>in</strong></span> <span class='ocrx_word' id='word_1_345' title='bbox 3045 1490 3410 1545; x_wconf 88' lang='lat' dir='ltr'><strong>vadimonium</strong></span> <span class='ocrx_word' id='word_1_346' title='bbox 3435 1494 3689 1561; x_wconf 82' lang='lat' dir='ltr'><strong>posuerit</strong></span> <span class='ocrx_word' id='word_1_347' title='bbox 3722 1490 3802 1545; x_wconf 84' lang='lat' dir='ltr'><strong>vel</strong></span> 
     </span>
    </p>
   </div>
   <div class='ocr_carea' id='block_1_50' title="bbox 2215 1578 3809 1652">
    <p class='ocr_par' dir='ltr' id='par_1_50' title="bbox 2215 1578 3809 1652">
     <span class='ocr_line' id='line_1_50' title="bbox 2215 1578 3809 1652; baseline 0.003 -22"><span class='ocrx_word' id='word_1_348' title='bbox 2215 1578 2508 1647; x_wconf 88' lang='lat' dir='ltr'><strong>acceperit.</strong></span> <span class='ocrx_word' id='word_1_349' title='bbox 2554 1578 2839 1648; x_wconf 87' lang='lat' dir='ltr'><strong>Perpende</strong></span> <span class='ocrx_word' id='word_1_350' title='bbox 2868 1595 2998 1652; x_wconf 88' lang='lat' dir='ltr'><strong>ergo</strong></span> <span class='ocrx_word' id='word_1_351' title='bbox 3028 1590 3229 1651; x_wconf 89' lang='lat' dir='ltr'><strong>quanta</strong></span> <span class='ocrx_word' id='word_1_352' title='bbox 3280 1582 3435 1652; x_wconf 88' lang='lat' dir='ltr'><strong>culpa</strong></span> <span class='ocrx_word' id='word_1_353' title='bbox 3473 1584 3543 1636; x_wconf 90' lang='lat' dir='ltr'><strong>sit</strong></span> <span class='ocrx_word' id='word_1_354' title='bbox 3577 1584 3721 1637; x_wconf 83' lang='lat' dir='ltr'><strong>vasa</strong></span> <span class='ocrx_word' id='word_1_355' title='bbox 3744 1584 3809 1636; x_wconf 79' lang='lat' dir='ltr'><strong>de</strong></span> 
     </span>
    </p>
   </div>
   <div class='ocr_carea' id='block_1_51' title="bbox 2216 1669 3810 1741">
    <p class='ocr_par' dir='ltr' id='par_1_51' title="bbox 2216 1669 3810 1741">
     <span class='ocr_line' id='line_1_51' title="bbox 2216 1669 3810 1741; baseline 0.003 -18"><span class='ocrx_word' id='word_1_356' title='bbox 2216 1669 2336 1723; x_wconf 84' lang='lat' dir='ltr'><strong>sinu</strong></span> <span class='ocrx_word' id='word_1_357' title='bbox 2366 1669 2612 1725; x_wconf 69' lang='lat' dir='ltr'><strong>ecclesia:</strong></span> <span class='ocrx_word' id='word_1_358' title='bbox 2655 1684 2874 1741; x_wconf 84' lang='lat' dir='ltr'><strong>rapere,</strong></span> <span class='ocrx_word' id='word_1_359' title='bbox 2903 1679 2962 1726; x_wconf 85' lang='lat' dir='ltr'><strong>et</strong></span> <span class='ocrx_word' id='word_1_360' title='bbox 3006 1672 3347 1728; x_wconf 71' lang='lat' dir='ltr'><strong>srccularium</strong></span> <span class='ocrx_word' id='word_1_361' title='bbox 3378 1674 3634 1729; x_wconf 86' lang='lat' dir='ltr'><strong>manib:.s</strong></span> <span class='ocrx_word' id='word_1_362' title='bbox 3661 1691 3810 1730; x_wconf 81' lang='lat' dir='ltr'><strong>eom-</strong></span> 
     </span>
    </p>
   </div>
   <div class='ocr_carea' id='block_1_52' title="bbox 2217 1759 2454 1817">
    <p class='ocr_par' dir='ltr' id='par_1_52' title="bbox 2217 1759 2454 1817">
     <span class='ocr_line' id='line_1_52' title="bbox 2217 1759 2454 1817; baseline 0.008 -4"><span class='ocrx_word' id='word_1_363' title='bbox 2217 1759 2454 1817; x_wconf 89' lang='lat' dir='ltr'><strong>mittere.</strong></span> 
     </span>
    </p>
   </div>
   <div class='ocr_carea' id='block_1_53' title="bbox 2287 1849 3811 1926">
    <p class='ocr_par' dir='ltr' id='par_1_53' title="bbox 2287 1849 3811 1926">
     <span class='ocr_line' id='line_1_53' title="bbox 2287 1849 3811 1926; baseline 0.006 -20"><span class='ocrx_word' id='word_1_364' title='bbox 2287 1849 2532 1908; x_wconf 85' lang='lat' dir='ltr'><strong>Caveant</strong></span> <span class='ocrx_word' id='word_1_365' title='bbox 2589 1854 2778 1926; x_wconf 87' lang='lat' dir='ltr'><strong>itaque</strong></span> <span class='ocrx_word' id='word_1_366' title='bbox 2851 1856 3058 1926; x_wconf 70' lang='lat' dir='ltr'><strong>przelati</strong></span> <span class='ocrx_word' id='word_1_367' title='bbox 3113 1854 3371 1912; x_wconf 71' lang='lat' dir='ltr'><strong>Ecclesire</strong></span> <span class='ocrx_word' id='word_1_368' title='bbox 3428 1873 3495 1912; x_wconf 86' lang='lat' dir='ltr'><strong>ne</strong></span> <span class='ocrx_word' id='word_1_369' title='bbox 3563 1875 3653 1916; x_wconf 87' lang='lat' dir='ltr'><strong>res</strong></span> <span class='ocrx_word' id='word_1_370' title='bbox 3707 1856 3811 1915; x_wconf 82' lang='lat' dir='ltr'><strong>sibi</strong></span> 
     </span>
    </p>
   </div>
   <div class='ocr_carea' id='block_1_54' title="bbox 2215 1945 3807 2022">
    <p class='ocr_par' dir='ltr' id='par_1_54' title="bbox 2215 1945 3807 2022">
     <span class='ocr_line' id='line_1_54' title="bbox 2215 1945 3807 2022; baseline 0.004 -24"><span class='ocrx_word' id='word_1_371' title='bbox 2215 1945 2542 2001; x_wconf 86' lang='lat' dir='ltr'><strong>commissas</strong></span> <span class='ocrx_word' id='word_1_372' title='bbox 2578 1956 2634 2002; x_wconf 88' lang='lat' dir='ltr'><strong>et</strong></span> <span class='ocrx_word' id='word_1_373' title='bbox 2665 1958 2974 2020; x_wconf 86' lang='lat' dir='ltr'><strong>susceptam</strong></span> <span class='ocrx_word' id='word_1_374' title='bbox 3014 1965 3311 2020; x_wconf 87' lang='lat' dir='ltr'><strong>pauperum</strong></span> <span class='ocrx_word' id='word_1_375' title='bbox 3341 1951 3807 2022; x_wconf 84' lang='lat' dir='ltr'><strong>dispensationem</strong></span> 
     </span>
    </p>
   </div>
   <div class='ocr_carea' id='block_1_55' title="bbox 2218 2036 3813 2109">
    <p class='ocr_par' dir='ltr' id='par_1_55' title="bbox 2218 2036 3813 2109">
     <span class='ocr_line' id='line_1_55' title="bbox 2218 2036 3813 2109; baseline 0.003 -18"><span class='ocrx_word' id='word_1_376' title='bbox 2218 2036 2559 2109; x_wconf 82' lang='lat' dir='ltr'><strong>negligenter</strong></span> <span class='ocrx_word' id='word_1_377' title='bbox 2585 2046 2906 2106; x_wconf 89' lang='lat' dir='ltr'><strong>tractantes,</strong></span> <span class='ocrx_word' id='word_1_378' title='bbox 2947 2039 3230 2096; x_wconf 85' lang='lat' dir='ltr'><strong>incurrant</strong></span> <span class='ocrx_word' id='word_1_379' title='bbox 3269 2040 3657 2097; x_wconf 89' lang='lat' dir='ltr'><strong>detrimentum</strong></span> <span class='ocrx_word' id='word_1_380' title='bbox 3693 2044 3813 2097; x_wconf 83' lang='lat' dir='ltr'><strong>ani-</strong></span> 
     </span>
    </p>
   </div>
   <div class='ocr_carea' id='block_1_56' title="bbox 2218 2126 3806 2201">
    <p class='ocr_par' dir='ltr' id='par_1_56' title="bbox 2218 2126 3806 2201">
     <span class='ocr_line' id='line_1_56' title="bbox 2218 2126 3806 2201; baseline 0.005 -22"><span class='ocrx_word' id='word_1_381' title='bbox 2218 2140 2320 2180; x_wconf 73' lang='lat' dir='ltr'><strong>mto</strong></span> <span class='ocrx_word' id='word_1_382' title='bbox 2375 2141 2505 2181; x_wconf 71' lang='lat' dir='ltr'><strong>sum.</strong></span> <span class='ocrx_word' id='word_1_383' title='bbox 2553 2126 2748 2183; x_wconf 77' lang='lat' dir='ltr'><strong>Audivi</strong></span> <span class='ocrx_word' id='word_1_384' title='bbox 2802 2129 2947 2184; x_wconf 90' lang='lat' dir='ltr'><strong>enim</strong></span> <span class='ocrx_word' id='word_1_385' title='bbox 3012 2130 3076 2184; x_wconf 91' lang='lat' dir='ltr'><strong>de</strong></span> <span class='ocrx_word' id='word_1_386' title='bbox 3133 2130 3456 2201; x_wconf 83' lang='lat' dir='ltr'><strong>quibusdam</strong></span> <span class='ocrx_word' id='word_1_387' title='bbox 3510 2132 3806 2201; x_wconf 79' lang='lat' dir='ltr'><strong>episcopis.</strong></span> 
     </span>
    </p>
   </div>
   <div class='ocr_carea' id='block_1_57' title="bbox 2217 2215 3811 2292">
    <p class='ocr_par' dir='ltr' id='par_1_57' title="bbox 2217 2215 3811 2292">
     <span class='ocr_line' id='line_1_57' title="bbox 2217 2215 3811 2292; baseline 0.004 -21"><span class='ocrx_word' id='word_1_388' title='bbox 2217 2215 2356 2271; x_wconf 88' lang='lat' dir='ltr'><strong>sicut</strong></span> <span class='ocrx_word' id='word_1_389' title='bbox 2393 2218 2445 2272; x_wconf 92' lang='lat' dir='ltr'><strong>in</strong></span> <span class='ocrx_word' id='word_1_390' title='bbox 2483 2220 2717 2290; x_wconf 88' lang='lat' dir='ltr'><strong>quadam</strong></span> <span class='ocrx_word' id='word_1_391' title='bbox 2748 2221 2974 2291; x_wconf 82' lang='lat' dir='ltr'><strong>cpistola</strong></span> <span class='ocrx_word' id='word_1_392' title='bbox 3008 2232 3095 2276; x_wconf 82' lang='lat' dir='ltr'><strong>tne</strong></span> <span class='ocrx_word' id='word_1_393' title='bbox 3118 2222 3404 2292; x_wconf 78' lang='lat' dir='ltr'><strong>scripsisse</strong></span> <span class='ocrx_word' id='word_1_394' title='bbox 3437 2223 3529 2277; x_wconf 89' lang='lat' dir='ltr'><strong>tibi</strong></span> <span class='ocrx_word' id='word_1_395' title='bbox 3559 2226 3811 2292; x_wconf 71' lang='lat' dir='ltr'><strong>memini,</strong></span> 
     </span>
    </p>
   </div>
   <div class='ocr_carea' id='block_1_58' title="bbox 2217 2308 3813 2382">
    <p class='ocr_par' dir='ltr' id='par_1_58' title="bbox 2217 2308 3813 2382">
     <span class='ocr_line' id='line_1_58' title="bbox 2217 2308 3813 2382; baseline 0.006 -23"><span class='ocrx_word' id='word_1_396' title='bbox 2217 2308 2344 2378; x_wconf 86' lang='lat' dir='ltr'><strong>quia</strong></span> <span class='ocrx_word' id='word_1_397' title='bbox 2391 2310 2673 2365; x_wconf 60' lang='lat' dir='ltr'><strong>saecularia</strong></span> <span class='ocrx_word' id='word_1_398' title='bbox 2727 2325 2881 2367; x_wconf 88' lang='lat' dir='ltr'><strong>arma</strong></span> <span class='ocrx_word' id='word_1_399' title='bbox 2928 2313 3396 2382; x_wconf 75' lang='lat' dir='ltr'><strong>complectuntur,</strong></span> <span class='ocrx_word' id='word_1_400' title='bbox 3446 2324 3500 2369; x_wconf 90' lang='lat' dir='ltr'><strong>et</strong></span> <span class='ocrx_word' id='word_1_401' title='bbox 3540 2315 3813 2369; x_wconf 88' lang='lat' dir='ltr'><strong>militares</strong></span> 
     </span>
    </p>
   </div>
   <div class='ocr_carea' id='block_1_59' title="bbox 2217 2400 3809 2478">
    <p class='ocr_par' dir='ltr' id='par_1_59' title="bbox 2217 2400 3809 2478">
     <span class='ocr_line' id='line_1_59' title="bbox 2217 2400 3809 2478; baseline 0.005 -25"><span class='ocrx_word' id='word_1_402' title='bbox 2217 2400 2404 2469; x_wconf 88' lang='lat' dir='ltr'><strong>copias</strong></span> <span class='ocrx_word' id='word_1_403' title='bbox 2435 2402 2608 2471; x_wconf 86' lang='lat' dir='ltr'><strong>pretio</strong></span> <span class='ocrx_word' id='word_1_404' title='bbox 2634 2403 2967 2465; x_wconf 89' lang='lat' dir='ltr'><strong>conducunt,</strong></span> <span class='ocrx_word' id='word_1_405' title='bbox 3001 2413 3057 2459; x_wconf 88' lang='lat' dir='ltr'><strong>et</strong></span> <span class='ocrx_word' id='word_1_406' title='bbox 3086 2405 3187 2457; x_wconf 83' lang='lat' dir='ltr'><strong>alia</strong></span> <span class='ocrx_word' id='word_1_407' title='bbox 3230 2406 3426 2460; x_wconf 88' lang='lat' dir='ltr'><strong>similia</strong></span> <span class='ocrx_word' id='word_1_408' title='bbox 3464 2423 3809 2478; x_wconf 78' lang='lat' dir='ltr'><strong>nequaquam</strong></span> 
     </span>
    </p>
   </div>
   <div class='ocr_carea' id='block_1_60' title="bbox 2217 2489 3811 2570">
    <p class='ocr_par' dir='ltr' id='par_1_60' title="bbox 2217 2489 3811 2570">
     <span class='ocr_line' id='line_1_60' title="bbox 2217 2489 3811 2570; baseline 0.008 -30"><span class='ocrx_word' id='word_1_409' title='bbox 2217 2489 2299 2541; x_wconf 90' lang='lat' dir='ltr'><strong>eis</strong></span> <span class='ocrx_word' id='word_1_410' title='bbox 2327 2492 2709 2545; x_wconf 87' lang='lat' dir='ltr'><strong>convenientia</strong></span> <span class='ocrx_word' id='word_1_411' title='bbox 2743 2505 3065 2564; x_wconf 86' lang='lat' dir='ltr'><strong>sequuntur.</strong></span> <span class='ocrx_word' id='word_1_412' title='bbox 3096 2495 3172 2549; x_wconf 87' lang='lat' dir='ltr'><strong>De</strong></span> <span class='ocrx_word' id='word_1_413' title='bbox 3208 2497 3404 2566; x_wconf 84' lang='lat' dir='ltr'><strong>quibus</strong></span> <span class='ocrx_word' id='word_1_414' title='bbox 3430 2513 3538 2552; x_wconf 92' lang='lat' dir='ltr'><strong>non</strong></span> <span class='ocrx_word' id='word_1_415' title='bbox 3571 2515 3671 2570; x_wconf 85' lang='lat' dir='ltr'><strong>ego</strong></span> <span class='ocrx_word' id='word_1_416' title='bbox 3712 2501 3811 2553; x_wconf 83' lang='lat' dir='ltr'><strong>sed</strong></span> 
     </span>
    </p>
   </div>
   <div class='ocr_carea' id='block_1_61' title="bbox 2219 2580 3811 2659">
    <p class='ocr_par' dir='ltr' id='par_1_61' title="bbox 2219 2580 3811 2659">
     <span class='ocr_line' id='line_1_61' title="bbox 2219 2580 3811 2659; baseline 0.005 -23"><span class='ocrx_word' id='word_1_417' title='bbox 2219 2581 2493 2651; x_wconf 88' lang='lat' dir='ltr'><strong>Propheta</strong></span> <span class='ocrx_word' id='word_1_418' title='bbox 2524 2599 2537 2635; x_wconf 89' lang='lat'><strong>:</strong></span> <span class='ocrx_word' id='word_1_419' title='bbox 2567 2580 2878 2654; x_wconf 73' lang='lat' dir='ltr'><strong>Principes,</strong></span> <span class='ocrx_word' id='word_1_420' title='bbox 2940 2585 3147 2654; x_wconf 87' lang='lat' dir='ltr'><strong>inquit,</strong></span> <span class='ocrx_word' id='word_1_421' title='bbox 3200 2590 3358 2642; x_wconf 75' lang='lat' dir='ltr'><strong>vestri</strong></span> <span class='ocrx_word' id='word_1_422' title='bbox 3414 2590 3545 2642; x_wconf 80' lang='lat' dir='ltr'><strong>socii</strong></span> <span class='ocrx_word' id='word_1_423' title='bbox 3588 2597 3811 2659; x_wconf 70' lang='lat' dir='ltr'><strong>furum,</strong></span> 
     </span>
    </p>
   </div>
   <div class='ocr_carea' id='block_1_62' title="bbox 2218 2670 3812 2740">
    <p class='ocr_par' dir='ltr' id='par_1_62' title="bbox 2218 2670 3812 2740">
     <span class='ocr_line' id='line_1_62' title="bbox 2218 2670 3812 2740; baseline 0.006 -16"><span class='ocrx_word' id='word_1_424' title='bbox 2218 2670 2311 2740; x_wconf 89' lang='lat' dir='ltr'><strong>qui</strong></span> <span class='ocrx_word' id='word_1_425' title='bbox 2354 2671 2456 2726; x_wconf 88' lang='lat' dir='ltr'><strong>sibi</strong></span> <span class='ocrx_word' id='word_1_426' title='bbox 2507 2672 2769 2727; x_wconf 87' lang='lat' dir='ltr'><strong>creditam</strong></span> <span class='ocrx_word' id='word_1_427' title='bbox 2800 2673 3169 2730; x_wconf 84' lang='lat' dir='ltr'><strong>Ecclesiarnm</strong></span> <span class='ocrx_word' id='word_1_428' title='bbox 3209 2678 3568 2731; x_wconf 87' lang='lat' dir='ltr'><strong>substantiam</strong></span> <span class='ocrx_word' id='word_1_429' title='bbox 3628 2679 3681 2733; x_wconf 91' lang='lat' dir='ltr'><strong>iu</strong></span> <span class='ocrx_word' id='word_1_430' title='bbox 3720 2695 3812 2733; x_wconf 75' lang='lat' dir='ltr'><strong>su~</strong></span> 
     </span>
    </p>
   </div>
   <div class='ocr_carea' id='block_1_63' title="bbox 2218 2761 3817 2839">
    <p class='ocr_par' dir='ltr' id='par_1_63' title="bbox 2218 2761 3817 2839">
     <span class='ocr_line' id='line_1_63' title="bbox 2218 2761 3817 2839; baseline 0.004 -23"><span class='ocrx_word' id='word_1_431' title='bbox 2218 2761 2495 2834; x_wconf 87' lang='lat' dir='ltr'><strong>pradictos</strong></span> <span class='ocrx_word' id='word_1_432' title='bbox 2548 2778 2680 2819; x_wconf 90' lang='lat' dir='ltr'><strong>usus</strong></span> <span class='ocrx_word' id='word_1_433' title='bbox 2736 2766 2945 2821; x_wconf 82' lang='lat' dir='ltr'><strong>nefarie</strong></span> <span class='ocrx_word' id='word_1_434' title='bbox 3009 2764 3311 2822; x_wconf 71' lang='lat' dir='ltr'><strong>clYnndunt.</strong></span> <span class='ocrx_word' id='word_1_435' title='bbox 3374 2767 3571 2839; x_wconf 82' lang='lat' dir='ltr'><strong>Spreto</strong></span> <span class='ocrx_word' id='word_1_436' title='bbox 3611 2770 3817 2839; x_wconf 82' lang='lat' dir='ltr'><strong>quippe</strong></span> 
     </span>
    </p>
   </div>
   <div class='ocr_carea' id='block_1_64' title="bbox 2215 2852 3818 2927">
    <p class='ocr_par' dir='ltr' id='par_1_64' title="bbox 2215 2852 3818 2927">
     <span class='ocr_line' id='line_1_64' title="bbox 2215 2852 3818 2927; baseline 0.004 -20"><span class='ocrx_word' id='word_1_437' title='bbox 2215 2852 2518 2922; x_wconf 87' lang='lat' dir='ltr'><strong>episcopali</strong></span> <span class='ocrx_word' id='word_1_438' title='bbox 2559 2852 2756 2919; x_wconf 78' lang='lat' dir='ltr'><strong>oliicio,</strong></span> <span class='ocrx_word' id='word_1_439' title='bbox 2801 2869 2865 2909; x_wconf 89' lang='lat' dir='ltr'><strong>ea</strong></span> <span class='ocrx_word' id='word_1_440' title='bbox 2902 2866 3164 2926; x_wconf 86' lang='lat' dir='ltr'><strong>appetunt</strong></span> <span class='ocrx_word' id='word_1_441' title='bbox 3202 2872 3322 2927; x_wconf 69' lang='lat' dir='ltr'><strong>qum</strong></span> <span class='ocrx_word' id='word_1_442' title='bbox 3369 2858 3684 2914; x_wconf 81' lang='lat' dir='ltr'><strong>omnimodo</strong></span> <span class='ocrx_word' id='word_1_443' title='bbox 3733 2861 3818 2915; x_wconf 90' lang='lat' dir='ltr'><strong>fu-</strong></span> 
     </span>
    </p>
   </div>
   <div class='ocr_carea' id='block_1_65' title="bbox 2219 2946 3814 3021">
    <p class='ocr_par' dir='ltr' id='par_1_65' title="bbox 2219 2946 3814 3021">
     <span class='ocr_line' id='line_1_65' title="bbox 2219 2946 3814 3021; baseline 0.004 -23"><span class='ocrx_word' id='word_1_444' title='bbox 2219 2957 2349 3015; x_wconf 83' lang='lat' dir='ltr'><strong>gere</strong></span> <span class='ocrx_word' id='word_1_445' title='bbox 2370 2954 2666 3014; x_wconf 87' lang='lat' dir='ltr'><strong>oporteret.</strong></span> <span class='ocrx_word' id='word_1_446' title='bbox 2694 2946 2851 3003; x_wconf 87' lang='lat' dir='ltr'><strong>Unde</strong></span> <span class='ocrx_word' id='word_1_447' title='bbox 2872 2950 3101 3003; x_wconf 90' lang='lat' dir='ltr'><strong>consilio</strong></span> <span class='ocrx_word' id='word_1_448' title='bbox 3130 2963 3250 3004; x_wconf 84' lang='lat' dir='ltr'><strong>meo</strong></span> <span class='ocrx_word' id='word_1_449' title='bbox 3275 2950 3480 3018; x_wconf 61' lang='lat' dir='ltr'><strong>praelati</strong></span> <span class='ocrx_word' id='word_1_450' title='bbox 3502 2951 3729 3021; x_wconf 81' lang='lat' dir='ltr'><strong>quique,</strong></span> <span class='ocrx_word' id='word_1_451' title='bbox 3759 2953 3814 3004; x_wconf 85' lang='lat' dir='ltr'><strong>in</strong></span> 
     </span>
    </p>
   </div>
   <div class='ocr_carea' id='block_1_66' title="bbox 2220 3040 3817 3109">
    <p class='ocr_par' dir='ltr' id='par_1_66' title="bbox 2220 3040 3817 3109">
     <span class='ocr_line' id='line_1_66' title="bbox 2220 3040 3817 3109; baseline 0.004 -18"><span class='ocrx_word' id='word_1_452' title='bbox 2220 3049 2483 3108; x_wconf 89' lang='lat' dir='ltr'><strong>quantum</strong></span> <span class='ocrx_word' id='word_1_453' title='bbox 2512 3040 2825 3109; x_wconf 82' lang='lat' dir='ltr'><strong>praevalent,</strong></span> <span class='ocrx_word' id='word_1_454' title='bbox 2855 3055 3044 3096; x_wconf 88' lang='lat' dir='ltr'><strong>omnes</strong></span> <span class='ocrx_word' id='word_1_455' title='bbox 3094 3058 3121 3095; x_wconf 90' lang='lat' dir='ltr'><strong>a</strong></span> <span class='ocrx_word' id='word_1_456' title='bbox 3173 3058 3231 3097; x_wconf 89' lang='lat' dir='ltr'><strong>se</strong></span> <span class='ocrx_word' id='word_1_457' title='bbox 3266 3043 3587 3099; x_wconf 76' lang='lat' dir='ltr'><strong>occasiones</strong></span> <span class='ocrx_word' id='word_1_458' title='bbox 3633 3042 3817 3098; x_wconf 82' lang='lat' dir='ltr'><strong>absci-</strong></span> 
     </span>
    </p>
   </div>
   <div class='ocr_carea' id='block_1_67' title="bbox 2223 3132 3817 3201">
    <p class='ocr_par' dir='ltr' id='par_1_67' title="bbox 2223 3132 3817 3201">
     <span class='ocr_line' id='line_1_67' title="bbox 2223 3132 3817 3201; baseline 0.004 -16"><span class='ocrx_word' id='word_1_459' title='bbox 2223 3132 2375 3197; x_wconf 86' lang='lat' dir='ltr'><strong>dant,</strong></span> <span class='ocrx_word' id='word_1_460' title='bbox 2425 3135 2625 3201; x_wconf 90' lang='lat' dir='ltr'><strong>quibus</strong></span> <span class='ocrx_word' id='word_1_461' title='bbox 2668 3135 2950 3189; x_wconf 88' lang='lat' dir='ltr'><strong>innumera</strong></span> <span class='ocrx_word' id='word_1_462' title='bbox 3001 3136 3201 3189; x_wconf 66' lang='lat' dir='ltr'><strong>(latnua</strong></span> <span class='ocrx_word' id='word_1_463' title='bbox 3240 3136 3364 3191; x_wconf 83' lang='lat' dir='ltr'><strong>filiis</strong></span> <span class='ocrx_word' id='word_1_464' title='bbox 3415 3137 3531 3192; x_wconf 89' lang='lat' dir='ltr'><strong>suis</strong></span> <span class='ocrx_word' id='word_1_465' title='bbox 3557 3145 3615 3191; x_wconf 91' lang='lat' dir='ltr'><strong>et</strong></span> <span class='ocrx_word' id='word_1_466' title='bbox 3654 3138 3817 3193; x_wconf 84' lang='lat' dir='ltr'><strong>rebus</strong></span> 
     </span>
    </p>
   </div>
   <div class='ocr_carea' id='block_1_68' title="bbox 2223 3221 3818 3293">
    <p class='ocr_par' dir='ltr' id='par_1_68' title="bbox 2223 3221 3818 3293">
     <span class='ocr_line' id='line_1_68' title="bbox 2223 3221 3818 3293; baseline 0.003 -17"><span class='ocrx_word' id='word_1_467' title='bbox 2223 3221 2611 3277; x_wconf 87' lang='lat' dir='ltr'><strong>ecclesiasticis</strong></span> <span class='ocrx_word' id='word_1_468' title='bbox 2640 3224 2929 3293; x_wconf 88' lang='lat' dir='ltr'><strong>provenire</strong></span> <span class='ocrx_word' id='word_1_469' title='bbox 2958 3224 3155 3291; x_wconf 88' lang='lat' dir='ltr'><strong>solent,</strong></span> <span class='ocrx_word' id='word_1_470' title='bbox 3182 3234 3241 3279; x_wconf 90' lang='lat' dir='ltr'><strong>ut</strong></span> <span class='ocrx_word' id='word_1_471' title='bbox 3275 3226 3412 3282; x_wconf 86' lang='lat' dir='ltr'><strong>bene</strong></span> <span class='ocrx_word' id='word_1_472' title='bbox 3440 3227 3818 3282; x_wconf 85' lang='lat' dir='ltr'><strong>ministrantes</strong></span> 
     </span>
    </p>
   </div>
   <div class='ocr_carea' id='block_1_69' title="bbox 2225 3318 3819 3389">
    <p class='ocr_par' dir='ltr' id='par_1_69' title="bbox 2225 3318 3819 3389">
     <span class='ocr_line' id='line_1_69' title="bbox 2225 3318 3819 3389; baseline 0.003 -18"><span class='ocrx_word' id='word_1_473' title='bbox 2225 3319 2381 3371; x_wconf 89' lang='lat' dir='ltr'><strong>abeo</strong></span> <span class='ocrx_word' id='word_1_474' title='bbox 2412 3318 2714 3372; x_wconf 87' lang='lat' dir='ltr'><strong>mercedem</strong></span> <span class='ocrx_word' id='word_1_475' title='bbox 2742 3319 3025 3389; x_wconf 88' lang='lat' dir='ltr'><strong>recipiant,</strong></span> <span class='ocrx_word' id='word_1_476' title='bbox 3058 3320 3212 3389; x_wconf 84' lang='lat' dir='ltr'><strong>cujus</strong></span> <span class='ocrx_word' id='word_1_477' title='bbox 3234 3329 3290 3374; x_wconf 89' lang='lat' dir='ltr'><strong>et</strong></span> <span class='ocrx_word' id='word_1_478' title='bbox 3324 3319 3502 3375; x_wconf 87' lang='lat' dir='ltr'><strong>locum</strong></span> <span class='ocrx_word' id='word_1_479' title='bbox 3528 3330 3742 3387; x_wconf 87' lang='lat' dir='ltr'><strong>tenent,</strong></span> <span class='ocrx_word' id='word_1_480' title='bbox 3764 3331 3819 3375; x_wconf 84' lang='lat' dir='ltr'><strong>et</strong></span> 
     </span>
    </p>
   </div>
   <div class='ocr_carea' id='block_1_70' title="bbox 2225 3409 3118 3480">
    <p class='ocr_par' dir='ltr' id='par_1_70' title="bbox 2225 3409 3118 3480">
     <span class='ocr_line' id='line_1_70' title="bbox 2225 3409 3118 3480; baseline 0.002 -17"><span class='ocrx_word' id='word_1_481' title='bbox 2225 3410 2456 3480; x_wconf 81' lang='lat' dir='ltr'><strong>vestigia</strong></span> <span class='ocrx_word' id='word_1_482' title='bbox 2485 3411 2633 3479; x_wconf 89' lang='lat' dir='ltr'><strong>sequi</strong></span> <span class='ocrx_word' id='word_1_483' title='bbox 2657 3411 2937 3465; x_wconf 87' lang='lat' dir='ltr'><strong>deberent.</strong></span> <span class='ocrx_word' id='word_1_484' title='bbox 2966 3409 3118 3465; x_wconf 82' lang='lat' dir='ltr'><strong>Vale.</strong></span> 
     </span>
    </p>
   </div>
   <div class='ocr_carea' id='block_1_71' title="bbox 1774 3613 2533 3727">
    <p class='ocr_par' dir='ltr' id='par_1_71' title="bbox 1774 3613 2533 3727">
     <span class='ocr_line' id='line_1_71' title="bbox 1774 3613 2533 3727; baseline -0.005 -1"><span class='ocrx_word' id='word_1_485' title='bbox 1774 3613 2533 3727; x_wconf 88' lang='lat' dir='ltr'><strong>APPENDIX.</strong></span> 
     </span>
    </p>
   </div>
   <div class='ocr_carea' id='block_1_72' title="bbox 592 3832 3739 3973">
    <p class='ocr_par' dir='ltr' id='par_1_72' title="bbox 592 3832 3739 3973">
     <span class='ocr_line' id='line_1_72' title="bbox 592 3832 3739 3973; baseline 0 -74"><span class='ocrx_word' id='word_1_486' title='bbox 592 3838 895 3918; x_wconf 70' lang='lat' dir='ltr'><strong>Epistulae</strong></span> <span class='ocrx_word' id='word_1_487' title='bbox 925 3839 1371 3899; x_wconf 83' lang='lat' dir='ltr'><strong>cunonicorum</strong></span> <span class='ocrx_word' id='word_1_488' title='bbox 1414 3835 1924 3904; x_wconf 82' lang='lat' dir='ltr'><strong>Cumotensium,</strong></span> <span class='ocrx_word' id='word_1_489' title='bbox 1965 3832 2357 3973; x_wconf 61' lang='lat' dir='ltr'><strong>Illildegarii,</strong></span> <span class='ocrx_word' id='word_1_490' title='bbox 2401 3834 2728 3899; x_wconf 79' lang='lat' dir='ltr'><strong>Guillclmi</strong></span> <span class='ocrx_word' id='word_1_491' title='bbox 2761 3836 2940 3900; x_wconf 76' lang='lat' dir='ltr'><strong>ducis</strong></span> <span class='ocrx_word' id='word_1_492' title='bbox 2976 3837 3334 3917; x_wconf 64' lang='lat' dir='ltr'><strong>Aquitaniae</strong></span> <span class='ocrx_word' id='word_1_493' title='bbox 3369 3844 3423 3897; x_wconf 77' lang='grc' dir='ltr'><strong>σε</strong></span> <span class='ocrx_word' id='word_1_494' title='bbox 3458 3835 3739 3899; x_wconf 74' lang='lat' dir='ltr'><strong>aliorum</strong></span> 
     </span>
     <span class='ocr_line' id='line_1_73' title="bbox 1974 3931 2424 3973; baseline 0 0"><span class='ocrx_word' id='word_1_495' title='bbox 1974 3932 2013 3973; x_wconf 85' lang='grc' dir='ltr'><strong><em>υ</em></strong></span> <span class='ocrx_word' id='word_1_496' title='bbox 2048 3931 2424 3973; x_wconf 79' lang='lat' dir='ltr'><strong>urtmorum.</strong></span> 
     </span>
    </p>
   </div>
   <div class='ocr_carea' id='block_1_73' title="bbox 1974 3931 2424 3976">
    <p class='ocr_par' dir='ltr' id='par_1_73' title="bbox 1974 3931 2424 3976">
     <span class='ocr_line' id='line_1_74' title="bbox 1974 3931 2424 3976; baseline 0.007 -3"><span class='ocrx_word' id='word_1_497' title='bbox 1974 3931 2424 3976; x_wconf 80' lang='lat' dir='ltr'><strong>murtmorum.</strong></span> 
     </span>
    </p>
   </div>
   <div class='ocr_carea' id='block_1_74' title="bbox 863 4129 1778 4204">
    <p class='ocr_par' dir='ltr' id='par_1_74' title="bbox 863 4129 1778 4204">
     <span class='ocr_line' id='line_1_75' title="bbox 863 4129 1778 4204; baseline 0.002 -17"><span class='ocrx_word' id='word_1_498' title='bbox 863 4131 1198 4189; x_wconf 73' lang='lat' dir='ltr'><strong>EPISTULA</strong></span> <span class='ocrx_word' id='word_1_499' title='bbox 1235 4130 1397 4186; x_wconf 73' lang='lat' dir='ltr'><strong>CXIV</strong></span> <span class='ocrx_word' id='word_1_500' title='bbox 1437 4129 1598 4204; x_wconf 81' lang='lat' dir='ltr'><strong>[olim</strong></span> <span class='ocrx_word' id='word_1_501' title='bbox 1626 4130 1778 4204; x_wconf 64' lang='grc' dir='ltr'><strong>(ΖΙΧῆ</strong></span> 
     </span>
    </p>
   </div>
   <div class='ocr_carea' id='block_1_75' title="bbox 535 4221 2122 4292">
    <p class='ocr_par' dir='ltr' id='par_1_75' title="bbox 535 4221 2122 4292">
     <span class='ocr_line' id='line_1_76' title="bbox 535 4221 2122 4292; baseline 0.001 -14"><span class='ocrx_word' id='word_1_502' title='bbox 535 4224 846 4280; x_wconf 65' lang='lat' dir='ltr'><strong>(liminium</strong></span> <span class='ocrx_word' id='word_1_503' title='bbox 878 4223 1258 4276; x_wconf 77' lang='lat' dir='ltr'><strong>Turonensium</strong></span> <span class='ocrx_word' id='word_1_504' title='bbox 1286 4221 1670 4292; x_wconf 74' lang='lat' dir='ltr'><strong>archiepiscopo</strong></span> <span class='ocrx_word' id='word_1_505' title='bbox 1693 4221 1759 4278; x_wconf 82' lang='lat' dir='ltr'><strong>II.</strong></span> <span class='ocrx_word' id='word_1_506' title='bbox 1788 4223 1852 4278; x_wconf 82' lang='lat' dir='ltr'><strong>A.</strong></span> <span class='ocrx_word' id='word_1_507' title='bbox 1892 4223 2122 4279; x_wconf 71' lang='lat' dir='ltr'><strong>demntia</strong></span> 
     </span>
    </p>
   </div>
   <div class='ocr_carea' id='block_1_76' title="bbox 616 4291 2125 4363">
    <p class='ocr_par' dir='ltr' id='par_1_76' title="bbox 616 4291 2125 4363">
     <span class='ocr_line' id='line_1_77' title="bbox 616 4291 2125 4363; baseline 0 -13"><span class='ocrx_word' id='word_1_508' title='bbox 616 4306 661 4351; x_wconf 75' lang='lat' dir='ltr'><strong>et</strong></span> <span class='ocrx_word' id='word_1_509' title='bbox 706 4304 817 4348; x_wconf 83' lang='lat' dir='ltr'><strong>tota</strong></span> <span class='ocrx_word' id='word_1_510' title='bbox 861 4296 1190 4363; x_wconf 80' lang='lat' dir='ltr'><strong>congregatio</strong></span> <span class='ocrx_word' id='word_1_511' title='bbox 1246 4291 1616 4347; x_wconf 61' lang='lat' dir='ltr'><strong>canonicum&quot;:</strong></span> <span class='ocrx_word' id='word_1_512' title='bbox 1671 4291 1882 4349; x_wconf 75' lang='lat' dir='ltr'><strong>Sancta:</strong></span> <span class='ocrx_word' id='word_1_513' title='bbox 1934 4293 2125 4350; x_wconf 72' lang='lat' dir='ltr'><strong>Mai-ite</strong></span> 
     </span>
    </p>
   </div>
   <div class='ocr_carea' id='block_1_77' title="bbox 613 4362 2125 4445">
    <p class='ocr_par' dir='ltr' id='par_1_77' title="bbox 613 4362 2125 4445">
     <span class='ocr_line' id='line_1_78' title="bbox 613 4362 2125 4445; baseline -0.001 -24"><span class='ocrx_word' id='word_1_514' title='bbox 613 4362 1213 4445; x_wconf 56' lang='lat' dir='ltr'><strong>Ciu&#39;uoteusiuurprona</strong></span> <span class='ocrx_word' id='word_1_515' title='bbox 1250 4373 1407 4445; x_wconf 55' lang='lat' dir='ltr'><strong>(itque</strong></span> <span class='ocrx_word' id='word_1_516' title='bbox 1447 4362 1629 4418; x_wconf 74' lang='lat' dir='ltr'><strong>derum</strong></span> <span class='ocrx_word' id='word_1_517' title='bbox 1665 4364 1937 4433; x_wconf 77' lang='lat' dir='ltr'><strong>ﬁdelitatis</strong></span> <span class='ocrx_word' id='word_1_518' title='bbox 1977 4366 2125 4420; x_wconf 81' lang='lat' dir='ltr'><strong>obse-</strong></span> 
     </span>
    </p>
   </div>
   <div class='ocr_carea' id='block_1_78' title="bbox 644 4435 1492 4505">
    <p class='ocr_par' dir='ltr' id='par_1_78' title="bbox 644 4435 1492 4505">
     <span class='ocr_line' id='line_1_79' title="bbox 644 4435 1492 4505; baseline -0.002 -16"><span class='ocrx_word' id='word_1_519' title='bbox 644 4439 788 4490; x_wconf 83' lang='lat' dir='ltr'><strong>uium</strong></span> <span class='ocrx_word' id='word_1_520' title='bbox 818 4447 864 4490; x_wconf 83' lang='lat' dir='ltr'><strong>et</strong></span> <span class='ocrx_word' id='word_1_521' title='bbox 896 4435 1149 4489; x_wconf 75' lang='lat' dir='ltr'><strong>orationis</strong></span> <span class='ocrx_word' id='word_1_522' title='bbox 1175 4435 1492 4505; x_wconf 76' lang='lat' dir='ltr'><strong>stt/fragium</strong></span> 
     </span>
    </p>
   </div>
   <div class='ocr_carea' id='block_1_79' title="bbox 2230 4110 3825 4181">
    <p class='ocr_par' dir='ltr' id='par_1_79' title="bbox 2230 4110 3825 4181">
     <span class='ocr_line' id='line_1_80' title="bbox 2230 4110 3825 4181; baseline 0.001 -16"><span class='ocrx_word' id='word_1_523' title='bbox 2230 4120 2334 4175; x_wconf 87' lang='lat' dir='ltr'><strong>ret,</strong></span> <span class='ocrx_word' id='word_1_524' title='bbox 2360 4112 2426 4166; x_wconf 90' lang='lat' dir='ltr'><strong>de</strong></span> <span class='ocrx_word' id='word_1_525' title='bbox 2454 4125 2572 4181; x_wconf 76' lang='lat' dir='ltr'><strong>ipso</strong></span> <span class='ocrx_word' id='word_1_526' title='bbox 2606 4110 2799 4166; x_wconf 88' lang='lat' dir='ltr'><strong>itinere</strong></span> <span class='ocrx_word' id='word_1_527' title='bbox 2827 4111 3105 4166; x_wconf 84' lang='lat' dir='ltr'><strong>nobiscum</strong></span> <span class='ocrx_word' id='word_1_528' title='bbox 3136 4126 3325 4181; x_wconf 83' lang='lat' dir='ltr'><strong>agens,</strong></span> <span class='ocrx_word' id='word_1_529' title='bbox 3352 4112 3825 4180; x_wconf 82' lang='lat' dir='ltr'><strong>conquerentibns</strong></span> 
     </span>
    </p>
   </div>
   <div class='ocr_carea' id='block_1_80' title="bbox 2229 4203 3821 4275">
    <p class='ocr_par' dir='ltr' id='par_1_80' title="bbox 2229 4203 3821 4275">
     <span class='ocr_line' id='line_1_81' title="bbox 2229 4203 3821 4275; baseline -0.001 -17"><span class='ocrx_word' id='word_1_530' title='bbox 2229 4204 2385 4259; x_wconf 84' lang='lat' dir='ltr'><strong>nobis</strong></span> <span class='ocrx_word' id='word_1_531' title='bbox 2413 4211 2534 4274; x_wconf 89' lang='lat' dir='ltr'><strong>post</strong></span> <span class='ocrx_word' id='word_1_532' title='bbox 2561 4204 2871 4259; x_wconf 81' lang='lat' dir='ltr'><strong>abscessum</strong></span> <span class='ocrx_word' id='word_1_533' title='bbox 2899 4203 3015 4273; x_wconf 83' lang='lat' dir='ltr'><strong>ejus</strong></span> <span class='ocrx_word' id='word_1_534' title='bbox 3038 4205 3210 4258; x_wconf 83' lang='lat' dir='ltr'><strong>multa</strong></span> <span class='ocrx_word' id='word_1_535' title='bbox 3239 4220 3337 4259; x_wconf 89' lang='lat' dir='ltr'><strong>nos</strong></span> <span class='ocrx_word' id='word_1_536' title='bbox 3365 4220 3395 4258; x_wconf 90' lang='lat' dir='ltr'><strong>a</strong></span> <span class='ocrx_word' id='word_1_537' title='bbox 3443 4204 3691 4275; x_wconf 83' lang='lat' dir='ltr'><strong>pluribus</strong></span> <span class='ocrx_word' id='word_1_538' title='bbox 3719 4208 3821 4259; x_wconf 69' lang='lat' dir='ltr'><strong>atl-</strong></span> 
     </span>
    </p>
   </div>
   <div class='ocr_carea' id='block_1_81' title="bbox 2228 4296 3824 4370">
    <p class='ocr_par' dir='ltr' id='par_1_81' title="bbox 2228 4296 3824 4370">
     <span class='ocr_line' id='line_1_82' title="bbox 2228 4296 3824 4370; baseline 0.002 -20"><span class='ocrx_word' id='word_1_539' title='bbox 2228 4312 2385 4352; x_wconf 85' lang='lat' dir='ltr'><strong>vcrsa</strong></span> <span class='ocrx_word' id='word_1_540' title='bbox 2419 4312 2699 4368; x_wconf 83' lang='lat' dir='ltr'><strong>passuros,</strong></span> <span class='ocrx_word' id='word_1_541' title='bbox 2737 4306 2792 4351; x_wconf 86' lang='lat' dir='ltr'><strong>et</strong></span> <span class='ocrx_word' id='word_1_542' title='bbox 2842 4296 3162 4352; x_wconf 90' lang='lat' dir='ltr'><strong>nominatim</strong></span> <span class='ocrx_word' id='word_1_543' title='bbox 3208 4313 3238 4351; x_wconf 91' lang='lat' dir='ltr'><strong>a</strong></span> <span class='ocrx_word' id='word_1_544' title='bbox 3280 4297 3570 4352; x_wconf 81' lang='lat' dir='ltr'><strong>Fulcherio</strong></span> <span class='ocrx_word' id='word_1_545' title='bbox 3592 4299 3824 4370; x_wconf 84' lang='lat' dir='ltr'><strong>ejusque</strong></span> 
     </span>
    </p>
   </div>
   <div class='ocr_carea' id='block_1_82' title="bbox 2231 4388 3828 4458">
    <p class='ocr_par' dir='ltr' id='par_1_82' title="bbox 2231 4388 3828 4458">
     <span class='ocr_line' id='line_1_83' title="bbox 2231 4388 3828 4458; baseline 0 -15"><span class='ocrx_word' id='word_1_546' title='bbox 2231 4388 2507 4458; x_wconf 88' lang='lat' dir='ltr'><strong>nepotulo,</strong></span> <span class='ocrx_word' id='word_1_547' title='bbox 2535 4402 2755 4442; x_wconf 87' lang='lat' dir='ltr'><strong>suormn</strong></span> <span class='ocrx_word' id='word_1_548' title='bbox 2779 4402 2996 4458; x_wconf 84' lang='lat' dir='ltr'><strong>quoque</strong></span> <span class='ocrx_word' id='word_1_549' title='bbox 3028 4388 3315 4457; x_wconf 82' lang='lat' dir='ltr'><strong>manipulis</strong></span> <span class='ocrx_word' id='word_1_550' title='bbox 3338 4389 3541 4452; x_wconf 77' lang='lat' dir='ltr'><strong>furum,</strong></span> <span class='ocrx_word' id='word_1_551' title='bbox 3568 4389 3658 4442; x_wconf 86' lang='lat' dir='ltr'><strong>ille</strong></span> <span class='ocrx_word' id='word_1_552' title='bbox 3686 4404 3828 4445; x_wconf 72' lang='lat' dir='ltr'><strong>con~</strong></span> 
     </span>
    </p>
   </div>
   <div class='ocr_carea' id='block_1_83' title="bbox 2231 4478 3820 4550">
    <p class='ocr_par' dir='ltr' id='par_1_83' title="bbox 2231 4478 3820 4550">
     <span class='ocr_line' id='line_1_84' title="bbox 2231 4478 3820 4550; baseline -0.001 -15"><span class='ocrx_word' id='word_1_553' title='bbox 2231 4478 2932 4543; x_wconf 84' lang='lat' dir='ltr'><strong>stanteretconfortatorie,</strong></span> <span class='ocrx_word' id='word_1_554' title='bbox 2955 4488 3012 4532; x_wconf 91' lang='lat' dir='ltr'><strong>ut</strong></span> <span class='ocrx_word' id='word_1_555' title='bbox 3031 4478 3257 4544; x_wconf 89' lang='lat' dir='ltr'><strong>solet,in</strong></span> <span class='ocrx_word' id='word_1_556' title='bbox 3278 4479 3478 4533; x_wconf 87' lang='lat' dir='ltr'><strong>talibus</strong></span> <span class='ocrx_word' id='word_1_557' title='bbox 3502 4480 3820 4550; x_wconf 61' lang='lat' dir='ltr'><strong>respondit;</strong></span> 
     </span>
    </p>
   </div>
   <div class='ocr_carea' id='block_1_84' title="bbox 552 4544 2116 4642">
    <p class='ocr_par' dir='ltr' id='par_1_84' title="bbox 552 4544 2116 4619">
     <span class='ocr_line' id='line_1_85' title="bbox 552 4544 2116 4619; baseline -0.001 -17"><span class='ocrx_word' id='word_1_558' title='bbox 552 4595 557 4602; x_wconf 91' lang='lat'><strong>.</strong></span> <span class='ocrx_word' id='word_1_559' title='bbox 608 4548 790 4619; x_wconf 67' lang='lat' dir='ltr'><strong>Nuper</strong></span> <span class='ocrx_word' id='word_1_560' title='bbox 827 4555 1114 4617; x_wconf 88' lang='lat' dir='ltr'><strong>antequam</strong></span> <span class='ocrx_word' id='word_1_561' title='bbox 1164 4544 1469 4599; x_wconf 82' lang='lat' dir='ltr'><strong>Romanum</strong></span> <span class='ocrx_word' id='word_1_562' title='bbox 1521 4545 1626 4600; x_wconf 88' lang='lat' dir='ltr'><strong>iter</strong></span> <span class='ocrx_word' id='word_1_563' title='bbox 1659 4562 1820 4618; x_wconf 88' lang='lat' dir='ltr'><strong>agere</strong></span> <span class='ocrx_word' id='word_1_564' title='bbox 1870 4546 2116 4618; x_wconf 68' lang='lat' dir='ltr'><strong>coepisset</strong></span> 
     </span>
    </p>
   </div>
   <div class='ocr_carea' id='block_1_85' title="bbox 2223 4544 3819 4642">
    <p class='ocr_par' dir='ltr' id='par_1_85' title="bbox 2230 4571 3819 4642">
     <span class='ocr_line' id='line_1_86' title="bbox 2230 4571 3819 4642; baseline -0.001 -16"><span class='ocrx_word' id='word_1_565' title='bbox 2230 4571 2493 4626; x_wconf 83' lang='lat' dir='ltr'><strong>Malorum</strong></span> <span class='ocrx_word' id='word_1_566' title='bbox 2552 4572 2776 4642; x_wconf 85' lang='lat' dir='ltr'><strong>injurias</strong></span> <span class='ocrx_word' id='word_1_567' title='bbox 2826 4572 2953 4625; x_wconf 82' lang='lat' dir='ltr'><strong>boni</strong></span> <span class='ocrx_word' id='word_1_568' title='bbox 2991 4573 3369 4642; x_wconf 68' lang='lat' dir='ltr'><strong>mquanimiler</strong></span> <span class='ocrx_word' id='word_1_569' title='bbox 3414 4571 3557 4627; x_wconf 73' lang='lat' dir='ltr'><strong>ferre</strong></span> <span class='ocrx_word' id='word_1_570' title='bbox 3596 4573 3819 4627; x_wconf 66' lang='lat' dir='ltr'><strong>debent.</strong></span> 
     </span>
    </p>
   </div>
   <div class='ocr_carea' id='block_1_86' title="bbox 537 4638 2126 4713">
    <p class='ocr_par' dir='ltr' id='par_1_86' title="bbox 537 4638 2126 4713">
     <span class='ocr_line' id='line_1_87' title="bbox 537 4638 2126 4713; baseline 0 -17"><span class='ocrx_word' id='word_1_571' title='bbox 537 4642 891 4697; x_wconf 79' lang='lat' dir='ltr'><strong>beatissimus</strong></span> <span class='ocrx_word' id='word_1_572' title='bbox 925 4639 1088 4694; x_wconf 85' lang='lat' dir='ltr'><strong>Pater</strong></span> <span class='ocrx_word' id='word_1_573' title='bbox 1135 4649 1317 4694; x_wconf 81' lang='lat' dir='ltr'><strong>noster</strong></span> <span class='ocrx_word' id='word_1_574' title='bbox 1373 4638 1657 4694; x_wconf 85' lang='lat' dir='ltr'><strong>Fulbertus</strong></span> <span class='ocrx_word' id='word_1_575' title='bbox 1692 4640 1802 4713; x_wconf 73' lang='grc'><strong>(49)</strong></span> <span class='ocrx_word' id='word_1_576' title='bbox 1841 4641 2126 4711; x_wconf 84' lang='lat' dir='ltr'><strong>episcopus</strong></span> 
     </span>
    </p>
   </div>
   <div class='ocr_carea' id='block_1_87' title="bbox 540 4731 2126 4803">
    <p class='ocr_par' dir='ltr' id='par_1_87' title="bbox 540 4731 2126 4803">
     <span class='ocr_line' id='line_1_88' title="bbox 540 4731 2126 4803; baseline -0.001 -17"><span class='ocrx_word' id='word_1_577' title='bbox 540 4746 745 4803; x_wconf 77' lang='lat' dir='ltr'><strong>vestro,</strong></span> <span class='ocrx_word' id='word_1_578' title='bbox 776 4746 833 4789; x_wconf 84' lang='lat' dir='ltr'><strong>ut.</strong></span> <span class='ocrx_word' id='word_1_579' title='bbox 864 4734 1034 4799; x_wconf 88' lang='lat' dir='ltr'><strong>scitis,</strong></span> <span class='ocrx_word' id='word_1_580' title='bbox 1062 4732 1204 4789; x_wconf 87' lang='lat' dir='ltr'><strong>dulci</strong></span> <span class='ocrx_word' id='word_1_581' title='bbox 1250 4748 1377 4787; x_wconf 84' lang='lat' dir='ltr'><strong>usus</strong></span> <span class='ocrx_word' id='word_1_582' title='bbox 1407 4740 1492 4788; x_wconf 90' lang='lat' dir='ltr'><strong>est</strong></span> <span class='ocrx_word' id='word_1_583' title='bbox 1536 4731 1826 4803; x_wconf 76' lang='lat' dir='ltr'><strong>colloquio.</strong></span> <span class='ocrx_word' id='word_1_584' title='bbox 1860 4731 2013 4787; x_wconf 84' lang='lat' dir='ltr'><strong>Unde</strong></span> <span class='ocrx_word' id='word_1_585' title='bbox 2040 4748 2126 4786; x_wconf 88' lang='lat' dir='ltr'><strong>re-</strong></span> 
     </span>
    </p>
   </div>
   <div class='ocr_carea' id='block_1_88' title="bbox 538 4814 2107 4885">
    <p class='ocr_par' dir='ltr' id='par_1_88' title="bbox 538 4814 2107 4885">
     <span class='ocr_line' id='line_1_89' title="bbox 538 4814 2107 4885; baseline -0.001 -5"><span class='ocrx_word' id='word_1_586' title='bbox 538 4840 730 4885; x_wconf 73' lang='lat' dir='ltr'><strong>versus</strong></span> <span class='ocrx_word' id='word_1_587' title='bbox 760 4814 886 4883; x_wconf 82' lang='lat' dir='ltr'><strong>dum</strong></span> <span class='ocrx_word' id='word_1_588' title='bbox 915 4827 1148 4881; x_wconf 74' lang='lat' dir='ltr'><strong>ouadam</strong></span> <span class='ocrx_word' id='word_1_589' title='bbox 1180 4826 1268 4882; x_wconf 82' lang='lat' dir='ltr'><strong>die</strong></span> <span class='ocrx_word' id='word_1_590' title='bbox 1295 4825 1348 4880; x_wconf 90' lang='lat' dir='ltr'><strong>in</strong></span> <span class='ocrx_word' id='word_1_591' title='bbox 1382 4835 1656 4881; x_wconf 88' lang='lat' dir='ltr'><strong>conventu</strong></span> <span class='ocrx_word' id='word_1_592' title='bbox 1702 4832 1887 4880; x_wconf 89' lang='lat' dir='ltr'><strong>nostro</strong></span> <span class='ocrx_word' id='word_1_593' title='bbox 1924 4824 2107 4880; x_wconf 86' lang='lat' dir='ltr'><strong>reside</strong></span> 
     </span>
    </p>
   </div>
   <div class='ocr_carea' id='block_1_89' title="bbox 613 5003 2124 5079">
    <p class='ocr_par' dir='ltr' id='par_1_89' title="bbox 613 5003 2124 5079">
     <span class='ocr_line' id='line_1_90' title="bbox 613 5003 2124 5079; baseline -0.004 -20"><span class='ocrx_word' id='word_1_594' title='bbox 613 5005 724 5079; x_wconf 64' lang='lat'><strong>(49)</strong></span> <span class='ocrx_word' id='word_1_595' title='bbox 766 5004 1080 5079; x_wconf 76' lang='lat' dir='ltr'><strong>Fulbertum</strong></span> <span class='ocrx_word' id='word_1_596' title='bbox 1129 5004 1355 5079; x_wconf 71' lang='lat' dir='ltr'><strong>Bomam</strong></span> <span class='ocrx_word' id='word_1_597' title='bbox 1413 5018 1534 5058; x_wconf 91' lang='lat' dir='ltr'><strong>cum</strong></span> <span class='ocrx_word' id='word_1_598' title='bbox 1565 5003 1812 5079; x_wconf 67' lang='lat' dir='ltr'><strong>Deberto</strong></span> <span class='ocrx_word' id='word_1_599' title='bbox 1854 5014 1980 5072; x_wconf 85' lang='lat' dir='ltr'><strong>rege</strong></span> <span class='ocrx_word' id='word_1_600' title='bbox 2032 5015 2124 5079; x_wconf 79' lang='lat' dir='ltr'><strong>pe-</strong></span> 
     </span>
    </p>
   </div>
   <div class='ocr_carea' id='block_1_90' title="bbox 537 5072 2123 5145">
    <p class='ocr_par' dir='ltr' id='par_1_90' title="bbox 537 5072 2123 5145">
     <span class='ocr_line' id='line_1_91' title="bbox 537 5072 2123 5145; baseline -0.004 -15"><span class='ocrx_word' id='word_1_601' title='bbox 537 5072 1190 5145; x_wconf 35' lang='lat' dir='ltr'><strong>tiis’sc’peregrinationis</strong></span> <span class='ocrx_word' id='word_1_602' title='bbox 1238 5090 1402 5145; x_wconf 81' lang='lat' dir='ltr'><strong>causa</strong></span> <span class='ocrx_word' id='word_1_603' title='bbox 1439 5074 1710 5145; x_wconf 79' lang='lat' dir='ltr'><strong>suspicor.</strong></span> <span class='ocrx_word' id='word_1_604' title='bbox 1768 5072 1893 5145; x_wconf 51' lang='lat' dir='ltr'><strong>Rea;</strong></span> <span class='ocrx_word' id='word_1_605' title='bbox 1933 5073 2123 5125; x_wconf 82' lang='lat' dir='ltr'><strong>etenim</strong></span> 
     </span>
    </p>
   </div>
   <div class='ocr_carea' id='block_1_91' title="bbox 535 5141 2129 5230">
    <p class='ocr_par' dir='ltr' id='par_1_91' title="bbox 535 5141 2129 5230">
     <span class='ocr_line' id='line_1_92' title="bbox 535 5141 2129 5230; baseline -0.005 -29"><span class='ocrx_word' id='word_1_606' title='bbox 535 5141 814 5230; x_wconf 60' lang='grc' dir='ltr'><strong>ςξοὺενιὶιε,</strong></span> <span class='ocrx_word' id='word_1_607' title='bbox 848 5141 1274 5230; x_wconf 33' lang='grc' dir='ltr'><strong>ἰῇιιιιίιηρξιυιιιε</strong></span> <span class='ocrx_word' id='word_1_608' title='bbox 1323 5141 1604 5230; x_wconf 33' lang='lat' dir='ltr'><strong>AzZ-inibit)</strong></span> <span class='ocrx_word' id='word_1_609' title='bbox 1640 5143 1785 5224; x_wconf 81' lang='lat' dir='ltr'><strong>illius</strong></span> <span class='ocrx_word' id='word_1_610' title='bbox 1837 5141 2129 5230; x_wconf 37' lang='lat' dir='ltr'><strong>Vitancu’nt</strong></span> 
     </span>
    </p>
   </div>
   <div class='ocr_carea' id='block_1_92' title="bbox 2231 4663 3824 4734">
    <p class='ocr_par' dir='ltr' id='par_1_92' title="bbox 2231 4663 3824 4734">
     <span class='ocr_line' id='line_1_93' title="bbox 2231 4663 3824 4734; baseline -0.001 -14"><span class='ocrx_word' id='word_1_611' title='bbox 2231 4663 2301 4720; x_wconf 84' lang='lat' dir='ltr'><strong>Ut</strong></span> <span class='ocrx_word' id='word_1_612' title='bbox 2322 4664 2467 4719; x_wconf 90' lang='lat' dir='ltr'><strong>enim</strong></span> <span class='ocrx_word' id='word_1_613' title='bbox 2509 4664 2608 4734; x_wconf 82' lang='lat' dir='ltr'><strong>ipsi</strong></span> <span class='ocrx_word' id='word_1_614' title='bbox 2648 4663 2824 4733; x_wconf 86' lang='lat' dir='ltr'><strong>legitis</strong></span> <span class='ocrx_word' id='word_1_615' title='bbox 2866 4663 2918 4717; x_wconf 91' lang='lat' dir='ltr'><strong>in</strong></span> <span class='ocrx_word' id='word_1_616' title='bbox 2954 4663 3187 4733; x_wconf 85' lang='lat' dir='ltr'><strong>quadam</strong></span> <span class='ocrx_word' id='word_1_617' title='bbox 3238 4663 3456 4718; x_wconf 83' lang='lat' dir='ltr'><strong>humilia</strong></span> <span class='ocrx_word' id='word_1_618' title='bbox 3488 4663 3631 4719; x_wconf 80' lang='lat' dir='ltr'><strong>beati</strong></span> <span class='ocrx_word' id='word_1_619' title='bbox 3668 4679 3824 4734; x_wconf 55' lang='lat' dir='ltr'><strong>papa</strong></span> 
     </span>
    </p>
   </div>
   <div class='ocr_carea' id='block_1_93' title="bbox 2227 4753 3821 4826">
    <p class='ocr_par' dir='ltr' id='par_1_93' title="bbox 2227 4753 3821 4826">
     <span class='ocr_line' id='line_1_94' title="bbox 2227 4753 3821 4826; baseline -0.001 -15"><span class='ocrx_word' id='word_1_620' title='bbox 2227 4756 2672 4826; x_wconf 73' lang='lat' dir='ltr'><strong>Gregorii,bontts</strong></span> <span class='ocrx_word' id='word_1_621' title='bbox 2700 4771 2803 4809; x_wconf 79' lang='lat' dir='ltr'><strong>non</strong></span> <span class='ocrx_word' id='word_1_622' title='bbox 2824 4754 2947 4825; x_wconf 79' lang='lat' dir='ltr'><strong>fuit,</strong></span> <span class='ocrx_word' id='word_1_623' title='bbox 2970 4756 3206 4826; x_wconf 79' lang='lat' dir='ltr'><strong>quisquis</strong></span> <span class='ocrx_word' id='word_1_624' title='bbox 3231 4755 3398 4808; x_wconf 76' lang='lat' dir='ltr'><strong>malos</strong></span> <span class='ocrx_word' id='word_1_625' title='bbox 3426 4770 3533 4807; x_wconf 74' lang='lat' dir='ltr'><strong>non</strong></span> <span class='ocrx_word' id='word_1_626' title='bbox 3556 4753 3821 4809; x_wconf 63' lang='lat' dir='ltr'><strong>toleravit.</strong></span> 
     </span>
    </p>
   </div>
   <div class='ocr_carea' id='block_1_94' title="bbox 2296 4839 3820 4917">
    <p class='ocr_par' dir='ltr' id='par_1_94' title="bbox 2296 4839 3820 4917">
     <span class='ocr_line' id='line_1_95' title="bbox 2296 4839 3820 4917; baseline -0.002 -16"><span class='ocrx_word' id='word_1_627' title='bbox 2296 4839 2509 4917; x_wconf 41' lang='lat' dir='ltr'><strong>&#39;Atljecit</strong></span> <span class='ocrx_word' id='word_1_628' title='bbox 2553 4854 2817 4917; x_wconf 73' lang='lat' dir='ltr'><strong>praeterea</strong></span> <span class='ocrx_word' id='word_1_629' title='bbox 2861 4862 2918 4902; x_wconf 88' lang='lat' dir='ltr'><strong>se</strong></span> <span class='ocrx_word' id='word_1_630' title='bbox 2965 4847 3118 4900; x_wconf 82' lang='lat' dir='ltr'><strong>vobis</strong></span> <span class='ocrx_word' id='word_1_631' title='bbox 3162 4847 3287 4899; x_wconf 82' lang='lat' dir='ltr'><strong>inde</strong></span> <span class='ocrx_word' id='word_1_632' title='bbox 3336 4846 3505 4900; x_wconf 68' lang='lat' dir='ltr'><strong>fuisse</strong></span> <span class='ocrx_word' id='word_1_633' title='bbox 3550 4845 3820 4907; x_wconf 82' lang='lat' dir='ltr'><strong>locutum,</strong></span> 
     </span>
    </p>
   </div>
   <div class='ocr_carea' id='block_1_95' title="bbox 2232 5001 3821 5071">
    <p class='ocr_par' dir='ltr' id='par_1_95' title="bbox 2232 5001 3821 5071">
     <span class='ocr_line' id='line_1_96' title="bbox 2232 5001 3821 5071; baseline -0.001 -16"><span class='ocrx_word' id='word_1_634' title='bbox 2232 5011 2355 5055; x_wconf 78' lang='lat' dir='ltr'><strong>tam</strong></span> <span class='ocrx_word' id='word_1_635' title='bbox 2379 5017 2619 5055; x_wconf 65' lang='lat' dir='ltr'><strong>temtatus.</strong></span> <span class='ocrx_word' id='word_1_636' title='bbox 2654 5002 2978 5071; x_wconf 52' lang='lat' dir='ltr'><strong>Antiphanes</strong></span> <span class='ocrx_word' id='word_1_637' title='bbox 3004 5016 3258 5071; x_wconf 80' lang='lat' dir='ltr'><strong>sacraque</strong></span> <span class='ocrx_word' id='word_1_638' title='bbox 3294 5015 3541 5069; x_wconf 69' lang='lat' dir='ltr'><strong>responsa</strong></span> <span class='ocrx_word' id='word_1_639' title='bbox 3574 5001 3821 5071; x_wconf 62' lang='grc' dir='ltr'><strong>σιω-ἀπα</strong></span> 
     </span>
    </p>
   </div>
   <div class='ocr_carea' id='block_1_96' title="bbox 2230 5068 3821 5141">
    <p class='ocr_par' dir='ltr' id='par_1_96' title="bbox 2230 5068 3821 5141">
     <span class='ocr_line' id='line_1_97' title="bbox 2230 5068 3821 5141; baseline -0.002 -15"><span class='ocrx_word' id='word_1_640' title='bbox 2230 5073 2415 5133; x_wconf 76' lang='lat' dir='ltr'><strong>edidit,</strong></span> <span class='ocrx_word' id='word_1_641' title='bbox 2427 5071 2638 5141; x_wconf 84' lang='lat' dir='ltr'><strong>judicio</strong></span> <span class='ocrx_word' id='word_1_642' title='bbox 2674 5068 2920 5124; x_wconf 63' lang='lat' dir='ltr'><strong>(fecit-sitv</strong></span> <span class='ocrx_word' id='word_1_643' title='bbox 2945 5068 3200 5126; x_wconf 65' lang='lat' dir='ltr'><strong>universa?</strong></span> <span class='ocrx_word' id='word_1_644' title='bbox 3225 5068 3443 5139; x_wconf 80' lang='lat' dir='ltr'><strong>probata</strong></span> <span class='ocrx_word' id='word_1_645' title='bbox 3471 5068 3780 5141; x_wconf 71' lang='lat' dir='ltr'><strong>receptaque</strong></span> <span class='ocrx_word' id='word_1_646' title='bbox 3804 5090 3821 5133; x_wconf 65' lang='grc' dir='ltr'><strong><em>ς</em></strong></span> 
     </span>
    </p>
   </div>
   <div class='ocr_carea' id='block_1_97' title="bbox 2233 5141 3819 5230">
    <p class='ocr_par' dir='ltr' id='par_1_97' title="bbox 2233 5141 3819 5230">
     <span class='ocr_line' id='line_1_98' title="bbox 2233 5141 3819 5230; baseline -0.001 -35"><span class='ocrx_word' id='word_1_647' title='bbox 2233 5142 2511 5230; x_wconf 46' lang='lat' dir='ltr'><strong>ejusmodi&quot;</strong></span> <span class='ocrx_word' id='word_1_648' title='bbox 2539 5154 2660 5230; x_wconf 36' lang='lat' dir='ltr'><strong>sujnt</strong></span> <span class='ocrx_word' id='word_1_649' title='bbox 2690 5157 2708 5195; x_wconf 90' lang='lat'><strong><em>:</em></strong></span> <span class='ocrx_word' id='word_1_650' title='bbox 2749 5142 3285 5222; x_wconf 83' lang='lat' dir='ltr'><strong>Saucti_Spiritus,0</strong></span> <span class='ocrx_word' id='word_1_651' title='bbox 3314 5141 3635 5230; x_wconf 67' lang='lat' dir='ltr'><strong>Constantia</strong></span> <span class='ocrx_word' id='word_1_652' title='bbox 3670 5157 3819 5196; x_wconf 87' lang='lat' dir='ltr'><strong>mar-</strong></span> 
     </span>
    </p>
   </div>
  </div>
