3974 5374
181 316 287 373 ςρε
1628 268 2004 342 musaeum.
2070 250 2097 258 ’ί
3346 262 3450 320 ses

189 440 285 482 vos
314 420 484 477 etiam
516 414 591 472 illi
624 420 677 468 et
705 408 860 466 nobis
885 405 1164 479 prodesse,
1194 403 1259 458 de
1302 400 1431 471 ipsis
1468 396 1778 454 malefacto-
1806 405 1861 463 Α
1885 400 1984 448 hoc
2035 391 2172 447 bene
2224 402 2288 445 ac
2326 386 2601 458 sapienter
2643 384 2790 443 facto
2836 381 3062 440 nimium
3093 379 3449 482 gratulatum.

190 471 692 577 iibusadjutorium
714 471 1043 572 promisisse.
1068 493 1219 562 Quod
1237 492 1282 546 si
1306 489 1598 546 necessitas
1618 501 1779 556 urge-
1879 482 2031 551 Quod
2060 482 2105 537 si
2134 495 2239 535 non
2268 493 2508 544 oramus,
2534 476 2727 533 saltem
2755 483 3145 577 nos-exspecta
3184 471 3457 577 supplices

192 616 293 670 ret,
325 598 590 676 praecepit
615 595 794 651 statim
817 598 1009 646 vestra:
1042 578 1385 676 paternitatis
1408 580 1656 676 solatium
1682 592 1780 676 nos

194 666 363 751 adire.
387 666 545 759 Quod
570 701 712 742 nunc
733 683 985 744 facimus,
1008 674 1387 748 potentissime
1414 671 1593 735 Pater,
1616 666 1782 759 variis

196 782 335 854 pulsi
379 752 839 834 tribulationibus.
875 767 1007 823 Nam
1058 772 1118 818 ut
1162 761 1299 816 alias
1341 759 1675 820 omittamus,
1707 752 1783 808 illi

199 867 674 932 analhematizati,
694 877 921 936 quorum
944 872 1104 929 supra
1122 854 1486 916 meminimus,
1501 859 1785 921 postquam

199 961 594 1018 dilectissimus
622 964 775 1028 pater
802 960 986 1007 noster
1016 948 1158 1001 viam
1203 960 1357 1000 suam
1391 941 1582 1004 tenuit,
1613 951 1789 997 terras

202 1064 419 1110 nostras
441 1065 567 1121 qua:
600 1027 728 1102 sunt
771 1043 824 1098 in
868 1038 1192 1102 ministerio,
1244 1034 1437 1090 Heruci
1469 1043 1523 1089 et
1555 1027 1788 1097 Tetoldi,

203 1144 354 1217 quasi
381 1141 495 1211 lupi
517 1136 699 1192 caulas
717 1134 897 1189 ovium
914 1130 1295 1198 irrumpentes,
1320 1124 1476 1179 nobis
1496 1122 1790 1177 immeren-

205 1237 347 1289 tibus
375 1230 608 1304 prabdati
633 1235 775 1282 sunt.
804 1223 988 1292 Neque
1017 1221 1179 1275 etiam
1208 1217 1408 1273 rabidis
1433 1230 1621 1270 eorum
1651 1228 1791 1268 mor-

207 1328 359 1385 sibus
405 1326 593 1382 ovium
632 1322 828 1378 damna
876 1315 1234 1381 suffecerunt;
1288 1314 1396 1368 imo
1440 1327 1570 1366 vero
1606 1310 1673 1364 ad
1704 1310 1796 1366 de-

207 1416 533 1472 vastandam
556 1410 841 1483 quamdam
870 1407 1107 1478 pastoris
1134 1404 1301 1479 ipsius
1327 1408 1647 1474 potestatem
1675 1413 1796 1468 qua:

211 1508 413 1563 dicitur
451 1499 803 1570 Ermenulphi
834 1496 981 1562 villa,
1023 1510 1082 1552 se
1109 1500 1514 1550 converterunt.
1565 1487 1799 1544 Proinde

215 1611 473 1666 rogamus
505 1608 623 1659 vos,
663 1588 965 1660 iustissime
994 1586 1176 1651 Pater,
1224 1593 1283 1637 ut
1317 1590 1538 1653 propter
1559 1592 1800 1634 amorem

214 1696 421 1741 sanctae
465 1694 782 1740 sanctarum
832 1679 1071 1735 Dominae
1123 1685 1345 1741 nostrae,
1396 1674 1484 1731 cui
1537 1672 1802 1729 servimus

1882 586 2002 630 tuos
2054 589 2069 627 :
2125 572 2271 627 illum
2345 584 2621 626 reversum
2668 583 2831 639 super
2870 566 2974 622 hoc
3017 564 3321 620 consultum
3375 563 3460 620 ire

1883 665 2169 728 debentes,
2227 678 2257 716 a
2311 661 2466 732 cujus
2513 669 2643 714 nutu
2688 658 2923 729 pendent
2974 664 3163 711 nostra
3208 653 3459 720 consilia,

1885 767 2059 821 neque
2111 750 2327 805 interim
2372 749 2538 804 ullum
2588 748 2935 802 interdictum
2998 742 3168 799 facias
3216 743 3463 800 ecclesiis

1885 841 2107 896 nostris.
2132 841 2275 895 Bene
2306 839 2515 912 agendo
2540 838 2742 903 valeas,
2769 837 2835 892 de
2859 835 3101 895 sacrario
3127 834 3201 890 tui
3230 834 3466 905 pectoris
3546 878 3553 884 .

1888 933 2017 1004 quid
2044 922 2250 987 oraculi
2286 946 2447 1002 super
2482 931 2599 986 haec
2640 928 2954 999 egrediatur
2981 926 3137 982 nobis
3167 926 3468 982 rescribere

1891 1042 1957 1082 ne
1987 1025 2251 1098 graveris,
2281 1025 2478 1079 iterum
2504 1023 2807 1092 iterumque
2828 1035 2894 1076 ac
2928 1034 3080 1088 semp
3100 1035 3140 1074 τ
3169 1018 3372 1074 valeas.

2221 1134 2551 1191 EPISTOLA
2591 1133 2752 1190 cxvr
2792 1133 2939 1206 [olim
2973 1132 3134 1205 CXL]

1893 1229 2106 1284 Amicus
2125 1227 2295 1282 amico
2326 1226 2690 1282 HILDEGABIUS
2723 1224 3001 1280 Stctrtuoo
3034 1224 3193 1278 totius
3220 1221 3343 1277 boni
3358 1222 3476 1291 suf~

2394 1297 2679 1365 ﬁcientiam
2704 1308 2970 1366 precatur.
3204 1320 3207 1323 π

1967 1387 2104 1441 Dum
2131 1386 2271 1456 apud
2302 1400 2399 1441 nos
2425 1387 2736 1450 morareris,
2753 1458 2758 1462 ‘
2776 1386 2919 1440 inter
2946 1385 3151 1455 primos
3176 1398 3473 1441 amicorum

1900 1492 2147 1533 meorum
2170 1478 2407 1543 habitus,
2433 1476 2561 1547 qttid
2582 1476 2712 1531 mihi
2737 1477 2844 1531 tuis
2863 1475 3137 1547 obsequiis
3157 1476 3480 1545 plerumth

1901 1566 2081 1623 dedito
2106 1566 2378 1638 pollicitus
2421 1567 2519 1633 sis,
2569 1580 2866 1621 memorem
2913 1575 2965 1622 te
2993 1580 3114 1621 esse
3166 1576 3318 1635 puto.
3363 1563 3482 1635 Ipse

1904 1663 2085 1711 tamen
2128 1655 2245 1727 ejus
2276 1657 2353 1711 rei
2395 1666 2448 1711 te
2483 1655 2999 1721 eommonefacieus,
3043 1671 3173 1727 rogo
3203 1665 3263 1710 ut
3291 1669 3484 1710 secun-

217 1776 344 1831 licet
373 1775 606 1845 indigni,
636 1771 804 1841 ipsius
826 1784 1042 1840 quoque
1062 1763 1396 1822 dilectissimi
1422 1761 1605 1827 vestri,
1632 1761 1724 1831 qui
1752 1760 1807 1815 in
1839 1747 1884 1808 Β
1911 1748 2039 1845 ἀξίω
2080 1747 2499 1845 promissionem
2547 1755 2690 1803 tuam
2735 1747 2920 1802 ῐηὶῑιιιε
2944 1761 3144 1845 equum
3186 1746 3488 1845 δηιξὶιιιειίο·

217 1868 372 1923 vobis
401 1866 693 1938 plurimum
720 1860 964 1925 conlidit,
994 1867 1050 1914 et
1079 1873 1178 1912 nos
1202 1856 1390 1911 abiens
1409 1861 1594 1909 vestro
1623 1862 1806 1922 patro-

220 1956 363 2011 cinio
412 1951 708 2014 commisit,
747 1949 985 2019 praedam
1019 1960 1174 2001 suam
1214 1951 1269 1998 et
1296 1953 1536 1996 nostram
1583 1939 1808 1994 reddere

221 2046 463 2110 faciatis,
507 2059 630 2100 cum
678 2051 875 2113 nepote
922 2047 1107 2094 vestro
1132 2032 1432 2093 Gaudfrido
1484 2046 1811 2104 magnOpere

221 2138 550 2209 satagendo,
593 2143 862 2206 quatenus
903 2131 1005 2202 ipsi
1047 2129 1157 2200 lupi
1203 2142 1291 2183 res
1329 2124 1530 2181 domini
1569 2122 1813 2195 praesulis

222 2237 280 2285 et
296 2218 517 2284 nostras
533 2227 788 2295 deinceps
810 2238 917 2280 non
939 2220 1216 2292 diripiant,
1238 2216 1322 2274 vel
1346 2216 1516 2270 donec
1538 2221 1815 2269 annuente

227 2318 340 2375 Deo
389 2321 506 2390 ipse
550 2318 758 2373 redeat.
805 2313 994 2369 Valete
1048 2322 1105 2368 et
1130 2326 1228 2367 vos
1269 2308 1541 2380 supplices
1581 2315 1816 2371 vestros,

228 2411 498 2481 quidquid
542 2410 609 2465 de
647 2409 714 2465 iis
747 2405 995 2480 egeritis.
1036 2402 1342 2459 mandando
1385 2398 1590 2454 rescire
1629 2397 1819 2470 digna-

233 2501 396 2557 mini.

592 2627 927 2687 EPISTOLA
963 2626 1100 2683 cxv
1141 2620 1300 2699 [olim
1336 2623 1479 2696 cxi.

830 2722 1011 2792 (Anno
1050 2717 1234 2787 toea.)
1300 2727 1306 2732 ·

246 2806 548 2871 Venerabili
577 2812 714 2866 Lex.
756 2823 899 2881 perit.
931 2812 1097 2864 liena.
1131 2822 1371 2881 congreg.
1399 2822 1587 2881 canori.
1616 2812 1825 2881 educite

313 2885 508 3025 floride
537 2875 766 2940 Cernat;
787 2880 1072 2953 plurimum
1110 2875 1391 2935 satrére'et
1424 2879 1677 2932 orationis
1713 2875 1826 2945 suf-

338 2973 513 3025 ragta.

338 2973 513 3026 ragta.

311 3046 502 3112 Iubes,
516 3044 719 3115 inclyte
737 3036 954 3113 praesul,
970 3057 1068 3099 nos
1084 3043 1216 3098 dare
1244 3040 1338 3096 tibi
1366 3038 1611 3096 circadas
1632 3037 1742 3110 (54)
1761 3039 1828 3093 de

1908 1838 2073 1904 rium,
2104 1838 2321 1910 qualem
2352 1848 2402 1893 te
2430 1839 2584 1904 dare,
2620 1854 2719 1894 nos
2747 1854 2963 1909 quoque
2989 1836 3233 1909 recipere
3256 1837 3484 1892 deceat:

1909 1941 2034 1982 cum
2072 1927 2177 1983 illis
2203 1929 2454 2000 equidem
2483 1928 2660 1985 sentio
2682 1928 2776 2000 qui
2798 1928 3093 1983 amicitiam
3123 1942 3228 1983 non
3269 1935 3493 1999 propter

1912 2036 1973 2077 se
2001 2028 2230 2086 tantum,
2276 2023 2370 2076 sed
2399 2031 2454 2076 et
2498 2030 2719 2094 propter
2764 2020 3054 2077 utilitatem
3104 2031 3331 2077 censent
3371 2033 3495 2077 esse

1913 2115 2288 2186 expetendam.
2351 2116 2449 2170 Diu
2506 2115 2694 2170 vivens
2749 2122 2807 2170 et
2862 2114 3001 2171 bene
3053 2128 3220 2186 agens
3272 2113 3496 2183 premit)

1915 2218 2118 2263 aeterno
2146 2206 2397 2277 potiaris.

2234 2317 2568 2377 EPISTOLA
2593 2316 2777 2374 CXVII
2805 2316 2951 2391 [olim
2974 2312 3158 2389 CXII.]

1920 2408 2312 2475 “noscamus,
2344 2410 2544 2464 domini
2587 2408 2825 2463 Fulbem‘
2861 2409 3170 2479 discipulus,
3209 2406 3500 2465 διπηιυο

2209 2480 2328 2534 Ric.
2366 2496 2502 2534 com.
2538 2480 2726 2550 capell.
2756 2480 2929 2533 adhuc
2959 2483 3205 2534 salutent.

1998 2568 2187 2625 Verbis
2215 2571 2318 2626 tuis
2350 2570 2506 2625 Iidem
2539 2570 2760 2624 minime
2790 2584 3015 2625 servans
3030 2568 3119 2623 diu
3137 2583 3223 2623 me
3238 2567 3500 2627 fefellisti.

1927 2663 2097 2729 Unde,
2119 2680 2241 2719 cum
2272 2677 2357 2718 me
2380 2666 2664 2733 deceptum
2687 2676 2806 2717 esse
2826 2662 3058 2727 doleam,
3083 2669 3200 2716 tum
3227 2676 3328 2731 pro
3353 2677 3504 2717 men-

1925 2756 2083 2813 dacio
2111 2763 2204 2811 tuo
2231 2755 2405 2826 pudor
2434 2753 2564 2808 mihi
2596 2752 2866 2808 maximus
2894 2754 3178 2824 ingeritur.
3212 2753 3328 2809 Non
3361 2754 3505 2809 enim

1928 2850 2145 2905 deceret
2169 2853 2373 2902 tantam
2399 2860 2684 2918 personam
2707 2846 3027 2918 probrosqu
3046 2845 3295 2900 falsitatis
3310 2860 3506 2902 nomen

1929 2940 2133 2996 subire.
2162 2938 2502 2995 llorrendum
2533 2940 2707 2997 etiam
2744 2947 2890 2994 esset
2919 2938 2973 2993 in
3010 2938 3276 3010 sacrilegii
3302 2938 3508 2994 crimen

1931 3028 2191 3097 incidere,
2243 3031 2395 3100 quia,
2440 3029 2579 3085 sicut
2614 3029 2831 3101 legitur,
2874 3027 3041 3084 Verba
3086 3031 3371 3085 sacerdotis
3418 3041 3511 3084 aut

312 3092 627 3112 ν---τ--υ--η-
670 3092 1065 3113 "rw—"7.77"
1089 3092 1215 3098 --η
1246 3092 1337 3096 m—
1526 3092 1531 3093 7
1596 3092 1601 3093 7
1635 3092 1651 3110 ι
1725 3092 1740 3109 ,
1772 3092 1777 3093 7
1810 3092 1819 3093 7
2176 3092 2187 3097 7
2260 3092 2278 3100 -
2382 3092 2391 3096 -
2668 3092 2696 3101 -
2819 3092 2828 3095 -

239 3138 492 3193 ecclesiis
520 3092 728 3190 nosIris
757 3148 875 3202 qua:
915 3142 1042 3187 sunt
1067 3133 1121 3186 in
1162 3130 1436 3203 episcopio
1474 3136 1586 3184 tuo.
1627 3128 1699 3182 At
1728 3143 1829 3184 nos
1853 3092 1900 3156 ϐ
1931 3138 2049 3176 vera
2078 3130 2169 3175 aut
2189 3121 2465 3191 sacrilega;
2500 3120 2736 3178 Obsecro
2768 3122 2951 3191 itaque
2977 3135 3071 3192 per
3097 3132 3344 3178 sanctam
3375 3122 3514 3178 ami-

246 3225 531 3281 serenitati
572 3235 676 3278 tua:
717 3238 903 3279 verum
945 3222 1200 3291 quiddam
1248 3221 1502 3276 intimare
1558 3219 1828 3287 volumus,

246 3317 461 3372 scilicet
479 3315 623 3385 quod
646 3314 883 3384 episcopi
913 3312 1091 3367 Beatae
1120 3312 1326 3380 Mariae,
1358 3313 1411 3366 in
1449 3325 1678 3382 quorum
1701 3310 1834 3365 dim-

249 3408 360 3462 cesi
388 3406 730 3478 possidemus
765 3391 1048 3468 ecclesias,
1092 3403 1235 3458 hunc
1282 3417 1498 3472 semper
1542 3400 1746 3455 amoris
1780 3406 1836 3454 et

251 3497 577 3553 reverentia:
623 3495 830 3551 cultum
878 3492 1241 3550 exhibuerunt
1279 3502 1480 3547 sanctae
1523 3499 1832 3546 sanctarum

252 3588 497 3643 Domina:
525 3601 746 3650 nosme,
777 3594 886 3639 uta
917 3583 1073 3639 nobis
1101 3582 1218 3651 ejus
1248 3582 1376 3636 licet
1399 3580 1635 3651 indignis
1659 3579 1834 3634 famu—

252 3677 323 3732 lis
351 3692 699 3747 nequaquam
728 3676 1007 3746 exigerent
1042 3673 1096 3727 id
1131 3671 1377 3740 obsequii
1410 3670 1552 3740 quod
1584 3667 1833 3738 requiris.

261 3767 416 3831 Vide,
446 3782 654 3838 quaaso,
688 3781 758 3820 ne
786 3764 1077 3835 importuni
1118 3777 1391 3828 vocemur,
1433 3760 1558 3816 dum
1588 3772 1839 3829 rogamus

260 3868 334 3924 te,
355 3861 588 3929 benigne
618 3858 794 3922 Pater,
816 3865 896 3920 ut,
923 3855 1146 3909 honesta
1170 3862 1477 3909 sanctorum
1502 3850 1722 3905 Patrum
1754 3863 1840 3903 se-

256 3967 434 4022 quens
459 3950 709 4020 vestigia,
747 3964 844 4003 nos
872 3948 1031 4017 hujus
1059 3945 1334 4016 pensionis
1363 3942 1581 4013 angaria
1606 3940 1840 3995 nullate-

260 4060 365 4099 nus
395 4045 622 4115 obliges,
660 4057 729 4097 ne
760 4042 814 4096 in
855 4041 956 4095 hac
982 4047 1136 4110 parte
1173 4037 1328 4092 nobis
1347 4033 1610 4090 oﬁiciendi
1637 4033 1842 4103 primus

260 4143 457 4188 auctor
482 4135 594 4204 ipse
615 4133 840 4187 noteris.
863 4130 1124 4200 Optamus
1145 4128 1289 4183 enim
1313 4124 1512 4197 potius,
1540 4138 1645 4178 non
1674 4134 1844 4193 parvo

263 4232 371 4278 tua:
418 4223 587 4294 ipsius
617 4220 867 4276 utilitatis
897 4235 1082 4274 amore
1112 4217 1279 4282 ducti,
1312 4216 1366 4270 in
1398 4214 1519 4268 albo
1560 4212 1735 4268 felicis
1756 4226 1843 4267 or-

263 4313 408 4368 dinis
433 4311 843 4369 benefactorum
876 4319 1186 4364 nostrorum
1223 4316 1275 4360 te
1308 4303 1602 4367 recenseri,
1626 4311 1686 4356 ut
1721 4316 1844 4356 cum

265 4421 364 4477 pro
392 4400 521 4469 illis,
555 4414 668 4458 tum
700 4404 864 4457 etiam
893 4417 990 4473 pro
1027 4397 1226 4469 tejuge
1253 4396 1481 4450 Domino
1518 4393 1843 4448 Sacriﬁcium

267 4493 578 4558 oﬂerentes,
608 4509 673 4549 ac
715 4489 1070 4547 humanitatis
1100 4497 1203 4541 tuae
1250 4483 1510 4540 beneficia
1543 4498 1725 4536 coram
1757 4482 1845 4536 illa

271 4585 586 4650 recitantes,
611 4583 836 4652 dignum
874 4589 925 4634 te
952 4579 1089 4633 libro
1111 4590 1326 4647 quoque
1349 4574 1471 4627 vitae
1510 4571 1745 4626 cmlestis
1769 4570 1849 4624 in-

272 4678 380 4732 seri
415 4677 790 4747 praedicemus.
831 4671 1097 4727 Praeterea
1134 4683 1242 4723 non
1285 4667 1614 4721 arbitramur
1650 4662 1853 4717 notitia

278 4777 379 4821 tua:
428 4766 843 4840 amplitudinem
909 4759 1217 4832 praeterisse
1271 4755 1546 4811 dominum
1607 4762 1854 4809 nostrum

276 4858 584 4916 Fulbertum
607 4859 955 4930 episcopum,
986 4852 1074 4906 cui
1100 4861 1151 4905 te
1177 4847 1332 4903 valde
1365 4848 1590 4903 charum
1616 4860 1736 4902 esse
1756 4842 1854 4900 sci-

280 4968 416 5019 mus,
440 4952 666 5009 Romam
697 4956 951 5021 pergere.
975 4944 1128 5010 Quod
1154 4936 1273 4996 ideo
1293 4954 1676 5004 memoramus,
1700 4945 1782 5003 ut,
1809 4936 1854 4989 si

278 5043 582 5100 liberalitati
612 5052 718 5097 tuae
750 5035 1022 5108 placuerit
1044 5041 1241 5089 nostra:
1268 5029 1514 5101 petitioni
1533 5028 1732 5094 favere,
1759 5040 1858 5081 nos

282 5132 337 5187 id
372 5134 464 5201 illi,
496 5150 616 5190 cum
648 5126 908 5192 redierit,
938 5124 1362 5186 innotescamus,
1396 5120 1490 5175 tibi
1521 5120 1735 5192 quidem
1760 5129 1860 5187 pro

351 5265 455 5302 tam
493 5264 808 5302 ραηηηίρηι
861 5252 1226 5302 Carnotenses
1270 5250 1560 5302 aliattando
1602 5252 1861 5302 ‘eniscono

1875 4428 1925 4488 D

1930 3212 2117 3268 eitiam
2142 3214 2425 3284 quaeinter
2447 3230 2543 3269 nos
2562 3228 2687 3273 esse
2712 3214 2887 3277 debet,
2913 3222 2974 3270 ut
3007 3214 3246 3271 honestae
3266 3215 3515 3270 veritatis

1931 3302 2090 3359 fama:
2121 3315 2171 3360 te
2205 3306 2549 3384 reconcilies,
2581 3306 2846 3363 mittendo
2878 3306 3012 3362 mihi
3039 3306 3108 3363 ad
3148 3322 3391 3377 praesens
3418 3321 3517 3378 per

1933 3393 2247 3451 Cauterium
2276 3399 2601 3452 monachum
2620 3398 2750 3453 olim
2780 3414 2982 3463 meum,
3012 3400 3208 3455 merito
3234 3401 3363 3455 mihi
3390 3416 3518 3472 pro-

1936 3486 2160 3541 missum
2191 3487 2289 3543 abs
2318 3496 2370 3543 te
2394 3487 2686 3543 caballum.
2719 3488 2873 3554 Quod
2899 3490 2953 3543 ni
2977 3488 3194 3555 feceris,
3223 3493 3440 3547 noveris
3464 3500 3519 3547 te

1936 3577 2176 3634 funditus
2197 3580 2264 3635 ab
2300 3594 2486 3635 amore
2513 3589 2701 3636 nostro
2719 3580 3007 3648 decidisse,
3025 3590 3159 3638 teste
3182 3584 3518 3639 constientia

1937 3685 2080 3735 mea,
2111 3670 2362 3736 dixerim,
2403 3671 2459 3725 in
2488 3672 2606 3747 hoc.
2619 3673 2764 3743 quod
2790 3688 2891 3745 ego
2922 3684 2973 3730 te
2999 3689 3153 3745 rogo,
3202 3692 3307 3730 non
3347 3678 3520 3748 magis

1938 3764 2224 3821 utilitatem
2274 3779 2453 3820 meam
2503 3780 2668 3836 quam
2721 3775 2868 3822 tuam
2925 3776 2982 3824 et
3036 3767 3199 3823 simul
3252 3769 3519 3825 honorem

1940 3865 2163 3926 exopto.

2243 3946 2577 4004 EPISTOLA
2599 3946 2805 4005 CXVIII
2830 3947 2977 4022 [olim
2999 3949 3201 4024 CXIII].

1945 4036 2113 4105 Quem
2150 4038 2626 4109 purgadilectionis
2672 4040 2865 4107 aﬁ'ectit
2905 4039 3026 4093 colit
3071 4041 3328 4095 seniorem
3369 4057 3525 4096 suum

2226 4106 2289 4160 Ε.
2316 4107 2680 4163 “noscamus
2720 4106 3004 4177 plurimum
3035 4111 3240 4164 satutis.

1936 4192 1939 4195 ’
2016 4189 2444 4268 (51)Potionem
2489 4193 2640 4262 lera,
2680 4212 2845 4266 quam
2896 4198 3145 4254 dominus
3186 4200 3379 4269 prcsul
3428 4201 3527 4257 tibi

1945 4291 2133 4355 mittit,
2165 4305 2347 4347 sumes
2398 4305 2522 4345 cum
2569 4305 2708 4372 aqua
2758 4290 2933 4347 calida
2980 4302 3107 4347 ante
3150 4292 3527 4362 crepusculum

1950 4382 2078 4436 dlei.
2110 4379 2278 4436 Nocte
2321 4396 2427 4451 qua
2454 4379 2621 4436 debes
2660 4396 2780 4436 eam
2824 4383 3086 4453 accipere,
3115 4399 3221 4438 non
3251 4383 3527 4449 coenabis;

1950 4481 2005 4527 et
2048 4473 2162 4541 ipsa
2204 4479 2360 4526 nocte
2400 4471 2633 4541 positam
2678 4472 2949 4542 potionem
2983 4471 3035 4526 in
3064 4472 3303 4538 vasculo,
3336 4473 3390 4527 in
3422 4487 3531 4543 quo

1952 4561 2383 4632 distemperanda
2405 4569 2512 4627 est,
2530 4577 2784 4633 asperges
2801 4559 2932 4616 salis
2954 4576 3187 4630 gemma,
3210 4564 3318 4629 vel,
3343 4563 3386 4617 si
3415 4564 3530 4617 haec

1952 4665 2059 4705 non
2107 4650 2278 4716 adest,
2309 4650 2542 4705 delicato
2583 4648 2697 4705 sale
2736 4650 2802 4703 ad
2835 4665 3060 4717 pensum
3094 4652 3254 4707 unius
3285 4652 3529 4722 scripuli.

1952 4740 2186 4811 Accepta
2235 4741 2456 4809 potione
2511 4740 2701 4794 sedeas
2749 4749 2876 4795 ante
2932 4738 3112 4797 focum
3164 4743 3370 4811 absque
3423 4742 3535 4797 ullo

1956 4831 2209 4897 tumultu,
2237 4845 2437 4887 cavens
2457 4829 2552 4884 tibi
2582 4831 2802 4901 penitus
2830 4847 2858 4884 a
2885 4829 3119 4903 frigore;
3148 4843 3223 4900 et,
3252 4829 3298 4889 si
3316 4833 3534 4903 paulum

1956 4921 2227 4987 cubueris,
2258 4935 2365 4977 non
2398 4919 2614 4977 nocebit
2643 4934 2656 4976 :
2688 4920 2815 4979 nolo
2838 4931 3017 4978 tamen
3043 4933 3101 4980 ut
3122 4925 3377 4982 dormias.
3402 4923 3538 4980 Cum

1957 5014 2192 5082 primum
2246 5012 2453 5068 senties
2502 5015 2707 5069 moreri
2765 5012 2860 5066 tibi
2915 5027 3202 5081 ventrem,
3254 5012 3544 5069 deambula

1959 5104 2307 5178 pedetentim,
2352 5111 2410 5160 et
2454 5104 2533 5161 sic
2577 5106 2644 5162 ad
2696 5116 2970 5165 secessum
3019 5111 3176 5170 vade.
3222 5106 3281 5163 Si
3324 5113 3547 5177 propter

1960 5238 2254 5294 exactiones
2314 5245 2437 5296 ante
2482 5236 2661 5302 viginti
2713 5253 2889 5295 annos
2938 5240 3214 5302 impositas
3258 5254 3360 5294 non
3413 5236 3547 5302 ami-
