3974 5374
492 271 593 325 2:37

1561 283 1618 338 S.
1665 282 1999 339 FlfLBER'l'l
2036 285 2516 350 CARNOTENSIS
2555 290 2853 347 EPISCOPI

3633 292 3746 347 263

496 384 817 477 solutionem
875 388 1089 443 tandem
1144 393 1347 461 (Ἔβὲῐίι
1404 401 1455 447 te
1520 396 1664 459 SiliS,
1732 411 2067 465 nequaquam
2101 404 2143 459 Α
2174 404 2297 459 dun]
2335 408 2629 477 proposuit.
2663 406 2812 473 Quod
2836 422 2879 459 SI
2918 404 3055 458 bene
3093 402 3439 468 πάγοι-ηδερᾷ
3473 404 3609 459 ineo.
3635 406 3746 462 sul-

492 475 663 539 bibes,
696 479 799 531 nisi
832 480 1108 548 pauluhnn
1151 486 1288 539 aceti
1330 501 1450 539 cmn
1488 502 1623 555 aqua
1674 488 1844 541 calida
1903 490 2068 549 misti.

490 579 712 635 propter
770 573 1109 628 stomachum
1171 576 1479 632 diluendum
1541 595 1634 634 seu
1673 581 2067 638 relevandum:

493 656 631 724 quod
660 658 822 714 etiam
853 676 956 716 non
992 674 1216 733 urgente
1245 667 1332 720 siti
1364 666 1539 723 facere
1562 670 1782 736 poteris,
1807 670 2071 725 solutione

503 749 874 814 tropemodum
920 762 1169 809 vctrautc.
1213 753 1485 810 Pranderc
1530 757 1747 812 ditleres
1792 774 2069 829 quousque

487 838 689 895 senties
710 844 1065 899 catarthicutn
1093 847 1223 901 nihil
1252 848 1481 917 amplius
1510 850 1718 916 operari
1748 850 1904 905 velle.
1934 851 2066 907 Cum

488 931 697 987 sederis
760 934 826 988 ad
872 950 1149 1002 mensam,
1196 940 1317 994 vide
1369 956 1436 994 ne
1488 941 1616 1009 quid
1662 942 1841 1006 nimis,
1895 959 2069 1015 neque

491 1025 787 1081 manduces
825 1027 1024 1097 aliquid
1068 1030 1340 1100 stipticum
1379 1033 1464 1087 vel
1504 1033 1623 1102 plus
1650 1049 1805 1104 mque
1844 1036 2064 1090 salsum.

486 1110 646 1168 Plura
699 1115 766 1171 de
805 1117 1196 1173 observationis
1235 1122 1394 1176 modo
1446 1131 1725 1186 notarem,
1762 1123 1863 1178 nisi
1895 1139 2062 1193 pauca

487 1201 796 1259 suilicercnt
834 1207 1087 1276 sapienti.
1126 1208 1238 1263 Hoc
1287 1219 1464 1265 tamen
1512 1214 1752 1267 scribere
1796 1228 1880 1267 me
1915 1213 2067 1281 jubet

486 1295 666 1349 nescia
712 1296 964 1352 simulare
1001 1298 1269 1363 Charitas,
1315 1309 1371 1355 ut
1426 1302 1582 1357 talem
1626 1303 1859 1372 potionis
1908 1302 2065 1371 hujus

485 1385 688 1438 sentias
714 1385 983 1450 effectum,
1015 1396 1282 1457 quatenus
1310 1404 1525 1460 semper
1563 1391 1845 1447 incolumis
1877 1408 2061 1461 perse-

484 1489 657 1531 veres.
695 1478 842 1532 Vale.

526 1574 529 1577 “
798 1567 1129 1625 EPlSTOLA
1162 1570 1321 1628 CXiX
1352 1572 1497 1645 [olint
1534 1575 1740 1649 CXiV’].

649 1658 1011 1716 llthscamus
1037 1663 1101 1717 G.
1133 1665 1283 1718 rcrba
1312 1667 1688 1735 lransformare
1715 1671 1767 1723 in
1789 1681 1894 1726 act.

2176 502 2285 548 ttnn
2316 514 2420 551 non
2466 498 2716 552 dixisses.
2766 495 3102 550 inconsultus
3150 494 3314 563 igitur
3339 494 3651 564 fecisti,qni
3677 506 3747 566 te,

2174 593 2371 654 utpost
2405 586 2606 641 clarius
2631 586 2874 654 liquebit,
2908 585 2960 638 in
3007 583 3241 653 pejorem
3266 594 3475 654 partem
3519 584 3740 641 ﬂexisti.

2172 672 2285 728 Non
2315 683 2519 731 temere
2545 691 2672 747 vero
2701 692 2763 729 ac
2789 690 2892 729 non
2924 675 3040 728 sine
3070 673 3224 740 culpa
3258 682 3307 728 te
3328 682 3381 728 et
3414 685 3534 731 tuos
3580 675 3749 732 fuisse

2173 761 2508 826 interdictos,
2541 772 2808 818 testantur
2845 762 3082 831 reliquis:
3125 763 3406 816 vinearum
3454 764 3508 818 in
3554 766 3751 834 quibus

2170 861 2347 906 vestra
2382 854 2545 907 fixisti
2597 864 2798 908 castra.
2823 853 2974 919 Quod
3010 853 3061 904 in
3093 852 3397 920 exemplum
3431 853 3615 907 datum
3650 870 3752 910 cm-

2171 943 2301 995 teris
2324 943 2519 1010 quibus
2547 942 2842 997 accerrime
2872 941 3109 1010 culparis
3141 940 3299 995 fidem
3326 942 3471 995 facit.
3502 942 3580 998 Te
3606 959 3748 1012 quo-

2167 1046 2271 1099 que
2301 1042 2547 1085 vocatum
2569 1032 2809 1101 csse,qui
2836 1030 2928 1085 tibi
2957 1032 3151 1085 missas
3174 1046 3203 1084 a
3233 1046 3320 1084 me
3341 1031 3482 1086 sciat
3501 1031 3750 1102 litteras,

2167 1121 2291 1189 quis
2322 1119 2405 1174 vel
2451 1121 2668 1175 insanus
2715 1136 2820 1175 non
2853 1120 3094 1174 asserat?
3123 1118 3198 1174 Te
3230 1120 3414 1189 igitur,
3445 1120 3637 1187 frater,
3667 1138 3752 1177 ra-

2166 1209 2496 1264 tionabiliter
2525 1226 2621 1279 pro
2644 1220 2731 1264 tua
2770 1210 2923 1280 culpa
2952 1218 3008 1264 et
3045 1211 3307 1265 canonice
3334 1223 3591 1267 vocatum
3640 1224 3697 1267 et
3719 1230 3748 1269 a

2165 1301 2347 1355 divino
2392 1300 2565 1356 ofiicio
2615 1294 2923 1370 separatum
2971 1302 3410 1371 recognoscendo
3453 1301 3751 1373 plangc,et

2161 1391 2466 1462 plangcndo
2492 1393 2556 1445 ad
2581 1391 3008 1447 satisfactionem
3040 1402 3331 1446 revertere.
3363 1390 3516 1458 Quod
3540 1393 3586 1447 si
3618 1408 3751 1463 qua-

2162 1481 2482 1551 dragcnario
2512 1481 2813 1536 vocationis
2842 1482 3015 1550 spatio
3038 1479 3152 1550 lege
3178 1495 3445 1534 canonum
3485 1490 3538 1535 te
3560 1481 3749 1537 defen-

2161 1572 2289 1625 dere
2316 1571 2524 1636 niteris,
2560 1573 2671 1626 scio
2694 1572 2818 1641 quia
2850 1570 3148 1640 singulares
3179 1586 3358 1625 causa:
3385 1571 3467 1625 vel
3499 1586 3748 1641 personat

2161 1676 2268 1715 non
2309 1660 2657 1730 prmjudicaut
2704 1662 2828 1736 legi.
2873 1660 3005 1714 Nam
3038 1670 3088 1714 te
3136 1660 3189 1714 in
3221 1660 3460 1715 furorem
3503 1675 3748 1727 versum,

551 1748 698 1810 Tute.
747 1753 818 1804 mi
863 1752 1099 1808 domine.
1147 1756 1483 1814 charitativm
1513 1762 1885 1831 promissionis
1929 1780 2058 1817 nun-

2162 1760 2218 1806 et
2241 1767 2307 1806 ex
2330 1752 2559 1821 prmsule
2595 1733 2786 1806 ducem
2831 1759 2909 1805 tot
2950 1760 3282 1805 armatorum
3315 1749 3545 1815 factum,
3579 1759 3747 1805 totam

483 1841 615 1893 tium
646 1841 906 1895 hactenus
938 1852 1210 1901 sustinens
1239 1847 1474 1903 laboravi
1507 1850 1751 1904 nimium.
1784 1851 2059 1908 Sollicitus

481 1942 718 1998 namque
738 1932 867 2001 quid
892 1942 994 1986 ture
1017 1933 1321 1990 celsitudini
1340 1952 1470 1993 mea:
1490 1941 1739 2009 parvitati
1768 1941 2059 2010 placuisset

478 2017 1341 2091 designare,pcrrunctabartmdc
1358 2042 1477 2082 sese
1502 2029 1797 2098 reciperent
1824 2030 2059 2087 viatores

473 2124 721 2180 quosque
762 2114 1031 2183 pendens,
1073 2116 1139 2171 ab
1181 2118 1328 2173 urbis
1378 2119 1518 2173 vallo
1565 2120 1666 2173 huc
1712 2122 2053 2191 respiciente.

476 2198 704 2256 Numine
737 2218 868 2259 vero
895 2204 1056 2262 dante
1087 2223 1401 2277 responsum
1428 2210 1501 2264 tui
1527 2212 1593 2265 de
1623 2220 1795 2280 parte,
1831 2220 2057 2268 inorstus

478 2290 715 2346 relibam
756 2294 972 2349 domum
1010 2295 1124 2365 jam
1173 2299 1311 2353 facta
1356 2309 1537 2356 nocte.
1570 2300 1676 2357 Sed
1705 2304 1830 2373 quia
1875 2306 1927 2358 in
1961 2306 2059 2360 hu-

475 2380 653 2436 manis
677 2382 973 2451 perfecutm
1002 2386 1073 2440 nil
1102 2396 1359 2443 cxstatex
1386 2397 1518 2454 toto,
1539 2390 2059 2461 ltumanOparcimus

474 2472 711 2544 ingenio.
740 2473 871 2529 Peto
905 2484 1080 2532 tamen
1109 2495 1179 2534 ne
1208 2495 1437 2550 proruas
1469 2482 1518 2535 in
1552 2484 1713 2538 verba
1750 2486 1870 2540 talis
1897 2502 2060 2540 excu-

475 2564 726 2620 sationis.
753 2567 881 2634 quin
912 2569 1052 2636 quod
1098 2570 1368 2639 pollicitus
1408 2588 1465 2626 es
1516 2573 1808 2644 adimplere
1839 2576 2057 2633 studeas

472 2656 593 2709 sine
648 2654 773 2711 fuco
821 2658 1096 2716 dilationis
1131 2679 1143 2714 :
1175 2662 1361 2731 igitur,
1411 2673 1469 2718 ut
1502 2666 1785 2722 certiorem
1844 2669 2052 2731 reddas,

472 2749 671 2802 mando
700 2758 753 2804 et
804 2750 1066 2821 deprecor
1093 2765 1356 2824 quatenus
1387 2757 1609 2812 innuerc
1644 2760 1881 2830 digneris
1929 2760 2055 2829 quid

475 2853 560 2889 me
583 2852 742 2909 agere
762 2839 970 2909 juheas.
991 2841 1145 2907 Nolo,
1162 2844 1230 2898 mi
1250 2845 1488 2907 domine,
1516 2847 1728 2901 haesites
1753 2850 1802 2901 iu
1825 2849 2053 2914 calamo,

472 2927 670 2981 bonum
695 2944 829 2997 Opus
854 2931 1123 2987 habensiu
1150 2935 1350 3001 animo,
1379 2938 1631 3007 quoniatn
1656 2939 1707 2993 in
1727 2941 2057 3010 perfectione

470 3019 575 3073 erit
606 3035 673 3074 ex
711 3019 803 3076 Dei
836 3023 1052 3078 auxilio.
1092 3024 1243 3081 Vale.

802 3113 1133 3170 EPISTOLA
1174 3117 1315 3173 cxx
1355 3119 1498 3190 [olim
1533 3120 1716 3193 cxvi.

608 3199 879 3258 'Guillrlmi
921 3206 1070 3261 ducis
1100 3207 1396 3278 Aquitania:
1430 3211 1500 3265 ad
1524 3210 1907 3281 Ilildegrtrntm.

673 3293 831 3364 (Vide
860 3295 996 3350 infra
1032 3298 1083 3353 in
1113 3298 1431 3356 Genuum
1454 3302 1519 3355 ad
1549 3316 1639 3355 an.
1675 3301 1852 3373 l050.)

778 3387 1110 3446 EPISTULA
1142 3391 1305 3447 CXXI
1336 3392 1483 3465 [aliut
1524 3393 1732 3467 CXVI].

466 3480 640 3534 "AND.
671 3482 886 3551 pueruli
914 3482 977 3537 ll.
1031 3484 1347 3540 Turonensis
1367 3487 1782 3558 archiepiscopus
1809 3488 2051 3544 salutem.

474 3602 479 3607 -
540 3572 797 3637 Quamvis
835 3583 922 3627 tua
948 3589 1118 3643 nuper
1147 3575 1214 3628 ad
1263 3590 1351 3630 me
1395 3576 1604 3631 directa
1664 3576 1891 3647 epistola
1950 3577 2052 3632 sibi

466 3667 729 3739 rondigaa
788 3678 1063 3723 mereatur
1110 3670 1392 3739 rescripta,
1431 3672 1599 3725 satius
1645 3679 1822 3724 tamen
1864 3671 2054 3726 existi-

469 3757 606 3808 mavi
636 3758 906 3824 responsis
949 3758 1165 3813 interim
1213 3775 1325 3814 sum
1363 3760 1718 3815 contumacia:
1745 3760 1938 3814 debitis
1966 3775 2058 3814 su-

469 3848 778 3914 persedere,
807 3863 969 3917 quam
1015 3862 1117 3904 ture
1164 3850 1320 3905 saluti
1376 3860 1636 3920 quantum
1691 3852 1757 3905 ad
1809 3866 1907 3905 nos
1948 3865 2055 3905 non

466 3939 772 4004 consulere,
804 3940 858 3994 et
884 3940 1026 3995 inter
1048 3942 1431 3997 consulendum
1463 3942 1782 4013 quibusdam
1814 3944 2055 4010 cpistola:

467 4030 603 4084 locis
633 4031 863 4086 :iiscrete
897 4041 951 4086 et
981 4033 1262 4105 humiliter
1293 4050 1394 4088 non
1428 4034 1773 4105 respondere.
1825 4034 2058 4089 Medico-

468 4139 588 4177 rum
625 4127 767 4178 enim
797 4132 878 4178 est
907 4124 1308 4180 melancholicis
1337 4126 1452 4180 sive
1480 4125 1761 4187 maniacis,
1795 4140 1887 4179 seu
1930 4139 2059 4193 qua-

468 4213 599 4270 libet
636 4216 739 4269 alia
785 4215 1092 4270 valetudine
1131 4216 1519 4281 laborantibus,
1563 4216 1688 4271 licet
1728 4216 1951 4284 ingratis
2004 4223 2058 4269 et

428 4368 430 4371 τ
469 4306 729 4362 conviciis
756 4304 1017 4362 artificem
1053 4308 1462 4373 lacessentibus,
1489 4307 1840 4362 nihilominus
1875 4316 2052 4362 tamen

2159 1851 2399 1897 nostram
2421 1843 2650 1912 patriam
2678 1841 2972 1898 crudeliter
2994 1851 3205 1898 vastare
3232 1857 3484 1908 cernens,
3514 1842 3747 1907 ferrum,

2161 1934 2311 2005 ignes
2334 1975 2349 1999 ,
2383 1935 2734 2006 diversasque
2777 1936 2933 1991 nobis
2974 1944 3178 1991 mortes
3227 1936 3491 1992 minatum
3518 1977 3533 2001 ,
3566 1938 3750 1992 immi-

2159 2020 2417 2093 nentique
2457 2024 2625 2096 plagae
2669 2025 3115 2095 quadragenarim
3156 2025 3454 2081 vocationis
3504 2026 3745 2096 spatium

2159 2124 2213 2169 'ut
2241 2116 2532 2170 desisteres
2568 2116 2698 2169 nihil
2731 2116 2918 2170 videns
2954 2117 3230 2184 prodesse,
3254 2116 3580 2170 venabulum
3622 2132 3748 2171 mox

2163 2205 2252 2260 tibi
2282 2206 2857 2260 cxcomnmnicatiouis
2904 2207 3151 2275 opposui,
3182 2214 3242 2261 ut
3278 2221 3345 2261 co
3387 2206 3581 2261 saltem
3628 2208 3747 2261 viso

2159 2294 2399 2357 territus,
2425 2302 2474 2347 te
2494 2302 2548 2347 et
2573 2302 2691 2348 tuos
2734 2293 2815 2348 vel
2840 2295 2907 2347 ad
2951 2304 3280 2349 momentum
3331 2293 3662 2351 refrenarcs.
3694 2305 3747 2349 et

2158 2385 2442 2456 prmsulcm
2473 2398 2631 2454 quem
2658 2384 2919 2439 amiseras
2950 2398 3381 2454 recognosceres.
3411 2382 3517 2438 Sed
3547 2392 3602 2438 tu
3632 2400 3751 2437 ma-

2161 2476 2305 2529 luisti
2326 2476 2416 2529 illo
2444 2475 3021 2531 excommunicationis
3044 2474 3311 2529 venabulo
3332 2474 3552 2543 conligi,
3578 2489 3745 2544 quam

2158 2582 2187 2619 a
2224 2576 2397 2636 empta
2451 2566 2737 2637 tyrannide
2769 2566 2848 2621 vel
2877 2565 2944 2626 ad
2979 2576 3234 2635 punctum
3265 2564 3556 2639 refrenari.
3603 2564 3741 2620 Nam

2159 2658 2299 2728 quod
2328 2658 2463 2713 dicis
2490 2668 2542 2712 te
2570 2658 2711 2728 regis
2744 2658 2845 2712 hoc
2862 2657 3013 2727 jussu
3065 2656 3281 2721 fecisse,
3316 2671 3414 2711 nec
3446 2672 3609 2727 nego,
3642 2673 3745 2713 nec

2159 2732 2385 2812 atiirmo,
2418 2762 2518 2803 nec
2558 2748 2686 2817 quid
2735 2748 2836 2803 hoc
2866 2747 3007 2802 levet
3051 2747 3311 2816 intelligo.
3361 2744 3747 2817 Cujuscuuque

2156 2846 2300 2906 enim
2346 2840 2623 2909 hocjussu
2672 2839 2885 2905 feceris,
2930 2839 3122 2893 eadem
3158 2838 3312 2908 culpa
3355 2852 3419 2892 ac
3466 2838 3512 2891 si
3565 2838 3748 2891 nullus

2152 2931 2375 3000 jusserit
2403 2930 2633 2999 urgeris.
2665 2930 2798 2984 Nam
2828 2929 3391 3000 ad‘exaggeratioucm
3420 2939 3526 2983 tuzc
3574 2928 3746 2999 culpae

2159 3022 2261 3077 ista
2291 3021 2424 3076 satis
2455 3020 2817 3090 transgressio
2843 3018 3059 3084 sufficit,
3085 3020 3231 3089 quod
3269 3029 3483 3089 praeter
3511 3035 3630 3074 mca
3666 3021 3742 3074 tui

2155 3114 2547 3184 archiepiscopi
2597 3112 2867 3176 consulta,
2900 3121 3089 3166 contra
3144 3112 3460 3165 canenicam
3508 3110 3750 3165 auctori-

2156 3215 2322 3260 tatem
2376 3206 2482 3260 tale
2513 3205 2714 3274 aliquid
2766 3204 3004 3272 incipere
3036 3202 3459 3271 pnesumpsisti:
3493 3201 3746 3271 quodque

2155 3297 2313 3350 ctiam
2346 3295 2669 3365 mejuheute
2700 3310 2805 3349 non
2850 3293 3129 3347 debuisses
3175 3291 3372 3356 facere,
3404 3292 3507 3347 hoc
3540 3303 3594 3346 te
3627 3292 3743 3362 ipso

2155 3384 2466 3440 consultorc
2526 3383 2722 3440 fecisti.
2786 3382 2939 3450 Quod
2990 3392 3166 3436 autem
3218 3383 3297 3435 ais
3342 3390 3395 3436 te
3443 3383 3496 3435 in
3542 3380 3742 3435 malum

2156 3477 2360 3532 Odonis
2386 3492 2547 3546 agere
2585 3474 2892 3545 impulsum,
2923 3489 3024 3528 nec
3049 3476 3211 3528 etiam
3240 3474 3287 3527 ei
3329 3473 3610 3543 palmitem
3655 3474 3741 3527 dc-

2159 3571 2427 3633 struxisti,
2460 3569 2553 3622 sed
2609 3567 2795 3621 vineas
2828 3565 3231 3638 eauonicorum-
3273 3566 3444 3619 sancti
3479 3564 3743 3629 Mauritii,

2154 3669 2351 3732 praeter
2378 3669 2569 3712 caetera
2592 3673 2712 3728 qua:
2742 3656 2794 3710 in
2827 3665 2970 3710 tuam
3001 3665 3224 3709 matrem
3257 3654 3559 3709 Ecclesiam
3587 3655 3742 3725 jussu

2157 3757 2232 3811 tui
2286 3755 2347 3808 Ι).
2408 3752 2660 3807 Fulconis
2711 3750 2935 3804 intulisti
2988 3747 3298 3819 opprobria,
3349 3747 3531 3802 radice
3590 3757 3745 3802 lenus

2157 3850 2547 3904 comminuisti.
2579 3848 2694 3901 llis-
2715 3848 2779 3901 de
2812 3845 2993 3899 causis
3032 3842 3623 3898 excommunicatorias
3654 3841 3745 3895 tibi

2156 3939 2386 4001 litteras,
2427 3954 2562 4007 quas
2589 3947 2775 3992 contra
2800 3934 2889 4003 jus
2919 3942 2973 3989 ct
3014 3933 3096 3988 fas
3118 3934 3358 3987 audacizc
3392 3942 3552 3987 notas
3580 3932 3737 3994 dicis,

2158 4033 2301 4086 misi.
2332 4030 2441 4084 Nec
2479 4040 2528 4085 te
2558 4030 2796 4099 oportuit
2841 4038 2986 4081 tutnu
3018 4026 3339 4097 magistrum
3364 4032 3421 4078 et
3462 4026 3742 4078 dominum

2158 4131 2268 4177 tam
2300 4130 2503 4176 temere
2543 4121 2954 4191 reprehendere,
2979 4129 3038 4173 ιιι
3086 4134 3116 4172 a
3148 4132 3238 4172 tuo
3270 4118 3506 4185 inempto
3555 4117 3744 4184 resipi-

2158 4229 2366 4278 sceres,
2397 4212 2693 4275 transmisi,
2723 4229 2829 4266 non
2886 4218 2946 4266 ut
2980 4219 3032 4265 te
3080 4210 3272 4265 vellem
3316 4207 3456 4263 ﬂecti
3510 4208 3565 4262 in
3624 4223 3740 4262 cam

2158 4316 2371 4377 partem
2434 4320 2539 4375 qua
2608 4303 2878 4358 eorruisti.
2936 4302 3087 4370 Quod
3146 4302 3381 4355 discreto
3444 4316 3514 4353 an
3575 4300 3744 4354 indis-

467 4415 579 4455 suze
624 4401 759 4455 artis
810 4402 1179 4469 experimenta
1235 4401 1567 4473 impendere,
1606 4411 1662 4457 ct
1706 4412 1767 4457 ut
1801 4414 2056 4458 curentur
2084 4408 2308 4471 pcrete
2357 4397 2599 4461 fecerim,
2657 4405 2745 4451 tua
2790 4395 3109 4465 juridicialis
3170 4395 3305 4448 libra
3370 4401 3599 4463 penset,
3654 4391 3742 4462 qui

466 4489 723 4545 attentius
767 4489 1037 4545 insistere.
1072 4489 1224 4546 Unde
1253 4499 1307 4545 et
1340 4506 1426 4546 me
1451 4507 1551 4547 nec
1597 4492 1898 4562 professum
1929 4493 2053 4563 qui-

466 4577 587 4634 dem
618 4578 912 4643 medicum,
945 4580 1140 4650 quippe
1172 4579 1661 4650 imperitissimum,
1694 4583 1738 4637 si
1774 4591 1948 4637 tamen
1987 4583 2053 4635 ad

470 4673 574 4726 hoc
607 4670 733 4740 jure
759 4669 1091 4741 przelationis
1118 4682 1395 4741 utcunque
1426 4681 1764 4742 provectum,
1789 4674 1877 4740 qui
1921 4681 1971 4727 te
2006 4671 2052 4728 si

468 4762 747 4818 cxorbitcs
774 4763 994 4817 debeam
1035 4762 1330 4832 corrigere,
1352 4770 1674 4833 oportelquc
1700 4777 1767 4815 ex
1791 4763 2053 4832 coemptis

468 4863 781 4909 sanctorum
802 4853 1019 4907 Patrum
1043 4854 1263 4907 medelis
1285 4855 1398 4917 tibi,
1418 4854 1544 4909 licet
1568 4855 1799 4923 ingrato,
1820 4855 2054 4909 medica-

466 4948 529 4990 ri.
558 4954 609 4990 nt
648 4953 706 4990 ut
726 4945 953 4990 curaris-
971 4944 1104 4990 velis
1121 4943 1283 4990 nolis-
1310 4944 1575 4990 insistere.
1602 4943 1707 4990 ςρει
1738 4945 2050 4990 nrinsmmm

2157 4490 2522 4544 consultorem
2582 4501 2827 4555 quaarere
2890 4500 3094 4540 mones.
3144 4485 3215 4539 At
3271 4484 3313 4538 si
3364 4485 3657 4538 indiscrete
3680 4497 3741 4536 ac

2157 4584 2272 4637 sine
2312 4597 2470 4636 causa
2499 4579 2839 4634 temerariam
2870 4578 2921 4630 in
2949 4588 3021 4640 te,
3051 4577 3193 4646 quod
3225 4577 3365 4628 absit
3391 4577 3404 4628 l
3430 4591 3742 4630 excommu-

2156 4673 2478 4727 nicationem
2529 4669 2889 4732 intorsissem,
2941 4667 3213 4721 sustinere
3257 4675 3434 4719 tamen
3474 4664 3738 4732 jntlitiam

2158 4763 2231 4818 tui
2263 4761 2514 4832 pastoris,
2543 4767 2597 4813 et
2635 4774 2664 4812 a
2696 4774 2851 4813 sacra
2879 4756 3244 4811 celebratione
3274 4769 3494 4808 cessare
3538 4752 3729 4807 debui-

2157 4853 2246 4905 sti.
2294 4850 2446 4918 Quod
2480 4850 2604 4919 quia
2634 4864 2741 4903 non
2792 4846 2990 4910 fecisti,
3016 4854 3071 4900 et
3125 4844 3451 4900 consultrice
3487 4841 3740 4913 superbia

2157 4944 2229 4990 tui
2277 4941 2521 4990 inacistri
2581 4940 2869 4990 interdicta
2921 4937 3352 4990 narvinendisti.
3394 4936 3639 4990 nrudcns
3688 4933 3737 4987 in
