3974 5374
509 353 602 408 Ξτί

1547 360 1605 416 S.
1642 360 1984 418 FULBERTI
2016 363 2506 424 CARNOTENSIS
2535 370 2839 430 EPISCOPI

3646 384 3755 440 ~27!

507 486 571 525 ru
622 466 792 536 magis
830 466 1142 538 gauderem,
1171 470 1369 540 prmsul
1396 471 1618 541 optime,
1642 489 1749 544 quo
1791 474 1943 530 vobis
1983 490 2081 530 sae-
2108 482 2157 543 Α
2185 479 2362 536 hnnus
2390 486 2676 551 praesentia
2718 495 2896 542 vestra
2937 489 3197 559 gaudere,
3231 490 3413 560 aliquo
3447 498 3614 552 vestri
3673 501 3756 555 in-

504 561 626 632 pius
654 560 921 630 placitura
954 560 1485 620 faceretn..Noverit
1511 581 1642 637 ergo
1686 569 1954 625 serenitas
1991 585 2080 625 vc-

502 664 614 709 stra
641 655 783 723 quod
814 655 1175 713 libentissime
1216 673 1460 715 ventrem
1509 659 1575 714 ad
1625 662 2076 729 pretiosissimam

501 745 861 800 dedicationis
890 746 1072 816 templi
1110 748 1281 803 vestri
1314 749 1735 813 solemnitatem,
1784 751 1891 806 nisi
1940 753 2077 808 deti-

501 842 657 889 neret
681 850 765 888 me
794 849 957 889 causa
986 834 1289 901 huiusmodi
1313 855 1326 892 :
1354 838 1613 894 Dominus
1639 847 1825 894 noster
1849 839 2073 895 Guillel-

500 941 621 979 mus
664 939 876 989 comes,
929 925 1115 980 habito
1163 927 1387 984 consilio
1437 944 1559 983 cum
1601 928 1772 995 Italis,
1816 931 2074 999 praecepit

499 1018 654 1082 mihi,
683 1027 740 1073 et
767 1017 1000 1072 dominis
1029 1018 1166 1073 meis
1190 1018 1351 1075 lsloni
1374 1029 1539 1091 atque
1571 1019 1756 1077 Rohos
1797 1023 2073 1092 coepisco-

493 1110 596 1179 pis,
627 1125 723 1163 sua
769 1108 1011 1178 quaedam
1053 1110 1193 1163 seria
1232 1125 1549 1181 procurare,
1602 1127 1723 1182 quae
1767 1112 2071 1167 nullatenus

493 1202 617 1245 sunt
643 1196 798 1251 nobis
828 1198 1221 1268 postponcnda.
1270 1196 1381 1252 Ilae
1407 1199 1472 1254 de
1500 1215 1685 1264 causa,
1730 1200 1855 1269 quia
1893 1202 2075 1255 chari-

497 1294 665 1342 tatem
698 1298 935 1344 vestram
964 1290 1223 1345 invitatus
1249 1292 1402 1347 adire
1454 1309 1689 1363 nequeo,
1729 1300 1835 1347 non
1877 1310 2067 1364 parum

494 1377 735 1432 animum
772 1395 952 1434 meum
974 1383 1263 1450 occupavit
1288 1383 1629 1454 :egritudiuis
1677 1384 1904 1440 allectus
1929 1399 1945 1438 :
1973 1385 2069 1443 sed

491 1466 594 1520 hoc
617 1469 891 1533 consolor,
919 1471 1044 1539 quia
1094 1487 1254 1541 spero
1283 1487 1369 1527 me
1400 1489 1496 1542 per
1537 1472 1631 1527 Dei
1660 1475 1888 1544 gratiam
1933 1474 2067 1530 alias

488 1553 677 1612 ofﬁciis
725 1558 918 1613 vestris
961 1559 1219 1616 alacriter
1260 1561 1600 1617 adfuturum.
1648 1561 1835 1618 Valete
1875 1579 2062 1620 coram

488 1646 598 1701 Deo
625 1647 676 1701 in
704 1648 937 1703 sanitate
966 1650 1255 1723 condigna.

749 1761 1086 1819 EPISTOLA
1129 1763 1345 1820 CXXIV
1381 1763 1529 1838 [olim
1578 1764 1789 1838 CXIX].

2183 571 2473 625 commodo
2517 574 2694 627 obiter
2735 577 2888 631 vobis
2942 578 3422 639 illato'tnrbemur
3465 590 3657 656 :quod
3708 592 3753 645 si

2182 657 2473 723 accideret,
2510 660 2692 716 laetitia
2729 675 2924 720 vestrae
2965 668 3325 729 sulemnitatis
3361 675 3415 730 in
3452 677 3751 733 maximum
3788 685 3792 688 ‘

2179 755 2486 803 verteretur
2517 765 2825 809 mcerorem.
2855 753 3040 812 Valete
3068 757 3316 817 feliciter.

2405 858 2739 917 EPIS'I'OLA
2777 864 3031 922 CXXVIII
3069 868 3217 942 [olim
3248 873 3496 948 CXXIII].

2765 954 2944 1025 (Anno
2970 958 3150 1030 wet.)

2176 1034 2343 1101 Quem
2380 1036 2588 1123 jugiler.
2614 1041 2668 1095 in
2711 1047 3015 1123 prmcordiis
3052 1051 3243 1105 anima:
3277 1069 3388 1109 sua:
3418 1055 3554 1123 fovet
3596 1059 3663 1114 ι).
3698 1069 3750 1115 σι

2450 1112 2588 1179 patri
2614 1129 2709 1165 suo
2738 1112 2798 1166 F.
2836 1113 2971 1168 Ilsa.
3003 1132 3248 1189 perpetuo
3272 1112 3458 1194 vigere.

2243 1196 2360 1254 Dux
2390 1213 2577 1257 noster
2601 1202 2919 1276 Guillelntus
2952 1212 3102 1266 vobis
3148 1216 3510 1274 amicissimus
3564 1221 3751 1291 profe-i

2169 1299 2356 1347 cturus
2380 1305 2464 1347 est
2498 1296 2550 1349 in
2574 1296 2777 1351 Italiam
2795 1299 2884 1355 die
2907 1304 3057 1359 Jovis
3077 1307 3319 1375 proxime
3346 1320 3595 1379 venturo,
3649 1316 3751 1371 sci-

2169 1382 2353 1438 scitari
2390 1385 2456 1439 de
2484 1402 2649 1442 causa
2685 1388 2786 1460 ﬁlii
2810 1393 2979 1463 sui,.si
2998 1410 3119 1450 cum
3149 1398 3353 1455 honore
3374 1413 3427 1456 ct
3457 1403 3748 1462 inculumi-

2171 1481 2279 1528 tate
2305 1490 2401 1530 sua
2427 1476 2542 1532 fleri
2571 1488 2757 1549 queat.
2778 1480 2895 1536 Itali
2927 1485 3069 1539 enim
3098 1486 3516 1559 elegerttnteum
3544 1493 3651 1551 sibi
3681 1497 3749 1552 ad

2167 1578 2374 1634 regem.
2409 1566 2666 1624 facientes
2689 1571 2737 1625 ei
2783 1584 3206 1643 sacramentum,
3243 1588 3297 1634 et
3327 1580 3495 1637 Italiae
3519 1569 3748 1655 mgnum

2166 1658 2524 1723 eoncedendi,
2553 1670 2607 1715 et
2637 1660 2939 1718 Romanum
2970 1665 3253 1736 imperium
3284 1673 3625 1741 acquirendi,-
3649 1689 3751 1746 per

2166 1754 2370 1800 rectam
2400 1746 2584 1813 ﬁdem,
2615 1759 2874 1819 quantum
2905 1765 3146 1822 possunt.
3173 1756 3286 1812 Hac
3312 1759 3383 1814 de
3406 1775 3574 1817 causa
3605 1780 3749 1835 prae-

521 1849 790 1908 Cuillelmi
810 1853 961 1909 ducis
990 1854 1242 1925 Aquitani
1270 1857 1342 1910 ad
1383 1820 1607 1911 leonem
1658 1820 2028 1919 Ver'celleusem
2092 1820 2139 1880 Β
2168 1851 2424 1893 cessurus
2459 1847 2542 1894 θεῖ
2570 1842 2808 1909 Ρνυάθηδ
2833 1820 2988 1913 mi"
3016 1846 3208 1913 mium!
3232 1864 3392 1920 quem
3415 1866 3579 1924 supra
3607 1820 3745 1919 ἔπιδ’

1112 1927 1429 1995 episcopum.

870 2012 1030 2081 (Vide
1057 2013 1196 2070 infra
1234 2016 1286 2070 in
1310 2014 1676 2086 CUILLELIO.)

790 2125 1123 2184 EPISTOLA
1159 2128 1347 2184 CXXV
1385 2129 1532 2202 [olim
1579 2129 1767 2203 CXX].

476 2214 701 2272 Domino
719 2234 816 2273 suo
845 2219 1152 2275 charissima
1167 2222 1484 2277 Fucuen'rus
1503 2223 1716 2292 pra'suli
1744 2222 1804 2277 II.
1832 2224 2063 2278 omnium

916 2292 1320 2361 expetendorum
1352 2309 1634 2346 summam.

544 2379 697 2446 Quod
714 2389 840 2437 ante
853 2382 1151 2439 vindemias
1170 2399 1275 2439 non
1298 2385 1478 2440 reviso
1496 2399 1612 2450 vos,
1625 2382 1804 2450 Pater,
1828 2384 2062 2441 dilectis-

473 2475 593 2531 simi
628 2474 812 2533 fratris
849 2479 909 2532 Β.
934 2481 1154 2534 morbus
1182 2496 1269 2536 me
1301 2480 1526 2544 detinet,
1549 2495 1670 2534 cum
1699 2489 2058 2550 opportunum

477 2564 659 2622 inierit.
678 2579 953 2621 annuente
969 2567 1099 2631 Deo,
1124 2567 1477 2623 libentissime
1492 2569 1542 2623 id
1555 2580 1826 2624 acturum.
1845 2567 2060 2638 Scripto

472 2661 655 2708 vestro
706 2655 925 2711 interim
974 2673 1157 2727 quaeso
1206 2658 1337 2712 mihi
1398 2659 1743 2714 innotescere
1789 2660 2059 2731 quomodo

472 2755 571 2795 vos
594 2746 788 2814 agatis,
828 2757 884 2802 et
905 2749 1140 2817 qualiter
1166 2747 1520 2818 condiscipuli
1555 2750 1659 2803 mei
1704 2763 1762 2805 se
1789 2760 1981 2821 gerant
2002 2749 2054 2803 in

470 2839 693 2903 scholis,
720 2846 776 2892 et
803 2853 872 2891 an
910 2838 1104 2893 melius
1126 2838 1284 2894 solito
1314 2840 1590 2895 celebrent
1634 2843 1929 2898 canonicas
1952 2842 2053 2897 bo-

473 2950 584 2991 ras.
613 2933 764 2988 Mitto
791 2932 945 2989 vobis
979 2948 1145 2987 unum
1186 2947 1252 2987 ex
1294 2934 1501 2988 duobus
1530 2934 1723 2989 libellis
1755 2948 1893 3004 quos
1921 2934 2054 2989 ami-

472 3042 569 3082 cus
600 3039 783 3082 noster
821 3040 1005 3081 comes
1028 3023 1095 3079 (Ξ.
1148 3025 1358 3096 rogavit
1399 3025 1707 3087 transcribi.
1745 3024 2052 3079 lminissum

471 3122 686 3187 cuidam
712 3121 860 3176 hunc
899 3119 1096 3173 librum
1144 3118 1198 3173 in
1247 3134 1373 3173 arca
1415 3134 1532 3173 mea
1580 3118 1794 3173 celabat
1826 3117 2046 3182 oblivio,

469 3223 696 3284 ptttante
723 3228 809 3268 me
846 3200 993 3266 illum
1019 3210 1173 3265 vobis
1195 3225 1316 3266 esse
1340 3210 1597 3264 delatum.
1624 3210 1683 3264 Si
1725 3224 1822 3264 vos
1847 3208 1930 3264 vel
1957 3223 2049 3263 ve-

469 3317 614 3360 stros
654 3305 707 3359 in
743 3303 1036 3373 quaerendo
1064 3300 1312 3355 laberare
1343 3299 1465 3364 feci,
1518 3286 1635 3354 mea
1666 3300 1845 3370 culpa.
1892 3298 2055 3367 Salii-1

471 3406 604 3463 tate,
634 3410 848 3466 precor,
873 3394 992 3448 vice
1017 3407 1135 3447 mea
1165 3391 1442 3447 dominum
1483 3407 1662 3446 meum
1692 3392 1945 3462 Sigonem
1993 3400 2049 3445 et

469 3487 809 3543 Iliduinum:
865 3486 1123 3556 priorem,
1166 3484 1408 3539 animum
1457 3499 1678 3549 meum,
1728 3494 1783 3539 et
1810 3483 2045 3538 alterum

467 3562 665 3633 animae
713 3591 845 3632 metr.
893 3573 1195 3630 dimidium.
1229 3573 1631 3643 Caeterivestri
1680 3587 1872 3629 omnes
1912 3572 2044 3627 salvi

468 3669 580 3723 sint
613 3668 664 3722 in
697 3665 937 3730 Christo,
971 3679 1181 3719 summa
1230 3665 1472 3721 omnium
1514 3663 1690 3720 salute
1738 3678 1833 3719 vos
1860 3672 2045 3734 prote-

464 3769 649 3832 gente.
674 3760 870 3813 Amen.

745 3844 1081 3902 EPISTOLA
1118 3842 1331 3902 CXXVI
1367 3842 1513 3915 [oliui
1551 3841 1740 3914 CXXI]

571 3920 575 3923 1
638 3935 823 3989 Fratri
844 3935 904 3990 E.
932 3935 1297 3989 IIILDEGABIUS
1319 3948 1469 3986 autne
1495 3933 1685 3987 bonum
1705 3939 1873 4001 optat.

482 4014 485 4015 ⁷
536 4025 671 4081 Volo
717 4024 1123 4095 scribasrmibi,
1166 4022 1512 4087 charissime,
1551 4036 1714 4091 quam
1758 4020 1899 4074 bene
1944 4018 2041 4074 tibi

462 4116 727 4185 procedat
761 4114 1148 4170 scholasticum
1184 4110 1417 4166 officium
1448 4124 1479 4163 a
1520 4108 1741 4164 domino
1763 4121 1882 4162 meo
1908 4121 2043 4177 prte-

467 4190 603 4275 sule,
635 4213 825 4275 rogatu
858 4218 1000 4269 meo,
1036 4217 1209 4272 nuper
1240 4202 1335 4256 tibi
1365 4200 1746 4262 commissum;
1779 4206 2039 4266 quantum

463 4296 582 4362 ejus
611 4297 842 4366 gratiam
884 4295 1095 4358 inieris,
1138 4292 1230 4361 qui
1275 4302 1327 4346 te
1368 4289 1730 4351 demulceant,
1763 4288 1853 4357 qui
1890 4301 2036 4341 mor-

466 4391 650 4453 deant,
694 4402 857 4458 quam
893 4384 1179 4441 incolumis
1224 4392 1337 4438 tute
1385 4381 1657 4437 consistis.
1703 4376 2040 4447 Prosperitas

466 4491 554 4536 tua
590 4479 737 4535 salus
765 4480 895 4534 mihi
927 4489 1034 4544 est,
1060 4475 1362 4532 adversitas
1389 4473 1670 4546 aegritudo.
1691 4470 1883 4525 Valeas
1895 4483 2038 4523 sem-
2064 4501 2115 4560 υ

463 4588 562 4643 per
588 4572 640 4625 in
668 4569 906 4625 Christo.

722 4659 1056 4718 EPISTOLA
1092 4656 1327 4716 CXXVII
1367 4655 1513 4729 [olim
1544 4652 1775 4725 CXXII].

478 4742 489 4754 ’
532 4742 537 4747 ’
604 4740 763 4809 ΑννεΙι.
798 4752 837 4808 l.
864 4751 1075 4807 humilis
1095 4750 1363 4820 episcopus
1383 4757 1629 4801 retentam
1651 4743 1891 4798 salutem.

532 4844 753 4915 Magnas
793 4843 998 4913 gratias
1035 4836 1321 4893 referimus
1352 4843 1545 4889 vestra:
1571 4832 1849 4896 charitati,
1898 4828 2037 4899 peti-

462 4935 664 4989 tionem
695 4942 935 4987 nostram
973 4928 1191 4998 explere
1231 4923 1334 4980 sub
1371 4921 1677 4977 rationabili
1725 4920 2038 4975 conditione

461 5024 824 5096 promittenti.
853 5021 951 5077 Cui
975 5017 1269 5076 conditioni
1289 5014 1423 5070 velle
1454 5028 1552 5068 nos
1578 5014 1830 5067 alacriter
1856 5012 2039 5065 deser-

462 5111 605 5180 vire,
656 5114 750 5169 sed
784 5113 1006 5167 tninime
1033 5125 1211 5181 posse,
1241 5104 1596 5177 magnitudini
1631 5112 1822 5157 vestra:
1848 5112 2034 5157 notum

464 5207 693 5242 fat-inme
747 5204 1007 5242 Παρίην-ιω
1032 5202 1176 5242 ρηῖηὶ
1212 5199 1421 5242 ἰιίηριῆς
1447 5195 1546 5242 insi
1579 5192 1762 5242 multis
1790 5191 2035 5242 occupati

2166 1944 2287 1985 cum
2314 1930 2447 2001 ipsis
2470 1932 2882 1990 deliberaturus.
2905 1935 3056 1994 Nunc
3078 1952 3208 2010 ergo
3228 1943 3527 2011 prudentiae
3548 1958 3748 2002 vestra

2164 2027 2249 2075 est
2291 2019 2584 2077 decernere
2622 2031 2801 2079 utrum
2851 2027 2917 2080 ad
2962 2043 3062 2084 nos
3104 2029 3194 2085 illo
3247 2033 3470 2089 absente
3510 2037 3747 2092 veniatis

2158 2112 2312 2183 juxta
2355 2114 2687 2170 condictum.
2732 2114 2789 2171 Si
2830 2119 3111 2185 veneritis,
3142 2122 3396 2178 victualia
3429 2126 3582 2181 vobis
3630 2126 3748 2182 Deo

2165 2203 2426 2274 largiente
2448 2220 2553 2260 non
2581 2206 2826 2262 deerunt.
2847 2207 3001 2264 Unde
3044 2211 3320 2281 quodlibet
3342 2216 3495 2271 vobis
3523 2217 3748 2287 placue-

2163 2294 2257 2357 rit,
2286 2294 2487 2350 litteris
2515 2296 2645 2350 mihi
2677 2311 2810 2368 rogo
2837 2299 3155 2368 significari.
3187 2303 3397 2359 Interea
3434 2315 3490 2360 et
3521 2322 3746 2376 semper

2162 2398 2283 2438 cum
2310 2385 2562 2438 omnibus
2585 2386 2778 2441 vestris
2817 2386 2954 2443 bene
2980 2390 3222 2458 valeatis,
3263 2394 3613 2451 sanctissime
3638 2396 3746 2451 Pa-

2162 2483 2262 2539 ter,
2291 2478 2415 2529 vitae
2441 2477 2596 2533 nobis
2617 2477 2844 2533 dulcedo
2873 2482 3079 2550 pariter
3099 2493 3155 2537 et
3185 2485 3379 2553 gloria.
3410 2487 3469 2542 Si
3504 2490 3745 2545 transie-

2159 2566 2280 2621 ritis
2302 2564 2588 2629 Biturieas,
2613 2583 2736 2621 cum
2762 2568 2948 2624 Odone
2978 2572 3043 2626 de
3065 2573 3209 2627 Dolis
3232 2575 3404 2629 amice
3424 2578 3737 2645 loquimini.

2156 2655 2340 2712 Inveni
2370 2656 2523 2712 illum
2554 2658 2604 2711 in
2644 2656 2893 2713 Romano
2934 2660 3128 2717 itinere
3162 2665 3487 2732 prudentem
3528 2667 3742 2734 virum.

2155 2755 2211 2801 et
2236 2760 2396 2815 spero
2420 2746 2573 2801 vobis
2600 2746 3144 2815 obsequentissimum
3172 2751 3307 2813 fore,
3336 2754 3381 2808 si
3411 2755 3545 2824 quid
3573 2757 3742 2814 obse-

2155 2839 2267 2908 quii
2296 2839 2458 2897 vultis
2491 2841 2560 2894 ab
2586 2855 2685 2906 eo;
2714 2849 2798 2896 est
2830 2842 2993 2897 etiam
3016 2844 3199 2897 comiti
3231 2856 3417 2900 neStro
3440 2845 3740 2904 Cttiiieimo

2154 2930 2371 2986 satelles
2400 2931 2747 2988 ﬁdelissimus
2774 2944 2829 2988 et
2849 2933 3323 2992 familiarissimus.
3351 2936 3518 2994 Fulc‘o
3545 2955 3740 2996 comes

2154 3021 2452 3092 appellatus
2490 3039 2518 3077 a
2554 3026 2755 3079 comite
2782 3023 3071 3081 Guillelmo
3110 3042 3178 3082 ne
3216 3027 3370 3083 vobis
3414 3030 3562 3085 inter
3614 3032 3740 3087 vias

2154 3114 2402 3167 technam
2429 3113 2705 3181 moliatur,
2736 3119 3012 3185 respondit
3035 3118 3086 3171 in
3117 3134 3242 3173 vera
3269 3119 3397 3184 ﬁde,
3417 3122 3559 3176 sicut
3574 3121 3740 3176 vobis

2150 3204 2323 3258 visum
2372 3217 2476 3268 est,
2511 3206 2711 3261 nullam
2745 3222 2805 3263 se
2842 3208 3180 3276 moliturum;
3232 3211 3577 3272 velle_etiam
3623 3210 3731 3268 sibi

2151 3294 2510 3364 pramandari
2553 3306 2793 3352 vestrum
2834 3299 3152 3365 adventum,
3203 3308 3262 3354 ut
3313 3302 3588 3357 conducat
3632 3317 3736 3357 vos

2148 3399 2245 3455 per
2268 3401 2385 3440 sua.
2418 3384 2741 3455 Prosperum
2798 3389 2902 3443 iter
2942 3388 3106 3445 faciat
3139 3391 3297 3447 vobis
3334 3391 3474 3447 Deus
3521 3390 3733 3447 saluta-

2148 3478 2291 3532 rium
2319 3488 2647 3532 nostrorum.

2389 3586 2716 3663 EPISTULA
2755 3586 2968 3663 cxxtx
3015 3588 3161 3663 {cum
3217 3589 3475 3663 cxxrv].

2217 3651 2482 3711 Guilfelmi
2533 3659 2681 3711 ducis
2730 3651 3029 3729 Aquitania;
3077 3661 3146 3712 ad
3177 3651 3656 3716 marehioiﬂttf".

2530 3749 2685 3819 (Vide
2722 3750 2860 3806 infra
2895 3753 2947 3805 in
2977 3752 3332 3823 GUILLELIIO.)

2419 3859 2750 3934 Eptsrots
2786 3861 2981 3934 chx
3022 3861 3168 3934 [olim
3216 3860 3458 3934 CXXV].

2143 3927 2332 3985 Leonis
2365 3927 2701 3985 Vercelleusis
2726 3932 2794 3984 ad
2821 3927 3159 3986 Guillelntum
3189 3933 3372 3985 ducem
3400 3927 3727 4001 Aquitaniae.

2532 4019 2690 4089 (Vide
2726 4019 2865 4075 infra
2890 4021 2941 4074 itt
2969 4019 3328 4092 Cauaseum)

2390 4134 2723 4191 EPISTOLA
2761 4134 2974 4190 CXXXI
3013 4134 3164 4207 [olim
3209 4129 3473 4206 cxxvn.

2143 4225 2414 4282 Guillelmi
2453 4226 2604 4280 ducis
2632 4226 2929 4306 Aquitania:
2968 4226 3037 4278 ad
3068 4225 3292 4279 Leonem
3345 4220 3723 4278 Vercellenseus

2771 4312 3087 4365 episcopum.

2528 4386 2684 4457 (Vide
2718 4385 2855 4440 infra
2887 4386 2938 4438 in
2969 4385 3331 4455 ϐυιιιειιιο.)

2360 4497 2691 4553 EPIS’IOLA
2729 4496 2963 4553 CXXXiI
3002 4496 3147 4570 [olim
3196 4492 3479 4570 CXXVII].

2143 4590 2366 4644 Domino
2417 4606 2512 4642 suo
2562 4589 2846 4644 Fusssaro
2889 4588 3247 4642 Ιιιωεωιιιυε
3284 4587 3456 4655 fidelis
3484 4585 3603 4658 ejus
3648 4587 3722 4641 ad

2485 4670 2655 4712 votum
2685 4659 2858 4711 omnia
2890 4658 3013 4711 bene
3049 4658 3364 4727 contingere.

2209 4749 2454 4804 Priorem
2507 4757 2609 4803 tua:
2650 4747 2980 4817 poenitentia:
3030 4762 3270 4812 causam,
3310 4762 3475 4818 super
3508 4748 3719 4802 honore

2144 4838 2290 4893 beati
2323 4837 2510 4892 llilarii
2541 4846 2812 4906 suscepto,
2834 4835 3040 4905 justam
3066 4846 3186 4891 esse
3217 4836 3361 4902 novi,
3390 4836 3573 4891 Pater.
3603 4836 3715 4892 Ob-

2139 4943 2372 4999 sequens
2401 4926 2565 4999 igitur
2605 4926 2873 4980 mandatis
2903 4926 3029 4989 tuis,
3064 4940 3187 4980 cum
3213 4925 3315 4980 sim
3351 4934 3570 4981 tuorum
3616 4927 3717 4980 mi-

2138 5020 2337 5077 nimus.
2400 5018 2598 5085 vixque
2660 5015 2953 5070 necessarii
3017 5015 3233 5071 nomine
3303 5016 3534 5085 dignus,
3585 5016 3717 5070 illud

2138 5087 2510 5176 competenter
2576 5102 2803 5159 dixerim
2865 5103 3007 5171 quod
3053 5104 3128 5156 tui
3181 5103 3473 5170 praesentia
3527 5118 3716 5157 carcre

2139 5195 2365 5242 mttllttm
2387 5192 2518 5242 mihi
2536 5193 2607 5242 sit
2632 5193 3053 5242 incommodum.
3080 5202 3136 5242 ιιι
3160 5200 3282 5242 note
3305 5193 3447 5242 rudi.
3471 5194 3716 5242 uttotidie
