3974 5374
231 278 345 334 273

1661 291 2038 353 EPlS'l'OLzE.

3374 302 3481 357 ετι

424 386 625 488 exinde
653 398 982 488 proventura
1033 408 1216 450 coram
1258 396 1369 453 Deo
1405 408 1460 454 et
1502 401 1811 458 hominibus
1842 418 1887 476 Α
1915 409 2086 465 oculis
2112 412 2459 482 propbelans,
2491 415 2543 469 in
2565 419 2923 488 przesentique
2945 417 3109 472 ﬁlium
3142 433 3244 472 non
3272 417 3474 480 videns.

234 479 419 549 gratia
444 479 459 533 !
493 479 648 549 cujus
671 496 768 552 spe
802 483 1148 540 vehementer
1168 498 1358 557 captus
1389 491 1583 545 mirum
1612 493 1664 547 in
1693 510 1810 548 mo-

238 569 370 624 dum
401 584 432 623 a
483 570 730 625 clientela
776 582 862 627 tua
893 576 1075 631 tandiu
1105 579 1299 634 abesse
1329 589 1384 635 et
1427 596 1456 635 a
1491 585 1812 652 supradictae

174 673 193 743 ξ
234 661 476 717 domina:
534 664 758 720 servitio
819 668 973 735 quasi
1037 673 1363 741 emaneipari
1434 676 1747 743 pertulerim
1794 695 1809 734 :

187 752 197 771 ‘
240 752 377 806 tanti
400 760 553 808 esset
580 754 710 808 mihi
735 764 993 824 praeterea
1014 761 1302 828 quamdam
1334 764 1489 819 fama:
1512 776 1617 821 tute
1646 768 1813 823 mino-

237 843 510 897 rationem
547 844 723 915 abigi!
757 861 916 916 quam
944 848 1281 919 ingruentem
1316 853 1489 918 video,
1523 856 1626 911 nisi
1668 859 1812 927 quod

233 939 295 987 tu
324 933 441 1004 ipse
478 934 605 989 loco
638 945 889 1007 suscepto
930 939 1235 1009 prazfueris.
1281 940 1387 998 Sed
1427 960 1549 999 cum
1598 955 1651 1001 te
1692 948 1811 1017 plus

232 1023 458 1079 biennio
503 1024 803 1082 detinuerit
848 1026 975 1083 hinc
1011 1030 1318 1088 sollicitudo
1346 1035 1655 1103 pastoralis,
1686 1036 1813 1095 hinc

232 1112 545 1183 principum
566 1115 855 1181 discordia,
874 1131 973 1174 nec
994 1119 1107 1175 scio
1127 1122 1343 1191 quando
1367 1124 1469 1178 nisi
1496 1122 1600 1179 illis
1613 1126 1812 1180 obeunc

234 1200 381 1257 tibus
412 1206 823 1274 componenda,
872 1209 1077 1265 orturis
1120 1209 1344 1266 forsitan
1401 1212 1524 1269 aliis
1571 1212 1812 1285 pluribus

231 1293 413 1350 causis
444 1306 499 1350 te
538 1296 729 1353 itidem
771 1302 1141 1367 remoraturis,
1175 1304 1266 1359 vix
1295 1305 1469 1362 ausim
1506 1322 1728 1379 sperare
1758 1317 1813 1365 te

231 1383 314 1438 vel
343 1386 516 1441 semel
540 1387 885 1446 Pictavorum
915 1392 1050 1448 ﬁnes
1083 1396 1340 1461 revisere.
1375 1408 1450 1462 et,
1485 1407 1643 1468 prout
1670 1401 1812 1471 geris

231 1473 435 1539 animo,
470 1476 547 1532 illi
577 1480 795 1550 egregio
815 1481 1110 1538 confessori
1138 1484 1336 1540 Christi
1360 1487 1655 1544 deservire.
1677 1491 1813 1560 Spe-

231 1564 365 1620 rabo
390 1575 573 1623 tamen
612 1571 1014 1640 etiam.adbuc,
1054 1576 1197 1631 sicut
1235 1580 1525 1648 promittis,
1556 1583 1677 1637 vice
1719 1592 1809 1639 tua

230 1655 375 1722 quod
392 1665 590 1726 potero
610 1661 852 1716 serviens
876 1662 1111 1732 interim,
1140 1665 1318 1721 laztum
1346 1669 1421 1723 rei
1450 1671 1652 1725 exitum
1680 1673 1809 1727 mihi

1914 500 2080 555 multa
2121 501 2251 556 mihi
2303 503 2442 558 bona
2486 505 2536 559 in
2568 514 2841 575 posterum
2883 508 3185 576 provideas.
3215 508 3366 561 Feria
3397 522 3484 561 se-
3531 508 3545 519 '

1913 590 2086 645 cunda
2117 599 2240 662 post
2264 600 2486 648 octavas
2507 591 2851 648 Pentecostes
2889 595 3204 665 proﬁciscar
3229 594 3295 648 ad
3331 601 3405 658 te,
3433 593 3481 648 si

1912 685 2434 751 potero,resciturus
2458 694 2638 740 utrum
2664 686 2846 743 venias
2874 686 2940 741 ad
2962 686 3213 741 comitem
3236 685 3288 739 in
3318 684 3479 739 natali

1912 773 2082 827 sancti
2111 771 2353 829 Joannis.
2378 774 2525 830 Vale.

2162 904 2495 962 EPISTOLA
2534 906 2773 965 CXXXV
2812 906 2963 981 [olim
2991 907 3225 964 CXXXI.

1912 1019 2135 1076 Dommo
2161 1020 2225 1076 Β.
2276 1022 2568 1091 venerando
2614 1031 2767 1091 atque
2796 1021 3012 1077 amabili
3059 1017 3479 1075 decauoSanctt'

2285 1090 2481 1145 Hilarii
2509 1090 2575 1147 Η.
2609 1090 2857 1146 (sternam
2879 1091 3124 1147 salutem.

1983 1204 2163 1261 Multae
2200 1205 2355 1262 vobis
2394 1206 2584 1277 gratiae
2631 1206 2938 1263 referantur
2982 1221 3049 1262 ex
3096 1213 3252 1276 parte
3291 1204 3385 1259 Dei
3424 1211 3478 1260 et

1910 1294 2111 1350 domini
2144 1296 2247 1350 mei
2271 1296 2530 1366 episcopi,
2556 1305 2611 1351 et
2630 1311 2771 1357 mea.
2787 1296 2952 1365 quod.
2974 1298 3115 1352 sicut
3141 1294 3340 1361 dicitis,
3363 1309 3480 1350 rem

1911 1385 2096 1443 Sancti
2116 1387 2303 1444 Hilarii
2325 1389 2461 1443 bene
2480 1388 2811 1444 custodistis.
2832 1388 2967 1443 Hine
2983 1387 3224 1457 profecto
3250 1402 3347 1442 vos
3363 1386 3482 1455 ejus

1910 1477 2123 1534 ﬁdelem
2177 1492 2298 1534 esse
2338 1478 2567 1534 amicum
2622 1486 2680 1533 et
2717 1486 2981 1543 nostrum,
3025 1492 3252 1547 quorum
3307 1478 3479 1532 vicem

1910 1570 2129 1639 exsequi
2166 1568 2504 1635 studueritis,
2550 1570 2855 1625 certissime
2889 1568 3151 1640 probatis.
3184 1567 3322 1634 Quia
3348 1579 3482 1620 vero

1908 1661 2067 1716 nobis
2113 1660 2170 1715 in
2215 1660 2469 1731 praesenti
2514 1675 2610 1715 vos
2651 1661 2841 1717 audire
2868 1677 2974 1717 non
3004 1661 3149 1726 licet,
3193 1659 3260 1715 de
3287 1659 3484 1729 quibus

231 1741 439 1815 tibique
469 1761 717 1805 annuere
737 1750 1022 1808 Dominum
1047 1756 1277 1812 assiduis
1300 1758 1523 1815 vocibus
1549 1769 1604 1815 et
1637 1764 1806 1818 anhe-

1911 1765 2010 1806 nos
2035 1750 2432 1819 interrogastis,
2461 1750 2773 1820 signiﬁcare
2798 1751 3125 1815 curavimus,
3158 1759 3220 1806 ut
3259 1749 3480 1819 triginta

229 1832 297 1890 lis
323 1837 587 1904 precibus
618 1853 799 1897 orans.
833 1842 950 1908 Dic,
981 1860 1182 1915 qureso,
1221 1847 1401 1915 Pater,
1429 1851 1551 1921 quis
1573 1867 1808 1922 unquam

231 1926 335 1981 tiro
363 1928 487 1984 sine
517 1933 657 1987 duce
676 1932 962 1989 militavit?
993 1936 1125 2005 Quis
1152 1938 1266 1995 alto
1299 1941 1435 1996 mari
1470 1942 1583 1997 sine
1608 1944 1809 2015 remige

230 2018 458 2074 credere
490 2036 551 2076 se
573 2023 781 2079 voluit?
806 2025 1123 2083 Guillelmus
1146 2045 1331 2087 comes
1356 2033 1566 2089 amicus
1599 2043 1722 2090 tuus
1753 2044 1809 2091 et

227 2109 480 2165 canonici
510 2114 683 2169 nostri
714 2124 765 2169 te
800 2117 1094 2174 resalutant
1130 2121 1307 2177 adhuc
1335 2122 1584 2178 ﬁdeliter.
1619 2124 1808 2180 Jorda—

227 2213 328 2254 nus
352 2201 525 2256 etiam
563 2202 964 2265 Lemovicensis
989 2211 1290 2283 episcopus,
1324 2216 1409 2270 cui
1447 2217 1574 2271 olim
1611 2216 1809 2273 suffra-

226 2291 369 2361 gium
397 2297 710 2363 praestitisti
732 2300 870 2369 apud
892 2302 1360 2377 archiepiscopum
1387 2309 1807 2377 Bituricensem,

225 2380 460 2451 plurima
508 2394 563 2441 te
610 2388 786 2444 salute
826 2391 1141 2462 impertiens
1195 2405 1348 2466 rogat
1390 2399 1702 2470 suppliciter
1750 2407 1810 2455 ut

225 2472 415 2529 mittas
434 2475 487 2530 ei
523 2475 702 2533 Vitam
739 2482 912 2537 sancti
950 2483 1237 2553 Leonardi,
1271 2488 1325 2542 in
1366 2490 1680 2561 episcopatu
1709 2505 1808 2547 suo

154 2596 157 2597 ν
225 2565 584 2636 quiescentis,
602 2570 822 2625 tttaiunt
838 2572 952 2644 (52)
971 2576 1174 2641 ;sicubi
1195 2579 1433 2647 reperire
1446 2581 1672 2651 poteris,
1693 2582 1810 2651 pul-

223 2657 355 2713 chre
381 2659 540 2716 dicas
565 2660 669 2716 hoc
695 2659 1000 2720 feneratum
1014 2681 1153 2723 esse.
1186 2668 1263 2722 Ex
1286 2685 1405 2724 mea
1427 2686 1640 2742 quoque
1656 2682 1809 2742 parte

223 2764 330 2805 non
359 2766 462 2806 vos
489 2754 771 2823 poeniteat,
812 2764 865 2811 te
893 2757 1014 2812 dico
1037 2757 1316 2815 dominum
1349 2777 1551 2828 meum,
1595 2762 1807 2820 charis-

225 2841 424 2896 sintum
468 2854 619 2899 tuum
657 2860 871 2916 quoque
909 2848 1190 2918 Sigonem,
1236 2852 1423 2921 probis
1467 2852 1711 2908 moribus
1752 2860 1808 2908 et

227 2931 438 2988 artibus
463 2950 743 3007 magnum,
764 2947 1022 2995 centenas
1045 2941 1292 2999 millenas
1307 2943 1558 3013 excipere
1583 2943 1804 3000 salutes.

225 3019 302 3075 Ne
324 3032 396 3088 te,
418 3040 627 3095 quteso,
642 3028 839 3098 scripti
859 3030 965 3085 mei
984 3032 1177 3087 madeat
1201 3043 1253 3087 et
1276 3033 1623 3103 ineptiarum.
1648 3034 1809 3100 Quaa-

1909 1844 2148 1913 qninque
2174 1842 2364 1909 libras,
2393 1852 2449 1898 et
2495 1842 2632 1899 alias
2679 1858 2815 1913 quas
2844 1844 2996 1900 vobis
3019 1842 3217 1903 dimisi.
3251 1842 3306 1896 in
3345 1856 3481 1912 opus

1910 1932 2097 1989 Sancti
2152 1933 2340 1988 Hilarii
2383 1949 2479 2005 per
2511 1933 2794 1990 consilium
2852 1934 2977 1990 boui
3009 1934 3162 1989 ducis
3210 1931 3478 2009 Gnillelmi

1909 2022 2254 2092 expendatis,
2290 2023 2494 2077 nullam
2550 2024 2681 2079 mihi
2716 2031 2923 2093 partem
2972 2031 3330 2078 reservantes.
3365 2019 3480 2074 Non

1907 2112 2053 2168 enim
2103 2126 2322 2182 possum
2376 2127 2464 2169 me
2511 2112 2871 2167 intromittere
2919 2110 3148 2182 amplius
3194 2111 3259 2164 de
3307 2108 3483 2164 oﬁicio

1909 2201 2096 2257 Sancti
2142 2200 2353 2267 Hilarii,
2406 2215 2528 2256 cum
2577 2201 2740 2257 etiam
2789 2202 2874 2256 via
2912 2203 2980 2258 sit
3006 2202 3136 2257 mihi
3164 2208 3220 2255 et
3262 2200 3482 2255 domino

1909 2307 2028 2348 meo
2054 2293 2307 2364 episcopo
2333 2291 2566 2348 difﬁcilis
2592 2302 2813 2365 propter
2827 2294 3007 2349 steculi
3030 2293 3289 2348 malitiam
3317 2307 3477 2360 quam

1908 2385 2101 2451 nostis,
2118 2393 2173 2439 et
2192 2388 2264 2457 iu
2292 2383 2508 2441 Sanctae
2535 2384 2718 2441 Mariae
2741 2385 2964 2440 servitio
2994 2393 3177 2440 tenear
3202 2384 3479 2448 astrictus,

1907 2484 1967 2530 ιιι
1991 2475 2058 2529 ab
2086 2475 2187 2530 hoc
2215 2475 2334 2530 sine
2370 2476 2570 2531 danmo
2600 2475 2682 2530 vel
2714 2475 2870 2544 culpa
2908 2475 3169 2531 dimoveri
3194 2488 3479 2544 nequeam.

1910 2562 2017 2619 Sed
2051 2571 2105 2618 et
2138 2563 2307 2632 ipsius
2332 2563 2430 2619 Dei
2466 2562 2758 2620 Genitricis
2783 2564 3132 2619 eminentiam
3175 2563 3314 2632 apud
3345 2562 3485 2616 San-

1907 2663 2054 2710 ctum
2075 2652 2360 2721 Hilarium,
2383 2654 2426 2711 si
2454 2670 2560 2724 qua
2583 2670 2648 2710 ex
2672 2669 2758 2710 me
2784 2663 2885 2719 est,
2918 2653 3078 2723 hujus
3103 2655 3177 2709 rei
3206 2652 3482 2722 deprecari

1906 2759 2066 2816 posse
2095 2760 2218 2800 reor
2237 2743 2494 2801 oﬂensam
2528 2763 2541 2800 :
2574 2760 2673 2801 nec
2701 2747 2842 2801 enim
2876 2746 3024 2801 illum
3051 2746 3306 2800 honorem
3330 2743 3486 2798 cuili-

1906 2835 1999 2890 bet
2014 2834 2330 2890 inferiorum
2352 2836 2771 2906 postposuerim,
2795 2836 2888 2892 sed
2908 2834 3000 2908 [si]
3019 2834 3281 2890 clientelze
3297 2834 3485 2890 Matris

1908 2925 2142 2990 Domini,
2169 2940 2290 2995 qua:
2316 2926 2478 2980 etiam
2502 2926 2947 2998 archangelorum
2970 2925 3209 2981 omnium
3234 2924 3483 2994 dignitati

1906 3016 2131 3086 praelata
2161 3026 2267 3082 est,
2292 3015 2434 3084 jure,
2479 3025 2539 3071 ut
2566 3026 2692 3087 puta
2737 3017 2854 3088 ejus
2884 3016 3134 3071 alumnus
3167 3014 3483 3086 quantulus-

227 3113 349 3169 dam
374 3115 569 3187 legatis
595 3094 927 3187 diceréjussi
967 3137 1086 3191 qua,
1117 3123 1307 3180 audire
1336 3094 1540 3195 p'omris
1562 3094 1693 3180 ουπῖ
1716 3138 1811 3179 νο,
1837 3094 1881 3157 C
1912 3122 2146 3177 cunque,
2186 3119 2273 3161 me
2300 3107 2644 3162 reddiderim.
2680 3106 2876 3163 Dicetis
2913 3121 3043 3179 ergo
3073 3106 3145 3160 illi
3179 3106 3484 3176 prodeuntis-

227 3200 412 3260 iueris.
459 3205 608 3273 Vale,
633 3209 949 3267 cbarissrme
972 3212 1135 3268 Pater

464 3336 802 3422 EPISTOLA
829 3340 1088 3398 CXXXIII
1127 3343 1273 3416 [olim
1307 3345 1605 3418 CXXVIII].

400 3428 674 3487 Cui/[elati
709 3434 857 3488 duris
894 3435 1188 3506 Aquitaniae
1221 3437 1290 3490 ad
1317 3435 1626 3493 Fulbertum

644 3520 803 3593 (Vide
825 3522 966 3580 infra
994 3525 1046 3579 in
1073 3520 1438 3598 GUILLsLuo.)

475 3633 813 3692 EPISTOLA
834 3635 1094 3693 CXXXIV
1120 3638 1268 3712 [olim
1293 3638 1552 3710 CXXIX].

231 3720 449 3779 Domino
471 3742 571 3780 suo
599 3726 886 3799 Fotnsnro
917 3730 1154 3799 episcOpo
1185 3731 1547 3788 Hthsoanws
1572 3730 1810 3787 servulus

564 3796 683 3867 ejus
710 3796 961 3867 gaudium
987 3796 1248 3870 perpetuis
1278 3802 1483 3857 salutis.

297 3883 353 3938 In
381 3885 584 3942 litteris
614 3888 775 3944 amici
800 3890 874 3943 tui
902 3890 968 3946 G.
1017 3892 1235 3947 comitis
1266 3892 1486 3947 multam
1511 3892 1810 3964 deprehen-

233 3972 351 4031 dere
403 3988 560 4048 potes
607 3993 735 4050 erga
788 3991 840 4036 te
886 3982 1307 4054 benignitatem,
1360 3984 1807 4051 familiaritatem,

235 4065 547 4135 amicitiam,
599 4069 979 4125 sustinentiam
1050 4087 1171 4141 qua:
1219 4088 1324 4128 non
1372 4088 1506 4144 opus
1544 4083 1631 4129 est
1674 4074 1808 4130 mihi

230 4171 498 4228 exponere
557 4159 658 4215 tibi
715 4160 918 4230 optime
971 4161 1185 4217 scienti.
1241 4163 1364 4220 Vita
1414 4172 1505 4218 tua
1555 4178 1621 4220 ac
1665 4164 1809 4222 illius

231 4248 446 4312 comite,
480 4262 590 4303 non
616 4248 837 4304 amittes
877 4259 1187 4320 susceptum
1234 4249 1516 4316 honorem,
1550 4252 1595 4307 si
1623 4260 1809 4309 tenere

230 4338 482 4396 volueris.
513 4339 732 4396 Suadeo
759 4356 888 4413 ergo
920 4357 987 4398 ne
1009 4342 1178 4398 facias
1220 4343 1307 4398 vel
1342 4344 1549 4400 scribas
1574 4344 1623 4400 ei
1647 4360 1808 4415 repu-

230 4431 397 4497 dium,
442 4432 488 4487 si
534 4432 795 4513 intelligis
836 4432 953 4490 fore
994 4434 1089 4489 tibi
1136 4434 1272 4489 utile
1316 4448 1372 4490 et
1414 4436 1659 4492 ecclesia:
1700 4445 1805 4492 tua:
1830 4431 1882 4492 D

228 4523 630 4589 restanrationi,
681 4533 751 4580 et.
788 4524 833 4580 si
864 4532 949 4580 est
990 4525 1089 4580 tibi
1136 4526 1348 4580 animus
1382 4534 1437 4581 et
1468 4525 1694 4582 facultas
1737 4527 1805 4582 ad

228 4614 399 4686 ipsum
431 4617 708 4685 veniendi,
734 4624 796 4671 ιιι
829 4625 1001 4687 rogat,
1042 4625 1094 4672 el
1142 4616 1272 4671 mihi
1322 4617 1584 4672 vicarium
1615 4617 1807 4674 subrov

227 4707 381 4777 gandi
429 4706 516 4763 vel
548 4707 756 4763 socium
805 4705 1057 4763 addendi.
1115 4706 1429 4761 Nullatenus
1483 4706 1629 4762 enim
1660 4705 1807 4762 ferre

225 4808 464 4864 possum,
515 4795 619 4850 nisi
665 4794 915 4864 jussione
960 4804 1049 4849 tua
1100 4803 1343 4859 coactus,
1393 4793 1480 4849 vel
1530 4795 1805 4851 absentari

225 4885 437 4954 penitus
466 4900 574 4952 me,
604 4886 691 4941 vel
725 4886 916 4941 abesse
946 4885 1149 4942 diutius
1176 4884 1453 4956 obsequiis
1506 4885 1663 4943 alma:
1708 4883 1805 4940 Dei

225 4974 518 5033 Genitricis
551 4986 607 5033 et
642 4978 775 5045 tuis,
827 4977 1144 5034 desiderans
1187 4987 1250 5034 ut
1288 4992 1483 5034 cervus
1514 4978 1581 5034 ad
1627 4978 1806 5034 fontes

225 5082 486 5140 aquarum
511 5070 617 5126 tuis
645 5069 869 5142 plenius
890 5068 1086 5125 instrui
1109 5069 1472 5137 documentis,
1504 5072 1651 5127 omni
1672 5084 1806 5126 auro

226 5172 278 5220 et
303 5173 551 5237 argento,
600 5166 717 5237 ipsa
750 5164 921 5221 etiam
953 5164 1057 5218 vita
1101 5165 1231 5220 mihi
1273 5163 1634 5221 charioribus.
1669 5161 1806 5218 Volo

1911 3197 2051 3253 simo
2091 3196 2213 3251 duci
2266 3212 2333 3251 ex
2390 3206 2544 3268 parte
2584 3198 2785 3252 domini
2833 3198 2938 3253 mei
2983 3197 3241 3268 episcopi,
3298 3204 3357 3250 ut
3390 3194 3480 3249 tali

1910 3290 2111 3346 rectori
2160 3290 2465 3344 committat
2491 3289 2667 3345 locum
2707 3289 2891 3347 Sancti
2936 3289 3147 3354 Hilarii,
3180 3303 3339 3359 quem
3382 3300 3484 3342 nec

1910 3379 2193 3436 difﬁcultas
2224 3380 2455 3444 itineris,
2483 3396 2582 3437 nec
2608 3382 2872 3452 imperitia
2893 3380 3242 3437 ecclesiastici
3272 3379 3482 3433 ordinis

1909 3469 2124 3541 ab—ejus
2147 3468 2403 3539 obsequio
2427 3470 2684 3525 detineat.
2718 3470 2785 3524 Et
2821 3470 2905 3524 ha:
2956 3478 3085 3524 sunt
3130 3468 3367 3522 rationes
3416 3466 3483 3518 de

1836 3584 1849 3631 ί
1908 3563 2106 3635 quibus
2131 3561 2454 3632 Reginaldus
2473 3562 2589 3616 vice
2617 3561 2864 3616 dominus
2892 3560 2958 3615 ad
3001 3560 3268 3615 seniorem
3301 3572 3482 3613 meum

1911 3654 2219 3724 episcopum
2249 3650 2459 3706 loeutus
2492 3660 2598 3716 est,
2647 3660 2704 3705 et
2750 3650 2905 3705 unde
2944 3648 3103 3703 talem
3132 3647 3285 3701 vobis
3318 3647 3480 3701 ﬁnem

1910 3743 2252 3799 mandamus.
2285 3740 2439 3795 Nune
2463 3749 2701 3795 vestram
2750 3740 3093 3802 charltatem,
3121 3751 3240 3807 quia:
3265 3749 3482 3815 semper

1910 3834 2040 3890 mihi
2072 3832 2171 3887 fuit
2197 3830 2635 3903 praesentissima,
2663 3827 3194 3899 rogo,dilectissime,
3218 3837 3276 3881 ut
3295 3838 3483 3879 omnes

1908 3923 2135 3979 clericos
2159 3922 2363 3979 domini
2384 3919 2869 3984 nostridulcissimi
2896 3917 3275 3975 acbeatissimi
3304 3916 3483 3996 Patris

1910 4013 2124 4080 Hilarii,
2151 4028 2181 4069 a
2210 4028 2376 4084 parvo
2402 4027 2578 4083 usque
2598 4015 2669 4068 ad
2691 4010 2975 4080 majorem,
3022 4026 3097 4065 ex.
3116 4025 3235 4065 meo
3267 4009 3483 4062 nomine

1910 4105 2182 4171 salutetis,
2209 4112 2266 4161 et
2287 4104 2540 4160 omnibus
2578 4103 2883 4159 orationum
2911 4101 3088 4159 ﬁdelia
3134 4099 3350 4156 dicatis.
3379 4098 3482 4166 Ipsi

1909 4199 2073 4253 etiam
2105 4197 2290 4254 comiti
2321 4204 2581 4253 centenas
2608 4195 2859 4251 millenas
2882 4194 3083 4251 salutes
3095 4208 3164 4248 ex
3188 4207 3305 4248 mea
3330 4199 3483 4260 parte

1909 4290 2220 4359 conferatis,
2265 4305 2424 4360 quem
2453 4305 2568 4360 pra:
2597 4289 2848 4345 omnibus
2894 4287 3051 4343 laicis
3075 4286 3256 4356 diligo,
3284 4297 3484 4337 memo-

1909 4384 2046 4438 riam
2082 4383 2202 4454 ejus
2227 4382 2281 4437 in
2306 4381 2650 4437 orationibus
2676 4380 2811 4435 meis
2838 4379 2904 4433 ad
2936 4376 3219 4433 Dominum
3253 4373 3480 4434 faciens.

1906 4474 2306 4546 qualescunque
2334 4473 2406 4537 ei,
2436 4486 2538 4540 pro
2569 4483 2752 4525 amore
2792 4477 2848 4525 et
2889 4466 3167 4522 beneﬁciis
3184 4479 3304 4534 qua:
3348 4462 3481 4517 mihi

1904 4561 2560 4627 exhibuit,indesiuenter
2581 4559 2782 4631 gratias
2813 4570 2996 4627 agens.
3017 4554 3280 4609 Similiter
3300 4561 3482 4605 autem

1907 4654 2183 4711 dominum
2237 4666 2419 4707 meum
2471 4650 2825 4705 lsembertum
2876 4644 3183 4716 episcOptnn
3231 4639 3479 4701 salutate.

1905 4743 2136 4799 obsecro
2164 4781 2180 4809 ,
2227 4742 2383 4814 cujus
2432 4741 2488 4796 in
2541 4754 2629 4795 me
2679 4735 3033 4807 benignitatis
3075 4749 3138 4790 ac
3193 4731 3483 4788 hilaritatis

1904 4842 2104 4905 quanta
2122 4833 2287 4889 fuerit
2306 4831 2503 4905 gratia,
2522 4830 2829 4885 nullatenus
2849 4827 3033 4882 dicere
3052 4840 3137 4908 me
3150 4822 3281 4879 sinit
3298 4820 3452 4890 probi
3472 4847 3483 4854 -

1907 4926 2036 4982 tatis
2054 4926 2172 4996 ejus
2200 4925 2460 4982 immensa
2487 4921 2825 4994 magnitudo.
2862 4917 2969 4974 Sed
3000 4928 3055 4974 et
3083 4918 3249 4971 ﬁlium
3273 4911 3488 4966 comitis

1906 5024 1963 5072 et
1989 5017 2267 5073 dominam
2301 5014 2664 5081 comitissam,
2703 5026 2803 5067 nec
2833 5024 2940 5066 non
2977 5017 3037 5064 et
3078 5007 3231 5071 alios,
3260 5015 3491 5071 quorum

1906 5103 2289 5163 benevolentia
2355 5104 2460 5162 etsi
2510 5103 2821 5161 immeritus
2886 5099 3191 5170 gaudebam
3235 5133 3275 5180 ,_
3303 5090 3495 5146 eodem

1907 5194 2099 5252 salutis
2148 5211 2379 5252 munere
2429 5206 2658 5252 cunctos
2714 5186 2984 5252 impertiri
3028 5208 3106 5248 .ne
3160 5186 3363 5252 pigeat.
3416 5180 3498 5234 Ad
