  <div class='ocr_page' id='page_1' title='image "/cluster/home/n/w/nwhite01/storage/ocr_20150623/141/hvd.32044015471790/143.png"; bbox 0 0 4018 6432; ppageno 0'>
   <div class='ocr_carea' id='block_1_1' title="bbox 446 274 568 340">
    <p class='ocr_par' dir='ltr' id='par_1_1' title="bbox 446 274 568 340">
     <span class='ocr_line' id='line_1_1' title="bbox 446 274 568 340; baseline 0.074 -14"><span class='ocrx_word' id='word_1_1' title='bbox 446 274 568 340; x_wconf 61' lang='lat'><strong>.275</strong></span> 
     </span>
    </p>
   </div>
   <div class='ocr_carea' id='block_1_2' title="bbox 693 397 1795 474">
    <p class='ocr_par' dir='ltr' id='par_1_2' title="bbox 693 397 1795 474">
     <span class='ocr_line' id='line_1_2' title="bbox 693 397 1795 474; baseline 0.007 -23"><span class='ocrx_word' id='word_1_2' title='bbox 693 397 1024 454; x_wconf 82' lang='lat' dir='ltr'><strong>EPISTOLA</strong></span> <span class='ocrx_word' id='word_1_3' title='bbox 1063 399 1321 457; x_wconf 78' lang='lat' dir='ltr'><strong>CXXXVI</strong></span> <span class='ocrx_word' id='word_1_4' title='bbox 1362 401 1508 474; x_wconf 81' lang='lat' dir='ltr'><strong>[olim</strong></span> <span class='ocrx_word' id='word_1_5' title='bbox 1534 403 1795 461; x_wconf 77' lang='lat' dir='ltr'><strong>CXXXI‘.</strong></span> 
     </span>
    </p>
   </div>
   <div class='ocr_carea' id='block_1_3' title="bbox 1055 490 1441 564">
    <p class='ocr_par' dir='ltr' id='par_1_3' title="bbox 1055 490 1441 564">
     <span class='ocr_line' id='line_1_3' title="bbox 1055 490 1441 564; baseline 0.008 -21"><span class='ocrx_word' id='word_1_6' title='bbox 1055 490 1232 558; x_wconf 72' lang='lat' dir='ltr'><strong>(Auno</strong></span> <span class='ocrx_word' id='word_1_7' title='bbox 1258 491 1441 564; x_wconf 73' lang='lat'><strong>1029.)</strong></span> 
     </span>
    </p>
   </div>
   <div class='ocr_carea' id='block_1_4' title="bbox 455 594 2039 674">
    <p class='ocr_par' dir='ltr' id='par_1_4' title="bbox 455 594 2039 674">
     <span class='ocr_line' id='line_1_4' title="bbox 455 594 2039 674; baseline 0.008 -22"><span class='ocrx_word' id='word_1_8' title='bbox 455 594 621 674; x_wconf 58' lang='lat' dir='ltr'><strong>Sacro</strong></span> <span class='ocrx_word' id='word_1_9' title='bbox 642 598 1021 674; x_wconf 70' lang='lat' dir='ltr'><strong>Senonensium</strong></span> <span class='ocrx_word' id='word_1_10' title='bbox 1043 606 1403 674; x_wconf 75' lang='lat' dir='ltr'><strong>archiprwsuti</strong></span> <span class='ocrx_word' id='word_1_11' title='bbox 1426 607 1765 664; x_wconf 71' lang='lat' dir='ltr'><strong>Lsorusmco</strong></span> <span class='ocrx_word' id='word_1_12' title='bbox 1786 612 2039 666; x_wconf 85' lang='lat' dir='ltr'><strong>canonici.</strong></span> 
     </span>
    </p>
   </div>
   <div class='ocr_carea' id='block_1_5' title="bbox 526 668 2024 735">
    <p class='ocr_par' dir='ltr' id='par_1_5' title="bbox 526 668 2024 735">
     <span class='ocr_line' id='line_1_5' title="bbox 526 668 2024 735; baseline 0.008 -12"><span class='ocrx_word' id='word_1_13' title='bbox 526 668 739 724; x_wconf 65' lang='lat' dir='ltr'><strong>Sancta</strong></span> <span class='ocrx_word' id='word_1_14' title='bbox 771 671 958 726; x_wconf 68' lang='lat' dir='ltr'><strong>Maria:</strong></span> <span class='ocrx_word' id='word_1_15' title='bbox 986 668 1320 730; x_wconf 80' lang='lat' dir='ltr'><strong>Carnotensis</strong></span> <span class='ocrx_word' id='word_1_16' title='bbox 1368 677 1422 730; x_wconf 87' lang='lat' dir='ltr'><strong>in</strong></span> <span class='ocrx_word' id='word_1_17' title='bbox 1460 675 1668 732; x_wconf 80' lang='lat' dir='ltr'><strong>Christo</strong></span> <span class='ocrx_word' id='word_1_18' title='bbox 1710 679 1931 735; x_wconf 75' lang='lat' dir='ltr'><strong>salutem</strong></span> <span class='ocrx_word' id='word_1_19' title='bbox 1974 691 2024 735; x_wconf 90' lang='lat' dir='ltr'><strong>et</strong></span> 
     </span>
    </p>
   </div>
   <div class='ocr_carea' id='block_1_6' title="bbox 507 738 1304 814">
    <p class='ocr_par' dir='ltr' id='par_1_6' title="bbox 507 738 1304 814">
     <span class='ocr_line' id='line_1_6' title="bbox 507 738 1304 814; baseline 0.011 -24"><span class='ocrx_word' id='word_1_20' title='bbox 507 738 693 803; x_wconf 55' lang='lat' dir='ltr'><strong>pst/tne</strong></span> <span class='ocrx_word' id='word_1_21' title='bbox 719 739 989 809; x_wconf 81' lang='lat' dir='ltr'><strong>ﬁdelitatis</strong></span> <span class='ocrx_word' id='word_1_22' title='bbox 1007 743 1304 814; x_wconf 74' lang='lat' dir='ltr'><strong>obsequium</strong></span> 
     </span>
    </p>
   </div>
   <div class='ocr_carea' id='block_1_7' title="bbox 522 844 2022 930">
    <p class='ocr_par' dir='ltr' id='par_1_7' title="bbox 522 844 2022 930">
     <span class='ocr_line' id='line_1_7' title="bbox 522 844 2022 930; baseline 0.011 -28"><span class='ocrx_word' id='word_1_23' title='bbox 522 844 747 917; x_wconf 68' lang='lat' dir='ltr'><strong>multum</strong></span> <span class='ocrx_word' id='word_1_24' title='bbox 797 852 1079 921; x_wconf 80' lang='lat' dir='ltr'><strong>miramur,</strong></span> <span class='ocrx_word' id='word_1_25' title='bbox 1119 845 1438 914; x_wconf 84' lang='lat' dir='ltr'><strong>venerande</strong></span> <span class='ocrx_word' id='word_1_26' title='bbox 1464 861 1641 925; x_wconf 83' lang='lat' dir='ltr'><strong>Pater.</strong></span> <span class='ocrx_word' id='word_1_27' title='bbox 1686 862 1829 930; x_wconf 90' lang='lat' dir='ltr'><strong>quod</strong></span> <span class='ocrx_word' id='word_1_28' title='bbox 1864 863 2022 920; x_wconf 89' lang='lat' dir='ltr'><strong>bonis</strong></span> 
     </span>
    </p>
   </div>
   <div class='ocr_carea' id='block_1_8' title="bbox 451 938 2019 1022">
    <p class='ocr_par' dir='ltr' id='par_1_8' title="bbox 451 938 2019 1022">
     <span class='ocr_line' id='line_1_8' title="bbox 451 938 2019 1022; baseline 0.01 -30"><span class='ocrx_word' id='word_1_29' title='bbox 451 938 626 1017; x_wconf 85' lang='lat' dir='ltr'><strong>initiis</strong></span> <span class='ocrx_word' id='word_1_30' title='bbox 678 950 786 999; x_wconf 89' lang='lat' dir='ltr'><strong>tam</strong></span> <span class='ocrx_word' id='word_1_31' title='bbox 834 945 1005 1002; x_wconf 86' lang='lat' dir='ltr'><strong>malos</strong></span> <span class='ocrx_word' id='word_1_32' title='bbox 1051 949 1228 1005; x_wconf 79' lang='lat' dir='ltr'><strong>exitus</strong></span> <span class='ocrx_word' id='word_1_33' title='bbox 1279 950 1511 1005; x_wconf 74' lang='lat' dir='ltr'><strong>habuisti</strong></span> <span class='ocrx_word' id='word_1_34' title='bbox 1540 969 1554 1005; x_wconf 90' lang='lat'><strong>:</strong></span> <span class='ocrx_word' id='word_1_35' title='bbox 1587 952 1838 1008; x_wconf 80' lang='lat' dir='ltr'><strong>videlicet</strong></span> <span class='ocrx_word' id='word_1_36' title='bbox 1875 954 2019 1022; x_wconf 88' lang='lat' dir='ltr'><strong>quod</strong></span> 
     </span>
    </p>
   </div>
   <div class='ocr_carea' id='block_1_9' title="bbox 452 1028 2019 1107">
    <p class='ocr_par' dir='ltr' id='par_1_9' title="bbox 452 1028 2019 1107">
     <span class='ocr_line' id='line_1_9' title="bbox 452 1028 2019 1107; baseline 0.011 -24"><span class='ocrx_word' id='word_1_37' title='bbox 452 1028 613 1087; x_wconf 89' lang='lat' dir='ltr'><strong>nobis</strong></span> <span class='ocrx_word' id='word_1_38' title='bbox 666 1045 883 1103; x_wconf 79' lang='lat' dir='ltr'><strong>pastore</strong></span> <span class='ocrx_word' id='word_1_39' title='bbox 927 1039 1238 1096; x_wconf 88' lang='lat' dir='ltr'><strong>carentibus</strong></span> <span class='ocrx_word' id='word_1_40' title='bbox 1266 1081 1281 1107; x_wconf 92' lang='lat'><strong>,</strong></span> <span class='ocrx_word' id='word_1_41' title='bbox 1333 1043 1386 1097; x_wconf 91' lang='lat' dir='ltr'><strong>in</strong></span> <span class='ocrx_word' id='word_1_42' title='bbox 1432 1042 1602 1097; x_wconf 89' lang='lat' dir='ltr'><strong>altero</strong></span> <span class='ocrx_word' id='word_1_43' title='bbox 1646 1043 2019 1100; x_wconf 89' lang='lat' dir='ltr'><strong>substitueudo</strong></span> 
     </span>
    </p>
   </div>
   <div class='ocr_carea' id='block_1_10' title="bbox 378 1117 2016 1200">
    <p class='ocr_par' dir='ltr' id='par_1_10' title="bbox 378 1117 2016 1200">
     <span class='ocr_line' id='line_1_10' title="bbox 378 1117 2016 1200; baseline 0.01 -27"><span class='ocrx_word' id='word_1_44' title='bbox 378 1186 387 1191; x_wconf 30' lang='grc' dir='ltr'><strong><em>η</em></strong></span> <span class='ocrx_word' id='word_1_45' title='bbox 449 1117 683 1191; x_wconf 78' lang='lat' dir='ltr'><strong>primum</strong></span> <span class='ocrx_word' id='word_1_46' title='bbox 708 1122 847 1180; x_wconf 84' lang='lat' dir='ltr'><strong>bene</strong></span> <span class='ocrx_word' id='word_1_47' title='bbox 873 1124 1070 1190; x_wconf 78' lang='lat' dir='ltr'><strong>favisti,</strong></span> <span class='ocrx_word' id='word_1_48' title='bbox 1112 1136 1167 1184; x_wconf 87' lang='lat' dir='ltr'><strong>et</strong></span> <span class='ocrx_word' id='word_1_49' title='bbox 1206 1138 1480 1200; x_wconf 86' lang='lat' dir='ltr'><strong>postremo</strong></span> <span class='ocrx_word' id='word_1_50' title='bbox 1521 1134 1841 1187; x_wconf 84' lang='lat' dir='ltr'><strong>sententiam</strong></span> <span class='ocrx_word' id='word_1_51' title='bbox 1873 1142 2016 1190; x_wconf 91' lang='lat' dir='ltr'><strong>tuam</strong></span> 
     </span>
    </p>
   </div>
   <div class='ocr_carea' id='block_1_11' title="bbox 408 1204 2018 1294">
    <p class='ocr_par' dir='ltr' id='par_1_11' title="bbox 408 1204 2018 1294">
     <span class='ocr_line' id='line_1_11' title="bbox 408 1204 2018 1294; baseline 0.012 -33"><span class='ocrx_word' id='word_1_52' title='bbox 408 1204 776 1280; x_wconf 45' lang='lat' dir='ltr'><strong>“depravasti,</strong></span> <span class='ocrx_word' id='word_1_53' title='bbox 801 1214 965 1270; x_wconf 88' lang='lat' dir='ltr'><strong>alium</strong></span> <span class='ocrx_word' id='word_1_54' title='bbox 992 1216 1196 1291; x_wconf 88' lang='lat' dir='ltr'><strong>[quam]</strong></span> <span class='ocrx_word' id='word_1_55' title='bbox 1219 1234 1377 1290; x_wconf 88' lang='lat' dir='ltr'><strong>quem</strong></span> <span class='ocrx_word' id='word_1_56' title='bbox 1400 1237 1499 1278; x_wconf 90' lang='lat' dir='ltr'><strong>nos</strong></span> <span class='ocrx_word' id='word_1_57' title='bbox 1519 1223 2018 1294; x_wconf 79' lang='lat' dir='ltr'><strong>elegeramusordi-</strong></span> 
     </span>
    </p>
   </div>
   <div class='ocr_carea' id='block_1_12' title="bbox 447 1301 2016 1383">
    <p class='ocr_par' dir='ltr' id='par_1_12' title="bbox 447 1301 2016 1383">
     <span class='ocr_line' id='line_1_12' title="bbox 447 1301 2016 1383; baseline 0.013 -30"><span class='ocrx_word' id='word_1_58' title='bbox 447 1301 647 1361; x_wconf 82' lang='lat' dir='ltr'><strong>nando.</strong></span> <span class='ocrx_word' id='word_1_59' title='bbox 680 1302 755 1360; x_wconf 83' lang='lat' dir='ltr'><strong>Ne</strong></span> <span class='ocrx_word' id='word_1_60' title='bbox 781 1316 959 1363; x_wconf 88' lang='lat' dir='ltr'><strong>autem</strong></span> <span class='ocrx_word' id='word_1_61' title='bbox 1004 1310 1153 1367; x_wconf 90' lang='lat' dir='ltr'><strong>dicas</strong></span> <span class='ocrx_word' id='word_1_62' title='bbox 1180 1313 1461 1383; x_wconf 77' lang='lat' dir='ltr'><strong>ignorasse</strong></span> <span class='ocrx_word' id='word_1_63' title='bbox 1501 1325 1552 1370; x_wconf 92' lang='lat' dir='ltr'><strong>te</strong></span> <span class='ocrx_word' id='word_1_64' title='bbox 1582 1316 1897 1372; x_wconf 90' lang='lat' dir='ltr'><strong>electionem</strong></span> <span class='ocrx_word' id='word_1_65' title='bbox 1921 1334 2016 1373; x_wconf 83' lang='lat' dir='ltr'><strong>no-</strong></span> 
     </span>
    </p>
   </div>
   <div class='ocr_carea' id='block_1_13' title="bbox 447 1399 2014 1473">
    <p class='ocr_par' dir='ltr' id='par_1_13' title="bbox 447 1399 2014 1473">
     <span class='ocr_line' id='line_1_13' title="bbox 447 1399 2014 1473; baseline 0.011 -27"><span class='ocrx_word' id='word_1_66' title='bbox 447 1400 634 1454; x_wconf 83' lang='lat' dir='ltr'><strong>stram.</strong></span> <span class='ocrx_word' id='word_1_67' title='bbox 662 1399 1035 1455; x_wconf 87' lang='lat' dir='ltr'><strong>mandavimus</strong></span> <span class='ocrx_word' id='word_1_68' title='bbox 1061 1401 1155 1457; x_wconf 91' lang='lat' dir='ltr'><strong>tibi</strong></span> <span class='ocrx_word' id='word_1_69' title='bbox 1177 1418 1274 1473; x_wconf 92' lang='lat' dir='ltr'><strong>per</strong></span> <span class='ocrx_word' id='word_1_70' title='bbox 1294 1403 1550 1460; x_wconf 82' lang='lat' dir='ltr'><strong>diaconos</strong></span> <span class='ocrx_word' id='word_1_71' title='bbox 1574 1415 1807 1472; x_wconf 90' lang='lat' dir='ltr'><strong>nostros,</strong></span> <span class='ocrx_word' id='word_1_72' title='bbox 1824 1406 2014 1463; x_wconf 88' lang='lat' dir='ltr'><strong>Odele-</strong></span> 
     </span>
    </p>
   </div>
   <div class='ocr_carea' id='block_1_14' title="bbox 447 1480 2010 1565">
    <p class='ocr_par' dir='ltr' id='par_1_14' title="bbox 447 1480 2010 1565">
     <span class='ocr_line' id='line_1_14' title="bbox 447 1480 2010 1565; baseline 0.013 -32"><span class='ocrx_word' id='word_1_73' title='bbox 447 1480 590 1535; x_wconf 86' lang='lat' dir='ltr'><strong>rium</strong></span> <span class='ocrx_word' id='word_1_74' title='bbox 620 1493 671 1537; x_wconf 88' lang='lat' dir='ltr'><strong>et</strong></span> <span class='ocrx_word' id='word_1_75' title='bbox 694 1484 1104 1557; x_wconf 89' lang='lat' dir='ltr'><strong>Frotmundum,</strong></span> <span class='ocrx_word' id='word_1_76' title='bbox 1125 1492 1351 1563; x_wconf 81' lang='lat' dir='ltr'><strong>elegisse</strong></span> <span class='ocrx_word' id='word_1_77' title='bbox 1378 1510 1476 1551; x_wconf 88' lang='lat' dir='ltr'><strong>nos</strong></span> <span class='ocrx_word' id='word_1_78' title='bbox 1494 1496 1562 1550; x_wconf 84' lang='lat' dir='ltr'><strong>A.</strong></span> <span class='ocrx_word' id='word_1_79' title='bbox 1582 1498 1866 1565; x_wconf 88' lang='lat' dir='ltr'><strong>decanum,</strong></span> <span class='ocrx_word' id='word_1_80' title='bbox 1890 1514 2010 1553; x_wconf 90' lang='lat' dir='ltr'><strong>cum</strong></span> 
     </span>
    </p>
   </div>
   <div class='ocr_carea' id='block_1_15' title="bbox 441 1568 2013 1658">
    <p class='ocr_par' dir='ltr' id='par_1_15' title="bbox 441 1568 2013 1658">
     <span class='ocr_line' id='line_1_15' title="bbox 441 1568 2013 1658; baseline 0.015 -36"><span class='ocrx_word' id='word_1_81' title='bbox 441 1568 634 1631; x_wconf 87' lang='lat' dir='ltr'><strong>litteris</strong></span> <span class='ocrx_word' id='word_1_82' title='bbox 655 1577 853 1632; x_wconf 85' lang='lat' dir='ltr'><strong>nostris</strong></span> <span class='ocrx_word' id='word_1_83' title='bbox 873 1578 1100 1648; x_wconf 90' lang='lat' dir='ltr'><strong>idipsum</strong></span> <span class='ocrx_word' id='word_1_84' title='bbox 1128 1584 1528 1642; x_wconf 84' lang='lat' dir='ltr'><strong>continentibus</strong></span> <span class='ocrx_word' id='word_1_85' title='bbox 1552 1603 1566 1653; x_wconf 91' lang='lat'><strong>;</strong></span> <span class='ocrx_word' id='word_1_86' title='bbox 1590 1587 1682 1658; x_wconf 87' lang='lat' dir='ltr'><strong>qui</strong></span> <span class='ocrx_word' id='word_1_87' title='bbox 1713 1589 1834 1645; x_wconf 89' lang='lat' dir='ltr'><strong>talis</strong></span> <span class='ocrx_word' id='word_1_88' title='bbox 1859 1590 2013 1646; x_wconf 89' lang='lat' dir='ltr'><strong>nobis</strong></span> 
     </span>
    </p>
   </div>
   <div class='ocr_carea' id='block_1_16' title="bbox 360 1659 2012 1743">
    <p class='ocr_par' dir='ltr' id='par_1_16' title="bbox 360 1659 2012 1743">
     <span class='ocr_line' id='line_1_16' title="bbox 360 1659 2012 1743; baseline 0.014 -30"><span class='ocrx_word' id='word_1_89' title='bbox 360 1678 365 1685; x_wconf 60' lang='grc' dir='ltr'>ί</span> <span class='ocrx_word' id='word_1_90' title='bbox 440 1659 746 1729; x_wconf 85' lang='lat' dir='ltr'><strong>videbatur,</strong></span> <span class='ocrx_word' id='word_1_91' title='bbox 786 1668 1000 1736; x_wconf 89' lang='lat' dir='ltr'><strong>qualem</strong></span> <span class='ocrx_word' id='word_1_92' title='bbox 1040 1671 1348 1743; x_wconf 81' lang='lat' dir='ltr'><strong>episcopum</strong></span> <span class='ocrx_word' id='word_1_93' title='bbox 1376 1676 1616 1732; x_wconf 89' lang='lat' dir='ltr'><strong>ordinari</strong></span> <span class='ocrx_word' id='word_1_94' title='bbox 1639 1678 1837 1743; x_wconf 79' lang='lat' dir='ltr'><strong>debere</strong></span> <span class='ocrx_word' id='word_1_95' title='bbox 1879 1680 2012 1737; x_wconf 83' lang='lat' dir='ltr'><strong>dicit</strong></span> 
     </span>
    </p>
   </div>
   <div class='ocr_carea' id='block_1_17' title="bbox 439 1750 2012 1839">
    <p class='ocr_par' dir='ltr' id='par_1_17' title="bbox 439 1750 2012 1839">
     <span class='ocr_line' id='line_1_17' title="bbox 439 1750 2012 1839; baseline 0.017 -38"><span class='ocrx_word' id='word_1_96' title='bbox 439 1750 726 1805; x_wconf 82' lang='lat' dir='ltr'><strong>concilium</strong></span> <span class='ocrx_word' id='word_1_97' title='bbox 757 1752 1181 1825; x_wconf 77' lang='lat' dir='ltr'><strong>Carthagineuse</strong></span> <span class='ocrx_word' id='word_1_98' title='bbox 1206 1772 1478 1832; x_wconf 88' lang='lat' dir='ltr'><strong>quartum.</strong></span> <span class='ocrx_word' id='word_1_99' title='bbox 1505 1765 1657 1833; x_wconf 85' lang='lat' dir='ltr'><strong>Quod</strong></span> <span class='ocrx_word' id='word_1_100' title='bbox 1682 1768 1726 1822; x_wconf 90' lang='lat' dir='ltr'><strong>si</strong></span> <span class='ocrx_word' id='word_1_101' title='bbox 1773 1771 2012 1839; x_wconf 84' lang='lat' dir='ltr'><strong>posthaec</strong></span> 
     </span>
    </p>
   </div>
   <div class='ocr_carea' id='block_1_18' title="bbox 440 1838 2011 1926">
    <p class='ocr_par' dir='ltr' id='par_1_18' title="bbox 440 1838 2011 1926">
     <span class='ocr_line' id='line_1_18' title="bbox 440 1838 2011 1926; baseline 0.015 -34"><span class='ocrx_word' id='word_1_102' title='bbox 440 1838 604 1895; x_wconf 88' lang='lat' dir='ltr'><strong>alium</strong></span> <span class='ocrx_word' id='word_1_103' title='bbox 636 1844 730 1899; x_wconf 88' lang='lat' dir='ltr'><strong>tibi</strong></span> <span class='ocrx_word' id='word_1_104' title='bbox 778 1846 1087 1904; x_wconf 85' lang='lat' dir='ltr'><strong>obtulerunt</strong></span> <span class='ocrx_word' id='word_1_105' title='bbox 1139 1851 1220 1906; x_wconf 91' lang='lat' dir='ltr'><strong>vel</strong></span> <span class='ocrx_word' id='word_1_106' title='bbox 1251 1868 1343 1908; x_wconf 78' lang='lat' dir='ltr'><strong>rex</strong></span> <span class='ocrx_word' id='word_1_107' title='bbox 1387 1855 1470 1910; x_wconf 84' lang='lat' dir='ltr'><strong>vel</strong></span> <span class='ocrx_word' id='word_1_108' title='bbox 1517 1856 1680 1926; x_wconf 83' lang='lat' dir='ltr'><strong>aliqui</strong></span> <span class='ocrx_word' id='word_1_109' title='bbox 1711 1872 1777 1913; x_wconf 81' lang='lat' dir='ltr'><strong>ex</strong></span> <span class='ocrx_word' id='word_1_110' title='bbox 1810 1864 2011 1917; x_wconf 88' lang='lat' dir='ltr'><strong>nostris</strong></span> 
     </span>
    </p>
   </div>
   <div class='ocr_carea' id='block_1_19' title="bbox 443 1929 2012 2019">
    <p class='ocr_par' dir='ltr' id='par_1_19' title="bbox 443 1929 2012 2019">
     <span class='ocr_line' id='line_1_19' title="bbox 443 1929 2012 2019; baseline 0.017 -39"><span class='ocrx_word' id='word_1_111' title='bbox 443 1929 623 1985; x_wconf 87' lang='lat' dir='ltr'><strong>minus</strong></span> <span class='ocrx_word' id='word_1_112' title='bbox 650 1934 1003 2002; x_wconf 84' lang='lat' dir='ltr'><strong>sapientibus,</strong></span> <span class='ocrx_word' id='word_1_113' title='bbox 1034 1942 1366 2009; x_wconf 88' lang='lat' dir='ltr'><strong>oportuisset</strong></span> <span class='ocrx_word' id='word_1_114' title='bbox 1391 1952 1443 1999; x_wconf 90' lang='lat' dir='ltr'><strong>te</strong></span> <span class='ocrx_word' id='word_1_115' title='bbox 1470 1959 1689 2001; x_wconf 83' lang='lat' dir='ltr'><strong>causam</strong></span> <span class='ocrx_word' id='word_1_116' title='bbox 1720 1948 2012 2019; x_wconf 78' lang='lat' dir='ltr'><strong>diligenter</strong></span> 
     </span>
    </p>
   </div>
   <div class='ocr_carea' id='block_1_20' title="bbox 439 2022 2008 2109">
    <p class='ocr_par' dir='ltr' id='par_1_20' title="bbox 439 2022 2008 2109">
     <span class='ocr_line' id='line_1_20' title="bbox 439 2022 2008 2109; baseline 0.016 -38"><span class='ocrx_word' id='word_1_117' title='bbox 439 2022 750 2086; x_wconf 88' lang='lat' dir='ltr'><strong>attendere.</strong></span> <span class='ocrx_word' id='word_1_118' title='bbox 793 2036 844 2082; x_wconf 90' lang='lat' dir='ltr'><strong>et</strong></span> <span class='ocrx_word' id='word_1_119' title='bbox 888 2028 1033 2093; x_wconf 82' lang='lat' dir='ltr'><strong>inter</strong></span> <span class='ocrx_word' id='word_1_120' title='bbox 1080 2046 1180 2087; x_wconf 87' lang='lat' dir='ltr'><strong>nos</strong></span> <span class='ocrx_word' id='word_1_121' title='bbox 1227 2034 1375 2103; x_wconf 86' lang='lat' dir='ltr'><strong>ipsos</strong></span> <span class='ocrx_word' id='word_1_122' title='bbox 1417 2034 1734 2105; x_wconf 80' lang='lat' dir='ltr'><strong>dijntlicare,</strong></span> <span class='ocrx_word' id='word_1_123' title='bbox 1778 2054 2008 2109; x_wconf 89' lang='lat' dir='ltr'><strong>quorum</strong></span> 
     </span>
    </p>
   </div>
   <div class='ocr_carea' id='block_1_21' title="bbox 448 2112 2011 2189">
    <p class='ocr_par' dir='ltr' id='par_1_21' title="bbox 448 2112 2011 2189">
     <span class='ocr_line' id='line_1_21' title="bbox 448 2112 2011 2189; baseline 0.017 -28"><span class='ocrx_word' id='word_1_124' title='bbox 448 2112 634 2165; x_wconf 77' lang='lat' dir='ltr'><strong>sanior</strong></span> <span class='ocrx_word' id='word_1_125' title='bbox 672 2114 960 2172; x_wconf 89' lang='lat' dir='ltr'><strong>haberetur</strong></span> <span class='ocrx_word' id='word_1_126' title='bbox 983 2119 1198 2189; x_wconf 85' lang='lat' dir='ltr'><strong>electio,</strong></span> <span class='ocrx_word' id='word_1_127' title='bbox 1245 2124 1386 2180; x_wconf 89' lang='lat' dir='ltr'><strong>sicut</strong></span> <span class='ocrx_word' id='word_1_128' title='bbox 1429 2127 1480 2181; x_wconf 92' lang='lat' dir='ltr'><strong>in</strong></span> <span class='ocrx_word' id='word_1_129' title='bbox 1526 2128 1762 2184; x_wconf 87' lang='lat' dir='ltr'><strong>decretis</strong></span> <span class='ocrx_word' id='word_1_130' title='bbox 1813 2130 2011 2188; x_wconf 86' lang='lat' dir='ltr'><strong>Leonis</strong></span> 
     </span>
    </p>
   </div>
   <div class='ocr_carea' id='block_1_22' title="bbox 439 2206 2009 2282">
    <p class='ocr_par' dir='ltr' id='par_1_22' title="bbox 439 2206 2009 2282">
     <span class='ocr_line' id='line_1_22' title="bbox 439 2206 2009 2282; baseline 0.014 -25"><span class='ocrx_word' id='word_1_131' title='bbox 439 2218 592 2272; x_wconf 69' lang='lat' dir='ltr'><strong>papte</strong></span> <span class='ocrx_word' id='word_1_132' title='bbox 616 2206 904 2277; x_wconf 78' lang='lat' dir='ltr'><strong>signiﬁcari</strong></span> <span class='ocrx_word' id='word_1_133' title='bbox 929 2215 1128 2282; x_wconf 90' lang='lat' dir='ltr'><strong>optime</strong></span> <span class='ocrx_word' id='word_1_134' title='bbox 1152 2217 1290 2271; x_wconf 90' lang='lat' dir='ltr'><strong>nosti</strong></span> <span class='ocrx_word' id='word_1_135' title='bbox 1315 2218 1395 2273; x_wconf 85' lang='lat' dir='ltr'><strong>Itis</strong></span> <span class='ocrx_word' id='word_1_136' title='bbox 1423 2222 1628 2276; x_wconf 82' lang='lat' dir='ltr'><strong>verbis:</strong></span> <span class='ocrx_word' id='word_1_137' title='bbox 1655 2221 1753 2277; x_wconf 90' lang='lat' dir='ltr'><strong>Ille</strong></span> <span class='ocrx_word' id='word_1_138' title='bbox 1772 2226 2009 2279; x_wconf 72' lang='lat' dir='ltr'><strong>omnibus</strong></span> 
     </span>
    </p>
   </div>
   <div class='ocr_carea' id='block_1_23' title="bbox 436 2304 2010 2382">
    <p class='ocr_par' dir='ltr' id='par_1_23' title="bbox 436 2304 2010 2382">
     <span class='ocr_line' id='line_1_23' title="bbox 436 2304 2010 2382; baseline 0.016 -36"><span class='ocrx_word' id='word_1_139' title='bbox 436 2308 786 2366; x_wconf 66' lang='lat' dir='ltr'><strong>pra&#39;ponetur,</strong></span> <span class='ocrx_word' id='word_1_140' title='bbox 814 2318 963 2372; x_wconf 85' lang='lat' dir='ltr'><strong>quem</strong></span> <span class='ocrx_word' id='word_1_141' title='bbox 1012 2304 1138 2361; x_wconf 79' lang='lat' dir='ltr'><strong>cieri</strong></span> <span class='ocrx_word' id='word_1_142' title='bbox 1178 2308 1441 2382; x_wconf 86' lang='lat' dir='ltr'><strong>plebisque</strong></span> <span class='ocrx_word' id='word_1_143' title='bbox 1467 2328 1744 2368; x_wconf 77' lang='lat' dir='ltr'><strong>consensus</strong></span> <span class='ocrx_word' id='word_1_144' title='bbox 1795 2333 2010 2371; x_wconf 80' lang='lat' dir='ltr'><strong>rancor-</strong></span> 
     </span>
    </p>
   </div>
   <div class='ocr_carea' id='block_1_24' title="bbox 443 2384 2006 2475">
    <p class='ocr_par' dir='ltr' id='par_1_24' title="bbox 443 2384 2006 2475">
     <span class='ocr_line' id='line_1_24' title="bbox 443 2384 2006 2475; baseline 0.016 -39"><span class='ocrx_word' id='word_1_145' title='bbox 443 2384 579 2447; x_wconf 77' lang='lat' dir='ltr'><strong>tliter</strong></span> <span class='ocrx_word' id='word_1_146' title='bbox 613 2390 928 2457; x_wconf 88' lang='lat' dir='ltr'><strong>postularint</strong></span> <span class='ocrx_word' id='word_1_147' title='bbox 964 2409 982 2447; x_wconf 90' lang='lat'><strong><em>:</em></strong></span> <span class='ocrx_word' id='word_1_148' title='bbox 1012 2396 1084 2450; x_wconf 89' lang='lat' dir='ltr'><strong>ita</strong></span> <span class='ocrx_word' id='word_1_149' title='bbox 1111 2409 1185 2460; x_wconf 84' lang='lat' dir='ltr'><strong>ut.</strong></span> <span class='ocrx_word' id='word_1_150' title='bbox 1213 2401 1258 2452; x_wconf 87' lang='lat' dir='ltr'><strong>si</strong></span> <span class='ocrx_word' id='word_1_151' title='bbox 1285 2401 1338 2455; x_wconf 89' lang='lat' dir='ltr'><strong>in</strong></span> <span class='ocrx_word' id='word_1_152' title='bbox 1362 2402 1522 2457; x_wconf 83' lang='lat' dir='ltr'><strong>aliam</strong></span> <span class='ocrx_word' id='word_1_153' title='bbox 1563 2405 1697 2473; x_wconf 78' lang='lat' dir='ltr'><strong>forte</strong></span> <span class='ocrx_word' id='word_1_154' title='bbox 1734 2423 2006 2475; x_wconf 76' lang='lat' dir='ltr'><strong>personant</strong></span> 
     </span>
    </p>
   </div>
   <div class='ocr_carea' id='block_1_25' title="bbox 435 2478 2006 2565">
    <p class='ocr_par' dir='ltr' id='par_1_25' title="bbox 435 2478 2006 2565">
     <span class='ocr_line' id='line_1_25' title="bbox 435 2478 2006 2565; baseline 0.015 -37"><span class='ocrx_word' id='word_1_155' title='bbox 435 2478 664 2543; x_wconf 85' lang='lat' dir='ltr'><strong>partium</strong></span> <span class='ocrx_word' id='word_1_156' title='bbox 712 2498 769 2535; x_wconf 82' lang='lat' dir='ltr'><strong>se</strong></span> <span class='ocrx_word' id='word_1_157' title='bbox 813 2496 930 2539; x_wconf 77' lang='lat' dir='ltr'><strong>rota</strong></span> <span class='ocrx_word' id='word_1_158' title='bbox 967 2487 1255 2556; x_wconf 70' lang='lat' dir='ltr'><strong>diviserint,</strong></span> <span class='ocrx_word' id='word_1_159' title='bbox 1300 2494 1686 2562; x_wconf 85' lang='lat' dir='ltr'><strong>metropolitani</strong></span> <span class='ocrx_word' id='word_1_160' title='bbox 1719 2498 1921 2565; x_wconf 86' lang='lat' dir='ltr'><strong>judicio</strong></span> <span class='ocrx_word' id='word_1_161' title='bbox 1962 2499 2006 2551; x_wconf 90' lang='lat' dir='ltr'><strong>is</strong></span> 
     </span>
    </p>
   </div>
   <div class='ocr_carea' id='block_1_26' title="bbox 438 2568 2004 2655">
    <p class='ocr_par' dir='ltr' id='par_1_26' title="bbox 438 2568 2004 2655">
     <span class='ocr_line' id='line_1_26' title="bbox 438 2568 2004 2655; baseline 0.017 -35"><span class='ocrx_word' id='word_1_162' title='bbox 438 2568 623 2627; x_wconf 84' lang='lat' dir='ltr'><strong>saltem</strong></span> <span class='ocrx_word' id='word_1_163' title='bbox 670 2570 821 2628; x_wconf 86' lang='lat' dir='ltr'><strong>alteri</strong></span> <span class='ocrx_word' id='word_1_164' title='bbox 847 2589 1204 2650; x_wconf 69' lang='lat' dir='ltr'><strong>pra&#39;ponatur,</strong></span> <span class='ocrx_word' id='word_1_165' title='bbox 1253 2585 1344 2653; x_wconf 85' lang='lat' dir='ltr'><strong>qui</strong></span> <span class='ocrx_word' id='word_1_166' title='bbox 1387 2587 1675 2655; x_wconf 78' lang='lat' dir='ltr'><strong>majoribus</strong></span> <span class='ocrx_word' id='word_1_167' title='bbox 1724 2600 1773 2643; x_wconf 87' lang='lat' dir='ltr'><strong>et</strong></span> <span class='ocrx_word' id='word_1_168' title='bbox 1817 2594 2004 2647; x_wconf 85' lang='lat' dir='ltr'><strong>studiis</strong></span> 
     </span>
    </p>
   </div>
   <div class='ocr_carea' id='block_1_27' title="bbox 440 2657 2007 2752">
    <p class='ocr_par' dir='ltr' id='par_1_27' title="bbox 440 2657 2007 2752">
     <span class='ocr_line' id='line_1_27' title="bbox 440 2657 2007 2752; baseline 0.014 -36"><span class='ocrx_word' id='word_1_169' title='bbox 440 2657 651 2716; x_wconf 76' lang='lat' dir='ltr'><strong>iuvatur</strong></span> <span class='ocrx_word' id='word_1_170' title='bbox 693 2673 740 2716; x_wconf 90' lang='lat' dir='ltr'><strong>et</strong></span> <span class='ocrx_word' id='word_1_171' title='bbox 791 2668 1008 2723; x_wconf 86' lang='lat' dir='ltr'><strong>meritis.</strong></span> <span class='ocrx_word' id='word_1_172' title='bbox 1054 2669 1312 2729; x_wconf 83' lang='lat' dir='ltr'><strong>Volumus</strong></span> <span class='ocrx_word' id='word_1_173' title='bbox 1352 2685 1531 2730; x_wconf 89' lang='lat' dir='ltr'><strong>autem</strong></span> <span class='ocrx_word' id='word_1_174' title='bbox 1589 2681 1730 2735; x_wconf 88' lang='lat' dir='ltr'><strong>scire</strong></span> <span class='ocrx_word' id='word_1_175' title='bbox 1782 2690 1833 2737; x_wconf 92' lang='lat' dir='ltr'><strong>te</strong></span> <span class='ocrx_word' id='word_1_176' title='bbox 1862 2686 2007 2752; x_wconf 84' lang='lat' dir='ltr'><strong>quod</strong></span> 
     </span>
    </p>
   </div>
   <div class='ocr_carea' id='block_1_28' title="bbox 442 2750 2004 2841">
    <p class='ocr_par' dir='ltr' id='par_1_28' title="bbox 442 2750 2004 2841">
     <span class='ocr_line' id='line_1_28' title="bbox 442 2750 2004 2841; baseline 0.016 -39"><span class='ocrx_word' id='word_1_177' title='bbox 442 2750 614 2820; x_wconf 86' lang='lat' dir='ltr'><strong>ipsam</strong></span> <span class='ocrx_word' id='word_1_178' title='bbox 640 2752 958 2811; x_wconf 88' lang='lat' dir='ltr'><strong>electionem</strong></span> <span class='ocrx_word' id='word_1_179' title='bbox 987 2770 1225 2818; x_wconf 88' lang='lat' dir='ltr'><strong>nostram</strong></span> <span class='ocrx_word' id='word_1_180' title='bbox 1253 2766 1627 2824; x_wconf 84' lang='lat' dir='ltr'><strong>mandavimus</strong></span> <span class='ocrx_word' id='word_1_181' title='bbox 1663 2770 1859 2831; x_wconf 87' lang='lat' dir='ltr'><strong>domno</strong></span> <span class='ocrx_word' id='word_1_182' title='bbox 1880 2750 2004 2841; x_wconf 74' lang='lat' dir='ltr'><strong>regi</strong></span> 
     </span>
    </p>
   </div>
   <div class='ocr_carea' id='block_1_29' title="bbox 439 2848 2004 2925">
    <p class='ocr_par' dir='ltr' id='par_1_29' title="bbox 439 2848 2004 2925">
     <span class='ocr_line' id='line_1_29' title="bbox 439 2848 2004 2925; baseline 0.015 -33"><span class='ocrx_word' id='word_1_183' title='bbox 439 2852 535 2906; x_wconf 89' lang='lat' dir='ltr'><strong>per</strong></span> <span class='ocrx_word' id='word_1_184' title='bbox 569 2855 695 2897; x_wconf 89' lang='lat' dir='ltr'><strong>suos</strong></span> <span class='ocrx_word' id='word_1_185' title='bbox 724 2848 1037 2915; x_wconf 80' lang='lat' dir='ltr'><strong>monachos,</strong></span> <span class='ocrx_word' id='word_1_186' title='bbox 1080 2850 1408 2910; x_wconf 85' lang='lat' dir='ltr'><strong>Herualdutu</strong></span> <span class='ocrx_word' id='word_1_187' title='bbox 1438 2857 1672 2925; x_wconf 85' lang='lat' dir='ltr'><strong>priorem</strong></span> <span class='ocrx_word' id='word_1_188' title='bbox 1702 2868 1755 2914; x_wconf 92' lang='lat' dir='ltr'><strong>et</strong></span> <span class='ocrx_word' id='word_1_189' title='bbox 1792 2861 2004 2916; x_wconf 76' lang='lat' dir='ltr'><strong>ltestal-</strong></span> 
     </span>
    </p>
   </div>
   <div class='ocr_carea' id='block_1_30' title="bbox 438 2927 2004 3020">
    <p class='ocr_par' dir='ltr' id='par_1_30' title="bbox 438 2927 2004 3020">
     <span class='ocr_line' id='line_1_30' title="bbox 438 2927 2004 3020; baseline 0.017 -40"><span class='ocrx_word' id='word_1_190' title='bbox 438 2927 564 3020; x_wconf 84' lang='lat' dir='ltr'><strong>dum</strong></span> <span class='ocrx_word' id='word_1_191' title='bbox 591 2936 934 3020; x_wconf 62' lang='lat' dir='ltr'><strong>praepositum</strong></span> <span class='ocrx_word' id='word_1_192' title='bbox 967 2941 1139 2995; x_wconf 87' lang='lat' dir='ltr'><strong>sancti</strong></span> <span class='ocrx_word' id='word_1_193' title='bbox 1186 2943 1445 3015; x_wconf 83' lang='lat' dir='ltr'><strong>Dionysii.</strong></span> <span class='ocrx_word' id='word_1_194' title='bbox 1477 2946 1708 3014; x_wconf 84' lang='lat' dir='ltr'><strong>Quibus,</strong></span> <span class='ocrx_word' id='word_1_195' title='bbox 1737 2948 2004 3020; x_wconf 82' lang='lat' dir='ltr'><strong>objicien-</strong></span> 
     </span>
    </p>
   </div>
   <div class='ocr_carea' id='block_1_31' title="bbox 437 3018 2003 3110">
    <p class='ocr_par' dir='ltr' id='par_1_31' title="bbox 437 3018 2003 3110">
     <span class='ocr_line' id='line_1_31' title="bbox 437 3018 2003 3110; baseline 0.018 -40"><span class='ocrx_word' id='word_1_196' title='bbox 437 3019 580 3075; x_wconf 91' lang='lat' dir='ltr'><strong>tibus</strong></span> <span class='ocrx_word' id='word_1_197' title='bbox 605 3024 757 3078; x_wconf 90' lang='lat' dir='ltr'><strong>nobis</strong></span> <span class='ocrx_word' id='word_1_198' title='bbox 782 3018 1203 3088; x_wconf 45' lang='lat' dir='ltr'><strong>de&#39;Tltcodorico</strong></span> <span class='ocrx_word' id='word_1_199' title='bbox 1230 3036 1533 3092; x_wconf 85' lang='lat' dir='ltr'><strong>ordinando</strong></span> <span class='ocrx_word' id='word_1_200' title='bbox 1583 3040 1782 3110; x_wconf 81' lang='lat' dir='ltr'><strong>regiam</strong></span> <span class='ocrx_word' id='word_1_201' title='bbox 1806 3018 2003 3097; x_wconf 72' lang='lat' dir='ltr'><strong>volun—</strong></span> 
     </span>
    </p>
   </div>
   <div class='ocr_carea' id='block_1_32' title="bbox 1487 280 2967 347">
    <p class='ocr_par' dir='ltr' id='par_1_32' title="bbox 1487 280 2967 347">
     <span class='ocr_line' id='line_1_32' title="bbox 1487 280 2967 347; baseline 0.002 -4"><span class='ocrx_word' id='word_1_202' title='bbox 1487 286 1546 343; x_wconf 78' lang='lat' dir='ltr'><strong>S.</strong></span> <span class='ocrx_word' id='word_1_203' title='bbox 1588 286 1927 343; x_wconf 73' lang='lat' dir='ltr'><strong>FULBEBTI</strong></span> <span class='ocrx_word' id='word_1_204' title='bbox 1952 285 2433 343; x_wconf 69' lang='lat' dir='ltr'><strong>CARNOTENSIS</strong></span> <span class='ocrx_word' id='word_1_205' title='bbox 2467 289 2768 347; x_wconf 78' lang='lat' dir='ltr'><strong>EPISCOPI</strong></span> <span class='ocrx_word' id='word_1_206' title='bbox 2900 280 2967 305; x_wconf 30' lang='lat' dir='ltr'><strong>ﬁ&quot;</strong></span> 
     </span>
    </p>
   </div>
   <div class='ocr_carea' id='block_1_33' title="bbox 3590 292 3699 355">
    <p class='ocr_par' dir='ltr' id='par_1_33' title="bbox 3590 292 3699 355">
     <span class='ocr_line' id='line_1_33' title="bbox 3590 292 3699 355; baseline 0.073 -11"><span class='ocrx_word' id='word_1_207' title='bbox 3590 292 3699 355; x_wconf 62' lang='lat'><strong>175</strong></span> 
     </span>
    </p>
   </div>
   <div class='ocr_carea' id='block_1_34' title="bbox 2052 404 3699 481">
    <p class='ocr_par' dir='ltr' id='par_1_34' title="bbox 2052 404 3699 481">
     <span class='ocr_line' id='line_1_34' title="bbox 2052 404 3699 481; baseline 0.007 -27"><span class='ocrx_word' id='word_1_208' title='bbox 2052 408 2100 468; x_wconf 77' lang='grc' dir='ltr'><strong>Α</strong></span> <span class='ocrx_word' id='word_1_209' title='bbox 2129 404 2200 456; x_wconf 84' lang='lat' dir='ltr'><strong>ad</strong></span> <span class='ocrx_word' id='word_1_210' title='bbox 2226 406 2518 474; x_wconf 79' lang='lat' dir='ltr'><strong>eligenaum</strong></span> <span class='ocrx_word' id='word_1_211' title='bbox 2537 423 2828 476; x_wconf 74' lang='lat' dir='ltr'><strong>epist-apum</strong></span> <span class='ocrx_word' id='word_1_212' title='bbox 2856 423 3265 475; x_wconf 77' lang='lat' dir='ltr'><strong>converterimus,</strong></span> <span class='ocrx_word' id='word_1_213' title='bbox 3289 409 3337 464; x_wconf 88' lang='lat' dir='ltr'><strong>si</strong></span> <span class='ocrx_word' id='word_1_214' title='bbox 3355 426 3457 481; x_wconf 82' lang='lat' dir='ltr'><strong>qua</strong></span> <span class='ocrx_word' id='word_1_215' title='bbox 3486 422 3699 467; x_wconf 79' lang='lat' dir='ltr'><strong>contro-</strong></span> 
     </span>
    </p>
   </div>
   <div class='ocr_carea' id='block_1_35' title="bbox 2126 488 3699 569">
    <p class='ocr_par' dir='ltr' id='par_1_35' title="bbox 2126 488 3699 569">
     <span class='ocr_line' id='line_1_35' title="bbox 2126 488 3699 569; baseline 0.009 -23"><span class='ocrx_word' id='word_1_216' title='bbox 2126 493 2284 547; x_wconf 88' lang='lat' dir='ltr'><strong>dictio</strong></span> <span class='ocrx_word' id='word_1_217' title='bbox 2313 494 2469 563; x_wconf 76' lang='lat' dir='ltr'><strong>fuerit</strong></span> <span class='ocrx_word' id='word_1_218' title='bbox 2492 496 2693 561; x_wconf 86' lang='lat' dir='ltr'><strong>oborta,</strong></span> <span class='ocrx_word' id='word_1_219' title='bbox 2709 498 2832 568; x_wconf 88' lang='lat' dir='ltr'><strong>quia</strong></span> <span class='ocrx_word' id='word_1_220' title='bbox 2856 488 2982 552; x_wconf 87' lang='lat' dir='ltr'><strong>talia</strong></span> <span class='ocrx_word' id='word_1_221' title='bbox 3011 498 3151 567; x_wconf 78' lang='lat' dir='ltr'><strong>facta</strong></span> <span class='ocrx_word' id='word_1_222' title='bbox 3167 510 3284 554; x_wconf 83' lang='lat' dir='ltr'><strong>sunt</strong></span> <span class='ocrx_word' id='word_1_223' title='bbox 3306 502 3445 569; x_wconf 83' lang='lat' dir='ltr'><strong>apud</strong></span> <span class='ocrx_word' id='word_1_224' title='bbox 3459 518 3573 569; x_wconf 72' lang='lat' dir='ltr'><strong>nos,</strong></span> <span class='ocrx_word' id='word_1_225' title='bbox 3593 522 3699 560; x_wconf 79' lang='lat' dir='ltr'><strong>non</strong></span> 
     </span>
    </p>
   </div>
   <div class='ocr_carea' id='block_1_36' title="bbox 2123 590 3696 661">
    <p class='ocr_par' dir='ltr' id='par_1_36' title="bbox 2123 590 3696 661">
     <span class='ocr_line' id='line_1_36' title="bbox 2123 590 3696 661; baseline 0.008 -23"><span class='ocrx_word' id='word_1_226' title='bbox 2123 598 2461 658; x_wconf 72' lang='lat' dir='ltr'><strong>prmuntaut,</strong></span> <span class='ocrx_word' id='word_1_227' title='bbox 2478 590 2546 643; x_wconf 86' lang='lat' dir='ltr'><strong>ad</strong></span> <span class='ocrx_word' id='word_1_228' title='bbox 2557 590 2883 659; x_wconf 85' lang='lat' dir='ltr'><strong>purgandum</strong></span> <span class='ocrx_word' id='word_1_229' title='bbox 2900 606 3015 645; x_wconf 88' lang='lat' dir='ltr'><strong>eum</strong></span> <span class='ocrx_word' id='word_1_230' title='bbox 3033 592 3123 661; x_wconf 88' lang='lat' dir='ltr'><strong>qui</strong></span> <span class='ocrx_word' id='word_1_231' title='bbox 3140 591 3463 648; x_wconf 85' lang='lat' dir='ltr'><strong>ordinandus</strong></span> <span class='ocrx_word' id='word_1_232' title='bbox 3479 604 3576 661; x_wconf 89' lang='lat' dir='ltr'><strong>est,</strong></span> <span class='ocrx_word' id='word_1_233' title='bbox 3591 605 3696 651; x_wconf 82' lang='lat' dir='ltr'><strong>tres</strong></span> 
     </span>
    </p>
   </div>
   <div class='ocr_carea' id='block_1_37' title="bbox 2114 677 3689 759">
    <p class='ocr_par' dir='ltr' id='par_1_37' title="bbox 2114 677 3689 759">
     <span class='ocr_line' id='line_1_37' title="bbox 2114 677 3689 759; baseline 0.006 -29"><span class='ocrx_word' id='word_1_234' title='bbox 2114 677 2253 747; x_wconf 88' lang='lat' dir='ltr'><strong>jant,</strong></span> <span class='ocrx_word' id='word_1_235' title='bbox 2276 678 2368 732; x_wconf 84' lang='lat' dir='ltr'><strong>sed</strong></span> <span class='ocrx_word' id='word_1_236' title='bbox 2390 679 2715 748; x_wconf 76' lang='lat' dir='ltr'><strong>postulentur</strong></span> <span class='ocrx_word' id='word_1_237' title='bbox 2734 682 2802 735; x_wconf 85' lang='lat' dir='ltr'><strong>ad</strong></span> <span class='ocrx_word' id='word_1_238' title='bbox 2827 698 3098 759; x_wconf 83' lang='lat' dir='ltr'><strong>numerum</strong></span> <span class='ocrx_word' id='word_1_239' title='bbox 3134 684 3555 759; x_wconf 86' lang='lat' dir='ltr'><strong>supradictorum</strong></span> <span class='ocrx_word' id='word_1_240' title='bbox 3588 688 3689 740; x_wconf 59' lang='lat' dir='ltr'><strong>duc</strong></span> 
     </span>
    </p>
   </div>
   <div class='ocr_carea' id='block_1_38' title="bbox 2121 756 3669 842">
    <p class='ocr_par' dir='ltr' id='par_1_38' title="bbox 2121 756 3669 842">
     <span class='ocr_line' id='line_1_38' title="bbox 2121 756 3669 842; baseline 0.005 -20"><span class='ocrx_word' id='word_1_241' title='bbox 2121 768 2199 822; x_wconf 76' lang='lat' dir='ltr'><strong>uel</strong></span> <span class='ocrx_word' id='word_1_242' title='bbox 2219 779 2352 835; x_wconf 87' lang='lat' dir='ltr'><strong>tres;</strong></span> <span class='ocrx_word' id='word_1_243' title='bbox 2370 780 2417 824; x_wconf 91' lang='lat' dir='ltr'><strong>et</strong></span> <span class='ocrx_word' id='word_1_244' title='bbox 2448 772 2503 825; x_wconf 86' lang='lat' dir='ltr'><strong>in</strong></span> <span class='ocrx_word' id='word_1_245' title='bbox 2530 772 2707 825; x_wconf 85' lang='lat' dir='ltr'><strong>eadem</strong></span> <span class='ocrx_word' id='word_1_246' title='bbox 2735 756 3016 842; x_wconf 27' lang='lat' dir='ltr'><strong>plebe,rcui</strong></span> <span class='ocrx_word' id='word_1_247' title='bbox 3043 756 3367 829; x_wconf 73' lang='lat' dir='ltr'><strong>ordinandus</strong></span> <span class='ocrx_word' id='word_1_248' title='bbox 3393 785 3491 840; x_wconf 89' lang='lat' dir='ltr'><strong>est,</strong></span> <span class='ocrx_word' id='word_1_249' title='bbox 3516 776 3669 831; x_wconf 82' lang='lat' dir='ltr'><strong>discu</strong></span> 
     </span>
    </p>
   </div>
   <div class='ocr_carea' id='block_1_39' title="bbox 2121 856 3692 931">
    <p class='ocr_par' dir='ltr' id='par_1_39' title="bbox 2121 856 3692 931">
     <span class='ocr_line' id='line_1_39' title="bbox 2121 856 3692 931; baseline 0.006 -20"><span class='ocrx_word' id='word_1_250' title='bbox 2121 858 2322 913; x_wconf 88' lang='lat' dir='ltr'><strong>tiantur</strong></span> <span class='ocrx_word' id='word_1_251' title='bbox 2367 860 2536 929; x_wconf 87' lang='lat' dir='ltr'><strong>primo</strong></span> <span class='ocrx_word' id='word_1_252' title='bbox 2590 877 2825 931; x_wconf 69' lang='lat' dir='ltr'><strong>persona:</strong></span> <span class='ocrx_word' id='word_1_253' title='bbox 2877 864 3366 918; x_wconf 82' lang='lat' dir='ltr'><strong>contradicentium.</strong></span> <span class='ocrx_word' id='word_1_254' title='bbox 3414 856 3692 920; x_wconf 81' lang='lat' dir='ltr'><strong>Postremo</strong></span> 
     </span>
    </p>
   </div>
   <div class='ocr_carea' id='block_1_40' title="bbox 2119 946 3692 1024">
    <p class='ocr_par' dir='ltr' id='par_1_40' title="bbox 2119 946 3692 1024">
     <span class='ocr_line' id='line_1_40' title="bbox 2119 946 3692 1024; baseline 0.004 -22"><span class='ocrx_word' id='word_1_255' title='bbox 2119 948 2212 1002; x_wconf 86' lang='lat' dir='ltr'><strong>illa</strong></span> <span class='ocrx_word' id='word_1_256' title='bbox 2233 949 2386 1004; x_wconf 88' lang='lat' dir='ltr'><strong>etiam</strong></span> <span class='ocrx_word' id='word_1_257' title='bbox 2408 966 2525 1020; x_wconf 72' lang='lat' dir='ltr'><strong>qua:</strong></span> <span class='ocrx_word' id='word_1_258' title='bbox 2554 946 2874 1021; x_wconf 80' lang='lat' dir='ltr'><strong>objiciuntur</strong></span> <span class='ocrx_word' id='word_1_259' title='bbox 2891 961 3295 1021; x_wconf 86' lang='lat' dir='ltr'><strong>pertractentur,</strong></span> <span class='ocrx_word' id='word_1_260' title='bbox 3315 964 3386 1020; x_wconf 86' lang='lat' dir='ltr'><strong>et,</strong></span> <span class='ocrx_word' id='word_1_261' title='bbox 3417 971 3535 1009; x_wconf 85' lang='lat' dir='ltr'><strong>cum</strong></span> <span class='ocrx_word' id='word_1_262' title='bbox 3564 971 3692 1024; x_wconf 65' lang='lat' dir='ltr'><strong>pun-</strong></span> 
     </span>
    </p>
   </div>
   <div class='ocr_carea' id='block_1_41' title="bbox 2117 1039 3694 1109">
    <p class='ocr_par' dir='ltr' id='par_1_41' title="bbox 2117 1039 3694 1109">
     <span class='ocr_line' id='line_1_41' title="bbox 2117 1039 3694 1109; baseline 0.005 -20"><span class='ocrx_word' id='word_1_263' title='bbox 2117 1048 2268 1107; x_wconf 85' lang='lat' dir='ltr'><strong>gatus</strong></span> <span class='ocrx_word' id='word_1_264' title='bbox 2296 1039 2474 1107; x_wconf 80' lang='lat' dir='ltr'><strong>fuerit,</strong></span> <span class='ocrx_word' id='word_1_265' title='bbox 2503 1040 2607 1095; x_wconf 62' lang='lat' dir='ltr'><strong>sub,</strong></span> <span class='ocrx_word' id='word_1_266' title='bbox 2643 1050 2916 1109; x_wconf 83' lang='lat' dir='ltr'><strong>conspectu</strong></span> <span class='ocrx_word' id='word_1_267' title='bbox 2943 1041 3151 1108; x_wconf 87' lang='lat' dir='ltr'><strong>publica</strong></span> <span class='ocrx_word' id='word_1_268' title='bbox 3205 1042 3280 1095; x_wconf 90' lang='lat' dir='ltr'><strong>ita</strong></span> <span class='ocrx_word' id='word_1_269' title='bbox 3314 1044 3521 1098; x_wconf 84' lang='lat' dir='ltr'><strong>demum</strong></span> <span class='ocrx_word' id='word_1_270' title='bbox 3548 1044 3694 1097; x_wconf 86' lang='lat' dir='ltr'><strong>ordi-</strong></span> 
     </span>
    </p>
   </div>
   <div class='ocr_carea' id='block_1_42' title="bbox 2118 1129 3687 1202">
    <p class='ocr_par' dir='ltr' id='par_1_42' title="bbox 2118 1129 3687 1202">
     <span class='ocr_line' id='line_1_42' title="bbox 2118 1129 3687 1202; baseline 0.005 -19"><span class='ocrx_word' id='word_1_271' title='bbox 2118 1141 2289 1185; x_wconf 84' lang='lat' dir='ltr'><strong>netur.</strong></span> <span class='ocrx_word' id='word_1_272' title='bbox 2323 1129 2462 1186; x_wconf 85' lang='lat' dir='ltr'><strong>Ecce</strong></span> <span class='ocrx_word' id='word_1_273' title='bbox 2492 1133 2760 1202; x_wconf 89' lang='lat' dir='ltr'><strong>quomodo</strong></span> <span class='ocrx_word' id='word_1_274' title='bbox 2805 1131 3026 1187; x_wconf 86' lang='lat' dir='ltr'><strong>Patrum</strong></span> <span class='ocrx_word' id='word_1_275' title='bbox 3081 1134 3361 1188; x_wconf 65' lang='lat' dir='ltr'><strong>sententiae</strong></span> <span class='ocrx_word' id='word_1_276' title='bbox 3396 1135 3687 1191; x_wconf 88' lang='lat' dir='ltr'><strong>violantur.</strong></span> 
     </span>
    </p>
   </div>
   <div class='ocr_carea' id='block_1_43' title="bbox 2114 1218 3691 1296">
    <p class='ocr_par' dir='ltr' id='par_1_43' title="bbox 2114 1218 3691 1296">
     <span class='ocr_line' id='line_1_43' title="bbox 2114 1218 3691 1296; baseline 0.006 -22"><span class='ocrx_word' id='word_1_277' title='bbox 2114 1218 2281 1275; x_wconf 87' lang='lat' dir='ltr'><strong>Nobis</strong></span> <span class='ocrx_word' id='word_1_278' title='bbox 2328 1221 2471 1275; x_wconf 89' lang='lat' dir='ltr'><strong>enim</strong></span> <span class='ocrx_word' id='word_1_279' title='bbox 2494 1222 2676 1277; x_wconf 88' lang='lat' dir='ltr'><strong>invitis</strong></span> <span class='ocrx_word' id='word_1_280' title='bbox 2701 1223 2991 1278; x_wconf 89' lang='lat' dir='ltr'><strong>obtrudere</strong></span> <span class='ocrx_word' id='word_1_281' title='bbox 3019 1224 3185 1279; x_wconf 78' lang='lat' dir='ltr'><strong>vultis</strong></span> <span class='ocrx_word' id='word_1_282' title='bbox 3224 1226 3557 1296; x_wconf 87' lang='lat' dir='ltr'><strong>episcopum,</strong></span> <span class='ocrx_word' id='word_1_283' title='bbox 3588 1244 3691 1284; x_wconf 88' lang='lat' dir='ltr'><strong>nec</strong></span> 
     </span>
    </p>
   </div>
   <div class='ocr_carea' id='block_1_44' title="bbox 2116 1310 3690 1383">
    <p class='ocr_par' dir='ltr' id='par_1_44' title="bbox 2116 1310 3690 1383">
     <span class='ocr_line' id='line_1_44' title="bbox 2116 1310 3690 1383; baseline 0.006 -21"><span class='ocrx_word' id='word_1_284' title='bbox 2116 1310 2432 1364; x_wconf 88' lang='lat' dir='ltr'><strong>conceditur</strong></span> <span class='ocrx_word' id='word_1_285' title='bbox 2463 1311 2617 1365; x_wconf 90' lang='lat' dir='ltr'><strong>nobis</strong></span> <span class='ocrx_word' id='word_1_286' title='bbox 2663 1311 2911 1376; x_wconf 88' lang='lat' dir='ltr'><strong>liberum,</strong></span> <span class='ocrx_word' id='word_1_287' title='bbox 2953 1312 3019 1367; x_wconf 92' lang='lat' dir='ltr'><strong>de</strong></span> <span class='ocrx_word' id='word_1_288' title='bbox 3066 1328 3130 1367; x_wconf 88' lang='lat' dir='ltr'><strong>eo</strong></span> <span class='ocrx_word' id='word_1_289' title='bbox 3159 1315 3249 1383; x_wconf 88' lang='lat' dir='ltr'><strong>qui</strong></span> <span class='ocrx_word' id='word_1_290' title='bbox 3301 1330 3399 1369; x_wconf 91' lang='lat' dir='ltr'><strong>nos</strong></span> <span class='ocrx_word' id='word_1_291' title='bbox 3440 1326 3690 1372; x_wconf 85' lang='lat' dir='ltr'><strong>recturus</strong></span> 
     </span>
    </p>
   </div>
   <div class='ocr_carea' id='block_1_45' title="bbox 2114 1398 3690 1473">
    <p class='ocr_par' dir='ltr' id='par_1_45' title="bbox 2114 1398 3690 1473">
     <span class='ocr_line' id='line_1_45' title="bbox 2114 1398 3690 1473; baseline 0.006 -22"><span class='ocrx_word' id='word_1_292' title='bbox 2114 1398 2204 1465; x_wconf 90' lang='lat' dir='ltr'><strong>sit,</strong></span> <span class='ocrx_word' id='word_1_293' title='bbox 2235 1399 2433 1454; x_wconf 87' lang='lat' dir='ltr'><strong>habere</strong></span> <span class='ocrx_word' id='word_1_294' title='bbox 2459 1399 2719 1467; x_wconf 82' lang='lat' dir='ltr'><strong>judicium</strong></span> <span class='ocrx_word' id='word_1_295' title='bbox 2748 1411 2864 1468; x_wconf 90' lang='lat' dir='ltr'><strong>;et,</strong></span> <span class='ocrx_word' id='word_1_296' title='bbox 2888 1418 3010 1457; x_wconf 87' lang='lat' dir='ltr'><strong>cum</strong></span> <span class='ocrx_word' id='word_1_297' title='bbox 3052 1403 3177 1459; x_wconf 89' lang='lat' dir='ltr'><strong>huic</strong></span> <span class='ocrx_word' id='word_1_298' title='bbox 3218 1403 3309 1473; x_wconf 86' lang='lat' dir='ltr'><strong>qui</strong></span> <span class='ocrx_word' id='word_1_299' title='bbox 3356 1405 3690 1461; x_wconf 87' lang='lat' dir='ltr'><strong>ordinandus</strong></span> 
     </span>
    </p>
   </div>
   <div class='ocr_carea' id='block_1_46' title="bbox 2113 1491 3689 1566">
    <p class='ocr_par' dir='ltr' id='par_1_46' title="bbox 2113 1491 3689 1566">
     <span class='ocr_line' id='line_1_46' title="bbox 2113 1491 3689 1566; baseline 0.005 -22"><span class='ocrx_word' id='word_1_300' title='bbox 2113 1498 2233 1544; x_wconf 86' lang='lat' dir='ltr'><strong>erat</strong></span> <span class='ocrx_word' id='word_1_301' title='bbox 2283 1491 2748 1547; x_wconf 81' lang='lat' dir='ltr'><strong>eontradiceretur</strong></span> <span class='ocrx_word' id='word_1_302' title='bbox 2776 1533 2791 1559; x_wconf 93' lang='lat'><strong>,</strong></span> <span class='ocrx_word' id='word_1_303' title='bbox 2838 1493 3060 1548; x_wconf 89' lang='lat' dir='ltr'><strong>minime</strong></span> <span class='ocrx_word' id='word_1_304' title='bbox 3106 1504 3332 1566; x_wconf 81' lang='lat' dir='ltr'><strong>purgata</strong></span> <span class='ocrx_word' id='word_1_305' title='bbox 3388 1505 3516 1551; x_wconf 89' lang='lat' dir='ltr'><strong>sunt</strong></span> <span class='ocrx_word' id='word_1_306' title='bbox 3565 1513 3689 1566; x_wconf 64' lang='lat' dir='ltr'><strong>qua:</strong></span> 
     </span>
    </p>
   </div>
   <div class='ocr_carea' id='block_1_47' title="bbox 2112 1576 3689 1651">
    <p class='ocr_par' dir='ltr' id='par_1_47' title="bbox 2112 1576 3689 1651">
     <span class='ocr_line' id='line_1_47' title="bbox 2112 1576 3689 1651; baseline 0.006 -20"><span class='ocrx_word' id='word_1_307' title='bbox 2112 1576 2531 1647; x_wconf 88' lang='lat' dir='ltr'><strong>objiciebantur,</strong></span> <span class='ocrx_word' id='word_1_308' title='bbox 2582 1596 2680 1634; x_wconf 89' lang='lat' dir='ltr'><strong>nec</strong></span> <span class='ocrx_word' id='word_1_309' title='bbox 2728 1594 2967 1651; x_wconf 76' lang='lat' dir='ltr'><strong>persona:</strong></span> <span class='ocrx_word' id='word_1_310' title='bbox 3014 1582 3103 1636; x_wconf 90' lang='lat' dir='ltr'><strong>vel</strong></span> <span class='ocrx_word' id='word_1_311' title='bbox 3150 1584 3384 1638; x_wconf 78' lang='lat' dir='ltr'><strong>rationes</strong></span> <span class='ocrx_word' id='word_1_312' title='bbox 3413 1585 3689 1640; x_wconf 86' lang='lat' dir='ltr'><strong>contradi-</strong></span> 
     </span>
    </p>
   </div>
   <div class='ocr_carea' id='block_1_48' title="bbox 2111 1668 3686 1751">
    <p class='ocr_par' dir='ltr' id='par_1_48' title="bbox 2111 1668 3686 1751">
     <span class='ocr_line' id='line_1_48' title="bbox 2111 1668 3686 1751; baseline 0.006 -30"><span class='ocrx_word' id='word_1_313' title='bbox 2111 1668 2347 1722; x_wconf 90' lang='lat' dir='ltr'><strong>centium</strong></span> <span class='ocrx_word' id='word_1_314' title='bbox 2375 1669 2647 1729; x_wconf 61' lang='lat' dir='ltr'><strong>discussae.</strong></span> <span class='ocrx_word' id='word_1_315' title='bbox 2684 1670 2813 1738; x_wconf 74' lang='lat' dir='ltr'><strong>Qua:</strong></span> <span class='ocrx_word' id='word_1_316' title='bbox 2842 1688 2963 1729; x_wconf 88' lang='lat' dir='ltr'><strong>cum</strong></span> <span class='ocrx_word' id='word_1_317' title='bbox 2987 1672 3062 1727; x_wconf 90' lang='lat' dir='ltr'><strong>ita</strong></span> <span class='ocrx_word' id='word_1_318' title='bbox 3087 1673 3218 1738; x_wconf 88' lang='lat' dir='ltr'><strong>sint,</strong></span> <span class='ocrx_word' id='word_1_319' title='bbox 3248 1690 3480 1746; x_wconf 87' lang='lat' dir='ltr'><strong>cumque</strong></span> <span class='ocrx_word' id='word_1_320' title='bbox 3511 1674 3686 1751; x_wconf 64' lang='lat' dir='ltr'><strong>legem</strong></span> 
     </span>
    </p>
   </div>
   <div class='ocr_carea' id='block_1_49' title="bbox 2044 1757 3688 1831">
    <p class='ocr_par' dir='ltr' id='par_1_49' title="bbox 2044 1757 3688 1831">
     <span class='ocr_line' id='line_1_49' title="bbox 2044 1757 3688 1831; baseline 0.002 -15"><span class='ocrx_word' id='word_1_321' title='bbox 2044 1757 2088 1816; x_wconf 81' lang='grc' dir='ltr'><strong>Β</strong></span> <span class='ocrx_word' id='word_1_322' title='bbox 2115 1759 2433 1813; x_wconf 90' lang='lat' dir='ltr'><strong>canonicam</strong></span> <span class='ocrx_word' id='word_1_323' title='bbox 2468 1760 2519 1814; x_wconf 93' lang='lat' dir='ltr'><strong>in</strong></span> <span class='ocrx_word' id='word_1_324' title='bbox 2550 1760 2651 1815; x_wconf 92' lang='lat' dir='ltr'><strong>hoc</strong></span> <span class='ocrx_word' id='word_1_325' title='bbox 2698 1763 2915 1831; x_wconf 83' lang='lat' dir='ltr'><strong>negotio</strong></span> <span class='ocrx_word' id='word_1_326' title='bbox 2944 1762 3256 1819; x_wconf 89' lang='lat' dir='ltr'><strong>multimode</strong></span> <span class='ocrx_word' id='word_1_327' title='bbox 3290 1764 3539 1830; x_wconf 88' lang='lat' dir='ltr'><strong>solveris,</strong></span> <span class='ocrx_word' id='word_1_328' title='bbox 3570 1783 3688 1821; x_wconf 81' lang='lat' dir='ltr'><strong>mo-</strong></span> 
     </span>
    </p>
   </div>
   <div class='ocr_carea' id='block_1_50' title="bbox 2115 1850 3689 1923">
    <p class='ocr_par' dir='ltr' id='par_1_50' title="bbox 2115 1850 3689 1923">
     <span class='ocr_line' id='line_1_50' title="bbox 2115 1850 3689 1923; baseline 0.006 -20"><span class='ocrx_word' id='word_1_329' title='bbox 2115 1864 2302 1903; x_wconf 90' lang='lat' dir='ltr'><strong>nemus</strong></span> <span class='ocrx_word' id='word_1_330' title='bbox 2332 1859 2383 1903; x_wconf 91' lang='lat' dir='ltr'><strong>te</strong></span> <span class='ocrx_word' id='word_1_331' title='bbox 2427 1865 2531 1904; x_wconf 91' lang='lat' dir='ltr'><strong>non</strong></span> <span class='ocrx_word' id='word_1_332' title='bbox 2576 1850 2922 1921; x_wconf 83' lang='lat' dir='ltr'><strong>increpando,</strong></span> <span class='ocrx_word' id='word_1_333' title='bbox 2978 1869 3151 1923; x_wconf 88' lang='lat' dir='ltr'><strong>neque</strong></span> <span class='ocrx_word' id='word_1_334' title='bbox 3197 1854 3563 1923; x_wconf 87' lang='lat' dir='ltr'><strong>dijudicando,</strong></span> <span class='ocrx_word' id='word_1_335' title='bbox 3590 1859 3689 1918; x_wconf 83' lang='lat' dir='ltr'><strong>sed</strong></span> 
     </span>
    </p>
   </div>
   <div class='ocr_carea' id='block_1_51' title="bbox 2111 1936 3689 2016">
    <p class='ocr_par' dir='ltr' id='par_1_51' title="bbox 2111 1936 3689 2016">
     <span class='ocr_line' id='line_1_51' title="bbox 2111 1936 3689 2016; baseline 0.007 -24"><span class='ocrx_word' id='word_1_336' title='bbox 2111 1936 2303 1992; x_wconf 79' lang='lat' dir='ltr'><strong>affectu</strong></span> <span class='ocrx_word' id='word_1_337' title='bbox 2336 1937 2564 1993; x_wconf 82' lang='lat' dir='ltr'><strong>ﬁliorum</strong></span> <span class='ocrx_word' id='word_1_338' title='bbox 2587 1942 2937 2007; x_wconf 84' lang='lat' dir='ltr'><strong>obsecrando,</strong></span> <span class='ocrx_word' id='word_1_339' title='bbox 2967 1944 3063 2013; x_wconf 92' lang='lat' dir='ltr'><strong>ipsi</strong></span> <span class='ocrx_word' id='word_1_340' title='bbox 3089 1944 3184 2014; x_wconf 82' lang='lat' dir='ltr'><strong>legi</strong></span> <span class='ocrx_word' id='word_1_341' title='bbox 3213 1962 3372 2016; x_wconf 89' lang='lat' dir='ltr'><strong>quam</strong></span> <span class='ocrx_word' id='word_1_342' title='bbox 3396 1945 3689 2004; x_wconf 76' lang='lat' dir='ltr'><strong>ollenderis</strong></span> 
     </span>
    </p>
   </div>
   <div class='ocr_carea' id='block_1_52' title="bbox 2113 2027 3683 2106">
    <p class='ocr_par' dir='ltr' id='par_1_52' title="bbox 2113 2027 3683 2106">
     <span class='ocr_line' id='line_1_52' title="bbox 2113 2027 3683 2106; baseline 0.008 -26"><span class='ocrx_word' id='word_1_343' title='bbox 2113 2027 2515 2082; x_wconf 89' lang='lat' dir='ltr'><strong>reconciliatum</strong></span> <span class='ocrx_word' id='word_1_344' title='bbox 2547 2029 2634 2093; x_wconf 91' lang='lat' dir='ltr'><strong>iri,</strong></span> <span class='ocrx_word' id='word_1_345' title='bbox 2670 2030 2978 2086; x_wconf 90' lang='lat' dir='ltr'><strong>conlitendo</strong></span> <span class='ocrx_word' id='word_1_346' title='bbox 3005 2032 3218 2103; x_wconf 87' lang='lat' dir='ltr'><strong>culpam</strong></span> <span class='ocrx_word' id='word_1_347' title='bbox 3264 2043 3320 2089; x_wconf 91' lang='lat' dir='ltr'><strong>et</strong></span> <span class='ocrx_word' id='word_1_348' title='bbox 3346 2036 3683 2106; x_wconf 59' lang='lat' dir='ltr'><strong>paenitendo.</strong></span> 
     </span>
    </p>
   </div>
   <div class='ocr_carea' id='block_1_53' title="bbox 2111 2116 3689 2188">
    <p class='ocr_par' dir='ltr' id='par_1_53' title="bbox 2111 2116 3689 2188">
     <span class='ocr_line' id='line_1_53' title="bbox 2111 2116 3689 2188; baseline 0.008 -18"><span class='ocrx_word' id='word_1_349' title='bbox 2111 2116 2220 2172; x_wconf 86' lang='lat' dir='ltr'><strong>Nec</strong></span> <span class='ocrx_word' id='word_1_350' title='bbox 2252 2118 2452 2188; x_wconf 86' lang='lat' dir='ltr'><strong>pudeat</strong></span> <span class='ocrx_word' id='word_1_351' title='bbox 2493 2128 2543 2173; x_wconf 91' lang='lat' dir='ltr'><strong>te</strong></span> <span class='ocrx_word' id='word_1_352' title='bbox 2565 2119 2746 2176; x_wconf 88' lang='lat' dir='ltr'><strong>dicere</strong></span> <span class='ocrx_word' id='word_1_353' title='bbox 2776 2124 3103 2177; x_wconf 89' lang='lat' dir='ltr'><strong>necessariis</strong></span> <span class='ocrx_word' id='word_1_354' title='bbox 3130 2124 3237 2179; x_wconf 90' lang='lat' dir='ltr'><strong>tuis</strong></span> <span class='ocrx_word' id='word_1_355' title='bbox 3263 2134 3471 2180; x_wconf 92' lang='lat' dir='ltr'><strong>secreto</strong></span> <span class='ocrx_word' id='word_1_356' title='bbox 3504 2128 3689 2182; x_wconf 56' lang='lat' dir='ltr'><strong>Domi-</strong></span> 
     </span>
    </p>
   </div>
   <div class='ocr_carea' id='block_1_54' title="bbox 2110 2207 3693 2291">
    <p class='ocr_par' dir='ltr' id='par_1_54' title="bbox 2110 2207 3693 2291">
     <span class='ocr_line' id='line_1_54' title="bbox 2110 2207 3693 2291; baseline 0.008 -30"><span class='ocrx_word' id='word_1_357' title='bbox 2110 2222 2236 2263; x_wconf 91' lang='lat' dir='ltr'><strong>num</strong></span> <span class='ocrx_word' id='word_1_358' title='bbox 2271 2207 2606 2275; x_wconf 84' lang='lat' dir='ltr'><strong>timentibus,</strong></span> <span class='ocrx_word' id='word_1_359' title='bbox 2633 2211 2766 2265; x_wconf 91' lang='lat' dir='ltr'><strong>etin</strong></span> <span class='ocrx_word' id='word_1_360' title='bbox 2797 2212 2912 2280; x_wconf 78' lang='lat' dir='ltr'><strong>lege</strong></span> <span class='ocrx_word' id='word_1_361' title='bbox 2943 2213 3108 2283; x_wconf 90' lang='lat' dir='ltr'><strong>ipsius</strong></span> <span class='ocrx_word' id='word_1_362' title='bbox 3130 2215 3268 2270; x_wconf 89' lang='lat' dir='ltr'><strong>bene</strong></span> <span class='ocrx_word' id='word_1_363' title='bbox 3294 2218 3543 2281; x_wconf 86' lang='lat' dir='ltr'><strong>eruditis,</strong></span> <span class='ocrx_word' id='word_1_364' title='bbox 3567 2216 3693 2291; x_wconf 18' lang='lat' dir='ltr'><strong>jam.</strong></span> 
     </span>
    </p>
   </div>
   <div class='ocr_carea' id='block_1_55' title="bbox 2111 2291 3685 2374">
    <p class='ocr_par' dir='ltr' id='par_1_55' title="bbox 2111 2291 3685 2374">
     <span class='ocr_line' id='line_1_55' title="bbox 2111 2291 3685 2374; baseline 0.005 -19"><span class='ocrx_word' id='word_1_365' title='bbox 2111 2291 2323 2355; x_wconf 78' lang='lat' dir='ltr'><strong>tandem</strong></span> <span class='ocrx_word' id='word_1_366' title='bbox 2352 2310 2403 2353; x_wconf 91' lang='lat' dir='ltr'><strong>te</strong></span> <span class='ocrx_word' id='word_1_367' title='bbox 2435 2301 2879 2358; x_wconf 87' lang='lat' dir='ltr'><strong>animadvertisse</strong></span> <span class='ocrx_word' id='word_1_368' title='bbox 2902 2318 2964 2359; x_wconf 90' lang='lat' dir='ltr'><strong>ca</strong></span> <span class='ocrx_word' id='word_1_369' title='bbox 2998 2321 3117 2374; x_wconf 77' lang='lat' dir='ltr'><strong>qua:</strong></span> <span class='ocrx_word' id='word_1_370' title='bbox 3165 2305 3300 2361; x_wconf 83' lang='lat' dir='ltr'><strong>ﬁunt</strong></span> <span class='ocrx_word' id='word_1_371' title='bbox 3335 2319 3524 2364; x_wconf 91' lang='lat' dir='ltr'><strong>contra</strong></span> <span class='ocrx_word' id='word_1_372' title='bbox 3568 2323 3685 2365; x_wconf 71' lang='lat' dir='ltr'><strong>sta-</strong></span> 
     </span>
    </p>
   </div>
   <div class='ocr_carea' id='block_1_56' title="bbox 2111 2395 3684 2460">
    <p class='ocr_par' dir='ltr' id='par_1_56' title="bbox 2111 2395 3684 2460">
     <span class='ocr_line' id='line_1_56' title="bbox 2111 2395 3684 2460; baseline 0.007 -16"><span class='ocrx_word' id='word_1_373' title='bbox 2111 2399 2225 2446; x_wconf 79' lang='lat' dir='ltr'><strong>tnta</strong></span> <span class='ocrx_word' id='word_1_374' title='bbox 2278 2408 2545 2446; x_wconf 90' lang='lat' dir='ltr'><strong>canonum</strong></span> <span class='ocrx_word' id='word_1_375' title='bbox 2591 2409 2694 2447; x_wconf 91' lang='lat' dir='ltr'><strong>non</strong></span> <span class='ocrx_word' id='word_1_376' title='bbox 2744 2395 2941 2449; x_wconf 81' lang='lat' dir='ltr'><strong>debere</strong></span> <span class='ocrx_word' id='word_1_377' title='bbox 2976 2405 3141 2460; x_wconf 88' lang='lat' dir='ltr'><strong>stare,</strong></span> <span class='ocrx_word' id='word_1_378' title='bbox 3173 2398 3267 2452; x_wconf 90' lang='lat' dir='ltr'><strong>scd</strong></span> <span class='ocrx_word' id='word_1_379' title='bbox 3319 2408 3375 2453; x_wconf 92' lang='lat' dir='ltr'><strong>et</strong></span> <span class='ocrx_word' id='word_1_380' title='bbox 3423 2399 3684 2455; x_wconf 84' lang='lat' dir='ltr'><strong>iacientes</strong></span> 
     </span>
    </p>
   </div>
   <div class='ocr_carea' id='block_1_57' title="bbox 2108 2482 3681 2554">
    <p class='ocr_par' dir='ltr' id='par_1_57' title="bbox 2108 2482 3681 2554">
     <span class='ocr_line' id='line_1_57' title="bbox 2108 2482 3681 2554; baseline 0.004 -16"><span class='ocrx_word' id='word_1_381' title='bbox 2108 2482 2374 2551; x_wconf 67' lang='lat' dir='ltr'><strong>poenitere</strong></span> <span class='ocrx_word' id='word_1_382' title='bbox 2399 2494 2666 2553; x_wconf 82' lang='lat' dir='ltr'><strong>oportere.</strong></span> <span class='ocrx_word' id='word_1_383' title='bbox 2696 2484 2847 2554; x_wconf 88' lang='lat' dir='ltr'><strong>Quod</strong></span> <span class='ocrx_word' id='word_1_384' title='bbox 2876 2487 2919 2540; x_wconf 87' lang='lat' dir='ltr'><strong>si</strong></span> <span class='ocrx_word' id='word_1_385' title='bbox 2953 2488 3092 2541; x_wconf 79' lang='lat' dir='ltr'><strong>forte</strong></span> <span class='ocrx_word' id='word_1_386' title='bbox 3120 2502 3211 2544; x_wconf 80' lang='lat' dir='ltr'><strong>rex</strong></span> <span class='ocrx_word' id='word_1_387' title='bbox 3236 2490 3561 2544; x_wconf 84' lang='lat' dir='ltr'><strong>auctoritate</strong></span> <span class='ocrx_word' id='word_1_388' title='bbox 3590 2500 3681 2545; x_wconf 83' lang='lat' dir='ltr'><strong>tua</strong></span> 
     </span>
    </p>
   </div>
   <div class='ocr_carea' id='block_1_58' title="bbox 2107 2564 3681 2649">
    <p class='ocr_par' dir='ltr' id='par_1_58' title="bbox 2107 2564 3681 2649">
     <span class='ocr_line' id='line_1_58' title="bbox 2107 2564 3681 2649; baseline 0.004 -21"><span class='ocrx_word' id='word_1_389' title='bbox 2107 2572 2363 2643; x_wconf 84' lang='lat' dir='ltr'><strong>deinceps</strong></span> <span class='ocrx_word' id='word_1_390' title='bbox 2390 2574 2734 2628; x_wconf 87' lang='lat' dir='ltr'><strong>corroborari</strong></span> <span class='ocrx_word' id='word_1_391' title='bbox 2768 2576 3018 2641; x_wconf 85' lang='lat' dir='ltr'><strong>voluerit,</strong></span> <span class='ocrx_word' id='word_1_392' title='bbox 3070 2580 3211 2649; x_wconf 89' lang='lat' dir='ltr'><strong>quod</strong></span> <span class='ocrx_word' id='word_1_393' title='bbox 3266 2578 3384 2634; x_wconf 84' lang='lat' dir='ltr'><strong>sine</strong></span> <span class='ocrx_word' id='word_1_394' title='bbox 3410 2564 3681 2635; x_wconf 83' lang='lat' dir='ltr'><strong>solutione</strong></span> 
     </span>
    </p>
   </div>
   <div class='ocr_carea' id='block_1_59' title="bbox 2105 2669 3679 2740">
    <p class='ocr_par' dir='ltr' id='par_1_59' title="bbox 2105 2669 3679 2740">
     <span class='ocr_line' id='line_1_59' title="bbox 2105 2669 3679 2740; baseline 0.004 -21"><span class='ocrx_word' id='word_1_395' title='bbox 2105 2680 2370 2721; x_wconf 87' lang='lat' dir='ltr'><strong>canonum</strong></span> <span class='ocrx_word' id='word_1_396' title='bbox 2401 2678 2545 2720; x_wconf 88' lang='lat' dir='ltr'><strong>stare</strong></span> <span class='ocrx_word' id='word_1_397' title='bbox 2573 2681 2677 2720; x_wconf 91' lang='lat' dir='ltr'><strong>non</strong></span> <span class='ocrx_word' id='word_1_398' title='bbox 2702 2669 2887 2737; x_wconf 89' lang='lat' dir='ltr'><strong>possit,</strong></span> <span class='ocrx_word' id='word_1_399' title='bbox 2911 2669 3132 2733; x_wconf 87' lang='lat' dir='ltr'><strong>videris,</strong></span> <span class='ocrx_word' id='word_1_400' title='bbox 3151 2670 3327 2735; x_wconf 89' lang='lat' dir='ltr'><strong>Pater,</strong></span> <span class='ocrx_word' id='word_1_401' title='bbox 3360 2687 3428 2726; x_wconf 88' lang='lat' dir='ltr'><strong>ne</strong></span> <span class='ocrx_word' id='word_1_402' title='bbox 3455 2672 3679 2740; x_wconf 87' lang='lat' dir='ltr'><strong>adjicias</strong></span> 
     </span>
    </p>
   </div>
   <div class='ocr_carea' id='block_1_60' title="bbox 2105 2759 3674 2832">
    <p class='ocr_par' dir='ltr' id='par_1_60' title="bbox 2105 2759 3674 2832">
     <span class='ocr_line' id='line_1_60' title="bbox 2105 2759 3674 2832; baseline 0.004 -24"><span class='ocrx_word' id='word_1_403' title='bbox 2105 2765 2382 2824; x_wconf 89' lang='lat' dir='ltr'><strong>peccatum</strong></span> <span class='ocrx_word' id='word_1_404' title='bbox 2408 2771 2570 2832; x_wconf 80' lang='lat' dir='ltr'><strong>super</strong></span> <span class='ocrx_word' id='word_1_405' title='bbox 2584 2768 2892 2824; x_wconf 80' lang='lat' dir='ltr'><strong>peccatum:</strong></span> <span class='ocrx_word' id='word_1_406' title='bbox 2918 2759 3010 2812; x_wconf 85' lang='lat' dir='ltr'><strong>sed</strong></span> <span class='ocrx_word' id='word_1_407' title='bbox 3033 2768 3144 2822; x_wconf 88' lang='lat' dir='ltr'><strong>aut,</strong></span> <span class='ocrx_word' id='word_1_408' title='bbox 3168 2769 3425 2828; x_wconf 90' lang='lat' dir='ltr'><strong>quantum</strong></span> <span class='ocrx_word' id='word_1_409' title='bbox 3451 2762 3674 2829; x_wconf 85' lang='lat' dir='ltr'><strong>poteris,</strong></span> 
     </span>
    </p>
   </div>
   <div class='ocr_carea' id='block_1_61' title="bbox 2106 2844 3676 2920">
    <p class='ocr_par' dir='ltr' id='par_1_61' title="bbox 2106 2844 3676 2920">
     <span class='ocr_line' id='line_1_61' title="bbox 2106 2844 3676 2920; baseline 0.004 -22"><span class='ocrx_word' id='word_1_410' title='bbox 2106 2844 2157 2898; x_wconf 89' lang='lat' dir='ltr'><strong>id</strong></span> <span class='ocrx_word' id='word_1_411' title='bbox 2185 2846 2536 2899; x_wconf 89' lang='lat' dir='ltr'><strong>corroborare</strong></span> <span class='ocrx_word' id='word_1_412' title='bbox 2570 2847 2872 2911; x_wconf 88' lang='lat' dir='ltr'><strong>dissimula,</strong></span> <span class='ocrx_word' id='word_1_413' title='bbox 2897 2858 2989 2903; x_wconf 89' lang='lat' dir='ltr'><strong>aut</strong></span> <span class='ocrx_word' id='word_1_414' title='bbox 3017 2850 3299 2904; x_wconf 80' lang='lat' dir='ltr'><strong>manifeste</strong></span> <span class='ocrx_word' id='word_1_415' title='bbox 3320 2850 3466 2905; x_wconf 88' lang='lat' dir='ltr'><strong>salva</strong></span> <span class='ocrx_word' id='word_1_416' title='bbox 3496 2849 3676 2920; x_wconf 74' lang='lat' dir='ltr'><strong>legum</strong></span> 
     </span>
    </p>
   </div>
   <div class='ocr_carea' id='block_1_62' title="bbox 2104 2933 3672 3007">
    <p class='ocr_par' dir='ltr' id='par_1_62' title="bbox 2104 2933 3672 3007">
     <span class='ocr_line' id='line_1_62' title="bbox 2104 2933 3672 3007; baseline 0.004 -21"><span class='ocrx_word' id='word_1_417' title='bbox 2104 2933 2428 2988; x_wconf 85' lang='lat' dir='ltr'><strong>auctoritate</strong></span> <span class='ocrx_word' id='word_1_418' title='bbox 2490 2933 2544 2988; x_wconf 91' lang='lat' dir='ltr'><strong>id</strong></span> <span class='ocrx_word' id='word_1_419' title='bbox 2593 2943 2645 2987; x_wconf 91' lang='lat' dir='ltr'><strong>te</strong></span> <span class='ocrx_word' id='word_1_420' title='bbox 2709 2936 2929 3004; x_wconf 76' lang='lat' dir='ltr'><strong>exsequi</strong></span> <span class='ocrx_word' id='word_1_421' title='bbox 2985 2952 3091 2990; x_wconf 90' lang='lat' dir='ltr'><strong>non</strong></span> <span class='ocrx_word' id='word_1_422' title='bbox 3142 2939 3322 2992; x_wconf 85' lang='lat' dir='ltr'><strong>valere</strong></span> <span class='ocrx_word' id='word_1_423' title='bbox 3372 2938 3672 3007; x_wconf 85' lang='lat' dir='ltr'><strong>proclama.</strong></span> 
     </span>
    </p>
   </div>
   <div class='ocr_carea' id='block_1_63' title="bbox 2104 3020 3674 3097">
    <p class='ocr_par' dir='ltr' id='par_1_63' title="bbox 2104 3020 3674 3097">
     <span class='ocr_line' id='line_1_63' title="bbox 2104 3020 3674 3097; baseline 0.005 -22"><span class='ocrx_word' id='word_1_424' title='bbox 2104 3020 2387 3076; x_wconf 84' lang='lat' dir='ltr'><strong>Postremo</strong></span> <span class='ocrx_word' id='word_1_425' title='bbox 2421 3023 2737 3093; x_wconf 87' lang='lat' dir='ltr'><strong>suppliciter</strong></span> <span class='ocrx_word' id='word_1_426' title='bbox 2784 3041 3004 3080; x_wconf 88' lang='lat' dir='ltr'><strong>oramus</strong></span> <span class='ocrx_word' id='word_1_427' title='bbox 3053 3027 3169 3082; x_wconf 67' lang='lat' dir='ltr'><strong>lucc</strong></span> <span class='ocrx_word' id='word_1_428' title='bbox 3237 3028 3436 3097; x_wconf 86' lang='lat' dir='ltr'><strong>scripta</strong></span> <span class='ocrx_word' id='word_1_429' title='bbox 3484 3037 3674 3083; x_wconf 84' lang='lat' dir='ltr'><strong>nostra</strong></span> 
     </span>
    </p>
   </div>
   <div class='ocr_carea' id='block_1_64' title="bbox 437 3092 2005 3198">
    <p class='ocr_par' dir='ltr' id='par_1_64' title="bbox 437 3113 2003 3198">
     <span class='ocr_line' id='line_1_64' title="bbox 437 3113 2003 3198; baseline 0.017 -38"><span class='ocrx_word' id='word_1_430' title='bbox 437 3116 625 3175; x_wconf 82' lang='lat' dir='ltr'><strong>tatem,</strong></span> <span class='ocrx_word' id='word_1_431' title='bbox 682 3113 1012 3182; x_wconf 71' lang='lat' dir='ltr'><strong>iniunximus</strong></span> <span class='ocrx_word' id='word_1_432' title='bbox 1058 3131 1115 3175; x_wconf 89' lang='lat' dir='ltr'><strong>ut</strong></span> <span class='ocrx_word' id='word_1_433' title='bbox 1152 3123 1395 3181; x_wconf 89' lang='lat' dir='ltr'><strong>dicerent</strong></span> <span class='ocrx_word' id='word_1_434' title='bbox 1434 3128 1544 3198; x_wconf 82' lang='lat' dir='ltr'><strong>regi</strong></span> <span class='ocrx_word' id='word_1_435' title='bbox 1595 3144 1662 3183; x_wconf 88' lang='lat' dir='ltr'><strong>ne</strong></span> <span class='ocrx_word' id='word_1_436' title='bbox 1700 3129 1751 3184; x_wconf 89' lang='lat' dir='ltr'><strong>id</strong></span> <span class='ocrx_word' id='word_1_437' title='bbox 1800 3142 2003 3187; x_wconf 88' lang='lat' dir='ltr'><strong>temere</strong></span> 
     </span>
    </p>
   </div>
   <div class='ocr_carea' id='block_1_65' title="bbox 2103 3092 3671 3198">
    <p class='ocr_par' dir='ltr' id='par_1_65' title="bbox 2106 3092 3671 3188">
     <span class='ocr_line' id='line_1_65' title="bbox 2106 3092 3671 3188; baseline 0.004 -21"><span class='ocrx_word' id='word_1_438' title='bbox 2106 3115 2329 3170; x_wconf 90' lang='lat' dir='ltr'><strong>minime</strong></span> <span class='ocrx_word' id='word_1_439' title='bbox 2358 3092 2643 3185; x_wconf 79' lang='lat' dir='ltr'><strong>publicari,</strong></span> <span class='ocrx_word' id='word_1_440' title='bbox 2675 3132 2795 3186; x_wconf 74' lang='lat' dir='ltr'><strong>quae</strong></span> <span class='ocrx_word' id='word_1_441' title='bbox 2841 3119 2981 3187; x_wconf 89' lang='lat' dir='ltr'><strong>apud</strong></span> <span class='ocrx_word' id='word_1_442' title='bbox 3011 3119 3085 3171; x_wconf 89' lang='lat' dir='ltr'><strong>ttti</strong></span> <span class='ocrx_word' id='word_1_443' title='bbox 3112 3118 3261 3173; x_wconf 90' lang='lat' dir='ltr'><strong>chari</strong></span> <span class='ocrx_word' id='word_1_444' title='bbox 3308 3119 3543 3188; x_wconf 88' lang='lat' dir='ltr'><strong>pectoris</strong></span> <span class='ocrx_word' id='word_1_445' title='bbox 3580 3134 3671 3174; x_wconf 85' lang='lat' dir='ltr'><strong>se-</strong></span> 
     </span>
    </p>
   </div>
   <div class='ocr_carea' id='block_1_66' title="bbox 438 3198 2003 3290">
    <p class='ocr_par' dir='ltr' id='par_1_66' title="bbox 438 3198 2003 3290">
     <span class='ocr_line' id='line_1_66' title="bbox 438 3198 2003 3290; baseline 0.013 -31"><span class='ocrx_word' id='word_1_446' title='bbox 438 3198 804 3272; x_wconf 78' lang='lat' dir='ltr'><strong>ﬁcrijubcret.</strong></span> <span class='ocrx_word' id='word_1_447' title='bbox 838 3209 1064 3266; x_wconf 78' lang='lat' dir='ltr'><strong>\‘ocaret</strong></span> <span class='ocrx_word' id='word_1_448' title='bbox 1086 3220 1263 3270; x_wconf 89' lang='lat' dir='ltr'><strong>autem</strong></span> <span class='ocrx_word' id='word_1_449' title='bbox 1303 3230 1398 3271; x_wconf 91' lang='lat' dir='ltr'><strong>nos</strong></span> <span class='ocrx_word' id='word_1_450' title='bbox 1424 3226 1601 3282; x_wconf 84' lang='lat' dir='ltr'><strong>antea,</strong></span> <span class='ocrx_word' id='word_1_451' title='bbox 1632 3220 1674 3273; x_wconf 90' lang='lat' dir='ltr'><strong>si</strong></span> <span class='ocrx_word' id='word_1_452' title='bbox 1705 3221 1806 3279; x_wconf 83' lang='lat' dir='ltr'><strong>sibi</strong></span> <span class='ocrx_word' id='word_1_453' title='bbox 1828 3221 2003 3290; x_wconf 79' lang='lat' dir='ltr'><strong>place-</strong></span> 
     </span>
    </p>
   </div>
   <div class='ocr_carea' id='block_1_67' title="bbox 434 3295 1997 3377">
    <p class='ocr_par' dir='ltr' id='par_1_67' title="bbox 434 3295 1997 3377">
     <span class='ocr_line' id='line_1_67' title="bbox 434 3295 1997 3377; baseline 0.016 -32"><span class='ocrx_word' id='word_1_454' title='bbox 434 3302 537 3357; x_wconf 84' lang='lat' dir='ltr'><strong>ret,</strong></span> <span class='ocrx_word' id='word_1_455' title='bbox 568 3295 633 3349; x_wconf 87' lang='lat' dir='ltr'><strong>ad</strong></span> <span class='ocrx_word' id='word_1_456' title='bbox 657 3299 863 3354; x_wconf 81' lang='lat' dir='ltr'><strong>curiam</strong></span> <span class='ocrx_word' id='word_1_457' title='bbox 887 3316 1057 3365; x_wconf 89' lang='lat' dir='ltr'><strong>suam,</strong></span> <span class='ocrx_word' id='word_1_458' title='bbox 1093 3306 1173 3359; x_wconf 85' lang='lat' dir='ltr'><strong>vel</strong></span> <span class='ocrx_word' id='word_1_459' title='bbox 1198 3322 1308 3361; x_wconf 73' lang='lat' dir='ltr'><strong>sua:</strong></span> <span class='ocrx_word' id='word_1_460' title='bbox 1338 3309 1597 3365; x_wconf 84' lang='lat' dir='ltr'><strong>voluntati</strong></span> <span class='ocrx_word' id='word_1_461' title='bbox 1617 3327 1997 3377; x_wconf 88' lang='lat' dir='ltr'><strong>consensuros,</strong></span> 
     </span>
    </p>
   </div>
   <div class='ocr_carea' id='block_1_68' title="bbox 435 3384 2003 3461">
    <p class='ocr_par' dir='ltr' id='par_1_68' title="bbox 435 3384 2003 3461">
     <span class='ocr_line' id='line_1_68' title="bbox 435 3384 2003 3461; baseline 0.014 -22"><span class='ocrx_word' id='word_1_462' title='bbox 435 3384 521 3441; x_wconf 83' lang='lat' dir='ltr'><strong>vel</strong></span> <span class='ocrx_word' id='word_1_463' title='bbox 559 3404 658 3444; x_wconf 88' lang='lat' dir='ltr'><strong>cur</strong></span> <span class='ocrx_word' id='word_1_464' title='bbox 701 3391 1113 3452; x_wconf 87' lang='lat' dir='ltr'><strong>dissentiremus</strong></span> <span class='ocrx_word' id='word_1_465' title='bbox 1155 3409 1488 3455; x_wconf 87' lang='lat' dir='ltr'><strong>ostensnros.</strong></span> <span class='ocrx_word' id='word_1_466' title='bbox 1545 3402 1639 3458; x_wconf 83' lang='lat' dir='ltr'><strong>His</strong></span> <span class='ocrx_word' id='word_1_467' title='bbox 1684 3419 1813 3459; x_wconf 89' lang='lat' dir='ltr'><strong>vero</strong></span> <span class='ocrx_word' id='word_1_468' title='bbox 1842 3405 2003 3461; x_wconf 87' lang='lat' dir='ltr'><strong>dictis</strong></span> 
     </span>
    </p>
   </div>
   <div class='ocr_carea' id='block_1_69' title="bbox 437 3479 2001 3562">
    <p class='ocr_par' dir='ltr' id='par_1_69' title="bbox 437 3479 2001 3562">
     <span class='ocr_line' id='line_1_69' title="bbox 437 3479 2001 3562; baseline 0.013 -31"><span class='ocrx_word' id='word_1_469' title='bbox 437 3479 643 3538; x_wconf 84' lang='lat' dir='ltr'><strong>nostris</strong></span> <span class='ocrx_word' id='word_1_470' title='bbox 686 3481 798 3550; x_wconf 90' lang='lat' dir='ltr'><strong>ipse</strong></span> <span class='ocrx_word' id='word_1_471' title='bbox 838 3485 1069 3542; x_wconf 90' lang='lat' dir='ltr'><strong>domnus</strong></span> <span class='ocrx_word' id='word_1_472' title='bbox 1114 3502 1204 3544; x_wconf 80' lang='lat' dir='ltr'><strong>res</strong></span> <span class='ocrx_word' id='word_1_473' title='bbox 1251 3491 1597 3561; x_wconf 84' lang='lat' dir='ltr'><strong>contemptis,</strong></span> <span class='ocrx_word' id='word_1_474' title='bbox 1637 3493 1847 3562; x_wconf 78' lang='lat' dir='ltr'><strong>qualem</strong></span> <span class='ocrx_word' id='word_1_475' title='bbox 1899 3494 2001 3551; x_wconf 85' lang='lat' dir='ltr'><strong>sibi</strong></span> 
     </span>
    </p>
   </div>
   <div class='ocr_carea' id='block_1_70' title="bbox 433 3567 2003 3648">
    <p class='ocr_par' dir='ltr' id='par_1_70' title="bbox 433 3567 2003 3648">
     <span class='ocr_line' id='line_1_70' title="bbox 433 3567 2003 3648; baseline 0.011 -28"><span class='ocrx_word' id='word_1_476' title='bbox 433 3567 590 3623; x_wconf 88' lang='lat' dir='ltr'><strong>tibttit</strong></span> <span class='ocrx_word' id='word_1_477' title='bbox 608 3584 890 3639; x_wconf 85' lang='lat' dir='ltr'><strong>personam</strong></span> <span class='ocrx_word' id='word_1_478' title='bbox 917 3576 1119 3645; x_wconf 84' lang='lat' dir='ltr'><strong>absque</strong></span> <span class='ocrx_word' id='word_1_479' title='bbox 1146 3590 1325 3633; x_wconf 91' lang='lat' dir='ltr'><strong>nostra</strong></span> <span class='ocrx_word' id='word_1_480' title='bbox 1346 3581 1605 3648; x_wconf 86' lang='lat' dir='ltr'><strong>petitione</strong></span> <span class='ocrx_word' id='word_1_481' title='bbox 1625 3584 1863 3636; x_wconf 82' lang='lat' dir='ltr'><strong>ordinari</strong></span> <span class='ocrx_word' id='word_1_482' title='bbox 1891 3585 2003 3638; x_wconf 82' lang='lat' dir='ltr'><strong>vio-</strong></span> 
     </span>
    </p>
   </div>
   <div class='ocr_carea' id='block_1_71' title="bbox 434 3657 2002 3729">
    <p class='ocr_par' dir='ltr' id='par_1_71' title="bbox 434 3657 2002 3729">
     <span class='ocr_line' id='line_1_71' title="bbox 434 3657 2002 3729; baseline 0.004 -12"><span class='ocrx_word' id='word_1_483' title='bbox 434 3657 613 3717; x_wconf 84' lang='lat' dir='ltr'><strong>lentus</strong></span> <span class='ocrx_word' id='word_1_484' title='bbox 633 3663 970 3721; x_wconf 85' lang='lat' dir='ltr'><strong>acceleravit.</strong></span> <span class='ocrx_word' id='word_1_485' title='bbox 996 3666 1281 3724; x_wconf 88' lang='lat' dir='ltr'><strong>Immemor</strong></span> <span class='ocrx_word' id='word_1_486' title='bbox 1300 3671 1531 3726; x_wconf 75' lang='lat' dir='ltr'><strong>fortasse</strong></span> <span class='ocrx_word' id='word_1_487' title='bbox 1554 3672 1696 3727; x_wconf 91' lang='lat' dir='ltr'><strong>illius</strong></span> <span class='ocrx_word' id='word_1_488' title='bbox 1718 3674 1846 3729; x_wconf 80' lang='lat' dir='ltr'><strong>dicti</strong></span> <span class='ocrx_word' id='word_1_489' title='bbox 1860 3672 2002 3729; x_wconf 66' lang='lat' dir='ltr'><strong>Con—</strong></span> 
     </span>
    </p>
   </div>
   <div class='ocr_carea' id='block_1_72' title="bbox 436 3753 2001 3833">
    <p class='ocr_par' dir='ltr' id='par_1_72' title="bbox 436 3753 2001 3833">
     <span class='ocr_line' id='line_1_72' title="bbox 436 3753 2001 3833; baseline 0.008 -29"><span class='ocrx_word' id='word_1_490' title='bbox 436 3753 655 3807; x_wconf 82' lang='lat' dir='ltr'><strong>stantini</strong></span> <span class='ocrx_word' id='word_1_491' title='bbox 676 3753 880 3811; x_wconf 86' lang='lat' dir='ltr'><strong>Christ.</strong></span> <span class='ocrx_word' id='word_1_492' title='bbox 918 3758 1277 3828; x_wconf 87' lang='lat' dir='ltr'><strong>imperatoris,</strong></span> <span class='ocrx_word' id='word_1_493' title='bbox 1310 3762 1377 3815; x_wconf 91' lang='lat' dir='ltr'><strong>de</strong></span> <span class='ocrx_word' id='word_1_494' title='bbox 1413 3762 1662 3819; x_wconf 87' lang='lat' dir='ltr'><strong>violentia</strong></span> <span class='ocrx_word' id='word_1_495' title='bbox 1696 3765 2001 3833; x_wconf 79' lang='lat' dir='ltr'><strong>principum</strong></span> 
     </span>
    </p>
   </div>
   <div class='ocr_carea' id='block_1_73' title="bbox 427 3850 2002 3921">
    <p class='ocr_par' dir='ltr' id='par_1_73' title="bbox 427 3850 2002 3921">
     <span class='ocr_line' id='line_1_73' title="bbox 427 3850 2002 3921; baseline 0.008 -23"><span class='ocrx_word' id='word_1_496' title='bbox 427 3852 618 3898; x_wconf 84' lang='lat' dir='ltr'><strong>contra</strong></span> <span class='ocrx_word' id='word_1_497' title='bbox 641 3860 700 3900; x_wconf 91' lang='lat' dir='ltr'><strong>se</strong></span> <span class='ocrx_word' id='word_1_498' title='bbox 728 3856 781 3899; x_wconf 91' lang='lat' dir='ltr'><strong>ct</strong></span> <span class='ocrx_word' id='word_1_499' title='bbox 805 3857 994 3902; x_wconf 89' lang='lat' dir='ltr'><strong>contra</strong></span> <span class='ocrx_word' id='word_1_500' title='bbox 1017 3850 1153 3904; x_wconf 89' lang='lat' dir='ltr'><strong>alios</strong></span> <span class='ocrx_word' id='word_1_501' title='bbox 1189 3852 1459 3921; x_wconf 88' lang='lat' dir='ltr'><strong>principes</strong></span> <span class='ocrx_word' id='word_1_502' title='bbox 1504 3854 1575 3907; x_wconf 87' lang='lat' dir='ltr'><strong>ita</strong></span> <span class='ocrx_word' id='word_1_503' title='bbox 1623 3869 1681 3908; x_wconf 86' lang='lat' dir='ltr'><strong>se</strong></span> <span class='ocrx_word' id='word_1_504' title='bbox 1712 3854 1957 3909; x_wconf 88' lang='lat' dir='ltr'><strong>habentis</strong></span> <span class='ocrx_word' id='word_1_505' title='bbox 1983 3862 2002 3912; x_wconf 72' lang='grc' dir='ltr'><em>τ</em></span> 
     </span>
    </p>
   </div>
   <div class='ocr_carea' id='block_1_74' title="bbox 433 3934 2001 4017">
    <p class='ocr_par' dir='ltr' id='par_1_74' title="bbox 433 3934 2001 4017">
     <span class='ocr_line' id='line_1_74' title="bbox 433 3934 2001 4017; baseline 0.011 -31"><span class='ocrx_word' id='word_1_506' title='bbox 433 3934 788 4004; x_wconf 79' lang='lat' dir='ltr'><strong>Qutccunqne,</strong></span> <span class='ocrx_word' id='word_1_507' title='bbox 815 3939 1013 4009; x_wconf 83' lang='lat' dir='ltr'><strong>inquit,</strong></span> <span class='ocrx_word' id='word_1_508' title='bbox 1036 3953 1216 3995; x_wconf 86' lang='lat' dir='ltr'><strong>contra</strong></span> <span class='ocrx_word' id='word_1_509' title='bbox 1243 3942 1378 4013; x_wconf 75' lang='lat' dir='ltr'><strong>leges</strong></span> <span class='ocrx_word' id='word_1_510' title='bbox 1406 3944 1596 4012; x_wconf 79' lang='lat' dir='ltr'><strong>fuerint</strong></span> <span class='ocrx_word' id='word_1_511' title='bbox 1618 3962 1649 3999; x_wconf 87' lang='lat' dir='ltr'><strong>a</strong></span> <span class='ocrx_word' id='word_1_512' title='bbox 1681 3947 2001 4017; x_wconf 82' lang='lat' dir='ltr'><strong>principibus</strong></span> 
     </span>
    </p>
   </div>
   <div class='ocr_carea' id='block_1_75' title="bbox 431 4026 2000 4108">
    <p class='ocr_par' dir='ltr' id='par_1_75' title="bbox 431 4026 2000 4108">
     <span class='ocr_line' id='line_1_75' title="bbox 431 4026 2000 4108; baseline 0.011 -31"><span class='ocrx_word' id='word_1_513' title='bbox 431 4026 663 4097; x_wconf 73' lang='lat' dir='ltr'><strong>obtenta,</strong></span> <span class='ocrx_word' id='word_1_514' title='bbox 717 4045 818 4081; x_wconf 89' lang='lat' dir='ltr'><strong>non</strong></span> <span class='ocrx_word' id='word_1_515' title='bbox 868 4029 1091 4087; x_wconf 73' lang='lat' dir='ltr'><strong>valeant.</strong></span> <span class='ocrx_word' id='word_1_516' title='bbox 1121 4031 1248 4099; x_wconf 82' lang='lat' dir='ltr'><strong>Sed,</strong></span> <span class='ocrx_word' id='word_1_517' title='bbox 1289 4043 1349 4087; x_wconf 90' lang='lat' dir='ltr'><strong>ut</strong></span> <span class='ocrx_word' id='word_1_518' title='bbox 1377 4034 1442 4088; x_wconf 90' lang='lat' dir='ltr'><strong>ad</strong></span> <span class='ocrx_word' id='word_1_519' title='bbox 1496 4051 1735 4105; x_wconf 83' lang='lat' dir='ltr'><strong>praesens</strong></span> <span class='ocrx_word' id='word_1_520' title='bbox 1774 4038 1843 4094; x_wconf 90' lang='lat' dir='ltr'><strong>dc</strong></span> <span class='ocrx_word' id='word_1_521' title='bbox 1886 4040 2000 4108; x_wconf 90' lang='lat' dir='ltr'><strong>ipso</strong></span> 
     </span>
    </p>
   </div>
   <div class='ocr_carea' id='block_1_76' title="bbox 432 4119 1997 4198">
    <p class='ocr_par' dir='ltr' id='par_1_76' title="bbox 432 4119 1997 4198">
     <span class='ocr_line' id='line_1_76' title="bbox 432 4119 1997 4198; baseline 0.01 -30"><span class='ocrx_word' id='word_1_522' title='bbox 432 4126 729 4180; x_wconf 79' lang='lat' dir='ltr'><strong>taceamus,</strong></span> <span class='ocrx_word' id='word_1_523' title='bbox 752 4119 841 4188; x_wconf 82' lang='lat' dir='ltr'><strong>qui</strong></span> <span class='ocrx_word' id='word_1_524' title='bbox 886 4135 1016 4174; x_wconf 87' lang='lat' dir='ltr'><strong>sane</strong></span> <span class='ocrx_word' id='word_1_525' title='bbox 1050 4123 1243 4176; x_wconf 82' lang='lat' dir='ltr'><strong>viderit</strong></span> <span class='ocrx_word' id='word_1_526' title='bbox 1266 4134 1444 4179; x_wconf 88' lang='lat' dir='ltr'><strong>tttrnm</strong></span> <span class='ocrx_word' id='word_1_527' title='bbox 1473 4128 1653 4181; x_wconf 88' lang='lat' dir='ltr'><strong>omnia</strong></span> <span class='ocrx_word' id='word_1_528' title='bbox 1682 4139 1825 4185; x_wconf 88' lang='lat' dir='ltr'><strong>recte</strong></span> <span class='ocrx_word' id='word_1_529' title='bbox 1853 4139 1997 4198; x_wconf 76' lang='lat' dir='ltr'><strong>agat,</strong></span> 
     </span>
    </p>
   </div>
   <div class='ocr_carea' id='block_1_77' title="bbox 431 4209 2000 4287">
    <p class='ocr_par' dir='ltr' id='par_1_77' title="bbox 431 4209 2000 4287">
     <span class='ocr_line' id='line_1_77' title="bbox 431 4209 2000 4287; baseline 0.008 -25"><span class='ocrx_word' id='word_1_530' title='bbox 431 4223 532 4267; x_wconf 87' lang='lat' dir='ltr'><strong>nec</strong></span> <span class='ocrx_word' id='word_1_531' title='bbox 558 4220 678 4277; x_wconf 88' lang='lat' dir='ltr'><strong>post</strong></span> <span class='ocrx_word' id='word_1_532' title='bbox 702 4209 901 4265; x_wconf 80' lang='lat' dir='ltr'><strong>factum</strong></span> <span class='ocrx_word' id='word_1_533' title='bbox 926 4212 1219 4280; x_wconf 67' lang='lat' dir='ltr'><strong>paeniteat?</strong></span> <span class='ocrx_word' id='word_1_534' title='bbox 1247 4216 1324 4269; x_wconf 86' lang='lat' dir='ltr'><strong>Ad</strong></span> <span class='ocrx_word' id='word_1_535' title='bbox 1350 4226 1418 4279; x_wconf 89' lang='lat' dir='ltr'><strong>te,</strong></span> <span class='ocrx_word' id='word_1_536' title='bbox 1443 4215 1627 4281; x_wconf 83' lang='lat' dir='ltr'><strong>Pater,</strong></span> <span class='ocrx_word' id='word_1_537' title='bbox 1650 4218 2000 4287; x_wconf 68' lang='lat' dir='ltr'><strong>querimoniae</strong></span> 
     </span>
    </p>
   </div>
   <div class='ocr_carea' id='block_1_78' title="bbox 433 4299 1999 4375">
    <p class='ocr_par' dir='ltr' id='par_1_78' title="bbox 433 4299 1999 4375">
     <span class='ocr_line' id='line_1_78' title="bbox 433 4299 1999 4375; baseline 0.007 -21"><span class='ocrx_word' id='word_1_538' title='bbox 433 4310 632 4355; x_wconf 73' lang='lat' dir='ltr'><strong>nostra:</strong></span> <span class='ocrx_word' id='word_1_539' title='bbox 669 4299 935 4357; x_wconf 84' lang='lat' dir='ltr'><strong>ﬂectimus</strong></span> <span class='ocrx_word' id='word_1_540' title='bbox 961 4305 1272 4370; x_wconf 82' lang='lat' dir='ltr'><strong>articulum,</strong></span> <span class='ocrx_word' id='word_1_541' title='bbox 1328 4322 1485 4375; x_wconf 83' lang='lat' dir='ltr'><strong>quem</strong></span> <span class='ocrx_word' id='word_1_542' title='bbox 1517 4308 1774 4362; x_wconf 70' lang='lat' dir='ltr'><strong>Ecclesia:</strong></span> <span class='ocrx_word' id='word_1_543' title='bbox 1803 4320 1999 4365; x_wconf 60' lang='lat' dir='ltr'><strong>nostra:</strong></span> 
     </span>
    </p>
   </div>
   <div class='ocr_carea' id='block_1_79' title="bbox 422 4391 2075 4485">
    <p class='ocr_par' dir='ltr' id='par_1_79' title="bbox 422 4391 2075 4485">
     <span class='ocr_line' id='line_1_79' title="bbox 422 4391 2075 4485; baseline 0.01 -44"><span class='ocrx_word' id='word_1_544' title='bbox 422 4404 615 4442; x_wconf 82' lang='lat' dir='ltr'><strong>.euram</strong></span> <span class='ocrx_word' id='word_1_545' title='bbox 645 4391 965 4460; x_wconf 74' lang='lat' dir='ltr'><strong>neglexisse,</strong></span> <span class='ocrx_word' id='word_1_546' title='bbox 996 4394 1102 4448; x_wconf 88' lang='lat' dir='ltr'><strong>into</strong></span> <span class='ocrx_word' id='word_1_547' title='bbox 1144 4397 1449 4452; x_wconf 87' lang='lat' dir='ltr'><strong>auctoritati</strong></span> <span class='ocrx_word' id='word_1_548' title='bbox 1484 4406 1587 4452; x_wconf 75' lang='lat' dir='ltr'><strong>tute</strong></span> <span class='ocrx_word' id='word_1_549' title='bbox 1616 4400 1874 4470; x_wconf 78' lang='lat' dir='ltr'><strong>derogare</strong></span> <span class='ocrx_word' id='word_1_550' title='bbox 1904 4416 1997 4456; x_wconf 83' lang='lat' dir='ltr'><strong>ve-</strong></span> <span class='ocrx_word' id='word_1_551' title='bbox 2027 4428 2075 4485; x_wconf 73' lang='grc' dir='ltr'>ι)</span> 
     </span>
    </p>
   </div>
   <div class='ocr_carea' id='block_1_80' title="bbox 424 4481 1997 4557">
    <p class='ocr_par' dir='ltr' id='par_1_80' title="bbox 424 4481 1997 4557">
     <span class='ocr_line' id='line_1_80' title="bbox 424 4481 1997 4557; baseline 0.009 -24"><span class='ocrx_word' id='word_1_552' title='bbox 424 4481 709 4536; x_wconf 70' lang='grc' dir='ltr'>Ιιεηιωιιοτ</span> <span class='ocrx_word' id='word_1_553' title='bbox 748 4481 993 4539; x_wconf 88' lang='lat' dir='ltr'><strong>dolemus</strong></span> <span class='ocrx_word' id='word_1_554' title='bbox 1023 4526 1036 4548; x_wconf 90' lang='lat'><strong>,</strong></span> <span class='ocrx_word' id='word_1_555' title='bbox 1086 4486 1393 4555; x_wconf 88' lang='lat' dir='ltr'><strong>posthabito</strong></span> <span class='ocrx_word' id='word_1_556' title='bbox 1440 4488 1747 4557; x_wconf 89' lang='lat' dir='ltr'><strong>supradicto</strong></span> <span class='ocrx_word' id='word_1_557' title='bbox 1801 4490 1997 4547; x_wconf 82' lang='lat' dir='ltr'><strong>Leonis</strong></span> 
     </span>
    </p>
   </div>
   <div class='ocr_carea' id='block_1_81' title="bbox 424 4576 1998 4647">
    <p class='ocr_par' dir='ltr' id='par_1_81' title="bbox 424 4576 1998 4647">
     <span class='ocr_line' id='line_1_81' title="bbox 424 4576 1998 4647; baseline 0.008 -22"><span class='ocrx_word' id='word_1_558' title='bbox 424 4586 577 4640; x_wconf 68' lang='lat' dir='ltr'><strong>palm:</strong></span> <span class='ocrx_word' id='word_1_559' title='bbox 617 4576 853 4635; x_wconf 84' lang='lat' dir='ltr'><strong>decreto.</strong></span> <span class='ocrx_word' id='word_1_560' title='bbox 906 4576 1057 4642; x_wconf 81' lang='lat' dir='ltr'><strong>Quod</strong></span> <span class='ocrx_word' id='word_1_561' title='bbox 1106 4579 1149 4632; x_wconf 88' lang='lat' dir='ltr'><strong>si</strong></span> <span class='ocrx_word' id='word_1_562' title='bbox 1197 4579 1563 4647; x_wconf 86' lang='lat' dir='ltr'><strong>observasses,</strong></span> <span class='ocrx_word' id='word_1_563' title='bbox 1602 4582 1998 4638; x_wconf 86' lang='lat' dir='ltr'><strong>rationabiliter</strong></span> 
     </span>
    </p>
   </div>
   <div class='ocr_carea' id='block_1_82' title="bbox 424 4664 1996 4739">
    <p class='ocr_par' dir='ltr' id='par_1_82' title="bbox 424 4664 1996 4739">
     <span class='ocr_line' id='line_1_82' title="bbox 424 4664 1996 4739; baseline 0.008 -24"><span class='ocrx_word' id='word_1_564' title='bbox 424 4664 609 4733; x_wconf 85' lang='lat' dir='ltr'><strong>utique</strong></span> <span class='ocrx_word' id='word_1_565' title='bbox 635 4666 856 4733; x_wconf 78' lang='lat' dir='ltr'><strong>egisses,</strong></span> <span class='ocrx_word' id='word_1_566' title='bbox 888 4676 943 4721; x_wconf 90' lang='lat' dir='ltr'><strong>ct</strong></span> <span class='ocrx_word' id='word_1_567' title='bbox 976 4669 1317 4733; x_wconf 76' lang='lat' dir='ltr'><strong>beneumbis,</strong></span> <span class='ocrx_word' id='word_1_568' title='bbox 1352 4679 1408 4725; x_wconf 93' lang='lat' dir='ltr'><strong>ut</strong></span> <span class='ocrx_word' id='word_1_569' title='bbox 1449 4669 1571 4725; x_wconf 87' lang='lat' dir='ltr'><strong>liliis</strong></span> <span class='ocrx_word' id='word_1_570' title='bbox 1599 4680 1772 4739; x_wconf 86' lang='lat' dir='ltr'><strong>pater,</strong></span> <span class='ocrx_word' id='word_1_571' title='bbox 1803 4687 1996 4727; x_wconf 86' lang='lat' dir='ltr'><strong>consu-</strong></span> 
     </span>
    </p>
   </div>
   <div class='ocr_carea' id='block_1_83' title="bbox 424 4752 1994 4829">
    <p class='ocr_par' dir='ltr' id='par_1_83' title="bbox 424 4752 1994 4829">
     <span class='ocr_line' id='line_1_83' title="bbox 424 4752 1994 4829; baseline 0.006 -23"><span class='ocrx_word' id='word_1_572' title='bbox 424 4752 636 4810; x_wconf 83' lang='lat' dir='ltr'><strong>luisses.</strong></span> <span class='ocrx_word' id='word_1_573' title='bbox 671 4756 742 4811; x_wconf 85' lang='lat' dir='ltr'><strong>At</strong></span> <span class='ocrx_word' id='word_1_574' title='bbox 773 4758 889 4827; x_wconf 86' lang='lat' dir='ltr'><strong>ipso</strong></span> <span class='ocrx_word' id='word_1_575' title='bbox 922 4759 1119 4813; x_wconf 80' lang='lat' dir='ltr'><strong>violato</strong></span> <span class='ocrx_word' id='word_1_576' title='bbox 1149 4775 1308 4829; x_wconf 83' lang='lat' dir='ltr'><strong>quam</strong></span> <span class='ocrx_word' id='word_1_577' title='bbox 1358 4760 1523 4816; x_wconf 86' lang='lat' dir='ltr'><strong>multa</strong></span> <span class='ocrx_word' id='word_1_578' title='bbox 1554 4761 1656 4814; x_wconf 90' lang='lat' dir='ltr'><strong>alia</strong></span> <span class='ocrx_word' id='word_1_579' title='bbox 1683 4772 1994 4825; x_wconf 81' lang='lat' dir='ltr'><strong>sanctorum</strong></span> 
     </span>
    </p>
   </div>
   <div class='ocr_carea' id='block_1_84' title="bbox 420 4843 1993 4919">
    <p class='ocr_par' dir='ltr' id='par_1_84' title="bbox 420 4843 1993 4919">
     <span class='ocr_line' id='line_1_84' title="bbox 420 4843 1993 4919; baseline 0.004 -21"><span class='ocrx_word' id='word_1_580' title='bbox 420 4843 640 4899; x_wconf 88' lang='lat' dir='ltr'><strong>Patrum</strong></span> <span class='ocrx_word' id='word_1_581' title='bbox 667 4846 973 4909; x_wconf 86' lang='lat' dir='ltr'><strong>violaveris.</strong></span> <span class='ocrx_word' id='word_1_582' title='bbox 1018 4858 1128 4903; x_wconf 90' lang='lat' dir='ltr'><strong>tute</strong></span> <span class='ocrx_word' id='word_1_583' title='bbox 1152 4850 1454 4904; x_wconf 89' lang='lat' dir='ltr'><strong>considera.</strong></span> <span class='ocrx_word' id='word_1_584' title='bbox 1482 4848 1588 4904; x_wconf 90' lang='lat' dir='ltr'><strong>Nos</strong></span> <span class='ocrx_word' id='word_1_585' title='bbox 1618 4859 1794 4904; x_wconf 87' lang='lat' dir='ltr'><strong>tamen</strong></span> <span class='ocrx_word' id='word_1_586' title='bbox 1826 4866 1993 4919; x_wconf 88' lang='lat' dir='ltr'><strong>pauca</strong></span> 
     </span>
    </p>
   </div>
   <div class='ocr_carea' id='block_1_85' title="bbox 421 4938 1996 5010">
    <p class='ocr_par' dir='ltr' id='par_1_85' title="bbox 421 4938 1996 5010">
     <span class='ocr_line' id='line_1_85' title="bbox 421 4938 1996 5010; baseline 0.004 -20"><span class='ocrx_word' id='word_1_587' title='bbox 421 4938 517 4992; x_wconf 86' lang='lat' dir='ltr'><strong>tibi</strong></span> <span class='ocrx_word' id='word_1_588' title='bbox 545 4938 612 4994; x_wconf 92' lang='lat' dir='ltr'><strong>de</strong></span> <span class='ocrx_word' id='word_1_589' title='bbox 654 4940 841 4995; x_wconf 89' lang='lat' dir='ltr'><strong>multis</strong></span> <span class='ocrx_word' id='word_1_590' title='bbox 874 4941 1179 4999; x_wconf 86' lang='lat' dir='ltr'><strong>scribimus.</strong></span> <span class='ocrx_word' id='word_1_591' title='bbox 1212 4941 1431 5010; x_wconf 83' lang='lat' dir='ltr'><strong>Legitur</strong></span> <span class='ocrx_word' id='word_1_592' title='bbox 1462 4941 1516 4996; x_wconf 90' lang='lat' dir='ltr'><strong>in</strong></span> <span class='ocrx_word' id='word_1_593' title='bbox 1549 4941 1781 4996; x_wconf 90' lang='lat' dir='ltr'><strong>decretis</strong></span> <span class='ocrx_word' id='word_1_594' title='bbox 1822 4941 1996 4996; x_wconf 72' lang='lat' dir='ltr'><strong>Crete-</strong></span> 
     </span>
    </p>
   </div>
   <div class='ocr_carea' id='block_1_86' title="bbox 423 5025 1988 5102">
    <p class='ocr_par' dir='ltr' id='par_1_86' title="bbox 423 5025 1988 5102">
     <span class='ocr_line' id='line_1_86' title="bbox 423 5025 1988 5102; baseline 0.003 -21"><span class='ocrx_word' id='word_1_595' title='bbox 423 5029 549 5083; x_wconf 88' lang='lat' dir='ltr'><strong>stiui</strong></span> <span class='ocrx_word' id='word_1_596' title='bbox 604 5043 799 5099; x_wconf 69' lang='lat' dir='ltr'><strong>papas:</strong></span> <span class='ocrx_word' id='word_1_597' title='bbox 853 5025 1048 5085; x_wconf 86' lang='lat' dir='ltr'><strong>Nullus</strong></span> <span class='ocrx_word' id='word_1_598' title='bbox 1095 5031 1270 5086; x_wconf 81' lang='lat' dir='ltr'><strong>invitis</strong></span> <span class='ocrx_word' id='word_1_599' title='bbox 1327 5030 1479 5085; x_wconf 82' lang='lat' dir='ltr'><strong>detur</strong></span> <span class='ocrx_word' id='word_1_600' title='bbox 1510 5032 1817 5102; x_wconf 87' lang='lat' dir='ltr'><strong>episcopus:</strong></span> <span class='ocrx_word' id='word_1_601' title='bbox 1847 5030 1988 5096; x_wconf 83' lang='lat' dir='ltr'><strong>cieri,</strong></span> 
     </span>
    </p>
   </div>
   <div class='ocr_carea' id='block_1_87' title="bbox 418 5117 1990 5190">
    <p class='ocr_par' dir='ltr' id='par_1_87' title="bbox 418 5117 1990 5190">
     <span class='ocr_line' id='line_1_87' title="bbox 418 5117 1990 5190; baseline 0.003 -22"><span class='ocrx_word' id='word_1_602' title='bbox 418 5117 581 5186; x_wconf 61' lang='lat' dir='ltr'><strong>plebis</strong></span> <span class='ocrx_word' id='word_1_603' title='bbox 606 5128 656 5172; x_wconf 87' lang='lat' dir='ltr'><strong>et</strong></span> <span class='ocrx_word' id='word_1_604' title='bbox 683 5121 883 5177; x_wconf 81' lang='lat' dir='ltr'><strong>ordinis</strong></span> <span class='ocrx_word' id='word_1_605' title='bbox 912 5136 1194 5175; x_wconf 78' lang='lat' dir='ltr'><strong>consensus</strong></span> <span class='ocrx_word' id='word_1_606' title='bbox 1229 5130 1277 5175; x_wconf 91' lang='lat' dir='ltr'><strong>et</strong></span> <span class='ocrx_word' id='word_1_607' title='bbox 1315 5120 1625 5179; x_wconf 80' lang='lat' dir='ltr'><strong>desiderium</strong></span> <span class='ocrx_word' id='word_1_608' title='bbox 1674 5122 1990 5190; x_wconf 78' lang='lat' dir='ltr'><strong>requiratur.</strong></span> 
     </span>
    </p>
   </div>
   <div class='ocr_carea' id='block_1_88' title="bbox 420 5210 1992 5280">
    <p class='ocr_par' dir='ltr' id='par_1_88' title="bbox 420 5210 1992 5280">
     <span class='ocr_line' id='line_1_88' title="bbox 420 5210 1992 5280; baseline 0.003 -17"><span class='ocrx_word' id='word_1_609' title='bbox 420 5210 486 5263; x_wconf 75' lang='lat' dir='ltr'><strong>Et</strong></span> <span class='ocrx_word' id='word_1_610' title='bbox 520 5217 639 5279; x_wconf 86' lang='lat' dir='ltr'><strong>post</strong></span> <span class='ocrx_word' id='word_1_611' title='bbox 666 5225 836 5279; x_wconf 82' lang='lat' dir='ltr'><strong>pauca</strong></span> <span class='ocrx_word' id='word_1_612' title='bbox 864 5210 993 5279; x_wconf 44' lang='lat' dir='ltr'><strong>{Sit</strong></span> <span class='ocrx_word' id='word_1_613' title='bbox 1031 5210 1257 5280; x_wconf 73' lang='lat' dir='ltr'><strong>facultas</strong></span> <span class='ocrx_word' id='word_1_614' title='bbox 1307 5210 1509 5265; x_wconf 87' lang='lat' dir='ltr'><strong>clericis</strong></span> <span class='ocrx_word' id='word_1_615' title='bbox 1557 5212 1832 5276; x_wconf 73' lang='lat' dir='ltr'><strong>renitentli,</strong></span> <span class='ocrx_word' id='word_1_616' title='bbox 1863 5215 1908 5267; x_wconf 89' lang='lat' dir='ltr'><strong>si</strong></span> <span class='ocrx_word' id='word_1_617' title='bbox 1938 5230 1992 5268; x_wconf 79' lang='lat' dir='ltr'><strong>se</strong></span> 
     </span>
    </p>
   </div>
   <div class='ocr_carea' id='block_1_89' title="bbox 420 5303 1992 5374">
    <p class='ocr_par' dir='ltr' id='par_1_89' title="bbox 420 5303 1992 5374">
     <span class='ocr_line' id='line_1_89' title="bbox 420 5303 1992 5374; baseline 0.003 -19"><span class='ocrx_word' id='word_1_618' title='bbox 420 5303 638 5356; x_wconf 69' lang='lat' dir='ltr'><strong>uiderint</strong></span> <span class='ocrx_word' id='word_1_619' title='bbox 668 5304 1006 5372; x_wconf 75' lang='lat' dir='ltr'><strong>prwgravari,</strong></span> <span class='ocrx_word' id='word_1_620' title='bbox 1033 5314 1080 5357; x_wconf 93' lang='lat' dir='ltr'><strong>et</strong></span> <span class='ocrx_word' id='word_1_621' title='bbox 1109 5320 1237 5374; x_wconf 85' lang='lat' dir='ltr'><strong>quos</strong></span> <span class='ocrx_word' id='word_1_622' title='bbox 1271 5303 1370 5359; x_wconf 85' lang='lat' dir='ltr'><strong>sibi</strong></span> <span class='ocrx_word' id='word_1_623' title='bbox 1402 5304 1570 5373; x_wconf 83' lang='lat' dir='ltr'><strong>ingeri</strong></span> <span class='ocrx_word' id='word_1_624' title='bbox 1612 5319 1675 5358; x_wconf 68' lang='lat' dir='ltr'><strong>ex</strong></span> <span class='ocrx_word' id='word_1_625' title='bbox 1699 5316 1992 5360; x_wconf 67' lang='lat' dir='ltr'><strong>transverso</strong></span> 
     </span>
    </p>
   </div>
   <div class='ocr_carea' id='block_1_90' title="bbox 416 5380 1991 5464">
    <p class='ocr_par' dir='ltr' id='par_1_90' title="bbox 416 5380 1991 5464">
     <span class='ocr_line' id='line_1_90' title="bbox 416 5380 1991 5464; baseline 0 -18"><span class='ocrx_word' id='word_1_626' title='bbox 416 5396 675 5458; x_wconf 79' lang='lat' dir='ltr'><strong>noverint,</strong></span> <span class='ocrx_word' id='word_1_627' title='bbox 718 5409 821 5449; x_wconf 84' lang='lat' dir='ltr'><strong>non</strong></span> <span class='ocrx_word' id='word_1_628' title='bbox 853 5395 1066 5449; x_wconf 86' lang='lat' dir='ltr'><strong>timeant</strong></span> <span class='ocrx_word' id='word_1_629' title='bbox 1096 5399 1364 5464; x_wconf 63' lang='lat' dir='ltr'><strong>refutare:</strong></span> <span class='ocrx_word' id='word_1_630' title='bbox 1395 5380 1595 5462; x_wconf 29' lang='lat' dir='ltr'><strong>quissi</strong></span> <span class='ocrx_word' id='word_1_631' title='bbox 1630 5409 1731 5456; x_wconf 79' lang='lat' dir='ltr'><strong>non</strong></span> <span class='ocrx_word' id='word_1_632' title='bbox 1763 5394 1991 5446; x_wconf 83' lang='lat' dir='ltr'><strong>debitum</strong></span> 
     </span>
    </p>
   </div>
   <div class='ocr_carea' id='block_1_91' title="bbox 417 5483 1990 5567">
    <p class='ocr_par' dir='ltr' id='par_1_91' title="bbox 417 5483 1990 5567">
     <span class='ocr_line' id='line_1_91' title="bbox 417 5483 1990 5567; baseline -0.003 -31"><span class='ocrx_word' id='word_1_633' title='bbox 417 5485 665 5567; x_wconf 86' lang='lat' dir='ltr'><strong>primum,</strong></span> <span class='ocrx_word' id='word_1_634' title='bbox 713 5483 792 5538; x_wconf 74' lang='lat' dir='ltr'><strong>uel</strong></span> <span class='ocrx_word' id='word_1_635' title='bbox 843 5483 1083 5553; x_wconf 82' lang='lat' dir='ltr'><strong>liberum,</strong></span> <span class='ocrx_word' id='word_1_636' title='bbox 1122 5486 1185 5538; x_wconf 84' lang='lat' dir='ltr'><strong>de</strong></span> <span class='ocrx_word' id='word_1_637' title='bbox 1225 5499 1284 5538; x_wconf 88' lang='lat' dir='ltr'><strong>eo</strong></span> <span class='ocrx_word' id='word_1_638' title='bbox 1336 5485 1426 5556; x_wconf 89' lang='lat' dir='ltr'><strong>qui</strong></span> <span class='ocrx_word' id='word_1_639' title='bbox 1471 5500 1558 5537; x_wconf 88' lang='lat' dir='ltr'><strong>eos</strong></span> <span class='ocrx_word' id='word_1_640' title='bbox 1612 5492 1846 5535; x_wconf 84' lang='lat' dir='ltr'><strong>recturus</strong></span> <span class='ocrx_word' id='word_1_641' title='bbox 1893 5492 1990 5545; x_wconf 82' lang='lat' dir='ltr'><strong>est,</strong></span> 
     </span>
    </p>
   </div>
   <div class='ocr_carea' id='block_1_92' title="bbox 419 5569 1993 5642">
    <p class='ocr_par' dir='ltr' id='par_1_92' title="bbox 419 5569 1993 5642">
     <span class='ocr_line' id='line_1_92' title="bbox 419 5569 1993 5642; baseline -0.003 -15"><span class='ocrx_word' id='word_1_642' title='bbox 419 5574 603 5629; x_wconf 79' lang='lat' dir='ltr'><strong>debent</strong></span> <span class='ocrx_word' id='word_1_643' title='bbox 639 5574 830 5629; x_wconf 82' lang='lat' dir='ltr'><strong>habere</strong></span> <span class='ocrx_word' id='word_1_644' title='bbox 868 5572 1153 5642; x_wconf 84' lang='lat' dir='ltr'><strong>judicium.</strong></span> <span class='ocrx_word' id='word_1_645' title='bbox 1204 5573 1335 5629; x_wconf 84' lang='lat' dir='ltr'><strong>Item</strong></span> <span class='ocrx_word' id='word_1_646' title='bbox 1384 5589 1448 5627; x_wconf 82' lang='lat' dir='ltr'><strong>ex</strong></span> <span class='ocrx_word' id='word_1_647' title='bbox 1501 5571 1732 5628; x_wconf 83' lang='lat' dir='ltr'><strong>concilio</strong></span> <span class='ocrx_word' id='word_1_648' title='bbox 1765 5569 1993 5625; x_wconf 79' lang='lat' dir='ltr'><strong>Cartha-</strong></span> 
     </span>
    </p>
   </div>
   <div class='ocr_carea' id='block_1_93' title="bbox 416 5660 1989 5734">
    <p class='ocr_par' dir='ltr' id='par_1_93' title="bbox 416 5660 1989 5734">
     <span class='ocr_line' id='line_1_93' title="bbox 416 5660 1989 5734; baseline -0.001 -19"><span class='ocrx_word' id='word_1_649' title='bbox 416 5664 624 5734; x_wconf 74' lang='lat' dir='ltr'><strong>ginrusi</strong></span> <span class='ocrx_word' id='word_1_650' title='bbox 659 5663 855 5729; x_wconf 82' lang='lat' dir='ltr'><strong>tertio;</strong></span> <span class='ocrx_word' id='word_1_651' title='bbox 891 5661 959 5732; x_wconf 66' lang='lat' dir='ltr'><strong>Et</strong></span> <span class='ocrx_word' id='word_1_652' title='bbox 1003 5662 1135 5729; x_wconf 84' lang='lat' dir='ltr'><strong>illud</strong></span> <span class='ocrx_word' id='word_1_653' title='bbox 1164 5672 1240 5718; x_wconf 86' lang='lat' dir='ltr'><strong>est</strong></span> <span class='ocrx_word' id='word_1_654' title='bbox 1279 5663 1615 5718; x_wconf 67' lang='lat' dir='ltr'><strong>statuendum</strong></span> <span class='ocrx_word' id='word_1_655' title='bbox 1671 5668 1746 5724; x_wconf 90' lang='lat' dir='ltr'><strong>ut,</strong></span> <span class='ocrx_word' id='word_1_656' title='bbox 1780 5660 1989 5730; x_wconf 76' lang='lat' dir='ltr'><strong>quando</strong></span> 
     </span>
    </p>
   </div>
   <div class='ocr_carea' id='block_1_94' title="bbox 2103 3208 3675 3276">
    <p class='ocr_par' dir='ltr' id='par_1_94' title="bbox 2103 3208 3675 3276">
     <span class='ocr_line' id='line_1_94' title="bbox 2103 3208 3675 3276; baseline 0.003 -16"><span class='ocrx_word' id='word_1_657' title='bbox 2103 3215 2310 3261; x_wconf 90' lang='lat' dir='ltr'><strong>cretum</strong></span> <span class='ocrx_word' id='word_1_658' title='bbox 2361 3222 2609 3276; x_wconf 88' lang='lat' dir='ltr'><strong>promere</strong></span> <span class='ocrx_word' id='word_1_659' title='bbox 2654 3210 2933 3264; x_wconf 87' lang='lat' dir='ltr'><strong>audemus.</strong></span> <span class='ocrx_word' id='word_1_660' title='bbox 2966 3208 3224 3264; x_wconf 79' lang='lat' dir='ltr'><strong>Rescribe</strong></span> <span class='ocrx_word' id='word_1_661' title='bbox 3258 3224 3386 3265; x_wconf 88' lang='lat' dir='ltr'><strong>vero</strong></span> <span class='ocrx_word' id='word_1_662' title='bbox 3423 3210 3577 3264; x_wconf 80' lang='lat' dir='ltr'><strong>nobis</strong></span> <span class='ocrx_word' id='word_1_663' title='bbox 3624 3210 3675 3266; x_wconf 85' lang='lat' dir='ltr'><strong>si</strong></span> 
     </span>
    </p>
   </div>
   <div class='ocr_carea' id='block_1_95' title="bbox 2103 3298 3676 3370">
    <p class='ocr_par' dir='ltr' id='par_1_95' title="bbox 2103 3298 3676 3370">
     <span class='ocr_line' id='line_1_95' title="bbox 2103 3298 3676 3370; baseline 0.006 -21"><span class='ocrx_word' id='word_1_664' title='bbox 2103 3298 2230 3366; x_wconf 92' lang='lat' dir='ltr'><strong>quid</strong></span> <span class='ocrx_word' id='word_1_665' title='bbox 2282 3298 2374 3352; x_wconf 89' lang='lat' dir='ltr'><strong>tibi</strong></span> <span class='ocrx_word' id='word_1_666' title='bbox 2425 3299 2641 3353; x_wconf 87' lang='lat' dir='ltr'><strong>videtur</strong></span> <span class='ocrx_word' id='word_1_667' title='bbox 2693 3311 2882 3353; x_wconf 84' lang='lat' dir='ltr'><strong>contra</strong></span> <span class='ocrx_word' id='word_1_668' title='bbox 2928 3301 3041 3355; x_wconf 46' lang='lat' dir='ltr'><strong>haec</strong></span> <span class='ocrx_word' id='word_1_669' title='bbox 3088 3301 3480 3356; x_wconf 87' lang='lat' dir='ltr'><strong>rationabiliter</strong></span> <span class='ocrx_word' id='word_1_670' title='bbox 3505 3315 3676 3370; x_wconf 73' lang='lat' dir='ltr'><strong>oppo-</strong></span> 
     </span>
    </p>
   </div>
   <div class='ocr_carea' id='block_1_96' title="bbox 2102 3383 3676 3461">
    <p class='ocr_par' dir='ltr' id='par_1_96' title="bbox 2102 3383 3676 3461">
     <span class='ocr_line' id='line_1_96' title="bbox 2102 3383 3676 3461; baseline 0.004 -21"><span class='ocrx_word' id='word_1_671' title='bbox 2102 3388 2354 3461; x_wconf 79' lang='lat' dir='ltr'><strong>nendum.</strong></span> <span class='ocrx_word' id='word_1_672' title='bbox 2385 3388 2590 3459; x_wconf 83' lang='lat' dir='ltr'><strong>Augeat</strong></span> <span class='ocrx_word' id='word_1_673' title='bbox 2624 3383 2714 3444; x_wconf 87' lang='lat' dir='ltr'><strong>tibi</strong></span> <span class='ocrx_word' id='word_1_674' title='bbox 2752 3390 2891 3445; x_wconf 85' lang='lat' dir='ltr'><strong>Deus</strong></span> <span class='ocrx_word' id='word_1_675' title='bbox 2933 3390 3195 3459; x_wconf 88' lang='lat' dir='ltr'><strong>Spiritum</strong></span> <span class='ocrx_word' id='word_1_676' title='bbox 3236 3392 3446 3448; x_wconf 85' lang='lat' dir='ltr'><strong>consilii</strong></span> <span class='ocrx_word' id='word_1_677' title='bbox 3472 3403 3524 3448; x_wconf 86' lang='lat' dir='ltr'><strong>et</strong></span> <span class='ocrx_word' id='word_1_678' title='bbox 3561 3390 3676 3447; x_wconf 58' lang='lat' dir='ltr'><strong>fore</strong></span> 
     </span>
    </p>
   </div>
   <div class='ocr_carea' id='block_1_97' title="bbox 2103 3474 3105 3547">
    <p class='ocr_par' dir='ltr' id='par_1_97' title="bbox 2103 3474 3105 3547">
     <span class='ocr_line' id='line_1_97' title="bbox 2103 3474 3105 3547; baseline 0.003 -15"><span class='ocrx_word' id='word_1_679' title='bbox 2103 3474 2368 3543; x_wconf 86' lang='lat' dir='ltr'><strong>titudinis,</strong></span> <span class='ocrx_word' id='word_1_680' title='bbox 2401 3478 2679 3547; x_wconf 77' lang='lat' dir='ltr'><strong>sapientia:</strong></span> <span class='ocrx_word' id='word_1_681' title='bbox 2705 3488 2759 3537; x_wconf 83' lang='lat' dir='ltr'><strong>et</strong></span> <span class='ocrx_word' id='word_1_682' title='bbox 2785 3479 3105 3535; x_wconf 68' lang='lat' dir='ltr'><strong>intelIectus.</strong></span> 
     </span>
    </p>
   </div>
   <div class='ocr_carea' id='block_1_98' title="bbox 2311 3589 3454 3664">
    <p class='ocr_par' dir='ltr' id='par_1_98' title="bbox 2311 3589 3454 3664">
     <span class='ocr_line' id='line_1_98' title="bbox 2311 3589 3454 3664; baseline -0.003 -17"><span class='ocrx_word' id='word_1_683' title='bbox 2311 3589 2646 3654; x_wconf 79' lang='lat' dir='ltr'><strong>EPISTOLA</strong></span> <span class='ocrx_word' id='word_1_684' title='bbox 2684 3590 2971 3645; x_wconf 79' lang='lat' dir='ltr'><strong>CXXXVII</strong></span> <span class='ocrx_word' id='word_1_685' title='bbox 3003 3590 3150 3664; x_wconf 88' lang='lat' dir='ltr'><strong>[olim</strong></span> <span class='ocrx_word' id='word_1_686' title='bbox 3178 3590 3454 3663; x_wconf 86' lang='lat' dir='ltr'><strong>CXXXII].</strong></span> 
     </span>
    </p>
   </div>
   <div class='ocr_carea' id='block_1_99' title="bbox 2104 3677 3670 3749">
    <p class='ocr_par' dir='ltr' id='par_1_99' title="bbox 2104 3677 3670 3749">
     <span class='ocr_line' id='line_1_99' title="bbox 2104 3677 3670 3749; baseline 0 -15"><span class='ocrx_word' id='word_1_687' title='bbox 2104 3677 2310 3734; x_wconf 84' lang='lat' dir='ltr'><strong>Sanctis</strong></span> <span class='ocrx_word' id='word_1_688' title='bbox 2338 3683 2647 3749; x_wconf 74' lang='lat' dir='ltr'><strong>prtesulibus</strong></span> <span class='ocrx_word' id='word_1_689' title='bbox 2682 3682 2747 3736; x_wconf 87' lang='lat' dir='ltr'><strong>G.</strong></span> <span class='ocrx_word' id='word_1_690' title='bbox 2799 3682 3120 3747; x_wconf 73' lang='lat' dir='ltr'><strong>Beleacensi,</strong></span> <span class='ocrx_word' id='word_1_691' title='bbox 3163 3683 3228 3737; x_wconf 90' lang='grc'><strong>0.</strong></span> <span class='ocrx_word' id='word_1_692' title='bbox 3283 3683 3670 3746; x_wconf 75' lang='lat' dir='ltr'><strong>Attrelianensi,</strong></span> 
     </span>
    </p>
   </div>
   <div class='ocr_carea' id='block_1_100' title="bbox 2170 3749 3672 3818">
    <p class='ocr_par' dir='ltr' id='par_1_100' title="bbox 2170 3749 3672 3818">
     <span class='ocr_line' id='line_1_100' title="bbox 2170 3749 3672 3818; baseline 0.002 -15"><span class='ocrx_word' id='word_1_693' title='bbox 2170 3751 2235 3803; x_wconf 84' lang='lat' dir='ltr'><strong>A.</strong></span> <span class='ocrx_word' id='word_1_694' title='bbox 2269 3749 2574 3814; x_wconf 78' lang='lat' dir='ltr'><strong>Turonensi,</strong></span> <span class='ocrx_word' id='word_1_695' title='bbox 2615 3752 2786 3805; x_wconf 75' lang='lat' dir='ltr'><strong>clerici</strong></span> <span class='ocrx_word' id='word_1_696' title='bbox 2825 3751 3034 3807; x_wconf 74' lang='lat' dir='ltr'><strong>Sancta:</strong></span> <span class='ocrx_word' id='word_1_697' title='bbox 3083 3753 3270 3807; x_wconf 77' lang='lat' dir='ltr'><strong>Mnrire</strong></span> <span class='ocrx_word' id='word_1_698' title='bbox 3309 3753 3672 3818; x_wconf 79' lang='lat' dir='ltr'><strong>Cornotensis,</strong></span> 
     </span>
    </p>
   </div>
   <div class='ocr_carea' id='block_1_101' title="bbox 2174 3820 3440 3891">
    <p class='ocr_par' dir='ltr' id='par_1_101' title="bbox 2174 3820 3440 3891">
     <span class='ocr_line' id='line_1_101' title="bbox 2174 3820 3440 3891; baseline 0.002 -19"><span class='ocrx_word' id='word_1_699' title='bbox 2174 3820 2359 3889; x_wconf 82' lang='lat' dir='ltr'><strong>famuli</strong></span> <span class='ocrx_word' id='word_1_700' title='bbox 2387 3838 2567 3875; x_wconf 86' lang='lat' dir='ltr'><strong>eorum</strong></span> <span class='ocrx_word' id='word_1_701' title='bbox 2590 3834 2635 3875; x_wconf 89' lang='lat' dir='ltr'><strong>et</strong></span> <span class='ocrx_word' id='word_1_702' title='bbox 2660 3823 2848 3891; x_wconf 78' lang='lat' dir='ltr'><strong>fratres</strong></span> <span class='ocrx_word' id='word_1_703' title='bbox 2874 3823 2928 3874; x_wconf 85' lang='lat' dir='ltr'><strong>in</strong></span> <span class='ocrx_word' id='word_1_704' title='bbox 2950 3822 3172 3876; x_wconf 86' lang='lat' dir='ltr'><strong>Domino</strong></span> <span class='ocrx_word' id='word_1_705' title='bbox 3199 3822 3440 3876; x_wconf 87' lang='lat' dir='ltr'><strong>salutent.</strong></span> 
     </span>
    </p>
   </div>
   <div class='ocr_carea' id='block_1_102' title="bbox 2106 3930 3675 4004">
    <p class='ocr_par' dir='ltr' id='par_1_102' title="bbox 2106 3930 3675 4004">
     <span class='ocr_line' id='line_1_102' title="bbox 2106 3930 3675 4004; baseline 0.003 -20"><span class='ocrx_word' id='word_1_706' title='bbox 2106 3964 2111 3969; x_wconf 56' lang='grc' dir='ltr'><strong>ι</strong></span> <span class='ocrx_word' id='word_1_707' title='bbox 2171 3930 2563 4001; x_wconf 87' lang='lat' dir='ltr'><strong>Conquerimur</strong></span> <span class='ocrx_word' id='word_1_708' title='bbox 2591 3934 2730 4002; x_wconf 88' lang='lat' dir='ltr'><strong>apud</strong></span> <span class='ocrx_word' id='word_1_709' title='bbox 2780 3947 2899 3998; x_wconf 87' lang='lat' dir='ltr'><strong>vos,</strong></span> <span class='ocrx_word' id='word_1_710' title='bbox 2933 3933 3140 3997; x_wconf 84' lang='lat' dir='ltr'><strong>Patres,</strong></span> <span class='ocrx_word' id='word_1_711' title='bbox 3169 3934 3236 3988; x_wconf 90' lang='lat' dir='ltr'><strong>de</strong></span> <span class='ocrx_word' id='word_1_712' title='bbox 3264 3933 3675 4004; x_wconf 89' lang='lat' dir='ltr'><strong>archiepiscopo</strong></span> 
     </span>
    </p>
   </div>
   <div class='ocr_carea' id='block_1_103' title="bbox 2101 4023 3678 4094">
    <p class='ocr_par' dir='ltr' id='par_1_103' title="bbox 2101 4023 3678 4094">
     <span class='ocr_line' id='line_1_103' title="bbox 2101 4023 3678 4094; baseline 0.003 -20"><span class='ocrx_word' id='word_1_713' title='bbox 2101 4034 2308 4087; x_wconf 86' lang='lat' dir='ltr'><strong>nostro,</strong></span> <span class='ocrx_word' id='word_1_714' title='bbox 2341 4032 2395 4076; x_wconf 91' lang='lat' dir='ltr'><strong>et</strong></span> <span class='ocrx_word' id='word_1_715' title='bbox 2419 4037 2563 4093; x_wconf 81' lang='lat' dir='ltr'><strong>rege,</strong></span> <span class='ocrx_word' id='word_1_716' title='bbox 2596 4024 2687 4093; x_wconf 90' lang='lat' dir='ltr'><strong>qui</strong></span> <span class='ocrx_word' id='word_1_717' title='bbox 2718 4023 2871 4078; x_wconf 89' lang='lat' dir='ltr'><strong>nobis</strong></span> <span class='ocrx_word' id='word_1_718' title='bbox 2909 4024 3089 4079; x_wconf 91' lang='lat' dir='ltr'><strong>invitis</strong></span> <span class='ocrx_word' id='word_1_719' title='bbox 3133 4026 3438 4094; x_wconf 77' lang='lat' dir='ltr'><strong>episcOpnm</strong></span> <span class='ocrx_word' id='word_1_720' title='bbox 3470 4026 3678 4079; x_wconf 78' lang='lat' dir='ltr'><strong>donare</strong></span> 
     </span>
    </p>
   </div>
   <div class='ocr_carea' id='block_1_104' title="bbox 2100 4116 3671 4188">
    <p class='ocr_par' dir='ltr' id='par_1_104' title="bbox 2100 4116 3671 4188">
     <span class='ocr_line' id='line_1_104' title="bbox 2100 4116 3671 4188; baseline 0.003 -18"><span class='ocrx_word' id='word_1_721' title='bbox 2100 4116 2287 4170; x_wconf 90' lang='lat' dir='ltr'><strong>volunt</strong></span> <span class='ocrx_word' id='word_1_722' title='bbox 2333 4119 2617 4185; x_wconf 87' lang='lat' dir='ltr'><strong>quemdam</strong></span> <span class='ocrx_word' id='word_1_723' title='bbox 2672 4118 2913 4181; x_wconf 88' lang='lat' dir='ltr'><strong>idiotam,</strong></span> <span class='ocrx_word' id='word_1_724' title='bbox 2967 4126 3026 4173; x_wconf 91' lang='lat' dir='ltr'><strong>ut</strong></span> <span class='ocrx_word' id='word_1_725' title='bbox 3079 4118 3251 4182; x_wconf 84' lang='lat' dir='ltr'><strong>scitis,</strong></span> <span class='ocrx_word' id='word_1_726' title='bbox 3298 4127 3353 4172; x_wconf 88' lang='lat' dir='ltr'><strong>et</strong></span> <span class='ocrx_word' id='word_1_727' title='bbox 3403 4118 3671 4188; x_wconf 81' lang='lat' dir='ltr'><strong>ejusmodi</strong></span> 
     </span>
    </p>
   </div>
   <div class='ocr_carea' id='block_1_105' title="bbox 2095 4205 3673 4277">
    <p class='ocr_par' dir='ltr' id='par_1_105' title="bbox 2095 4205 3673 4277">
     <span class='ocr_line' id='line_1_105' title="bbox 2095 4205 3673 4277; baseline 0.001 -17"><span class='ocrx_word' id='word_1_728' title='bbox 2095 4205 2274 4260; x_wconf 84' lang='lat' dir='ltr'><strong>ollicio</strong></span> <span class='ocrx_word' id='word_1_729' title='bbox 2321 4206 2627 4277; x_wconf 80' lang='lat' dir='ltr'><strong>indignum;</strong></span> <span class='ocrx_word' id='word_1_730' title='bbox 2673 4214 2957 4276; x_wconf 87' lang='lat' dir='ltr'><strong>precantes</strong></span> <span class='ocrx_word' id='word_1_731' title='bbox 3004 4207 3264 4261; x_wconf 60' lang='lat' dir='ltr'><strong>auxilium</strong></span> <span class='ocrx_word' id='word_1_732' title='bbox 3318 4219 3557 4261; x_wconf 86' lang='lat' dir='ltr'><strong>vestrum</strong></span> <span class='ocrx_word' id='word_1_733' title='bbox 3607 4217 3673 4262; x_wconf 75' lang='lat' dir='ltr'><strong>ut</strong></span> 
     </span>
    </p>
   </div>
   <div class='ocr_carea' id='block_1_106' title="bbox 2096 4295 3671 4366">
    <p class='ocr_par' dir='ltr' id='par_1_106' title="bbox 2096 4295 3671 4366">
     <span class='ocr_line' id='line_1_106' title="bbox 2096 4295 3671 4366; baseline 0.002 -19"><span class='ocrx_word' id='word_1_734' title='bbox 2096 4295 2332 4362; x_wconf 78' lang='lat' dir='ltr'><strong>vigiletis</strong></span> <span class='ocrx_word' id='word_1_735' title='bbox 2364 4296 2503 4350; x_wconf 90' lang='lat' dir='ltr'><strong>sicut</strong></span> <span class='ocrx_word' id='word_1_736' title='bbox 2532 4296 2656 4350; x_wconf 74' lang='lat' dir='ltr'><strong>boui</strong></span> <span class='ocrx_word' id='word_1_737' title='bbox 2679 4296 2928 4351; x_wconf 65' lang='lat' dir='ltr'><strong>Ecclesiae</strong></span> <span class='ocrx_word' id='word_1_738' title='bbox 2966 4307 3210 4366; x_wconf 88' lang='lat' dir='ltr'><strong>pastores</strong></span> <span class='ocrx_word' id='word_1_739' title='bbox 3232 4298 3297 4351; x_wconf 89' lang='lat' dir='ltr'><strong>ad</strong></span> <span class='ocrx_word' id='word_1_740' title='bbox 3319 4307 3502 4365; x_wconf 90' lang='lat' dir='ltr'><strong>portas</strong></span> <span class='ocrx_word' id='word_1_741' title='bbox 3528 4297 3671 4366; x_wconf 83' lang='lat' dir='ltr'><strong>ejus,</strong></span> 
     </span>
    </p>
   </div>
   <div class='ocr_carea' id='block_1_107' title="bbox 2103 4387 3673 4457">
    <p class='ocr_par' dir='ltr' id='par_1_107' title="bbox 2103 4387 3673 4457">
     <span class='ocr_line' id='line_1_107' title="bbox 2103 4387 3673 4457; baseline 0.001 -18"><span class='ocrx_word' id='word_1_742' title='bbox 2103 4402 2169 4439; x_wconf 91' lang='lat' dir='ltr'><strong>ne</strong></span> <span class='ocrx_word' id='word_1_743' title='bbox 2196 4387 2428 4441; x_wconf 86' lang='lat' dir='ltr'><strong>introeat</strong></span> <span class='ocrx_word' id='word_1_744' title='bbox 2479 4388 2531 4440; x_wconf 92' lang='lat' dir='ltr'><strong>in</strong></span> <span class='ocrx_word' id='word_1_745' title='bbox 2580 4387 2723 4440; x_wconf 86' lang='lat' dir='ltr'><strong>illam</strong></span> <span class='ocrx_word' id='word_1_746' title='bbox 2776 4387 2864 4442; x_wconf 90' lang='lat' dir='ltr'><strong>ille</strong></span> <span class='ocrx_word' id='word_1_747' title='bbox 2912 4388 3054 4452; x_wconf 86' lang='lat' dir='ltr'><strong>talis,</strong></span> <span class='ocrx_word' id='word_1_748' title='bbox 3085 4388 3177 4456; x_wconf 90' lang='lat' dir='ltr'><strong>qui</strong></span> <span class='ocrx_word' id='word_1_749' title='bbox 3231 4404 3335 4442; x_wconf 88' lang='lat' dir='ltr'><strong>non</strong></span> <span class='ocrx_word' id='word_1_750' title='bbox 3358 4389 3673 4457; x_wconf 65' lang='lat' dir='ltr'><strong>qttmsiverit</strong></span> 
     </span>
    </p>
   </div>
   <div class='ocr_carea' id='block_1_108' title="bbox 2100 4477 3674 4548">
    <p class='ocr_par' dir='ltr' id='par_1_108' title="bbox 2100 4477 3674 4548">
     <span class='ocr_line' id='line_1_108' title="bbox 2100 4477 3674 4548; baseline 0.001 -16"><span class='ocrx_word' id='word_1_751' title='bbox 2100 4477 2304 4532; x_wconf 78' lang='lat' dir='ltr'><strong>intrare</strong></span> <span class='ocrx_word' id='word_1_752' title='bbox 2336 4494 2431 4548; x_wconf 82' lang='lat' dir='ltr'><strong>per</strong></span> <span class='ocrx_word' id='word_1_753' title='bbox 2460 4479 2679 4538; x_wconf 88' lang='lat' dir='ltr'><strong>ostium,</strong></span> <span class='ocrx_word' id='word_1_754' title='bbox 2711 4481 2802 4534; x_wconf 85' lang='lat' dir='ltr'><strong>sed</strong></span> <span class='ocrx_word' id='word_1_755' title='bbox 2833 4478 3051 4534; x_wconf 90' lang='lat' dir='ltr'><strong>aliunde</strong></span> <span class='ocrx_word' id='word_1_756' title='bbox 3078 4480 3389 4543; x_wconf 87' lang='lat' dir='ltr'><strong>ascendere,</strong></span> <span class='ocrx_word' id='word_1_757' title='bbox 3416 4480 3558 4533; x_wconf 86' lang='lat' dir='ltr'><strong>sicut</strong></span> <span class='ocrx_word' id='word_1_758' title='bbox 3582 4479 3674 4533; x_wconf 79' lang='lat' dir='ltr'><strong>l‘nr</strong></span> 
     </span>
    </p>
   </div>
   <div class='ocr_carea' id='block_1_109' title="bbox 2097 4557 3674 4644">
    <p class='ocr_par' dir='ltr' id='par_1_109' title="bbox 2097 4557 3674 4644">
     <span class='ocr_line' id='line_1_109' title="bbox 2097 4557 3674 4644; baseline -0.001 -16"><span class='ocrx_word' id='word_1_759' title='bbox 2097 4584 2149 4628; x_wconf 91' lang='lat' dir='ltr'><strong>et</strong></span> <span class='ocrx_word' id='word_1_760' title='bbox 2181 4574 2318 4628; x_wconf 89' lang='lat' dir='ltr'><strong>latro</strong></span> <span class='ocrx_word' id='word_1_761' title='bbox 2345 4574 2525 4643; x_wconf 86' lang='lat' dir='ltr'><strong>(Joan.</strong></span> <span class='ocrx_word' id='word_1_762' title='bbox 2557 4590 2612 4640; x_wconf 82' lang='lat' dir='ltr'><strong>x,</strong></span> <span class='ocrx_word' id='word_1_763' title='bbox 2646 4574 2721 4643; x_wconf 81' lang='lat' dir='ltr'><strong>l).</strong></span> <span class='ocrx_word' id='word_1_764' title='bbox 2755 4574 2917 4629; x_wconf 81' lang='lat' dir='ltr'><strong>Vobis</strong></span> <span class='ocrx_word' id='word_1_765' title='bbox 2942 4574 3111 4628; x_wconf 88' lang='lat' dir='ltr'><strong>tribtts</strong></span> <span class='ocrx_word' id='word_1_766' title='bbox 3136 4557 3321 4644; x_wconf 79' lang='lat' dir='ltr'><strong>portas</strong></span> <span class='ocrx_word' id='word_1_767' title='bbox 3365 4574 3674 4628; x_wconf 83' lang='lat' dir='ltr'><strong>custodien-</strong></span> 
     </span>
    </p>
   </div>
   <div class='ocr_carea' id='block_1_110' title="bbox 2098 4664 3670 4735">
    <p class='ocr_par' dir='ltr' id='par_1_110' title="bbox 2098 4664 3670 4735">
     <span class='ocr_line' id='line_1_110' title="bbox 2098 4664 3670 4735; baseline 0 -19"><span class='ocrx_word' id='word_1_768' title='bbox 2098 4664 2261 4728; x_wconf 85' lang='lat' dir='ltr'><strong>tibus,</strong></span> <span class='ocrx_word' id='word_1_769' title='bbox 2325 4665 2511 4719; x_wconf 87' lang='lat' dir='ltr'><strong>sciatis</strong></span> <span class='ocrx_word' id='word_1_770' title='bbox 2553 4680 2649 4735; x_wconf 90' lang='lat' dir='ltr'><strong>pro</strong></span> <span class='ocrx_word' id='word_1_771' title='bbox 2697 4675 2847 4721; x_wconf 87' lang='lat' dir='ltr'><strong>certo</strong></span> <span class='ocrx_word' id='word_1_772' title='bbox 2901 4674 3150 4733; x_wconf 90' lang='lat' dir='ltr'><strong>quartum</strong></span> <span class='ocrx_word' id='word_1_773' title='bbox 3196 4665 3472 4720; x_wconf 88' lang='lat' dir='ltr'><strong>custodem</strong></span> <span class='ocrx_word' id='word_1_774' title='bbox 3519 4664 3670 4729; x_wconf 88' lang='lat' dir='ltr'><strong>addi,</strong></span> 
     </span>
    </p>
   </div>
   <div class='ocr_carea' id='block_1_111' title="bbox 2096 4754 3674 4825">
    <p class='ocr_par' dir='ltr' id='par_1_111' title="bbox 2096 4754 3674 4825">
     <span class='ocr_line' id='line_1_111' title="bbox 2096 4754 3674 4825; baseline -0.001 -16"><span class='ocrx_word' id='word_1_775' title='bbox 2096 4754 2337 4811; x_wconf 85' lang='lat' dir='ltr'><strong>Odonem</strong></span> <span class='ocrx_word' id='word_1_776' title='bbox 2386 4759 2660 4820; x_wconf 83' lang='lat' dir='ltr'><strong>comitem,</strong></span> <span class='ocrx_word' id='word_1_777' title='bbox 2709 4766 2762 4809; x_wconf 86' lang='lat' dir='ltr'><strong>ct</strong></span> <span class='ocrx_word' id='word_1_778' title='bbox 2808 4771 3078 4824; x_wconf 88' lang='lat' dir='ltr'><strong>nunquam</strong></span> <span class='ocrx_word' id='word_1_779' title='bbox 3126 4765 3466 4825; x_wconf 87' lang='lat' dir='ltr'><strong>recepturmn</strong></span> <span class='ocrx_word' id='word_1_780' title='bbox 3521 4754 3674 4808; x_wconf 83' lang='lat' dir='ltr'><strong>illum</strong></span> 
     </span>
    </p>
   </div>
   <div class='ocr_carea' id='block_1_112' title="bbox 2096 4844 3675 4914">
    <p class='ocr_par' dir='ltr' id='par_1_112' title="bbox 2096 4844 3675 4914">
     <span class='ocr_line' id='line_1_112' title="bbox 2096 4844 3675 4914; baseline -0.003 -13"><span class='ocrx_word' id='word_1_781' title='bbox 2096 4846 2148 4901; x_wconf 90' lang='lat' dir='ltr'><strong>in</strong></span> <span class='ocrx_word' id='word_1_782' title='bbox 2188 4848 2460 4902; x_wconf 78' lang='lat' dir='ltr'><strong>civitatem</strong></span> <span class='ocrx_word' id='word_1_783' title='bbox 2514 4861 2685 4908; x_wconf 86' lang='lat' dir='ltr'><strong>suam,</strong></span> <span class='ocrx_word' id='word_1_784' title='bbox 2728 4845 2829 4899; x_wconf 90' lang='lat' dir='ltr'><strong>nisi</strong></span> <span class='ocrx_word' id='word_1_785' title='bbox 2878 4845 3028 4914; x_wconf 84' lang='lat' dir='ltr'><strong>prius</strong></span> <span class='ocrx_word' id='word_1_786' title='bbox 3081 4854 3258 4900; x_wconf 82' lang='lat' dir='ltr'><strong>vestro</strong></span> <span class='ocrx_word' id='word_1_787' title='bbox 3305 4844 3510 4913; x_wconf 88' lang='lat' dir='ltr'><strong>judicio</strong></span> <span class='ocrx_word' id='word_1_788' title='bbox 3539 4858 3675 4897; x_wconf 79' lang='lat' dir='ltr'><strong>exa-</strong></span> 
     </span>
    </p>
   </div>
   <div class='ocr_carea' id='block_1_113' title="bbox 2095 4936 3671 5008">
    <p class='ocr_par' dir='ltr' id='par_1_113' title="bbox 2095 4936 3671 5008">
     <span class='ocr_line' id='line_1_113' title="bbox 2095 4936 3671 5008; baseline -0.004 -13"><span class='ocrx_word' id='word_1_789' title='bbox 2095 4942 2381 5004; x_wconf 89' lang='lat' dir='ltr'><strong>minatum,</strong></span> <span class='ocrx_word' id='word_1_790' title='bbox 2406 4949 2583 4993; x_wconf 87' lang='lat' dir='ltr'><strong>utrum</strong></span> <span class='ocrx_word' id='word_1_791' title='bbox 2614 4938 2779 5008; x_wconf 85' lang='lat' dir='ltr'><strong>recipi</strong></span> <span class='ocrx_word' id='word_1_792' title='bbox 2818 4939 3012 4993; x_wconf 81' lang='lat' dir='ltr'><strong>debeat</strong></span> <span class='ocrx_word' id='word_1_793' title='bbox 3058 4955 3125 4992; x_wconf 86' lang='lat' dir='ltr'><strong>an</strong></span> <span class='ocrx_word' id='word_1_794' title='bbox 3150 4954 3275 4993; x_wconf 91' lang='lat' dir='ltr'><strong>non.</strong></span> <span class='ocrx_word' id='word_1_795' title='bbox 3310 4938 3537 5008; x_wconf 74' lang='lat' dir='ltr'><strong>Vigilate</strong></span> <span class='ocrx_word' id='word_1_796' title='bbox 3566 4936 3671 5004; x_wconf 74' lang='lat' dir='ltr'><strong>igi-</strong></span> 
     </span>
    </p>
   </div>
   <div class='ocr_carea' id='block_1_114' title="bbox 2095 5027 3672 5097">
    <p class='ocr_par' dir='ltr' id='par_1_114' title="bbox 2095 5027 3672 5097">
     <span class='ocr_line' id='line_1_114' title="bbox 2095 5027 3672 5097; baseline -0.005 -13"><span class='ocrx_word' id='word_1_797' title='bbox 2095 5043 2183 5085; x_wconf 88' lang='lat' dir='ltr'><strong>tur</strong></span> <span class='ocrx_word' id='word_1_798' title='bbox 2239 5029 2516 5093; x_wconf 87' lang='lat' dir='ltr'><strong>attentius,</strong></span> <span class='ocrx_word' id='word_1_799' title='bbox 2554 5036 2607 5081; x_wconf 88' lang='lat' dir='ltr'><strong>et</strong></span> <span class='ocrx_word' id='word_1_800' title='bbox 2656 5027 2937 5097; x_wconf 83' lang='lat' dir='ltr'><strong>diligenter</strong></span> <span class='ocrx_word' id='word_1_801' title='bbox 2985 5027 3239 5095; x_wconf 89' lang='lat' dir='ltr'><strong>inquirite</strong></span> <span class='ocrx_word' id='word_1_802' title='bbox 3288 5040 3509 5085; x_wconf 87' lang='lat' dir='ltr'><strong>causam</strong></span> <span class='ocrx_word' id='word_1_803' title='bbox 3541 5040 3672 5077; x_wconf 85' lang='lat' dir='ltr'><strong>cum</strong></span> 
     </span>
    </p>
   </div>
   <div class='ocr_carea' id='block_1_115' title="bbox 2091 5115 3671 5190">
    <p class='ocr_par' dir='ltr' id='par_1_115' title="bbox 2091 5115 3671 5190">
     <span class='ocr_line' id='line_1_115' title="bbox 2091 5115 3671 5190; baseline -0.004 -17"><span class='ocrx_word' id='word_1_804' title='bbox 2091 5120 2290 5175; x_wconf 88' lang='lat' dir='ltr'><strong>vestris</strong></span> <span class='ocrx_word' id='word_1_805' title='bbox 2314 5117 2651 5190; x_wconf 84' lang='lat' dir='ltr'><strong>sapientibus</strong></span> <span class='ocrx_word' id='word_1_806' title='bbox 2682 5117 2912 5180; x_wconf 86' lang='lat' dir='ltr'><strong>clericis,</strong></span> <span class='ocrx_word' id='word_1_807' title='bbox 2946 5127 3000 5172; x_wconf 92' lang='lat' dir='ltr'><strong>et</strong></span> <span class='ocrx_word' id='word_1_808' title='bbox 3031 5117 3186 5173; x_wconf 87' lang='lat' dir='ltr'><strong>nobis</strong></span> <span class='ocrx_word' id='word_1_809' title='bbox 3206 5117 3423 5171; x_wconf 80' lang='lat' dir='ltr'><strong>famulis</strong></span> <span class='ocrx_word' id='word_1_810' title='bbox 3449 5115 3671 5179; x_wconf 81' lang='lat' dir='ltr'><strong>vestris,</strong></span> 
     </span>
    </p>
   </div>
   <div class='ocr_carea' id='block_1_116' title="bbox 2093 5205 3678 5279">
    <p class='ocr_par' dir='ltr' id='par_1_116' title="bbox 2093 5205 3678 5279">
     <span class='ocr_line' id='line_1_116' title="bbox 2093 5205 3678 5279; baseline -0.004 -13"><span class='ocrx_word' id='word_1_811' title='bbox 2093 5212 2139 5266; x_wconf 90' lang='lat' dir='ltr'><strong>si</strong></span> <span class='ocrx_word' id='word_1_812' title='bbox 2192 5208 2508 5279; x_wconf 80' lang='lat' dir='ltr'><strong>dignemini,</strong></span> <span class='ocrx_word' id='word_1_813' title='bbox 2565 5224 2665 5264; x_wconf 87' lang='lat' dir='ltr'><strong>nec</strong></span> <span class='ocrx_word' id='word_1_814' title='bbox 2693 5218 2933 5279; x_wconf 78' lang='lat' dir='ltr'><strong>&#39;prOptcr</strong></span> <span class='ocrx_word' id='word_1_815' title='bbox 2982 5210 3126 5279; x_wconf 78' lang='lat' dir='ltr'><strong>regis</strong></span> <span class='ocrx_word' id='word_1_816' title='bbox 3169 5206 3525 5261; x_wconf 85' lang='lat' dir='ltr'><strong>reverentiam</strong></span> <span class='ocrx_word' id='word_1_817' title='bbox 3565 5205 3678 5260; x_wconf 89' lang='lat' dir='ltr'><strong>hoc</strong></span> 
     </span>
    </p>
   </div>
   <div class='ocr_carea' id='block_1_117' title="bbox 2092 5296 3680 5371">
    <p class='ocr_par' dir='ltr' id='par_1_117' title="bbox 2092 5296 3680 5371">
     <span class='ocr_line' id='line_1_117' title="bbox 2092 5296 3680 5371; baseline -0.006 -15"><span class='ocrx_word' id='word_1_818' title='bbox 2092 5312 2253 5371; x_wconf 85' lang='lat' dir='ltr'><strong>agere</strong></span> <span class='ocrx_word' id='word_1_819' title='bbox 2302 5301 2656 5371; x_wconf 77' lang='lat' dir='ltr'><strong>pigritetnini,</strong></span> <span class='ocrx_word' id='word_1_820' title='bbox 2706 5301 2859 5369; x_wconf 90' lang='lat' dir='ltr'><strong>quasi</strong></span> <span class='ocrx_word' id='word_1_821' title='bbox 2915 5301 3016 5355; x_wconf 88' lang='lat' dir='ltr'><strong>hoc</strong></span> <span class='ocrx_word' id='word_1_822' title='bbox 3068 5301 3339 5370; x_wconf 87' lang='lat' dir='ltr'><strong>pertineat</strong></span> <span class='ocrx_word' id='word_1_823' title='bbox 3384 5299 3450 5353; x_wconf 88' lang='lat' dir='ltr'><strong>ad</strong></span> <span class='ocrx_word' id='word_1_824' title='bbox 3496 5296 3680 5353; x_wconf 60' lang='lat' dir='ltr'><strong>ﬁdeli.</strong></span> 
     </span>
    </p>
   </div>
   <div class='ocr_carea' id='block_1_118' title="bbox 2093 5387 3682 5459">
    <p class='ocr_par' dir='ltr' id='par_1_118' title="bbox 2093 5387 3682 5459">
     <span class='ocr_line' id='line_1_118' title="bbox 2093 5387 3682 5459; baseline 0.001 -15"><span class='ocrx_word' id='word_1_825' title='bbox 2093 5400 2256 5444; x_wconf 88' lang='lat' dir='ltr'><strong>tatem</strong></span> <span class='ocrx_word' id='word_1_826' title='bbox 2284 5390 2421 5459; x_wconf 84' lang='lat' dir='ltr'><strong>ejus.</strong></span> <span class='ocrx_word' id='word_1_827' title='bbox 2465 5388 2603 5445; x_wconf 82' lang='lat' dir='ltr'><strong>Vere</strong></span> <span class='ocrx_word' id='word_1_828' title='bbox 2628 5398 2825 5444; x_wconf 89' lang='lat' dir='ltr'><strong>etemtn</strong></span> <span class='ocrx_word' id='word_1_829' title='bbox 2851 5390 2924 5444; x_wconf 91' lang='lat' dir='ltr'><strong>illi</strong></span> <span class='ocrx_word' id='word_1_830' title='bbox 2969 5389 3237 5445; x_wconf 81' lang='lat' dir='ltr'><strong>ﬁdeliores</strong></span> <span class='ocrx_word' id='word_1_831' title='bbox 3271 5389 3446 5457; x_wconf 86' lang='lat' dir='ltr'><strong>eritis,</strong></span> <span class='ocrx_word' id='word_1_832' title='bbox 3476 5387 3520 5441; x_wconf 90' lang='lat' dir='ltr'><strong>si</strong></span> <span class='ocrx_word' id='word_1_833' title='bbox 3549 5402 3682 5457; x_wconf 66' lang='lat' dir='ltr'><strong>quae</strong></span> 
     </span>
    </p>
   </div>
   <div class='ocr_carea' id='block_1_119' title="bbox 2092 5479 3683 5552">
    <p class='ocr_par' dir='ltr' id='par_1_119' title="bbox 2092 5479 3683 5552">
     <span class='ocr_line' id='line_1_119' title="bbox 2092 5479 3683 5552; baseline -0.003 -16"><span class='ocrx_word' id='word_1_834' title='bbox 2092 5490 2215 5536; x_wconf 86' lang='lat' dir='ltr'><strong>sunt</strong></span> <span class='ocrx_word' id='word_1_835' title='bbox 2243 5482 2563 5552; x_wconf 80' lang='lat' dir='ltr'><strong>corrigenda</strong></span> <span class='ocrx_word' id='word_1_836' title='bbox 2598 5481 2652 5535; x_wconf 90' lang='lat' dir='ltr'><strong>in</strong></span> <span class='ocrx_word' id='word_1_837' title='bbox 2706 5496 2874 5551; x_wconf 79' lang='lat' dir='ltr'><strong>regno</strong></span> <span class='ocrx_word' id='word_1_838' title='bbox 2902 5479 3022 5548; x_wconf 88' lang='lat' dir='ltr'><strong>ejus</strong></span> <span class='ocrx_word' id='word_1_839' title='bbox 3050 5479 3420 5542; x_wconf 81' lang='lat' dir='ltr'><strong>correxeritis,</strong></span> <span class='ocrx_word' id='word_1_840' title='bbox 3449 5486 3504 5534; x_wconf 87' lang='lat' dir='ltr'><strong>et</strong></span> <span class='ocrx_word' id='word_1_841' title='bbox 3553 5479 3683 5532; x_wconf 79' lang='lat' dir='ltr'><strong>ani-</strong></span> 
     </span>
    </p>
   </div>
   <div class='ocr_carea' id='block_1_120' title="bbox 2093 5568 3679 5643">
    <p class='ocr_par' dir='ltr' id='par_1_120' title="bbox 2093 5568 3679 5643">
     <span class='ocr_line' id='line_1_120' title="bbox 2093 5568 3679 5643; baseline -0.001 -17"><span class='ocrx_word' id='word_1_842' title='bbox 2093 5589 2237 5627; x_wconf 87' lang='lat' dir='ltr'><strong>mum</strong></span> <span class='ocrx_word' id='word_1_843' title='bbox 2273 5572 2392 5643; x_wconf 85' lang='lat' dir='ltr'><strong>ejus</strong></span> <span class='ocrx_word' id='word_1_844' title='bbox 2434 5573 2503 5627; x_wconf 91' lang='lat' dir='ltr'><strong>ad</strong></span> <span class='ocrx_word' id='word_1_845' title='bbox 2554 5572 2799 5628; x_wconf 88' lang='lat' dir='ltr'><strong>eamdem</strong></span> <span class='ocrx_word' id='word_1_846' title='bbox 2829 5572 3227 5627; x_wconf 81' lang='lat' dir='ltr'><strong>correctionem</strong></span> <span class='ocrx_word' id='word_1_847' title='bbox 3275 5568 3679 5639; x_wconf 77' lang='lat' dir='ltr'><strong>compuleritis.</strong></span> 
     </span>
    </p>
   </div>
   <div class='ocr_carea' id='block_1_121' title="bbox 2092 5661 3680 5741">
    <p class='ocr_par' dir='ltr' id='par_1_121' title="bbox 2092 5661 3680 5741">
     <span class='ocr_line' id='line_1_121' title="bbox 2092 5661 3680 5741; baseline -0.002 -17"><span class='ocrx_word' id='word_1_848' title='bbox 2092 5666 2350 5729; x_wconf 72' lang='lat' dir='ltr'><strong>Volumus</strong></span> <span class='ocrx_word' id='word_1_849' title='bbox 2386 5676 2564 5725; x_wconf 86' lang='lat' dir='ltr'><strong>autem</strong></span> <span class='ocrx_word' id='word_1_850' title='bbox 2591 5666 2731 5723; x_wconf 86' lang='lat' dir='ltr'><strong>scire</strong></span> <span class='ocrx_word' id='word_1_851' title='bbox 2762 5681 2854 5722; x_wconf 86' lang='lat' dir='ltr'><strong>vos</strong></span> <span class='ocrx_word' id='word_1_852' title='bbox 2884 5665 2945 5729; x_wconf 72' lang='grc' dir='ltr'><strong>Α.</strong></span> <span class='ocrx_word' id='word_1_853' title='bbox 2978 5665 3240 5722; x_wconf 87' lang='lat' dir='ltr'><strong>decanntn</strong></span> <span class='ocrx_word' id='word_1_854' title='bbox 3287 5679 3445 5741; x_wconf 83' lang='lat' dir='ltr'><strong>quem</strong></span> <span class='ocrx_word' id='word_1_855' title='bbox 3489 5661 3680 5725; x_wconf 68' lang='lat' dir='ltr'><strong>elege-</strong></span> 
     </span>
    </p>
   </div>
  </div>
