4018 6382
230 306 357 367 ΞῖἹ

1103 311 1520 371 ΤΗΑΟΤΑΤΕΞ
1556 314 1619 370 IN
1654 315 1853 372 VISIIS.
1893 316 1907 371 I
1941 317 2094 375 CAP.
2140 321 2230 377 XII
2268 320 2417 378 ACT.
2453 323 2696 381 APOST.

3382 334 3496 385 £73

216 444 419 485 ramus
442 423 644 481 factum
694 439 815 479 esse
851 424 1194 489 monachum,
1237 425 1583 488 nihilominus
1638 435 1813 481 tamen
1845 444 1888 500 Α
1923 429 2218 486 llereberto
2269 441 2462 502 nepote
2511 443 2622 496 tuo,
2675 450 2953 506 usquequo
2987 435 3168 509 fruges
3210 428 3362 494 nova:
3392 441 3503 515 cut.‘

210 535 330 575 nos
356 532 475 573 eum
515 524 704 585 optare
733 514 887 569 nobis
918 513 1032 568 ﬁeri
1078 514 1429 584 episcopum;
1466 532 1585 570 eum
1629 531 1813 586 repro-

212 609 390 662 batus
414 605 577 659 fuerit
606 603 697 659 ille
743 603 922 673 lupus,
952 619 1112 673 quem
1153 603 1381 674 probare
1426 607 1651 673 potestis
1682 606 1813 660 indi-

212 712 417 768 gnum.
449 693 605 761 Quod
648 708 743 748 vos
780 680 1010 748 invicem
1038 702 1198 747 caute
1228 702 1283 748 et
1329 694 1615 763 diligenter
1638 706 1693 749 et
1730 712 1813 751 se-

212 794 376 840 crete
404 785 710 839 deliberare
739 778 995 854 petimus,
1018 792 1197 838 utrum
1226 782 1343 838 ﬁeri
1391 786 1562 854 possit
1584 801 1650 839 an
1680 802 1809 851 non,

209 886 274 934 et
315 878 477 933 nobis
528 877 704 933 servis
748 877 948 932 vestris
994 891 1058 931 ac
1101 875 1364 930 fratribus
1409 877 1812 933 deliberationis

216 979 430 1023 vestra:
477 968 641 1023 linem
683 968 1043 1032 innotescere,
1078 968 1195 1021 sive
1228 967 1446 1033 litteris,
1478 969 1589 1023 sive
1634 970 1811 1040 legato

207 1061 393 1118 ﬁdeli.
443 1061 571 1119 Ilaec
614 1071 796 1117 autem
844 1060 1007 1116 verba
1048 1071 1231 1116 nostra
1264 1061 1440 1115 videte
1492 1062 1705 1116 interim
1744 1077 1812 1119 ne

206 1153 584 1226 publicentur.
620 1153 829 1209 Valete.

411 1245 743 1304 EPISTOLA
780 1243 1086 1300 CXXXVIII
1118 1243 1264 1316 [olim
1294 1243 1603 1317 CXXXIII].

207 1336 391 1404 Quem
422 1352 580 1406 super
605 1352 784 1406 omnes
806 1335 1016 1406 abbates
1041 1334 1265 1403 diligunt
1297 1336 1629 1388 sanctissimo
1669 1335 1809 1404 patri

284 1406 356 1463 Ο.
391 1403 632 1460 canonici
663 1403 873 1460 Sanctw
899 1404 1089 1459 Maria:
1111 1406 1342 1458 omnium
1371 1406 1618 1457 virtutum
1633 1406 1808 1475 gratia

284 1475 629 1546 pra-fulgere.

284 1570 656 1625 Obsecramus
687 1581 784 1622 vos
838 1584 892 1622 tn
921 1568 1139 1622 nomine
1179 1577 1379 1621 sancttc
1408 1566 1711 1629 Trinitatis,
1744 1581 1812 1622 ne

196 1660 451 1716 ‘faveatis
475 1669 665 1716 contra
698 1658 789 1728 jus
834 1668 888 1715 et
923 1659 1005 1714 fas
1032 1660 1276 1730 partibus
1302 1658 1623 1714 Theoderici
1652 1658 1812 1712 simu-

204 1754 308 1809 lati
347 1754 615 1826 episc0pi,
663 1769 843 1824 neque
890 1754 1166 1808 suadeatis
1204 1751 1375 1808 Odoui
1407 1753 1590 1807 comiti
1625 1752 1802 1808 facere

207 1859 345 1899 cum
375 1859 443 1899 eo
472 1844 819 1899 concordiam
861 1854 1049 1898 contra
1074 1853 1386 1898 sanctorum
1411 1858 1675 1896 canonum
1707 1859 1803 1896 au-

206 1936 556 1991 ctoritatem.
580 1933 954 1991 Clarissimum
987 1933 1265 2002 speculum
1313 1934 1491 2002 posuit
1529 1948 1625 1985 vos
1669 1934 1807 1986 Deus

205 2027 267 2082 In
297 2027 522 2091 mundo,
554 2027 733 2081 videte
761 2042 829 2079 ne
852 2025 1092 2095 qualibet
1119 2024 1397 2094 nigredine
1420 2022 1804 2087 obscuremini,

206 2130 320 2189 qua
361 2116 698 2173 oﬁ'nscentur
725 2116 855 2182 alii;
898 2117 991 2171 sed
1042 2131 1258 2185 semper
1298 2129 1430 2168 vero
1475 2113 1679 2166 lumine
1719 2127 1804 2167 re-

208 2209 576 2279 splendeatis,
601 2224 710 2278 quo
759 2217 815 2263 et
864 2207 954 2262 alii
1003 2206 1211 2277 possint
1269 2204 1551 2260 illustrari.
1602 2202 1802 2269 Valete,

204 2299 532 2356 beatissime
560 2299 747 2361 Pater,
785 2306 841 2352 et
876 2298 1158 2352 rescribite
1190 2296 1346 2351 nobis
1368 2295 1497 2366 quid
1526 2294 1717 2349 melius
1740 2295 1806 2349 de

206 2390 320 2448 hac
349 2406 519 2447 causa
550 2388 702 2446 vobis
731 2389 965 2445 videtur.

431 2501 763 2559 EPISTOLA
809 2499 1071 2555 CXXXIX
1099 2499 1249 2572 [olim
1279 2494 1584 2567 CXXXIV].

208 2595 279 2651 In
313 2596 527 2649 Christo
566 2594 665 2649 sibi
710 2592 899 2646 dilecto
950 2606 1249 2660 semperque
1293 2582 1559 2660 diligendo
1587 2586 1800 2638 domino

280 2667 566 2721 RAINALDO
614 2665 975 2719 "noscamus
1028 2658 1206 2715 servus
1259 2658 1632 2728 ejus/idolis,
1683 2670 1801 2723 qua:

276 2746 424 2860 xtra
473 2745 595 2790 sunt
633 2734 890 2797 oblivisci,
944 2744 991 2787 et
1029 2733 1229 2802 jugiter
1264 2730 1322 2784 in
1367 2728 1634 2782 anteriora
1684 2736 1799 2778 tcu-

350 2823 425 2860 re.

350 2823 425 2861 re.

277 2896 460 2952 Causa
487 2896 773 2973 cbarritatis
800 2895 1068 2968 pollicitus
1090 2908 1207 2947 sum
1234 2886 1546 2945 conversari
1573 2900 1656 2938 me
1677 2898 1799 2938 cum

1914 520 2168 591 ligantur,
2199 522 2370 577 amice
2397 523 2543 577 illum
2576 525 2879 603 habita-rus,
2915 526 3129 581 interim
3178 530 3331 598 quasi
3361 526 3495 599 prte-

1914 611 2106 665 sentiae
2137 620 2240 665 tute
2266 611 2543 665 vicarium.
2597 598 2807 682 Scripta
2837 628 2959 682 qua:
2999 614 3092 668 tibi
3123 615 3262 670 mitti
3294 598 3500 686 poScis,
3534 632 3535 637 ‘

1912 703 2112 772 partim
2162 703 2459 768 mittimus;
2501 705 2694 774 partim
2749 707 2993 772 minime,
3036 708 3164 776 quia
3209 724 3315 762 non
3368 688 3498 765 sunt

1914 798 2079 853 missu
2112 797 2332 852 facilia:
2367 813 2487 868 qua)
2516 814 2643 853 vero
2682 800 2989 864 mittuntur,
3016 809 3071 854 et
3094 800 3325 856 diﬂicilia
3373 812 3497 856 sunt

1913 888 2133 957 cognitu
2165 895 2219 942 et
2267 888 2704 958 pernecessaria,
2750 888 2819 944 de
2864 902 3207 946 sacramento
3246 893 3501 951 videlicet.

1913 980 2157 1049 corporis
2185 988 2238 1034 et
2276 980 2554 1050 sanguinis
2585 980 2799 1035 Domini
2824 998 2837 1046 ;
2888 997 3008 1051 qua:
3035 981 3078 1036 si
3107 996 3215 1037 non
3244 981 3405 1055 digne
3430 962 3503 1040 ac,

1913 1069 2143 1126 ﬁdeliter
2167 1071 2514 1141 percipimus,
2548 1072 2729 1126 vivere
2761 1087 2863 1139 non
2913 1072 3193 1127 nabemus.
3225 1073 3300 1129 De
3349 1076 3496 1148 cogi-

1914 1163 2211 1219 tationibus
2250 1174 2429 1218 autem
2474 1178 2594 1232 qua:
2622 1178 2681 1219 se
2708 1162 3014 1219 nolentibus
3040 1164 3196 1220 nobis
3221 1166 3493 1237 ingerunt,

1911 1254 1984 1309 ita
2031 1255 2297 1310 sentiebat
2345 1231 2700 1311 charissimus
2738 1265 2892 1327 pater
2942 1267 3127 1313 uoster
3163 1231 3448 1314 Fulbertus
3478 1231 3496 1313 ε’

1909 1344 1987 1399 nil
2011 1359 2104 1400 eas
2125 1359 2340 1412 nocere,
2364 1346 2410 1400 si
2437 1345 2650 1400 tandem
2687 1346 2855 1400 menti
2906 1346 3128 1403 minime
3150 1348 3492 1418 placuerint;

1911 1434 2065 1505 signo
2109 1434 2287 1489 crucis
2317 1434 2608 1505 abigendas
2630 1449 2750 1490 esse
2779 1434 2848 1489 ab
2876 1436 3077 1496 animo.
3110 1437 3257 1491 velut
3279 1453 3493 1491 nmscas

1911 1528 1979 1582 ab
1998 1525 2171 1583 oculis
2196 1526 2557 1596 importunas;
2589 1526 2850 1580 rationem
2874 1526 3176 1596 ponendam
3198 1541 3319 1582 esse
3341 1542 3493 1582 men-

1913 1620 1984 1673 tis
2023 1617 2326 1682 custodem,
2378 1631 2559 1671 rerum
2612 1606 2823 1670 utilium
2872 1617 3248 1686 receptrirem,
3297 1615 3495 1684 quibus

1911 1709 2037 1764 dum
2068 1716 2329 1776 occupata
2364 1706 2549 1771 fuerit,
2580 1707 2648 1761 ab
2686 1706 2966 1761 inutilibus
3011 1706 3195 1776 impeti
3228 1706 3308 1758 vel
3331 1720 3495 1774 pene-

1836 1809 1876 1867 n
1908 1800 2038 1853 trari
2069 1814 2173 1853 non
2206 1798 2411 1867 possit:
2436 1799 2521 1853 cui
2552 1797 2836 1852 sententiae
2877 1797 3077 1853 multas
3106 1796 3240 1852 alias
3267 1796 3319 1851 in
3357 1796 3491 1851 Vitis

1911 1890 2133 1944 Patrum
2189 1889 2589 1944 consentientes
2641 1888 2883 1958 reperire
2932 1896 3115 1957 potes,
3174 1901 3295 1955 qua:
3340 1892 3491 1939 tuum

1910 1984 2151 2055 animum
2184 1983 2388 2052 optime
2429 1980 2768 2043 relevabnnt,
2798 1978 3099 2048 opitulante
3141 1977 3343 2032 Christi
3370 1992 3492 2045 gra-

1909 2076 2007 2140 tia,
2036 2074 2157 2129 sine
2186 2089 2291 2144 qua
2332 2074 2466 2129 nihil
2492 2073 2734 2128 valemus
2760 2072 2843 2128 vel
2877 2087 3085 2127 sumus.
3119 2071 3325 2127 Cretera
3364 2084 3493 2124 vero

1908 2183 2029 2238 quae
2051 2166 2119 2221 ad
2151 2181 2536 2236 prteseus-non
2572 2166 2878 2229 mittuntur,
2910 2163 3035 2233 quia
3075 2178 3175 2218 nec
3202 2162 3337 2216 adeo
3359 2160 3495 2216 scri-

1907 2268 2001 2332 ptu
2035 2258 2233 2322 facilia,
2261 2274 2363 2314 nec
2390 2258 2524 2312 satis
2551 2258 2803 2312 idoneum
2834 2253 3078 2325 gerulum
3110 2253 3313 2307 habere
3335 2250 3493 2305 modo

1908 2354 2177 2416 videntur,
2226 2352 2335 2406 Deo
2358 2350 2591 2415 volente,
2621 2364 2781 2418 spero
2829 2362 2914 2402 me
2960 2345 3054 2400 tibi
3088 2346 3378 2399 missurum
3408 2344 3491 2397 vel

1905 2445 2229 2507 delaturum,
2255 2459 2376 2498 cum
2401 2450 2755 2514 Opportunum
2802 2449 3013 2509 tempus
3039 2448 3092 2493 et
3138 2437 3364 2491 latorem
3404 2435 3493 2490 in-

1904 2534 2179 2609 venerim.
2204 2532 2417 2596 Valeas,
2475 2531 2656 2585 animo
2700 2543 2822 2585 meo
2875 2526 3216 2591 cliariusime,
3247 2533 3492 2579 mortuus

1905 2627 2031 2682 huic
2078 2625 2279 2679 mundo
2304 2623 2580 2681 Christum
2614 2621 2707 2676 tibi
2743 2621 2925 2675 vivere
2972 2621 3143 2683 noris,
3184 2617 3370 2671 virtuti
3411 2612 3499 2669 vi!

1909 2732 2023 2778 vas.
2058 2717 2131 2771 sit
2158 2715 2249 2770 tibi
2281 2728 2428 2769 mors
2455 2713 2733 2777 vitiorum,
2760 2726 2855 2765 ora
2885 2726 2983 2781 pro
3006 2724 3093 2763 me
3142 2707 3342 2761 famqu
3374 2714 3492 2775 tuo,

1906 2807 2088 2888 Pater.

212 3020 3478 3071 ________________________________________.______.

1012 3183 1681 3301 SANCTI
1753 3168 2671 3291 PULBERTI

938 3402 944 3408 “
1530 3425 2206 3522 TRACTATUS

210 3656 282 3723 In
326 3672 518 3719 meo
546 3656 858 3720 Acronnu
891 3672 1004 3727 Ill,
1042 3658 1071 3714 1
1110 3674 1124 3713 :
1164 3652 1344 3714 Misit
1375 3646 1655 3712 Herodes
1684 3666 1800 3709 rea:
1825 3665 2065 3724 manus,
2090 3652 2162 3708 ut
2191 3642 2501 3727 afﬂigeret
2542 3638 2842 3725 quaedam
2894 3637 2965 3700 de
2995 3635 3302 3707 Ecclesia,
3334 3636 3486 3706 etc.,

1132 3826 1364 3887 Factus
1394 3822 1457 3883 in
1498 3823 1690 3883 Festo
1730 3819 1929 3882 sancti
1962 3816 2128 3880 Petri
2161 3814 2238 3879 ad
2266 3813 2534 3903 Vincula

1074 3985 1371 4059 (Causae.
1413 3983 1663 4038 Biblioth.
1697 3991 1772 4036 vet
1807 3980 1955 4035 Patr.
1986 3988 2117 4034 tom.
2146 3975 2282 4044 XIV,
2314 3991 2439 4050 pag.
2475 3973 2622 4047 I77.)

282 4187 625 4258 Scripturam
650 4200 859 4241 sacram
884 4194 1054 4248 recte,
1078 4199 1199 4237 cum
1233 4182 1379 4253 legit,
1420 4180 1672 4251 intelligit
1708 4179 1799 4248 qui
1829 4157 1874 4220 Ο
1905 4193 2002 4234 sua
2052 4177 2276 4249 minuat,
2331 4173 2544 4230 etiamsi
2597 4187 2694 4242 per
2741 4171 2885 4242 quod
2910 4169 2979 4237 ab
3027 4184 3093 4225 eo
3143 4167 3488 4224 laudabiliter

213 4278 411 4337 modos
456 4276 787 4332 iocutionutn
839 4272 973 4341 ejus
1007 4289 1112 4328 non
1162 4271 1405 4342 negligit.
1464 4268 1575 4325 Hos
1619 4277 1800 4322 autem

209 4367 567 4424 considerare
611 4382 717 4421 non
768 4364 985 4424 snﬂicit.
1033 4363 1134 4417 nisi
1178 4363 1267 4431 qui
1300 4377 1418 4416 eam
1453 4359 1804 4414 meditatione

211 4457 476 4513 continua
518 4454 902 4526 frequentavit.
955 4453 1088 4508 Nam
1138 4453 1300 4515 sicut,
1334 4449 1537 4505 homini
1583 4449 1805 4503 cuilibet

213 4546 555 4615 trequentius
576 4544 947 4613 colloquendo,
980 4541 1235 4612 paulatim
1260 4538 1411 4609 cujus
1433 4541 1503 4593 sit
1526 4538 1804 4610 qualitatis

213 4637 574 4699 advertimus,
619 4636 692 4690 ita
726 4644 783 4690 et
812 4649 1016 4690 morem
1046 4632 1339 4703 Scripturae
1366 4645 1558 4693 sacrae,
1607 4630 1802 4697 smpius

213 4741 347 4783 eam
398 4726 763 4790 retractando,
815 4724 1212 4796 cognoscimus.
1261 4721 1376 4789 Ipsa
1427 4722 1570 4775 enim
1600 4760 1614 4782 ,
1663 4720 1804 4773 sicut

212 4816 444 4872 Patrum
489 4814 799 4886 magisterio
841 4814 1162 4877 edocemur,
1226 4825 1611 4878 nonnuntptam
1640 4848 1656 4872 ,
1708 4823 1804 4878 per

212 4907 329 4964 hoc
380 4907 522 4979 quod
577 4905 1002 4975 vituperabiliter
1052 4906 1207 4975 juxta
1265 4905 1547 4959 historiam
1591 4912 1801 4973 gestum

212 5008 430 5063 narrat,
460 4998 717 5053 virtutem
741 4996 900 5053 laude
939 4996 1158 5066 dignam
1202 4992 1358 5062 juxta
1401 4992 1688 5064 mysticum
1720 4993 1803 5046 in-

213 5088 497 5146 telIecLum
522 5088 809 5159 signiﬁcat.
852 5087 966 5142 Iloc
1009 5095 1187 5142 autem
1235 5086 1289 5139 in
1332 5100 1398 5139 eo
1438 5084 1522 5139 vel
1568 5084 1805 5139 maxime

213 5180 413 5242 claret,
433 5181 577 5247 quod
608 5180 673 5234 de
696 5177 864 5233 David
888 5187 942 5232 et
979 5177 1104 5234 Uria
1146 5192 1301 5232 saera
1330 5175 1565 5231 Historia
1592 5185 1802 5248 gestum

215 5271 391 5326 retert
415 5287 430 5324 :
461 5270 551 5325 ubi
575 5278 631 5325 et
654 5269 798 5324 Uria:
820 5268 1078 5324 innocens
1098 5268 1334 5336 devotio,
1353 5266 1658 5323 Judworutn
1676 5265 1799 5327 inti?

218 5361 498 5417 delitatem
544 5359 874 5430 designavit;
911 5368 968 5414 et
1008 5367 1287 5428 peceatum
1330 5358 1568 5421 Davidis,
1614 5371 1800 5413 sacra.

222 5459 467 5504 mentum
523 5465 778 5521 magnum
833 5448 1033 5504 Christi
1092 5458 1148 5504 et
1204 5448 1464 5509 Ecclesiae
1522 5447 1795 5520 ﬁguravit.

222 5540 517 5597 Sciendum
561 5548 741 5597 tamen
768 5542 894 5612 quia
923 5541 979 5596 iu
1017 5540 1104 5596 his
1132 5557 1253 5612 qua:
1282 5540 1633 5597 historialiter
1676 5549 1798 5599 acta

224 5629 554 5697 referuntur,
583 5634 856 5703 agentium
882 5647 1060 5688 causa:
1097 5643 1318 5703 propter
1350 5632 1796 5704 signiﬁcationem

225 5736 330 5776 non
363 5731 673 5780 mutantur:
705 5724 781 5780 ita
822 5733 881 5780 ut
924 5738 1023 5780 nec
1052 5724 1193 5785 iusto
1239 5724 1440 5793 aliquid
1484 5726 1549 5780 de
1584 5722 1795 5794 iustitia

1902 4279 2111 4339 gestum
2139 4277 2243 4333 est,
2294 4266 2493 4320 malum
2524 4264 2742 4334 aliquod
2779 4263 3118 4333 designetur;
3150 4275 3249 4315 nec
3287 4258 3486 4329 iniusto

1899 4358 2121 4428 justitizr
2143 4358 2395 4414 meritum
2426 4355 2707 4431 conferat,
2729 4354 2944 4427 etiamsi
2971 4369 3069 4424 per
3089 4353 3191 4407 hoc
3212 4350 3356 4421 quod
3387 4351 3489 4404 itu-

1905 4452 2253 4522 probabiliter
2280 4451 2469 4521 gessit,
2500 4447 2713 4517 aliquod
2748 4447 2949 4500 bonum
2983 4444 3263 4516 ﬁguretur.
3302 4440 3486 4522 Neque

1905 4520 2047 4596 enim
2077 4520 2354 4610 peccatum
2384 4538 2550 4591 David
2581 4538 2700 4591 ideo
2749 4544 3029 4604 peccatum
3076 4549 3181 4587 non
3220 4532 3320 4586 fuit
3357 4520 3483 4600 quia

1905 4632 2102 4686 bonum
2157 4631 2285 4684 illttd
2336 4631 2630 4685 maximum
2689 4627 2958 4697 ﬁguravit,
3007 4634 3098 4680 aut
3147 4622 3289 4678 Uriae
3332 4624 3488 4676 inno«

1904 4722 2082 4778 centia
2144 4721 2346 4775 malntn
2395 4720 2497 4773 fuit
2549 4719 2675 4787 quia
2732 4717 2963 4771 inﬁdelis
3008 4715 3187 4785 populi
3231 4712 3485 4768 duritiam

1906 4813 2222 4883 designavit.
2250 4810 2376 4865 Haec
2402 4810 2603 4864 idcirco
2623 4801 3005 4879 prtemisimus,
3033 4820 3100 4860 ne
3123 4802 3333 4858 meritis
3355 4815 3486 4870 apo-

1904 4904 2113 4961 stolicis
2139 4904 2429 4973 demgasse
2453 4902 2518 4955 ab
2544 4900 2725 4972 aliquo
2749 4895 3076 4968 iudicemur,
3122 4910 3246 4951 cum
3280 4908 3379 4964 per
3422 4908 3484 4949 ea

1904 5009 2024 5065 quae
2051 4994 2116 5047 de
2140 4991 2246 5047 illis
2285 4993 2338 5046 in
2372 4990 2634 5048 hodierna
2671 4983 2903 5043 lectione
2932 4994 3245 5051 narrantur,
3281 4982 3486 5053 aliquid

1903 5083 2046 5155 quod
2073 5081 2350 5136 sanctitati
2373 5096 2562 5136 eorum
2604 5094 2707 5134 non
2736 5082 3030 5148 congruat,
3053 5075 3363 5147 signiﬁcare
3401 5073 3485 5128 di-

1903 5175 2163 5230 xerimus.
2204 5174 2372 5230 llodie
2422 5188 2653 5244 namque
2700 5173 2877 5236 nobis,
2908 5172 2975 5225 de
3015 5185 3164 5227 more
3207 5168 3483 5229 Ecclesice,

1904 5264 2268 5335 apostolorum
2300 5265 2531 5320 Actuum
2581 5264 2739 5319 lectio
2775 5262 3054 5327 recitatur,
3085 5261 3138 5316 iu
3178 5275 3283 5330 qua
3315 5256 3486 5312 frater

1903 5355 2125 5413 Joannis
2165 5355 2399 5412 Jacobus
2436 5355 2611 5426 gladio
2640 5361 2895 5409 narratur
2923 5355 3154 5419 occisus,
3208 5348 3486 5422 apostolus

1904 5463 2119 5520 quoque
2139 5448 2333 5504 Petrus
2360 5455 2416 5502 et
2450 5446 2875 5517 comprehensus
2897 5447 3090 5520 legitur
3120 5454 3176 5500 et
3201 5451 3481 5514 exceptus.

1905 5539 2077 5610 Digna
2125 5554 2349 5610 prorsus
2386 5537 2493 5592 ﬁde
2537 5538 2763 5595 historia
2809 5549 2909 5603 est,
2939 5541 3102 5595 etiam
3135 5537 3288 5606 juxta
3344 5535 3485 5589 litte-

1904 5646 2023 5686 ram
2053 5628 2434 5686 venerabiliter
2479 5629 2889 5701 amplectenda;
2936 5639 3327 5690 verumtamen,
3357 5624 3482 5695 quia

1904 5720 1962 5779 in
1999 5720 2264 5793 spirituali
2301 5720 2441 5778 libro
2492 5718 2750 5787 Ecclesiae
2791 5719 3115 5780 continetur.
3174 5726 3228 5773 et
3276 5730 3341 5771 ex
3382 5713 3483 5768 1'IIa
