4018 6392
484 316 594 378 ετθ

1507 329 1566 385 s.
1587 328 1929 387 FULBEitTl
1956 330 2435 392 CARNO’I‘ENSIS
2469 297 2776 392 EPISCOPI

3624 312 3733 390 ego
3772 296 3779 301 .

485 433 728 501 quaedam
778 432 964 492 Patres
1017 437 1364 515 Spiritiiaiiter
1417 434 1742 501 intellexisse
1789 445 2014 517 legimus
2040 463 2059 516 ;
2087 452 2137 514 Α
2164 451 2357 523 quibus
2390 450 2491 508 etsi
2534 450 2894 506 numerositas
2935 442 3325 518 triumphorum
3361 462 3614 509 carenaiu
3643 451 3737 509 vi-

484 537 591 577 noii
632 524 844 581 videtur
883 528 1238 598 incongruum
1267 530 1333 597 si,
1378 531 1617 588 historiae
1657 537 1885 591 veritate
1938 554 2055 593 ser-

484 621 631 678 vata,
662 617 930 683 quomodo
956 618 1310 686 spiritiialiter
1341 628 1449 676 tota
1492 623 1662 698 possit
1703 624 1929 698 intelligi
1963 628 2059 685 den

484 715 872 762 monstremus.
903 707 1009 764 Sed
1026 708 1140 779 jam
1164 712 1448 768 audiamus
1485 695 1784 772 exordium.

554 793 596 848 l.
638 793 782 849 Misit
815 796 1048 854 Herodes
1085 816 1177 855 rea:
1202 818 1406 869 manus,
1437 814 1493 857 ut
1533 802 1776 876 aﬂligerct
1801 808 2056 877 quosdam

481 885 546 942 de
575 885 811 943 Ecclesia
849 891 987 962 (Act.
1029 909 1128 958 xu,
1170 896 1193 948 l
1231 895 1415 968 seqq).
1461 895 1630 963 Quem
1689 899 1789 954 sub
1827 898 2056 956 Herodis

479 978 744 1035 vocabulo
783 984 1031 1053 accipere
1057 985 1348 1040 debeamus
1389 986 1773 1055 signiﬁcatum,
1798 996 1853 1043 et
1881 990 2055 1044 nomi-

480 1067 569 1123 nis
596 1069 714 1138 ejus
740 1072 1096 1142 appellatione
1132 1082 1189 1129 ‘et
1213 1075 1393 1144 aperis
1419 1076 1741 1132 crudelitate
1774 1076 2053 1133 docemur.

479 1158 724 1218 Herodes
760 1166 953 1235 quippe
987 1166 1229 1231 pelliceus
1270 1166 1674 1238 interpretatur,
1706 1184 1812 1239 quo
1840 1171 2058 1226 nomine

478 1262 629 1309 recte
667 1256 921 1324 antiquus
948 1258 1166 1319 humani
1198 1260 1411 1328 generis
1437 1261 1776 1316 adversarius
1805 1263 2055 1333 designa-

479 1349 597 1408 tur;
624 1344 777 1414 cujus
801 1346 1144 1402 suasionibus
1171 1349 1297 1403 dum
1328 1348 1488 1418 primi
1524 1350 1772 1406 homines
1813 1352 2061 1409 credide-

478 1443 624 1496 iunt,
659 1436 797 1490 stola
842 1438 1267 1495 immortalitatis
1295 1441 1525 1510 perdita,
1555 1442 1806 1509 pelliceas
1844 1444 2058 1501 tunicas

476 1525 825 1583 mortalitatis
880 1528 1462 1601 indicesfacceperunt.
1508 1532 1667 1598 Nam,
1714 1534 1842 1613 quia
1890 1534 2057 1609 pelles

476 1616 705 1671 mortuis
757 1618 1081 1676 animalibus
1131 1620 1306 1679 solent
1356 1621 1590 1687 detrahi,
1622 1638 1727 1677 non
1766 1624 2058 1696 incongrue

473 1720 574 1783 per
596 1707 1075 1775 pelliceastunicas
1099 1711 1298 1768 dicitur
1324 1713 1628 1770 mortalitas
1659 1714 1897 1786 figurari.
1913 1716 2058 1784 Quas

2156 545 2342 603 ctoriai
2382 542 2729 614 reproniittit,
2761 541 2864 596 hoc
2892 538 3067 612 ipsum
3118 550 3296 598 tamen
3346 546 3489 614 quod
3536 547 3738 604 crebro

2155 638 2419 693 dimicare
2440 643 2724 707 coguntur,
2755 649 2849 689 eos
2875 634 3223 690 vehementer
3246 631 3449 708 aﬂigit.
3479 636 3740 696 Scientes

2156 740 2387 796 namque
2411 724 2699 780 humanam
2742 721 3086 793 fragilitatem
3135 722 3203 780 ad
3228 740 3410 780 casum
3438 741 3557 784 esse
3590 744 3706 798 pm

2156 817 2394 886 cipitem,
2432 815 2589 869 valde
2611 815 2844 885 suspecti
2890 823 3034 878 sunt,
3066 830 3133 870 ne
3172 815 3363 883 hostis,
3406 819 3495 889 qui
3525 818 3620 875 eos
3657 822 3733 876 ad

2156 915 2429 962 certamen
2459 904 2791 973 frequentius
2830 914 3105 973 provocat,
3136 905 3410 961 remissius
3447 906 3738 964 decertan-

2156 1004 2239 1052 tes
2283 982 2615 1064 quandoque
2642 995 2910 1048 devincat.
2966 992 3267 1049 Notandum
3293 1064 3296 1067 Α
3325 995 3526 1051 interea
3581 999 3741 1066 quod

2105 1155 2108 1158 ἢ
2156 1103 2262 1142 non
2292 1086 2539 1141 dicitur:
2579 1084 2645 1140 Ut
2690 1086 2931 1157 afﬂigeret
2964 1084 3273 1150 Ecclesiam,
3330 1088 3425 1142 sed
3471 1089 3733 1160 quosdam

2156 1179 2221 1233 de
2248 1176 2515 1244 Ecclesia;
2541 1178 2692 1248 quia,
2718 1177 2821 1232 etsi
2869 1176 3053 1232 fuleles
3084 1191 3272 1232 omnes
3316 1178 3439 1233 odio
3487 1178 3735 1248 generali

2157 1268 2519 1339 persequitur,
2566 1266 2916 1322 acerbitatem
2957 1275 3133 1322 tamen
3182 1266 3326 1322 illius
3377 1264 3450 1322 illi
3506 1269 3741 1338 gravius

2157 1360 2415 1423 sentiunt,
2448 1359 2539 1428 qui
2568 1358 2774 1414 levibus
2808 1357 3092 1414 desideriis
3138 1356 3259 1426 ejus
3294 1368 3504 1413 matura
3550 1360 3737 1429 gravi-

2160 1459 2268 1506 tate
2297 1452 2574 1506 resistunt.
2611 1450 2757 1518 Quos
2785 1450 3035 1506 videlicet
3082 1458 3232 1505 tanto
3280 1452 3521 1507 atrocius
3557 1451 3741 1518 impu-

2157 1551 2309 1611 gnat,
2330 1549 2532 1610 quanto
2550 1556 2645 1596 eos
2663 1540 2858 1596 fortius
2881 1550 3242 1611 repugnantes
3276 1541 3606 1597 considerat.
3631 1538 3740 1593 γει

2158 1643 2306 1688 certe
2332 1633 2515 1689 missis
2540 1633 2792 1689 uianihus
2833 1633 3097 1702 quosdam
3143 1631 3451 1703 specialiter
3489 1630 3740 1686 Herodes

2158 1725 2363 1796 amigit,
2418 1741 2565 1791 cuni,
2608 1732 2942 1780 tentamenta
3002 1725 3147 1781 illius
3198 1724 3318 1782 aliis
3353 1724 3738 1789 evadentibus,

478 1795 697 1888 quidem
746 1799 957 1855 tunicas
1003 1800 1139 1857 Deus
1180 1801 1374 1859 fecisse
1419 1813 1475 1859 et
1528 1799 1776 1862 homines
1820 1805 2055 1862 induisse
2087 1794 2128 1852 Β
2156 1794 2291 1872 alios
2314 1816 2380 1871 ad
2408 1817 2662 1873 vitiorum
2688 1818 2986 1888 principitia
3018 1818 3206 1876 trahit.

472 1883 704 1956 legitur;
735 1903 841 1943 non
874 1890 1018 1959 quod
1066 1906 1161 1947 eos
1199 1891 1312 1963 ipse
1339 1892 1596 1949 mortales
1648 1896 1936 1961 creaverit,
1988 1896 2055 1951 de

471 1990 583 2042 quo
635 1976 914 2048 Scriptura
952 1995 1117 2037 verax
1170 1984 1439 2039 veraciter
1485 1994 1813 2055 protestatur
1848 1985 2054 2052 :‘Qaia

472 2072 618 2125 Deus
643 2082 861 2126 mortem
907 2081 1010 2127 non
1061 2073 1219 2143 fecit;
1266 2076 1360 2131 sed
1410 2076 1559 2146 quia,
1593 2092 1729 2147 quos
1780 2078 1847 2133 ad
1891 2079 2052 2133 vitam

473 2175 755 2227 :‘cicrnam,
802 2164 845 2220 si
899 2167 1209 2222 mandatum
1257 2156 1876 2238 servarentfcondidit,
1932 2180 2055 2242 post

473 2256 975 2327 praevaricationem
1007 2258 1261 2315 mortales
1311 2259 1482 2315 factos
1521 2261 1634 2332 ipsa
1673 2262 1840 2317 vestis
1876 2261 2053 2332 quali-

471 2354 585 2404 tate
610 2345 952 2412 monstravit.
998 2347 1102 2403 Sed
1141 2349 1299 2420 hujus
1349 2350 1646 2406 indumenti
1688 2351 1802 2422 ipse
1837 2352 2055 2422 proprie

469 2439 782 2505 hominibus
805 2449 995 2501 auctor
1016 2442 1245 2508 exstitit,
1275 2442 1366 2511 qui
1414 2445 1495 2499 eis
1523 2443 1735 2514 culpam
1776 2460 1881 2514 qua
1926 2442 2054 2498 illud

472 2540 815 2605 mererentur
857 2532 1214 2601 promissione
1247 2535 1547 2591 seductoria
1580 2536 1876 2606 persuasit.
1923 2533 2056 2590 Jure

471 2623 640 2694 igitur
661 2623 777 2696 ipse
810 2623 1067 2695 pelliceus
1104 2626 1436 2692 nominatur,
1485 2626 1640 2699 cujus
1670 2628 1926 2682 instinctu
1957 2625 2055 2680 hu-

473 2734 635 2772 mana
682 2727 875 2772 natura
925 2719 1167 2789 pelliceis
1214 2721 1409 2776 tunicis
1457 2732 1688 2776 mortem
1740 2720 2052 2791 significan-

477 2810 621 2865 tibus
670 2810 942 2866 amicitur.
989 2810 1106 2867 Rex
1149 2823 1328 2867 autem
1377 2811 1615 2868 Herodes
1662 2812 1763 2867 iste
1806 2820 2051 2875 vocatur,

471 2900 598 2970 quia
627 2901 799 2973 ipsum
829 2918 950 2960 esse
992 2920 1159 2976 regem
1207 2920 1359 2974 super
1401 2920 1580 2960 omnes
1623 2903 1764 2975 ﬁlios
1800 2904 2054 2974 superbire

469 2992 756 3065 Scriptura
809 3005 1070 3064 testatur;
1124 2999 1215 3067 qui
1261 3007 1317 3053 et
1371 2998 1623 3053 omnibus
1671 2997 1918 3066 regimini
1956 3012 2054 3051 suo

473 3085 731 3152 subjectis
759 3088 825 3142 ad
870 3098 1099 3143 mortem
1128 3098 1441 3159 perpetuam
1489 3089 1846 3159 principatiir.
1887 3088 2051 3157 Cujus

472 3173 706 3234 Herodis
752 3183 944 3233 manus
981 3188 1106 3233 sunt
1154 3179 1238 3234 vel
1291 3178 1513 3247 maligni
1563 3178 1787 3247 spiritus
1834 3179 1924 3247 qui
1979 3177 2055 3233 illi

473 3267 543 3323 ad
571 3265 942 3337 deceptionem
968 3268 1360 3339 obsequuntur,
1383 3267 1466 3322 vel
1500 3276 1647 3322 certe
1689 3268 1926 3338 perversi
1958 3266 2056 3322 ho-

474 3356 692 3423 mines,
740 3358 794 3416 in
833 3359 1053 3429 quibus,
1097 3360 1251 3430 juxta
1300 3358 1452 3415 Pauli
1501 3372 1710 3422 vocem,
1765 3357 2054 3427 iniquitatis

473 3451 778 3520 mysterium
801 3463 1066 3519 operatur.
1101 3452 1285 3507 Hostis
1321 3452 1540 3523 quippe,
1586 3452 1835 3507 humana:
1877 3452 2057 3521 perdi-

474 3539 641 3595 tionis
690 3541 1071 3609 insatiabiliter
1117 3542 1325 3605 avidus,
1374 3556 1496 3597 cum
1530 3542 1581 3597 ei
1628 3542 1697 3597 ad
1735 3551 1916 3597 votiiin
1957 3557 2055 3598 sua

471 3628 648 3684 solum
681 3631 1056 3701 nequltia'non
1089 3631 1331 3702 plenarie
1352 3630 1641 3697 satisfacit,
1676 3631 1744 3686 ad
1781 3632 2057 3686 exsatian-

472 3720 597 3774 daiii
630 3719 828 3779 famem
876 3738 988 3777 sum
1029 3723 1251 3782 malitia:
1304 3725 1481 3779 socios
1520 3724 1619 3779 sibi
1660 3724 1741 3779 vel
1792 3724 2057 3793 malignos

471 3810 699 3879 spiritus
725 3810 807 3865 vel
835 3811 1083 3867 homines
1111 3828 1398 3883 perversos
1444 3813 1707 3884 adjiingit.
1756 3813 1856 3882 Qui
1897 3814 2057 3868 nimi—

472 3913 594 3954 rum
645 3900 711 3954 ad
770 3899 1043 3962 laesionem
1096 3900 1360 3961 bonorum
1409 3903 1569 3963 toties
1622 3918 1816 3969 manus
1868 3904 2053 3969 mittit,

472 3989 688 4059 quoties
711 3989 859 4046 cordi
901 4005 1090 4050 eorum
1123 3990 1205 4045 vel
1248 4006 1346 4062 per
1387 3991 1657 4060 subjectos
1701 3992 1924 4062 spiritus
1949 3991 2054 4047 iiii-

471 4085 675 4145 niunda
711 4084 976 4157 desideria
1016 4085 1210 4156 injicit,
1241 4085 1327 4141 vel
1355 4101 1451 4155 per
1474 4086 1763 4152 humanam
1794 4086 2054 4149 saevitiam

474 4184 669 4231 contra
703 4191 796 4231 eos
832 4176 888 4230 in
933 4159 1212 4231 exteriori.
1240 4177 1537 4231 acerbitate
1579 4176 1869 4232 crudescit.
1900 4175 2054 4243 Quod

473 4265 620 4324 enim
649 4275 839 4328 contra
882 4273 1044 4343 caput
1085 4274 1328 4321 nostrum
1378 4265 1547 4321 semel
1581 4267 1713 4334 egit,
1760 4266 1862 4321 hoc
1890 4266 2055 4320 etiam

475 4366 667 4411 contra
716 4372 815 4425 nos
854 4359 1098 4413 membra
1142 4358 1261 4429 ejus
1315 4357 1686 4413 indesinenter
1735 4373 1899 4427 agere
1947 4372 2053 4412 non

2222 1906 2287 1961 ll.
2340 1906 2598 1976 Sequitur
2640 1924 2658 1966 ς
2721 1907 2926 1963 Occidit
2985 1918 3160 1965 autem
3214 1910 3468 1965 Iacobum
3515 1909 3743 1980 fratrm

2152 1993 2380 2059 Joannis
2411 1994 2608 2065 gladio.
2646 1994 2799 2049 lianc
2838 1995 3054 2067 quidem
3106 1995 3246 2050 beati
3292 1994 3481 2051 Jacobi
3526 1996 3742 2064 passio-

2155 2100 2277 2141 nem
2327 2086 2475 2141 omiii
2529 2087 2882 2142 veneratione
2941 2087 3299 2156 suscipimus,
3344 2088 3627 2145 credentes
3680 2096 3743 2142 et

2156 2175 2305 2231 illum
2345 2192 2442 2246 pro
2474 2177 2748 2248 triumpho
2781 2179 3027 2250 martyrii
3070 2176 3293 2247 iustitia:
3321 2193 3522 2234 corona
3564 2179 3751 2233 dona-i

2156 2275 2292 2333 tum,
2338 2279 2395 2325 et
2441 2269 2652 2323 hostem
2696 2267 2867 2338 ipsius
2902 2282 3002 2338 pro
3039 2283 3137 2324 sua
3183 2267 3503 2322 crudelitate
3552 2277 3751 2339 morte,

2155 2365 2356 2412 interna
2385 2356 2724 2413 mulctatum.
2751 2355 2857 2412 Sed
2890 2357 3033 2427 quod
3060 2356 3212 2427 juxta
3256 2356 3536 2413 historiam
3565 2356 3743 2416 semel

2155 2447 2354 2504 factum
2401 2448 2728 2514 audivimus,
2775 2464 2883 2509 non
2930 2447 3131 2503 frustra
3175 2447 3443 2517 quomodo
3485 2447 3737 2518 quotidie

2154 2538 2250 2594 ﬂat
2300 2539 2564 2610 mystice,
2617 2548 3042 2609 perscrutaniur.
3104 2538 3239 2606 Quia
3296 2538 3456 2608 igitur
3502 2537 3747 2596 Iacobus

2154 2629 2384 2684 luctator
2428 2637 2486 2684 et
2530 2628 2896 2699 supplantator
2930 2630 3342 2699 interpretatur,
3369 2640 3428 2684 et
3471 2627 3739 2694 Joannes,

2153 2722 2327 2793 gratia
2364 2720 2481 2787 Dei,
2521 2731 2748 2792 possunt
2779 2737 2878 2792 per
2920 2723 3036 2778 haec
3073 2722 3180 2777 duo
3219 2722 3481 2777 vocabula
3528 2722 3635 2775 duo
3680 2722 3743 2774 iii

2156 2812 2395 2868 Ecclesia
2441 2813 2660 2867 ordines
2711 2812 2931 2881 ﬁgurari
2980 2829 2994 2866 :
3041 2826 3182 2866 unus
3225 2811 3433 2866 scilicet
3471 2810 3742 2879 incipien-

2156 2907 2313 2972 tium,
2343 2902 2432 2974 qui
2461 2903 2638 2959 adhuc
2666 2901 2719 2956 iu
2749 2900 2889 2957 lucta
2920 2900 3042 2956 fidei
3070 2910 3261 2956 contra
3311 2900 3587 2955 diabolum
3616 2914 3743 2954 cer-

2108 3037 2111 3039 -
2159 3007 2268 3061 tat;
2294 2997 2435 3052 alius
2456 3004 2639 3051 autem
2660 3010 2848 3050 eorum
2869 2993 2988 3064 qui,
3002 3007 3099 3064 per
3116 2993 3346 3063 gratiam
3362 2993 3459 3047 Dci
3481 3000 3749 3062 superato

2159 3089 2491 3153 adversario,
2523 3087 2668 3142 nulla
2705 3088 2817 3157 jam
2857 3087 3052 3142 mentis
3093 3085 3446 3140 iiistabilitate
3495 3084 3740 3138 vacillat.

2156 3181 2206 3237 Is
2256 3190 2437 3236 autem
2479 3179 2570 3249 qui
2616 3179 2872 3244 luctatur,
2926 3178 3087 3234 modo
3135 3191 3298 3247 supra
3325 3217 3341 3241 ,
3390 3176 3548 3229 modo
3590 3174 3745 3230 infra

2156 3271 2470 3340 inspicitur;
2510 3270 2583 3324 ita
2608 3279 2663 3325 et
2711 3271 2825 3340 qui,
2858 3270 3085 3324 necdum
3125 3266 3362 3337 perfecte
3404 3266 3735 3333 compressis

2155 3363 2340 3420 carnis
2398 3361 2653 3424 motibus,
2726 3369 2917 3416 contra
2967 3358 3241 3419 diabolum
3304 3358 3596 3419 luctantur,
3652 3358 3743 3413 sic

2156 3455 2309 3509 illum
2340 3453 2610 3509 interdum
2649 3451 2750 3508 sibi
2781 3450 3129 3519 subjicieiites
3156 3447 3523 3518 supplantant,
3563 3453 3621 3499 ut
3664 3446 3743 3501 ab

2156 3547 2248 3603 illo
2303 3548 2469 3602 etiam
2525 3544 2846 3615 aliquoties,
2894 3542 3084 3598 saltem
3137 3539 3493 3596 delectatione
3546 3536 3740 3603 noxia,

2154 3639 2583 3709 stipplaiitentur.
2634 3635 2765 3704 Quae
2810 3634 3062 3691 videlicet
3098 3632 3277 3693 ,noxia
3338 3628 3623 3700 delaetatio
3688 3628 3745 3689 si
3789 3703 3795 3706 g

2156 3746 2260 3784 non
2300 3730 2409 3785 cito
2448 3728 2833 3798 compescitur,
2866 3726 3114 3796 protinus
3161 3722 3360 3786 anima,
3399 3719 3575 3773 vitalis
3602 3717 3739 3773 ﬂatu

2149 3818 2373 3887 iustitia)
2410 3817 2643 3888 perdito,
2672 3826 2969 3871 consensus
2999 3811 3177 3883 gladio
3219 3809 3537 3865 trucidatur.
3566 3807 3743 3861 Recte

2154 3926 2285 3974 ergo
2312 3924 2607 3965 consensus
2635 3906 2977 3963 delectationi
3021 3904 3337 3964 succedens,
3387 3899 3597 3969 gladius
3637 3912 3744 3967 ap-

2154 4002 2404 4072 pellatur,
2432 3999 2583 4070 quia,
2612 3999 2750 4053 intra
2778 4006 3023 4052 sanctam
3055 3993 3373 4055 Ecclesiani,
3408 3989 3482 4045 illi
3520 4001 3745 4058 quoque

2154 4094 2247 4168 qui
2296 4089 2680 4151 blandimentis
2730 4087 2929 4143 diaboli
2982 4084 3278 4141 enormiter
3340 4078 3740 4168 succumbunt,

2161 4198 2289 4240 cum
2329 4182 2439 4237 illis
2470 4180 2561 4250 qui
2611 4195 2707 4251 per
2740 4178 2971 4250 gratiam
3009 4176 3106 4231 Dei
3161 4176 3216 4230 in
3263 4173 3465 4228 virtute
3506 4167 3740 4241 perfecti

2160 4284 2308 4339 sunt,
2332 4290 2441 4330 uno
2466 4273 2613 4329 verbi
2642 4273 2849 4326 semine
2870 4269 3137 4339 concepti,
3169 4281 3279 4321 uno
3306 4272 3508 4320 sanctae
3543 4261 3745 4317 matris

2157 4366 2417 4422 Ecclesia:
2438 4373 2596 4418 utero
2619 4369 2744 4417 sunt
2779 4359 2974 4416 renati.
3014 4358 3214 4425 Sicque
3252 4355 3372 4409 illos
3416 4352 3742 4407 meritorum

476 4448 702 4518 omittit.
732 4446 866 4502 Nam
904 4449 1030 4520 quia
1059 4459 1293 4503 mentem
1324 4449 1441 4520 ejus
1483 4450 1740 4506 tentando
1770 4459 2056 4521 penetrare
2084 4473 2134 4532 Β
2159 4457 2448 4512 diversitas
2472 4461 2711 4523 separat,
2740 4459 2800 4504 ut
2836 4460 3017 4505 tamen
3067 4453 3535 4503 sacramentorum
3586 4455 3743 4496 οοιιι-

474 4556 582 4595 iion
612 4541 898 4611 potuit,ad
939 4541 1304 4612 perimendum
1349 4556 1566 4596 carnem
1623 4542 1812 4613 ipsius,
1864 4557 2056 4597 manus

474 4647 625 4699 suas,
660 4632 908 4692 videlicet
930 4632 1147 4705 .ludacos
1174 4641 1229 4698 et
1256 4633 1456 4701 milites
1480 4632 1771 4701 Romanos,
1804 4633 2055 4701 armavit.

475 4724 735 4796 Sic'ergo.
774 4726 937 4796 etiam
984 4742 1158 4792 nunc,
1205 4728 1419 4807 quoties
1464 4742 1495 4781 a
1546 4728 1709 4795 corde
1758 4727 2053 4783 electorum

472 4817 777 4890 repellitur,
807 4828 865 4887 ut
887 4834 980 4874 eos
1005 4819 1196 4877 saltem
1227 4818 1278 4872 in
1320 4833 1545 4889 corpore
1575 4820 1827 4890 perimat,
1856 4819 2052 4872 invidia

473 4909 793 4978 ardescente
825 4912 1194 4979 succenditur.
1241 4910 1321 4973 Ad
1373 4912 1500 4982 quid
1550 4892 1729 4977 autem
1779 4921 2056 4980 tantopere

422 5028 425 5031 -
474 5000 684 5069 smviat,
734 5003 996 5070 aperitur,
1030 5016 1153 5056 cuin
1198 5002 1481 5071 subditur;
1508 5001 1575 5056 Ut
1608 5003 1849 5074 affligeret
1899 5020 2056 5073 quos-

480 5091 603 5142 dam
651 5089 715 5143 de
750 5087 1006 5147 Ecclesia.
1053 5091 1133 5155 Ea
1182 5092 1326 5146 enim
1380 5093 1774 5161 quamprimum
1826 5094 2056 5148 in'entio

474 5182 627 5251 illum
674 5184 743 5252 ad
799 5186 1271 5259 contemplandam
1326 5186 1623 5241 electorum
1687 5187 2093 5257 innocentiam‘

469 5279 741 5347 concitat,
766 5289 833 5347 ut,
853 5281 935 5335 vel
967 5297 1061 5337 eos
1112 5282 1165 5337 in
1217 5281 1431 5351 culpam
1477 5296 1730 5352 perversa
1781 5274 2056 5340 suadendo

472 5366 713 5440 dejiciat,
742 5369 825 5427 vel
860 5380 1039 5447 certe,
1059 5372 1185 5427 dum
1227 5370 1344 5439 ejus
1385 5369 1731 5426 suasionibus
1766 5371 2052 5436 resistunt,

472 5473 570 5513 eos
593 5460 938 5530 requiescere
962 5446 1073 5529 non
1099 5463 1397 5533 permittat.
1414 5463 1692 5521 Jiistoriim
1721 5446 1861 5521 vero,
1879 5477 2052 5527 mens,

470 5564 597 5620 quae
621 5549 674 5604 iii
705 5564 935 5628 superna
964 5552 1417 5623 contemplatione
1444 5538 1792 5635 requiescere.
1829 5553 2052 5632 appetit,

471 5643 577 5698 hoc
608 5643 724 5719 ipso
747 5645 1092 5701 vehementer
1122 5643 1374 5715 afﬂigitur
1413 5645 1555 5714 quod
1582 5644 1794 5705 occulto
1838 5642 2057 5709 insidia-

473 5734 576 5799 tori
604 5735 854 5791 continua
907 5735 1291 5807 congressione
1329 5738 1640 5804 repugnare
1670 5732 2053 5806 compellitur;

2158 4546 2342 4602 miinio
2368 4545 2623 4615 quadam,
2668 4550 2727 4596 ut
2762 4543 2832 4597 ita
2885 4539 3134 4603 dixerim,
3179 4536 3304 4592 fidei
3356 4532 3743 4609 consanguini-

2159 4646 2267 4693 tate
2308 4636 2620 4705 conjuiigat.
2651 4632 2760 4687 Nec
2792 4645 2989 4685 novum
3032 4643 3165 4684 sane
3184 4627 3239 4683 si
3285 4641 3471 4682 semen
3508 4623 3742 4679 verbum

2156 4712 2377 4788 dicitur,
2424 4725 2548 4796 quia
2580 4735 2638 4779 et
2680 4721 2901 4785 Paulus,
2947 4735 3071 4779 cum
3119 4720 3262 4774 idem
3304 4716 3528 4771 verbum
3570 4728 3743 4783 super

2157 4819 2320 4873 corda
2344 4814 2752 4871 Atheniensium
2803 4819 3120 4881 spargeret,
3168 4810 3236 4864 ab
3264 4808 3467 4863 eisdem
3503 4804 3739 4861 Semini-

2156 4910 2359 4969 verbius
2388 4914 2607 4960 vocatus
2655 4910 2760 4958 est.
2816 4902 2875 4958 Si
2929 4910 3110 4957 autem
3165 4914 3263 4971 per
3306 4900 3447 4953 hanc
3490 4895 3742 4964 Apostoli

2159 5009 2345 5053 iieccin
2407 5011 2512 5051 non
2572 5009 2720 5049 mors
2768 4993 3000 5063 peccati,
3053 4992 3148 5047 sed
3199 4990 3398 5053 carnis,
3448 4986 3740 5055 accipitur,

2157 5087 2433 5142 sciendum
2481 5093 2569 5140 est
2603 5083 2727 5153 quia
2772 5082 3007 5137 crudelis
3061 5078 3424 5143 adversarius,
3462 5076 3740 5131 laesionem

2155 5178 2416 5233 bonorum
2444 5189 2661 5244 semper
2687 5173 2964 5236 esuriens,
3014 5185 3140 5225 cum
3191 5169 3274 5240 (ut
3317 5181 3478 5237 supra
3532 5165 3741 5220 dictum

2156 5267 2261 5335 est)
2284 5266 2348 5319 ad
2382 5252 2696 5320 interiorem
2727 5270 2959 5317 mortem
2995 5272 3059 5315 se
3083 5257 3378 5328 prtevalere
3427 5269 3535 5311 non
3576 5267 3742 5321 posse

2156 5355 2489 5418 considerat,
2526 5367 2650 5408 eum
2677 5356 2769 5421 qui
2808 5350 2912 5406 sibi
2947 5349 3177 5414 resistit,
3207 5347 3401 5403 saltem
3435 5341 3741 5411 corporali-

2142 5457 2240 5503 ter
2293 5446 2569 5503 trucidare
2616 5444 2859 5499 festinat.
2915 5440 3022 5497 Sed
3069 5439 3309 5511 quolibet
3358 5434 3520 5492 modo
3544 5432 3740 5490 electis

2156 5546 2372 5602 noceat,
2399 5535 2518 5606 ejus
2548 5533 2754 5591 saevitia
2789 5532 2897 5588 illis
2920 5530 3160 5587 maxime
3184 5530 3364 5599 placet
3390 5525 3609 5597 quibus.
3636 5536 3743 5591 pro

2156 5649 2258 5689 sua
2286 5630 2619 5695 innocentia,
2639 5629 2750 5684 vita
2772 5626 3012 5683 ﬁdelium
3039 5624 3307 5694 displicet.
3404 5638 3407 5639 ν

2226 5728 2310 5795 iii.
2355 5725 2506 5785 Unde
2535 5732 2589 5781 et
2615 5723 2860 5803 sequitur
2885 5742 2897 5780 :
2938 5722 3129 5779 Videtis
3157 5728 3331 5774 autem
3358 5714 3481 5788 quia
3512 5710 3741 5769 clarere!
