4018 6386
241 317 343 381 181

1053 323 1475 386 TRACTATUS
1515 327 1581 385 IN
1619 331 1815 388 \ERS.
1863 335 2066 392 iCAP.
2110 336 2203 392 XII
2233 337 2388 394 ACT.
2422 341 2669 399 APOST.

3382 346 3486 402 282

241 442 448 502 luditis
474 483 487 507 ,
537 439 798 511 anj'osuit
835 440 1219 510 apprehendere
1264 453 1310 498 et
1359 442 1596 500 Petrum.
1646 445 1814 502 Judaei
1843 452 1889 512 Α
1919 459 1979 505 ut
2008 452 2286 508 robustum
2335 471 2601 526 quemque
2657 457 2917 529 decipiat,
2970 457 3287 530 multiplices
3331 462 3488 516 dece-

242 549 498 603 uamqur,
545 532 636 603 qui
684 530 984 599 conﬁtentes
1015 533 1458 602 interpretantur,
1508 551 1642 605 quos
1685 537 1817 593 alios

242 628 347 682 hoc
378 626 428 678 in
456 624 576 678 loco
604 623 904 691 designant,
944 623 1047 676 nisi
1092 637 1185 677 eos
1230 625 1342 693 qui,
1394 625 1546 693 juxta
1583 626 1816 694 Aposto-

241 717 373 779 luin,
413 714 744 784 Conﬁtentur
793 730 848 767 se
896 729 1045 767 nosse
1085 713 1277 778 Deum,
1310 715 1464 782 factis
1513 727 1685 768 autem
1724 733 1816 770 ne-

239 808 416 878 gant?
446 807 676 860 Possunt
725 815 897 858 tamen
936 802 1240 858 Judteorum
1279 806 1495 858 nomine
1521 806 1683 858 etiam
1717 806 1818 859 im-

240 901 427 954 ninndi
456 899 677 968 spiritus
706 898 897 966 accipi.
929 897 1018 964 qui
1049 906 1104 949 et
1146 896 1243 965 ipsi
1277 897 1327 949 in
1359 897 1660 965 Evangelio,
1690 898 1814 950 duin

239 994 308 1048 de
348 991 586 1046 obsessis
627 989 942 1058 corporibus
992 990 1336 1058 pellerentur,
1387 1004 1690 1059 quanquam
1738 990 1820 1043 in-

240 1080 338 1134 viti
375 1081 647 1135 Chiistutii
683 1079 773 1132 Dei
821 1079 921 1130 vivi
960 1078 1150 1131 Filium
1183 1080 1507 1131 fatebantur.
1553 1079 1656 1133 Sed
1705 1080 1817 1134 sive

236 1185 528 1240 perversos
557 1169 821 1232 homines,
863 1184 956 1221 seu
989 1168 1294 1221 iuuiiiindos
1343 1169 1563 1235 spiritus
1608 1167 1821 1223 Judtno-

234 1276 362 1315 rum
402 1259 661 1313 vocabulo
700 1260 1006 1328 designatos
1047 1259 1396 1327 accipiamus,
1437 1269 1648 1312 constat
1689 1275 1815 1328 pro-

233 1351 384 1404 fecto
413 1351 534 1418 quia
575 1349 642 1402 de
683 1350 944 1402 honorum
984 1347 1276 1404 afﬂictione
1308 1351 1518 1419 utrique
1546 1364 1670 1403 voto
1710 1365 1815 1405 non

231 1441 441 1508 dispari
474 1439 834 1508 gratulantur.
886 1438 1035 1494 Unde
1067 1449 1120 1492 et
1149 1439 1288 1493 idem
1315 1449 1479 1507 caput
1508 1440 1815 1508 iniquorum

231 1532 307 1586 ad
339 1534 740 1601 persequendos
767 1532 934 1584 bonos
958 1541 1107 1584 tanto
1127 1532 1429 1600 expeditius
1463 1533 1695 1601 accingit
1733 1547 1812 1596 se,

230 1632 447 1691 quanto
474 1636 531 1676 se
553 1639 649 1690 per
681 1622 782 1675 hoc
804 1622 943 1675 votis
971 1637 1188 1676 suorum
1225 1621 1458 1690 amplius
1500 1622 1816 1676 satisfacere

229 1711 425 1764 sentit.
453 1711 556 1764 Sed
580 1710 728 1778 justo
754 1720 925 1763 morte
953 1711 1136 1765 carnis
1167 1722 1464 1780 perempto,
1481 1726 1606 1781 pars
1632 1712 1812 1780 iniqua

1916 543 2158 612 ptionum
2188 544 2408 614 laqueos
2440 549 2624 602 nectit.
2662 547 2813 602 Nulla
2841 559 3017 602 autem
3053 550 3229 604 callidi
3257 561 3486 606 tentato-

1919 632 1994 686 ris
2033 641 2148 686 arte
2179 642 2284 686 tam
2324 635 2432 688 cito
2480 637 2650 692 virtus
2682 639 2917 707 pectoris
2961 639 3282 702 infirmatur,
3322 657 3486 711 quam

1918 735 2060 784 cum,
2090 722 2298 776 roboris
2325 725 2406 777 sui
2447 725 2590 780 vires
2637 728 2737 781 sibi
2791 743 3062 798 arrogans,
3111 732 3316 799 privata
3347 731 3486 800 apud

1918 828 1974 868 se
2001 814 2359 868 exsultatione
2386 816 2612 871 ltelatur.
2647 818 2778 872 Nam
2813 835 2955 883 mox,
3001 836 3028 873 a
3057 835 3286 890 superno
3308 829 3488 891 protev

1917 913 2066 957 ctore
2095 906 2359 969 desertus,
2388 907 2439 960 iu
2464 907 2718 962 virtutum
2746 910 2984 963 culmine
3008 911 3094 964 diu
3122 910 3342 964 minime
3367 924 3489 980 per-

1918 1001 2150 1056 several,
2183 995 2310 1063 quia
2337 1011 2459 1050 eum
2483 997 2676 1050 exinde
2707 1008 2898 1052 ventus
2940 999 3234 1053 elationiiin
3277 1007 3487 1068 pertur-

1916 1084 2028 1138 bat.
2058 1085 2139 1138 Ab
2189 1087 2298 1140 alto
2339 1103 2468 1142 vero
2503 1100 2843 1143 corruentem
2892 1091 3233 1145 adversarius
3263 1091 3483 1160 excipit,

1917 1191 2038 1230 cum
2070 1192 2304 1245 superno
2330 1180 2528 1232 auxilio
2555 1180 2869 1234 destitutum
2915 1198 3012 1252 per
3052 1182 3299 1251 quzelihet
3332 1181 3488 1235 vitio-

1917 1281 2034 1320 rum
2061 1268 2353 1337 praecipitia
2383 1271 2566 1322 trahit.
2594 1270 2756 1336 Quasi
2789 1287 2918 1342 ergo
2947 1273 3204 1342 appositis
3240 1271 3489 1325 inanibus

1915 1355 2135 1410 Petrum
2184 1357 2422 1414 Herodes
2459 1360 2842 1428 apprehendit,
2893 1376 3013 1415 cum
3062 1361 3210 1415 illum
3256 1360 3348 1431 qui
3391 1374 3489 1428 per

1915 1446 2175 1500 virtutum
2202 1449 2304 1503 iter
2332 1451 2585 1518 gradiens
2612 1453 2797 1520 procul
2822 1467 2850 1504 a
2878 1468 2935 1506 se
2974 1453 3318 1517 discesserat,
3367 1466 3490 1520 pro-

1919 1539 2084 1592 tensis
2125 1538 2373 1593 fraudum
2424 1541 2628 1610 laqueis
2678 1543 2869 1597 iterum
2921 1544 3169 1598 irrctivit.
3214 1545 3295 1598 Ad
3347 1542 3490 1612 quod

1916 1629 2263 1683 astrueuduin
2295 1631 2340 1684 si
2385 1632 2689 1701 exemplum
2724 1635 3004 1702 quaeritur,
3037 1643 3246 1688 nonest
3272 1648 3404 1704 Opus
3431 1641 3491 1686 ut

1915 1718 2128 1789 longius
2151 1735 2460 1792 evagemur.
2509 1723 2642 1790 Quia
2671 1725 2716 1780 is
2755 1726 2867 1795 ipse
2890 1725 3100 1788 Petrus,
3143 1725 3294 1794 cujus
3324 1726 3491 1780 histo-

230 1802 495 1866 exsultat,
532 1803 658 1872 quia
692 1802 942 1857 videlicet
972 1802 1058 1855 ille
1091 1818 1122 1856 e
1163 1803 1342 1857 medio
1371 1803 1683 1858 subtractus
1731 1812 1814 1858 est
1845 1810 1889 1869 Β
1919 1809 2052 1864 riam
2077 1810 2302 1880 ligurata
2336 1813 2778 1882 interpretatione
2819 1816 3155 1880 discutimus,
3207 1817 3259 1870 iii
3290 1824 3490 1871 semet-

229 1894 333 1963 qui
382 1895 484 1948 sub
523 1895 710 1949 umbra
759 1910 870 1949 suae
928 1895 1281 1964 protectionis
1337 1895 1532 1950 multos
1572 1896 1640 1949 ab
1681 1903 1813 1949 testu

230 1987 462 2041 malitiae
493 1986 830 2042 defendebat.
878 1986 1033 2041 Justo
1068 2002 1196 2041 vero
1244 1988 1297 2040 in
1334 1988 1538 2057 peccati
1584 1997 1813 2042 mortem

231 2078 486 2145 delapso,
540 2086 691 2132 tanto
740 2077 971 2148 amplius
1010 2078 1196 2132 lmtitia
1246 2079 1516 2148 perversis
1568 2088 1811 2149 augetur,

229 2183 442 2242 quanto
473 2171 520 2224 is
551 2171 644 2240 qui
688 2170 868 2238 lapsus
910 2181 1014 2236 est,
1056 2186 1152 2240 per
1198 2171 1323 2226 vita:
1375 2172 1625 2226 meritum
1669 2180 1814 2226 stare

228 2263 404 2320 altius
426 2263 724 2316 videbatur.
757 2262 862 2316 Sed
891 2263 1234 2332 sicutsupra,
1265 2263 1407 2318 beati
1445 2262 1630 2320 Jacobi
1671 2278 1814 2317 inar-

231 2357 437 2424 tyriiun
479 2353 634 2422 juxta
684 2354 963 2410 historiam
1002 2355 1380 2411 venerabiliter
1425 2355 1810 2426 amplexantes,

230 2443 675 2516 quomodojuxta
709 2446 973 2499 internum
1005 2445 1414 2516 intelligentiam
1445 2445 1615 2513 accipi
1643 2445 1814 2514 possit

227 2536 589 2598 ostendimus.
608 2536 686 2590 sic
711 2552 851 2592 nunc
872 2551 1101 2605 quoque,
1127 2546 1343 2590 servato
1363 2545 1510 2591 textu
1544 2536 1810 2601 historiae,

229 2626 508 2696 quomodo
547 2626 701 2695 juxta
756 2626 1003 2682 eumdem
1051 2640 1267 2679 sensum
1318 2625 1433 2680 haec
1481 2625 1622 2680 beati
1668 2623 1810 2680 Petri

231 2716 652 2785 comprehensio
684 2715 908 2787 intelligi
933 2715 1108 2771 valeat
1137 2717 1504 2770 ostendamus.

303 2831 392 2884 Ad
435 2830 862 2901 investigandum
915 2830 1228 2901 mysterium
1293 2827 1810 2900 comprehensionis,

233 2922 387 2976 viain
438 2923 592 2976 nobis
639 2923 809 2992 aperit
849 2923 962 2991 ipsa
1004 2924 1122 2992 ejus
1151 2923 1241 2992 qui
1278 2924 1700 2992 comprehensus
1731 2931 1813 2977 est

228 3015 524 3087 appellatio
556 3015 808 3070 nominis.
839 3015 990 3069 Sicut
1016 3016 1158 3070 enim
1190 3014 1303 3070 fere
1325 3031 1512 3070 omnes
1543 3016 1811 3079 novimus,

228 3122 260 3163 a
291 3117 441 3176 petra
475 3106 666 3161 Petrus
719 3122 912 3161 nomen
966 3107 1193 3175 accepit.
1246 3107 1478 3174 Quinam
1531 3121 1661 3177 ergo
1708 3107 1812 3161 hoc

229 3198 457 3250 nomine
487 3197 865 3266 designantur,
915 3196 1016 3250 nisi
1060 3197 1149 3266 qui
1186 3212 1281 3266 per
1317 3197 1513 3251 mentis
1560 3205 1813 3251 constan-

230 3287 366 3340 tiam
406 3286 618 3340 fortiter
646 3296 789 3340 stare
821 3286 874 3340 in
912 3287 1170 3340 virtutum
1201 3285 1474 3342 soliditate
1514 3287 1812 3342 videntur?

227 3385 419 3430 contra
463 3391 599 3444 quos
640 3376 894 3430 nimirum
945 3376 1114 3432 hostis
1158 3386 1307 3432 tanto
1359 3378 1540 3433 acrius
1589 3385 1808 3448 pugnat,

226 3476 440 3536 quanto
473 3483 572 3538 per
615 3468 735 3523 illos
763 3468 924 3523 etiam
955 3469 1090 3524 alios
1133 3469 1186 3524 in
1218 3471 1414 3524 virtute
1441 3471 1684 3525 roborari
1712 3470 1811 3525 do-

226 3558 352 3616 lens
388 3567 596 3627 pensat.
637 3559 722 3623 Et,
771 3561 896 3640 quia
930 3560 1178 3616 fortassis
1230 3561 1560 3616 soliditatem
1615 3562 1813 3618 mentis

224 3661 420 3702 eorum
447 3648 617 3717 primo
644 3651 846 3718 impetu
877 3651 1189 3706 teutatlonis
1210 3650 1539 3709 labefactare
1569 3667 1676 3712 non
1700 3652 1816 3708 suf-

225 3737 367 3799 ficit,
395 3753 543 3792 more
567 3754 719 3809 aquae
742 3741 934 3796 crebro
961 3742 1370 3812 superveniens,
1408 3743 1598 3797 duram
1624 3756 1813 3797 eorum

223 3831 590 3884 constantiam
632 3832 852 3902 rumpit.
891 3831 1028 3888 Nam
1063 3832 1205 3889 sicut
1243 3833 1462 3906 quidam
1507 3833 1583 3888 ait
1634 3833 1813 3906 (Orio.

223 3919 306 3976 De
336 3917 530 3986 Ponto,
571 3923 662 3978 lib.
692 3923 764 3995 tv)
794 3942 807 3977 :

359 4053 504 4106 Gutta
526 4064 662 4106 cavat
685 4055 919 4120 lapidem,
945 4070 1042 4108 non
1065 4058 1132 4121 vi,
1157 4058 1243 4108 sed
1267 4071 1399 4122 stepe
1423 4058 1655 4109 cadendo.

224 4177 390 4246 Quod
419 4178 581 4233 etiam
610 4179 790 4235 divina
821 4180 1102 4252 Scriptura
1142 4190 1374 4237 testatur
1405 4201 1416 4237 :
1450 4181 1675 4252 Lapides
1720 4198 1813 4236 ex-

225 4279 422 4324 cavant
452 4287 618 4338 aqnw,
642 4281 689 4325 et
719 4272 978 4327 alluvione
1015 4273 1270 4343 paulatim
1310 4287 1449 4328 terra
1487 4275 1814 4328 consumitur

225 4361 360 4432 (Iob
402 4377 514 4425 xiv,
561 4361 669 4422 l9).
715 4363 848 4418 Cum
891 4365 1070 4433 itaque
1111 4365 1354 4419 diabolus
1391 4365 1584 4421 fortem
1635 4367 1810 4421 virum

1916 1899 2031 1969 ipso
2060 1901 2254 1970 partim
2279 1911 2358 1955 est
2386 1913 2641 1971 expertus
2669 1904 2812 1973 quod
2845 1905 3094 1960 dicimus.
3152 1905 3285 1961 Nam
3337 1905 3490 1973 cujus

1914 2005 2131 2045 carnem
2161 1992 2398 2048 llerodes
2423 1994 2715 2048 historicus
2753 1996 3129 2065 apprehendit,
3174 1997 3338 2066 ipsius
3376 1997 3493 2050 aui-

1916 2098 2056 2134 niam
2081 2081 2399 2151 jampridem
2450 2083 2687 2139 Herodes
2731 2086 2941 2156 typicus
2991 2087 3144 2141 trinae
3193 2086 3492 2156 negationis

1915 2169 2146 2240 laqueo,
2195 2173 2345 2240 quasi
2403 2172 2529 2227 fune
2581 2182 2742 2239 torto,
2777 2175 3063 2244 tripliciter
3112 2175 3367 2245 alligavit.
3425 2175 3494 2229 Et

1914 2272 2062 2316 certe
2108 2262 2173 2316 de
2203 2278 2313 2317 suae
2344 2262 2618 2320 firmitatis
2662 2267 2858 2321 robore
2905 2267 3073 2322 multa
3117 2267 3227 2336 jam
3281 2268 3488 2337 experi-

1917 2362 2093 2406 menta
2137 2353 2390 2407 tenebat:
2415 2353 2527 2422 jam
2563 2355 2837 2410 Christum
2863 2356 2952 2411 Dei
2987 2357 3091 2411 vivi
3117 2357 3310 2411 Filium
3355 2373 3488 2410 con-

1915 2444 2091 2499 fessus
2119 2444 2327 2510 fuerat;
2345 2445 2457 2514 jam
2479 2447 2690 2500 beatum
2711 2462 2767 2502 se
2787 2463 2881 2502 ore
2900 2447 3154 2502 Veritatis
3180 2447 3490 2510 audiverat;

1908 2533 2020 2602 jam
2057 2550 2086 2587 a
2131 2535 2404 2590 soliditate
2453 2535 2774 2592 inviolabilis
2829 2547 2994 2607 petrae
3041 2537 3187 2592 Petri
3228 2552 3490 2607 agnomen

1914 2634 2191 2692 traxerat;
2233 2626 2344 2694 jam
2379 2627 2556 2682 claves
2587 2629 2736 2699 regni
2777 2629 3016 2684 cmlestis
3063 2637 3383 2698 acceperat:
3436 2619 3496 2681 et'

1915 2726 2115 2784 tamen,
2159 2728 2281 2788 post
2317 2728 2395 2773 tot
2424 2728 2479 2772 et
2523 2728 2666 2773 tanta
2697 2719 2893 2774 divinae
2923 2720 3190 2790 largitatis
3246 2734 3491 2782 munera,

1913 2821 2036 2861 cum
2088 2807 2156 2861 ad
2212 2809 2399 2862 horam
2449 2809 2738 2888 Dominicq:
2787 2811 3050 2878 passionis
3095 2819 3311 2865 vcntuni
3365 2818 3444 2863 est
3473 2849 3490 2873 ,

1912 2897 2035 2964 quia
2063 2897 2220 2966 paulo
2246 2899 2474 2968 amplius
2506 2900 2573 2954 de
2608 2915 2702 2953 sua
2737 2902 2988 2955 lirniitate
3017 2900 3376 2971 prmsumpsit,
3417 2901 3488 2954 si-

1911 2983 2081 3039 liiniet
2123 2987 2363 3050 relictus,
2396 2989 2642 3058 protinus
2669 2991 2914 3058 quisnam
2960 3001 3100 3045 esset
3134 2992 3357 3045 invenit.
3388 2993 3489 3058 Qui

1912 3086 2058 3132 certe
2083 3078 2134 3132 in
2163 3090 2422 3132 :eternuni
2459 3082 2685 3147 periret,
2722 3082 2822 3134 nisi
2856 3081 2999 3135 illum
3042 3083 3306 3152 benignus
3332 3081 3489 3137 Jesus

1914 3168 2108 3222 intuitu
2138 3168 2487 3236 benignitatis
2511 3186 2620 3223 suae
2644 3171 2953 3239 respiceret,
2988 3173 3282 3241 rCSpicicns
3317 3171 3485 3226 euiol-

1913 3257 2054 3325 liret,
2097 3259 2379 3314 eniolliens
2424 3259 2490 3314 ad
2531 3275 2747 3316 amaras
2787 3262 3053 3333 lacryuias
3103 3271 3488 3328 eommovcret,

1914 3352 2300 3406 commovendo
2351 3351 2418 3405 ad
2467 3350 2754 3423 lacryinas,
2797 3355 3001 3409 crimen
3033 3357 3173 3424 quod
3205 3356 3492 3410 commise-

1915 3456 1998 3502 rat
2045 3447 2368 3516 iadulgerct.
2418 3447 2534 3514 Quo
2576 3448 2830 3502 nimirum
2868 3449 3112 3517 exemplo
3142 3465 3239 3504 nos
3287 3449 3488 3503 iniit-iui

1914 3539 1982 3594 ad
2034 3541 2261 3595 cautela;
2312 3540 2644 3612 vigilantiam
2691 3542 2966 3596 evidenter
3021 3543 3374 3607 instruimur,
3433 3550 3493 3596 ut

1915 3644 2069 3684 mens
2121 3639 2305 3683 nostra
2336 3669 2350 3694 ,
2409 3630 2570 3684 etiam
2631 3631 2857 3684 summis
2897 3631 3185 3685 virtutibus
3235 3632 3492 3701 pra-dita,

1913 3733 2204 3788 semperse
2242 3718 2294 3772 in
2342 3718 2647 3774 humilitate
2675 3719 2961 3788 deprimat,
3011 3735 3227 3790 semper
3276 3736 3381 3774 non
3421 3735 3490 3774 ex

1914 3829 1973 3869 se
2010 3828 2131 3868 esse
2176 3815 2320 3884 quod
2367 3822 2472 3878 est,
2526 3813 2797 3884 trepidare
2826 3824 3164 3884 cognoscat:
3209 3830 3278 3870 ne
3328 3814 3491 3878 forte,

1913 3904 2039 3958 dum
2077 3903 2218 3958 ultra
2258 3918 2319 3959 se
2346 3905 2784 3973 praesumptionis
2809 3921 2938 3958 aura
2973 3915 3238 3975 raptatur,
3287 3913 3493 3976 quanto

1913 4009 1972 4049 se
2003 3994 2167 4049 altius
2193 3995 2406 4060 extulit,
2441 4003 2589 4050 tanto
2610 3995 2828 4066 gravius
2849 3995 3079 4049 elidatur

1982 4087 2071 4142 IV.
2107 4087 2361 4157 Sequitur
2387 4106 2400 4141 :
2432 4086 2598 4140 Erant
2629 4097 2802 4140 autem
2831 4087 2940 4140 dies
2968 4102 3291 4157 azymorum.
3325 4083 3489 4140 Juxta

1912 4175 2151 4231 litteram
2212 4186 2360 4247 patet
2429 4192 2662 4243 sensus,
2739 4177 2882 4246 quod
2950 4177 3154 4231 scilicet
3220 4177 3495 4247 apostolus
3575 4187 3579 4194 '

1913 4265 2055 4319 infra
2104 4265 2340 4322 Judaicte
2389 4268 2606 4337 paschae
2658 4269 3012 4336 septimanam
3075 4269 3146 4321 sit
3175 4271 3241 4323 ab
3283 4267 3494 4321 Herode

1912 4355 2334 4426 comprehensus
2393 4373 2409 4412 :
2459 4356 2576 4412 dies
2633 4357 2830 4428 quippe
2887 4372 3197 4428 azymorum
3263 4357 3336 4410 illi
3406 4371 3491 4410 se-

225 4454 284 4507 in
329 4453 574 4522 laqueum
600 4456 802 4524 peccati
833 4457 1056 4521 inducit,
1080 4457 1234 4530 quasi
1265 4459 1331 4512 ail
1355 4457 2058 4540 comprclienden-Dplem
2110 4464 2328 4519 proprie
2371 4450 2707 4504 vocabantur
2753 4450 2842 4518 qui
2919 4458 3168 4518 quartum
3228 4447 3494 4503 decimum

225 4543 365 4596 dum
405 4543 622 4598 Petrum
657 4561 849 4600 manus
877 4545 1113 4602 llerodes
1143 4549 1382 4617 apponit.
1419 4549 1518 4604 Ubi
1546 4550 1655 4618 ipsa
1682 4564 1816 4618 quo-

226 4646 346 4702 que
374 4634 660 4687 verborum
690 4637 990 4704 preprietas
1019 4646 1104 4692 est
1143 4639 1300 4692 nobis
1341 4653 1665 4709 magnOpere
1693 4653 1818 4707 per-

225 4725 534 4795 pendenda.
573 4725 705 4782 Nam
736 4729 828 4798 qui
857 4744 1041 4799 supra,
1084 4741 1142 4784 ut
1169 4730 1429 4799 quosdam
1467 4731 1533 4785 de
1571 4731 1814 4785 Ecclesia

227 4817 520 4888 amigeret,
567 4835 760 4874 manus
800 4820 966 4883 misit,
1011 4837 1172 4885 nunc,
1221 4832 1279 4874 ut
1309 4821 1526 4877 Petrum
1574 4835 1818 4890 compre-

229 4909 522 4969 headeret.
566 4911 830 4979 apposuit.
875 4909 1165 4964 Sciendum
1199 4912 1379 4981 itaque
1419 4913 1542 4981 quia
1577 4920 1725 4964 tanto
1759 4925 1817 4965 se

233 4998 608 5066 unusquisque
653 5013 684 5052 a
731 4999 944 5052 diaholo
977 5000 1153 5053 minus
1195 4999 1431 5070 elongat,
1490 5011 1693 5068 quanto
1749 4999 1816 5052 ad

230 5073 798 5154 comprehendendum
848 5089 1062 5143 culmen
1111 5089 1459 5159 perfectionis
1497 5092 1673 5144 minus
1720 5105 1816 5160 ap-

1917 4540 2077 4609 priini
2135 4541 2367 4604 mensis,
2441 4556 2550 4608 quo
2606 4555 2776 4609 agnus
2835 4539 3214 4593 immolabatur
3272 4539 3337 4592 ad
3411 4554 3496 4591 ve-

1918 4645 2166 4700 speram,
2222 4645 2286 4684 ex
2323 4631 2545 4684 'ordiue
2584 4631 2973 4699 sequebantur.
3026 4629 3492 4700 Evangelistarum

1920 4732 2096 4777 tamen
2142 4722 2438 4776 auctoritas
2467 4733 2521 4775 et
2562 4725 2760 4789 pascha
2809 4737 2906 4789 pro
2949 4722 3172 4791 azymis,
3207 4729 3258 4774 et
3305 4735 3492 4789 azyma

1917 4831 2015 4884 pro
2060 4814 2258 4884 pascha
2307 4827 2510 4882 ponere
2560 4813 2860 4876 consuevit,
2913 4813 3057 4865 sicut
3103 4811 3262 4866 facile
3315 4818 3398 4864 est
3444 4810 3493 4864 ci

1918 4917 2211 4973 agnoscere
2237 4903 2327 4972 qui
2354 4918 2542 4956 eorum
2576 4901 2850 4956 volumina
2881 4901 3146 4956 studuerit
3192 4913 3490 4954 recensere.

1920 4995 2024 5049 Sed
2085 5009 2182 5050 nos
2232 4996 2346 5049 hanc
2400 4994 2585 5064 paucis
2627 4994 2779 5064 juxta
2833 4991 3114 5047 historiam
3163 4990 3490 5055 dixerimus;

1919 5101 2063 5142 nunc
2088 5086 2402 5141 interiorem
2446 5100 2664 5140 sensum
2713 5083 2936 5152 hujusce
2982 5083 3265 5137 sententiae
3315 5080 3498 5133 videa-

1921 5195 2058 5232 mus.
2087 5178 2175 5232 Ait
2216 5193 2345 5246 ergo
2388 5195 2400 5229 :
2441 5175 2608 5229 Erant
2643 5186 2818 5229 autent
2854 5175 2964 5228 dies
3005 5188 3331 5244 azymorum.
3375 5171 3498 5225 Dies

1922 5286 2238 5342 azymorum
2295 5284 2456 5324 omne
2495 5269 2597 5323 hoc
2644 5277 2854 5338 tempus
2899 5267 3196 5332 accipimus
3239 5264 3380 5334 quod
3429 5263 3498 5316 ali

1925 5363 2156 5416 adventu
2202 5361 2374 5415 nostri
2434 5360 2734 5414 Salvatoris
2784 5373 2954 5427 usque
3007 5357 3074 5412 ad
3102 5364 3258 5411 linem
3311 5355 3498 5409 mundi

193 5179 470 5246 fpropiat.
499 5176 652 5233 Unde
681 5193 803 5232 cum
854 5178 1087 5248 aliquem
1137 5195 1204 5233 ex
1255 5180 1449 5234 talibus
1499 5180 1564 5233 ad
1604 5179 1816 5248 culpam

232 5267 484 5324 diabolus
509 5270 673 5338 rapit,
705 5270 857 5338 quasi
883 5271 1036 5339 juxta
1073 5286 1132 5325 se
1169 5287 1356 5326 manus
1388 5272 1572 5333 mittit,
1602 5272 1726 5341 quia
1751 5270 1818 5324 ad

188 5349 194 5356 ’
233 5375 304 5417 se
342 5377 463 5415 eum
491 5362 582 5429 qui
629 5377 735 5415 non
788 5362 941 5433 longe
981 5363 1332 5424 discesserat,
1386 5363 1632 5418 retrahit.
1685 5362 1819 5416 Cum

234 5464 370 5504 vero
411 5449 604 5503 fortem
649 5466 918 5521 quemque
965 5461 1130 5521 atque
1178 5454 1228 5506 in
1277 5453 1476 5507 virtute
1520 5453 1819 5522 perfectum

237 5541 489 5608 decipere
531 5541 723 5594 nititur
753 5549 807 5594 et
835 5555 940 5595 non
975 5541 1138 5606 valet,
1174 5542 1326 5611 quasi
1367 5543 1432 5595 ad
1463 5542 1817 5610 comprehen-

239 5630 471 5684 dendum
500 5629 743 5693 Petrum.
775 5647 966 5688 manus
992 5633 1072 5704 (ut
1101 5634 1172 5686 ita
1196 5632 1394 5688 dicauil
1424 5643 1604 5687 arctas
1634 5632 1816 5687 habet.

242 5717 394 5781 Unde
417 5734 611 5780 manus
645 5730 700 5778 ut
722 5721 938 5785 Petrum
968 5725 1388 5795 couiiprebendat
1425 5726 1664 5800 apponit,
1695 5726 1820 5799 quia

1921 5455 2188 5509 evolvitur
2247 5469 2262 5507 :
2318 5456 2371 5507 in
2423 5468 2530 5521 quo
2590 5451 2843 5505 nimirum
2900 5459 3140 5518 tempore
3199 5465 3361 5504 verus
3413 5446 3501 5500 ille

1927 5562 1943 5593 ς
1990 5545 2193 5614 Agnus,
2253 5543 2342 5611 qui
2390 5540 2528 5594 tollit
2575 5549 2797 5609 peccata
2844 5535 3050 5602 mundi,
3089 5558 3108 5590 ι
3160 5537 3498 5599 immolatur;

1924 5652 2019 5707 per
2085 5637 2242 5708 cujus
2294 5633 2611 5704 sanguinem
2665 5648 2695 5687 a
2755 5633 2962 5704 peccati
3033 5632 3251 5686 domino
3330 5627 3503 5682 ﬁdelis

1923 5727 2148 5798 populus
2187 5726 2496 5800 liberatur.
2565 5723 2719 5781 Unde
2785 5724 2944 5780 etiam
3013 5723 3210 5779 Paulus
3291 5721 3418 5778 dicit
3480 5735 3500 5782 ε
