  <div class='ocr_page' id='page_1' title='image "/cluster/home/n/w/nwhite01/storage/ocr_20150623/141/hvd.32044015471790/147.png"; bbox 0 0 4018 6378; ppageno 0'>
   <div class='ocr_carea' id='block_1_1' title="bbox 526 272 3785 370">
    <p class='ocr_par' dir='ltr' id='par_1_1' title="bbox 526 272 3785 370">
     <span class='ocr_line' id='line_1_1' title="bbox 526 272 3785 370; baseline 0.013 -42"><span class='ocrx_word' id='word_1_1' title='bbox 526 272 631 329; x_wconf 73' lang='lat'><strong>283</strong></span> <span class='ocrx_word' id='word_1_2' title='bbox 1514 326 1519 331; x_wconf 73' lang='lat'><strong>.</strong></span> <span class='ocrx_word' id='word_1_3' title='bbox 1621 286 1676 342; x_wconf 88' lang='lat' dir='ltr'><strong>S.</strong></span> <span class='ocrx_word' id='word_1_4' title='bbox 1702 289 2043 346; x_wconf 63' lang='lat' dir='ltr'><strong>FELBERTI</strong></span> <span class='ocrx_word' id='word_1_5' title='bbox 2077 292 2558 354; x_wconf 71' lang='lat' dir='ltr'><strong>CARNOTENSIS</strong></span> <span class='ocrx_word' id='word_1_6' title='bbox 2612 297 2921 357; x_wconf 77' lang='lat' dir='ltr'><strong>EPISCOPI</strong></span> <span class='ocrx_word' id='word_1_7' title='bbox 3662 312 3785 370; x_wconf 63' lang='grc'><strong>’284</strong></span> 
     </span>
    </p>
   </div>
   <div class='ocr_carea' id='block_1_2' title="bbox 528 386 3787 501">
    <p class='ocr_par' dir='ltr' id='par_1_2' title="bbox 528 386 3787 501">
     <span class='ocr_line' id='line_1_2' title="bbox 528 386 3787 501; baseline 0.016 -60"><span class='ocrx_word' id='word_1_8' title='bbox 528 386 735 441; x_wconf 80' lang='lat' dir='ltr'><strong>Pascha</strong></span> <span class='ocrx_word' id='word_1_9' title='bbox 806 400 1040 444; x_wconf 72' lang='lat' dir='ltr'><strong>nostraet</strong></span> <span class='ocrx_word' id='word_1_10' title='bbox 1102 393 1402 451; x_wconf 75' lang='lat' dir='ltr'><strong>immolatus</strong></span> <span class='ocrx_word' id='word_1_11' title='bbox 1468 412 1541 454; x_wconf 86' lang='lat' dir='ltr'><strong>est</strong></span> <span class='ocrx_word' id='word_1_12' title='bbox 1607 402 1886 471; x_wconf 76' lang='lat' dir='ltr'><strong>Christus;</strong></span> <span class='ocrx_word' id='word_1_13' title='bbox 1938 408 2110 477; x_wconf 82' lang='lat' dir='ltr'><strong>itaque</strong></span> <span class='ocrx_word' id='word_1_14' title='bbox 2137 417 2183 474; x_wconf 74' lang='grc' dir='ltr'>Α</span> <span class='ocrx_word' id='word_1_15' title='bbox 2212 411 2481 470; x_wconf 88' lang='lat' dir='ltr'><strong>Ponamns</strong></span> <span class='ocrx_word' id='word_1_16' title='bbox 2510 415 2689 486; x_wconf 92' lang='lat' dir='ltr'><strong>itaque</strong></span> <span class='ocrx_word' id='word_1_17' title='bbox 2717 417 2948 489; x_wconf 80' lang='lat' dir='ltr'><strong>aliquem</strong></span> <span class='ocrx_word' id='word_1_18' title='bbox 2978 435 3006 474; x_wconf 89' lang='lat' dir='ltr'><strong>a</strong></span> <span class='ocrx_word' id='word_1_19' title='bbox 3042 421 3255 477; x_wconf 85' lang='lat' dir='ltr'><strong>diabolo</strong></span> <span class='ocrx_word' id='word_1_20' title='bbox 3282 426 3352 480; x_wconf 84' lang='lat' dir='ltr'><strong>ita</strong></span> <span class='ocrx_word' id='word_1_21' title='bbox 3386 429 3533 485; x_wconf 88' lang='lat' dir='ltr'><strong>omni</strong></span> <span class='ocrx_word' id='word_1_22' title='bbox 3559 446 3787 501; x_wconf 78' lang='lat' dir='ltr'><strong>prorsus</strong></span> 
     </span>
    </p>
   </div>
   <div class='ocr_carea' id='block_1_3' title="bbox 527 480 2110 568">
    <p class='ocr_par' dir='ltr' id='par_1_3' title="bbox 527 480 2110 568">
     <span class='ocr_line' id='line_1_3' title="bbox 527 480 2110 568; baseline 0.013 -34"><span class='ocrx_word' id='word_1_23' title='bbox 527 480 796 546; x_wconf 82' lang='lat' dir='ltr'><strong>epulemur</strong></span> <span class='ocrx_word' id='word_1_24' title='bbox 850 499 954 537; x_wconf 83' lang='lat' dir='ltr'><strong>non</strong></span> <span class='ocrx_word' id='word_1_25' title='bbox 1014 484 1068 538; x_wconf 84' lang='lat' dir='ltr'><strong>in</strong></span> <span class='ocrx_word' id='word_1_26' title='bbox 1118 485 1371 555; x_wconf 78' lang='lat' dir='ltr'><strong>fet&#39;ntettto</strong></span> <span class='ocrx_word' id='word_1_27' title='bbox 1439 494 1623 559; x_wconf 80' lang='lat' dir='ltr'><strong>veteri,</strong></span> <span class='ocrx_word' id='word_1_28' title='bbox 1676 512 1836 562; x_wconf 84' lang='lat' dir='ltr'><strong>neque</strong></span> <span class='ocrx_word' id='word_1_29' title='bbox 1891 499 1943 552; x_wconf 86' lang='lat' dir='ltr'><strong>in</strong></span> <span class='ocrx_word' id='word_1_30' title='bbox 2007 500 2110 568; x_wconf 82' lang='lat' dir='ltr'><strong>[er-</strong></span> 
     </span>
    </p>
   </div>
   <div class='ocr_carea' id='block_1_4' title="bbox 526 573 2112 656">
    <p class='ocr_par' dir='ltr' id='par_1_4' title="bbox 526 573 2112 656">
     <span class='ocr_line' id='line_1_4' title="bbox 526 573 2112 656; baseline 0.011 -31"><span class='ocrx_word' id='word_1_31' title='bbox 526 582 698 626; x_wconf 85' lang='lat' dir='ltr'><strong>ntento</strong></span> <span class='ocrx_word' id='word_1_32' title='bbox 741 573 955 629; x_wconf 76' lang='lat' dir='ltr'><strong>malitia:</strong></span> <span class='ocrx_word' id='word_1_33' title='bbox 992 586 1039 630; x_wconf 87' lang='lat' dir='ltr'><strong>et</strong></span> <span class='ocrx_word' id='word_1_34' title='bbox 1097 581 1375 649; x_wconf 78' lang='lat' dir='ltr'><strong>nequitiw,</strong></span> <span class='ocrx_word' id='word_1_35' title='bbox 1436 583 1526 636; x_wconf 84' lang='lat' dir='ltr'><strong>sed</strong></span> <span class='ocrx_word' id='word_1_36' title='bbox 1573 584 1625 638; x_wconf 90' lang='lat' dir='ltr'><strong>in</strong></span> <span class='ocrx_word' id='word_1_37' title='bbox 1654 588 1851 656; x_wconf 76' lang='lat' dir='ltr'><strong>azymis</strong></span> <span class='ocrx_word' id='word_1_38' title='bbox 1892 589 2112 643; x_wconf 85' lang='lat' dir='ltr'><strong>sinceri-</strong></span> 
     </span>
    </p>
   </div>
   <div class='ocr_carea' id='block_1_5' title="bbox 527 667 2107 747">
    <p class='ocr_par' dir='ltr' id='par_1_5' title="bbox 527 667 2107 747">
     <span class='ocr_line' id='line_1_5' title="bbox 527 667 2107 747; baseline 0.012 -30"><span class='ocrx_word' id='word_1_39' title='bbox 527 667 651 717; x_wconf 83' lang='lat' dir='ltr'><strong>tatis</strong></span> <span class='ocrx_word' id='word_1_40' title='bbox 677 675 723 719; x_wconf 89' lang='lat' dir='ltr'><strong>et</strong></span> <span class='ocrx_word' id='word_1_41' title='bbox 750 667 1003 722; x_wconf 85' lang='lat' dir='ltr'><strong>veritatis.</strong></span> <span class='ocrx_word' id='word_1_42' title='bbox 1041 667 1156 723; x_wconf 86' lang='lat' dir='ltr'><strong>Non</strong></span> <span class='ocrx_word' id='word_1_43' title='bbox 1192 671 1356 740; x_wconf 77' lang='lat' dir='ltr'><strong>igitur</strong></span> <span class='ocrx_word' id='word_1_44' title='bbox 1378 675 1549 730; x_wconf 88' lang='lat' dir='ltr'><strong>otiose</strong></span> <span class='ocrx_word' id='word_1_45' title='bbox 1576 680 2107 747; x_wconf 73' lang='lat' dir='ltr'><strong>comprehensionem</strong></span> 
     </span>
    </p>
   </div>
   <div class='ocr_carea' id='block_1_6' title="bbox 527 758 2105 843">
    <p class='ocr_par' dir='ltr' id='par_1_6' title="bbox 527 758 2105 843">
     <span class='ocr_line' id='line_1_6' title="bbox 527 758 2105 843; baseline 0.014 -34"><span class='ocrx_word' id='word_1_46' title='bbox 527 758 780 827; x_wconf 78' lang='lat' dir='ltr'><strong>apostoli,</strong></span> <span class='ocrx_word' id='word_1_47' title='bbox 817 774 916 829; x_wconf 83' lang='lat' dir='ltr'><strong>per</strong></span> <span class='ocrx_word' id='word_1_48' title='bbox 959 776 1119 830; x_wconf 86' lang='lat' dir='ltr'><strong>quam</strong></span> <span class='ocrx_word' id='word_1_49' title='bbox 1159 762 1314 820; x_wconf 80' lang='lat' dir='ltr'><strong>fortis</strong></span> <span class='ocrx_word' id='word_1_50' title='bbox 1342 767 1442 821; x_wconf 92' lang='lat' dir='ltr'><strong>viri</strong></span> <span class='ocrx_word' id='word_1_51' title='bbox 1478 784 1638 826; x_wconf 90' lang='lat' dir='ltr'><strong>casus</strong></span> <span class='ocrx_word' id='word_1_52' title='bbox 1672 772 2005 843; x_wconf 79' lang='lat' dir='ltr'><strong>designatur,</strong></span> <span class='ocrx_word' id='word_1_53' title='bbox 2053 776 2105 830; x_wconf 92' lang='lat' dir='ltr'><strong>in</strong></span> 
     </span>
    </p>
   </div>
   <div class='ocr_carea' id='block_1_7' title="bbox 525 850 2106 932">
    <p class='ocr_par' dir='ltr' id='par_1_7' title="bbox 525 850 2106 932">
     <span class='ocr_line' id='line_1_7' title="bbox 525 850 2106 932; baseline 0.013 -30"><span class='ocrx_word' id='word_1_54' title='bbox 525 850 714 906; x_wconf 83' lang='lat' dir='ltr'><strong>diebus</strong></span> <span class='ocrx_word' id='word_1_55' title='bbox 742 868 1053 925; x_wconf 85' lang='lat' dir='ltr'><strong>azymorum</strong></span> <span class='ocrx_word' id='word_1_56' title='bbox 1085 858 1398 929; x_wconf 78' lang='lat' dir='ltr'><strong>contigisse,</strong></span> <span class='ocrx_word' id='word_1_57' title='bbox 1425 864 1685 932; x_wconf 91' lang='lat' dir='ltr'><strong>scriptum</strong></span> <span class='ocrx_word' id='word_1_58' title='bbox 1726 882 1966 932; x_wconf 76' lang='lat' dir='ltr'><strong>asserui;</strong></span> <span class='ocrx_word' id='word_1_59' title='bbox 2013 870 2106 923; x_wconf 80' lang='lat' dir='ltr'><strong>sed</strong></span> 
     </span>
    </p>
   </div>
   <div class='ocr_carea' id='block_1_8' title="bbox 525 942 2106 1025">
    <p class='ocr_par' dir='ltr' id='par_1_8' title="bbox 525 942 2106 1025">
     <span class='ocr_line' id='line_1_8' title="bbox 525 942 2106 1025; baseline 0.013 -31"><span class='ocrx_word' id='word_1_60' title='bbox 525 942 779 997; x_wconf 85' lang='lat' dir='ltr'><strong>nimirum</strong></span> <span class='ocrx_word' id='word_1_61' title='bbox 822 945 1134 1015; x_wconf 78' lang='lat' dir='ltr'><strong>signiﬁcans</strong></span> <span class='ocrx_word' id='word_1_62' title='bbox 1177 951 1338 1018; x_wconf 90' lang='lat' dir='ltr'><strong>quia,</strong></span> <span class='ocrx_word' id='word_1_63' title='bbox 1389 967 1510 1006; x_wconf 91' lang='lat' dir='ltr'><strong>cum</strong></span> <span class='ocrx_word' id='word_1_64' title='bbox 1561 954 1630 1009; x_wconf 90' lang='lat' dir='ltr'><strong>ab</strong></span> <span class='ocrx_word' id='word_1_65' title='bbox 1694 955 1811 1025; x_wconf 91' lang='lat' dir='ltr'><strong>ipso</strong></span> <span class='ocrx_word' id='word_1_66' title='bbox 1856 957 2106 1014; x_wconf 72' lang='lat' dir='ltr'><strong>hamana:</strong></span> 
     </span>
    </p>
   </div>
   <div class='ocr_carea' id='block_1_9' title="bbox 526 1032 2105 1104">
    <p class='ocr_par' dir='ltr' id='par_1_9' title="bbox 526 1032 2105 1104">
     <span class='ocr_line' id='line_1_9' title="bbox 526 1032 2105 1104; baseline 0.011 -19"><span class='ocrx_word' id='word_1_67' title='bbox 526 1032 849 1088; x_wconf 80' lang='lat' dir='ltr'><strong>conditionis</strong></span> <span class='ocrx_word' id='word_1_68' title='bbox 922 1037 1220 1104; x_wconf 89' lang='lat' dir='ltr'><strong>primordio</strong></span> <span class='ocrx_word' id='word_1_69' title='bbox 1279 1042 1536 1096; x_wconf 84' lang='lat' dir='ltr'><strong>adversus</strong></span> <span class='ocrx_word' id='word_1_70' title='bbox 1601 1044 1847 1100; x_wconf 81' lang='lat' dir='ltr'><strong>homines</strong></span> <span class='ocrx_word' id='word_1_71' title='bbox 1904 1047 2105 1102; x_wconf 80' lang='lat' dir='ltr'><strong>invidia</strong></span> 
     </span>
    </p>
   </div>
   <div class='ocr_carea' id='block_1_10' title="bbox 529 1122 2105 1198">
    <p class='ocr_par' dir='ltr' id='par_1_10' title="bbox 529 1122 2105 1198">
     <span class='ocr_line' id='line_1_10' title="bbox 529 1122 2105 1198; baseline 0.013 -24"><span class='ocrx_word' id='word_1_72' title='bbox 529 1122 724 1176; x_wconf 77' lang='lat' dir='ltr'><strong>dialoli</strong></span> <span class='ocrx_word' id='word_1_73' title='bbox 756 1126 981 1191; x_wconf 83' lang='lat' dir='ltr'><strong>exarsit,</strong></span> <span class='ocrx_word' id='word_1_74' title='bbox 1010 1144 1038 1180; x_wconf 90' lang='lat' dir='ltr'><strong>a</strong></span> <span class='ocrx_word' id='word_1_75' title='bbox 1072 1136 1313 1198; x_wconf 86' lang='lat' dir='ltr'><strong>tempore</strong></span> <span class='ocrx_word' id='word_1_76' title='bbox 1357 1139 1532 1186; x_wconf 90' lang='lat' dir='ltr'><strong>tamen</strong></span> <span class='ocrx_word' id='word_1_77' title='bbox 1572 1134 1960 1192; x_wconf 83' lang='lat' dir='ltr'><strong>incarnationis</strong></span> <span class='ocrx_word' id='word_1_78' title='bbox 2004 1138 2105 1193; x_wconf 80' lang='lat' dir='ltr'><strong>Do-</strong></span> 
     </span>
    </p>
   </div>
   <div class='ocr_carea' id='block_1_11' title="bbox 536 1211 2104 1292">
    <p class='ocr_par' dir='ltr' id='par_1_11' title="bbox 536 1211 2104 1292">
     <span class='ocr_line' id='line_1_11' title="bbox 536 1211 2104 1292; baseline 0.015 -30"><span class='ocrx_word' id='word_1_79' title='bbox 536 1211 748 1264; x_wconf 78' lang='lat' dir='ltr'><strong>tniniea:</strong></span> <span class='ocrx_word' id='word_1_80' title='bbox 794 1223 941 1267; x_wconf 89' lang='lat' dir='ltr'><strong>tanto</strong></span> <span class='ocrx_word' id='word_1_81' title='bbox 984 1217 1229 1272; x_wconf 80' lang='lat' dir='ltr'><strong>acerbius</strong></span> <span class='ocrx_word' id='word_1_82' title='bbox 1284 1221 1458 1285; x_wconf 71' lang='lat' dir='ltr'><strong>sa-vit,</strong></span> <span class='ocrx_word' id='word_1_83' title='bbox 1497 1234 1699 1292; x_wconf 86' lang='lat' dir='ltr'><strong>quanto</strong></span> <span class='ocrx_word' id='word_1_84' title='bbox 1739 1228 1959 1281; x_wconf 68' lang='lat' dir='ltr'><strong>saevitiae</strong></span> <span class='ocrx_word' id='word_1_85' title='bbox 1993 1244 2104 1285; x_wconf 74' lang='lat' dir='ltr'><strong>sua:</strong></span> 
     </span>
    </p>
   </div>
   <div class='ocr_carea' id='block_1_12' title="bbox 527 1301 2102 1390">
    <p class='ocr_par' dir='ltr' id='par_1_12' title="bbox 527 1301 2102 1390">
     <span class='ocr_line' id='line_1_12' title="bbox 527 1301 2102 1390; baseline 0.015 -37"><span class='ocrx_word' id='word_1_86' title='bbox 527 1304 684 1355; x_wconf 87' lang='lat' dir='ltr'><strong>linem</strong></span> <span class='ocrx_word' id='word_1_87' title='bbox 710 1301 1039 1374; x_wconf 66' lang='lat' dir='ltr'><strong>jamjatnque</strong></span> <span class='ocrx_word' id='word_1_88' title='bbox 1063 1308 1345 1367; x_wconf 82' lang='lat' dir='ltr'><strong>imminere</strong></span> <span class='ocrx_word' id='word_1_89' title='bbox 1367 1316 1662 1383; x_wconf 67' lang='lat' dir='ltr'><strong>prtesentit.</strong></span> <span class='ocrx_word' id='word_1_90' title='bbox 1683 1316 1832 1372; x_wconf 89' lang='lat' dir='ltr'><strong>Unde</strong></span> <span class='ocrx_word' id='word_1_91' title='bbox 1848 1320 2102 1390; x_wconf 89' lang='lat' dir='ltr'><strong>scriptum</strong></span> 
     </span>
    </p>
   </div>
   <div class='ocr_carea' id='block_1_13' title="bbox 524 1391 2103 1471">
    <p class='ocr_par' dir='ltr' id='par_1_13' title="bbox 524 1391 2103 1471">
     <span class='ocr_line' id='line_1_13' title="bbox 524 1391 2103 1471; baseline 0.012 -26"><span class='ocrx_word' id='word_1_92' title='bbox 524 1404 648 1445; x_wconf 81' lang='lat' dir='ltr'><strong>est:</strong></span> <span class='ocrx_word' id='word_1_93' title='bbox 685 1391 775 1448; x_wconf 80' lang='lat' dir='ltr'><strong>Vte</strong></span> <span class='ocrx_word' id='word_1_94' title='bbox 815 1406 965 1449; x_wconf 81' lang='lat' dir='ltr'><strong>terra:</strong></span> <span class='ocrx_word' id='word_1_95' title='bbox 993 1408 1038 1449; x_wconf 89' lang='lat' dir='ltr'><strong>et</strong></span> <span class='ocrx_word' id='word_1_96' title='bbox 1065 1402 1217 1461; x_wconf 86' lang='lat' dir='ltr'><strong>mari,</strong></span> <span class='ocrx_word' id='word_1_97' title='bbox 1261 1403 1384 1471; x_wconf 84' lang='lat' dir='ltr'><strong>quia</strong></span> <span class='ocrx_word' id='word_1_98' title='bbox 1432 1404 1695 1458; x_wconf 75' lang='lat' dir='ltr'><strong>descendit</strong></span> <span class='ocrx_word' id='word_1_99' title='bbox 1749 1408 1988 1463; x_wconf 81' lang='lat' dir='ltr'><strong>diabolus</strong></span> <span class='ocrx_word' id='word_1_100' title='bbox 2034 1411 2103 1464; x_wconf 85' lang='lat' dir='ltr'><strong>ad</strong></span> 
     </span>
    </p>
   </div>
   <div class='ocr_carea' id='block_1_14' title="bbox 524 1484 2100 1566">
    <p class='ocr_par' dir='ltr' id='par_1_14' title="bbox 524 1484 2100 1566">
     <span class='ocr_line' id='line_1_14' title="bbox 524 1484 2100 1566; baseline 0.012 -30"><span class='ocrx_word' id='word_1_101' title='bbox 524 1499 630 1548; x_wconf 81' lang='lat' dir='ltr'><strong>vos,</strong></span> <span class='ocrx_word' id='word_1_102' title='bbox 682 1484 875 1539; x_wconf 81' lang='lat' dir='ltr'><strong>habens</strong></span> <span class='ocrx_word' id='word_1_103' title='bbox 925 1488 1056 1541; x_wconf 86' lang='lat' dir='ltr'><strong>iram</strong></span> <span class='ocrx_word' id='word_1_104' title='bbox 1115 1506 1384 1561; x_wconf 83' lang='lat' dir='ltr'><strong>magnam,</strong></span> <span class='ocrx_word' id='word_1_105' title='bbox 1437 1496 1606 1553; x_wconf 84' lang='lat' dir='ltr'><strong>sciens</strong></span> <span class='ocrx_word' id='word_1_106' title='bbox 1658 1497 1782 1566; x_wconf 85' lang='lat' dir='ltr'><strong>quia</strong></span> <span class='ocrx_word' id='word_1_107' title='bbox 1839 1500 2100 1555; x_wconf 84' lang='lat' dir='ltr'><strong>modicum</strong></span> 
     </span>
    </p>
   </div>
   <div class='ocr_carea' id='block_1_15' title="bbox 523 1580 2102 1662">
    <p class='ocr_par' dir='ltr' id='par_1_15' title="bbox 523 1580 2102 1662">
     <span class='ocr_line' id='line_1_15' title="bbox 523 1580 2102 1662; baseline 0.013 -34"><span class='ocrx_word' id='word_1_108' title='bbox 523 1587 722 1647; x_wconf 79' lang='lat' dir='ltr'><strong>tempus</strong></span> <span class='ocrx_word' id='word_1_109' title='bbox 750 1580 902 1647; x_wconf 82' lang='lat' dir='ltr'><strong>habet</strong></span> <span class='ocrx_word' id='word_1_110' title='bbox 928 1582 1114 1651; x_wconf 79' lang='lat' dir='ltr'><strong>(Apoc.</strong></span> <span class='ocrx_word' id='word_1_111' title='bbox 1143 1602 1240 1647; x_wconf 80' lang='lat' dir='ltr'><strong>xu,</strong></span> <span class='ocrx_word' id='word_1_112' title='bbox 1274 1587 1381 1657; x_wconf 74' lang='lat' dir='ltr'><strong>l2).</strong></span> <span class='ocrx_word' id='word_1_113' title='bbox 1415 1587 1598 1644; x_wconf 71' lang='lat' dir='ltr'><strong>Terra:</strong></span> <span class='ocrx_word' id='word_1_114' title='bbox 1626 1593 1824 1662; x_wconf 89' lang='lat' dir='ltr'><strong>quippe</strong></span> <span class='ocrx_word' id='word_1_115' title='bbox 1855 1602 1912 1648; x_wconf 89' lang='lat' dir='ltr'><strong>et</strong></span> <span class='ocrx_word' id='word_1_116' title='bbox 1936 1595 2102 1649; x_wconf 90' lang='lat' dir='ltr'><strong>maris</strong></span> 
     </span>
    </p>
   </div>
   <div class='ocr_carea' id='block_1_16' title="bbox 523 1670 2101 1753">
    <p class='ocr_par' dir='ltr' id='par_1_16' title="bbox 523 1670 2101 1753">
     <span class='ocr_line' id='line_1_16' title="bbox 523 1670 2101 1753; baseline 0.011 -33"><span class='ocrx_word' id='word_1_117' title='bbox 523 1670 741 1725; x_wconf 87' lang='lat' dir='ltr'><strong>nomine</strong></span> <span class='ocrx_word' id='word_1_118' title='bbox 801 1673 1049 1728; x_wconf 86' lang='lat' dir='ltr'><strong>carnales</strong></span> <span class='ocrx_word' id='word_1_119' title='bbox 1127 1678 1327 1746; x_wconf 88' lang='lat' dir='ltr'><strong>quique</strong></span> <span class='ocrx_word' id='word_1_120' title='bbox 1379 1679 1792 1750; x_wconf 80' lang='lat' dir='ltr'><strong>signiﬁcantur,</strong></span> <span class='ocrx_word' id='word_1_121' title='bbox 1853 1685 1978 1753; x_wconf 89' lang='lat' dir='ltr'><strong>quia</strong></span> <span class='ocrx_word' id='word_1_122' title='bbox 2046 1693 2101 1741; x_wconf 86' lang='lat' dir='ltr'><strong>et</strong></span> 
     </span>
    </p>
   </div>
   <div class='ocr_carea' id='block_1_17' title="bbox 525 1762 2179 1842">
    <p class='ocr_par' dir='ltr' id='par_1_17' title="bbox 525 1762 2179 1842">
     <span class='ocr_line' id='line_1_17' title="bbox 525 1762 2179 1842; baseline 0.011 -28"><span class='ocrx_word' id='word_1_123' title='bbox 525 1765 754 1816; x_wconf 88' lang='lat' dir='ltr'><strong>terrenis</strong></span> <span class='ocrx_word' id='word_1_124' title='bbox 778 1766 908 1820; x_wconf 90' lang='lat' dir='ltr'><strong>solis</strong></span> <span class='ocrx_word' id='word_1_125' title='bbox 938 1767 1241 1832; x_wconf 86' lang='lat' dir='ltr'><strong>intendunt,</strong></span> <span class='ocrx_word' id='word_1_126' title='bbox 1264 1778 1340 1835; x_wconf 88' lang='lat' dir='ltr'><strong>et,</strong></span> <span class='ocrx_word' id='word_1_127' title='bbox 1373 1773 1637 1828; x_wconf 90' lang='lat' dir='ltr'><strong>undarum</strong></span> <span class='ocrx_word' id='word_1_128' title='bbox 1665 1792 1834 1842; x_wconf 91' lang='lat' dir='ltr'><strong>more,</strong></span> <span class='ocrx_word' id='word_1_129' title='bbox 1865 1779 2099 1833; x_wconf 91' lang='lat' dir='ltr'><strong>vicissim</strong></span> <span class='ocrx_word' id='word_1_130' title='bbox 2137 1762 2179 1820; x_wconf 72' lang='grc' dir='ltr'><strong>Β</strong></span> 
     </span>
    </p>
   </div>
   <div class='ocr_carea' id='block_1_18' title="bbox 525 1857 2107 1938">
    <p class='ocr_par' dir='ltr' id='par_1_18' title="bbox 525 1857 2107 1938">
     <span class='ocr_line' id='line_1_18' title="bbox 525 1857 2107 1938; baseline 0.011 -29"><span class='ocrx_word' id='word_1_131' title='bbox 525 1869 585 1909; x_wconf 88' lang='lat' dir='ltr'><strong>se</strong></span> <span class='ocrx_word' id='word_1_132' title='bbox 626 1857 767 1911; x_wconf 85' lang='lat' dir='ltr'><strong>saltu</strong></span> <span class='ocrx_word' id='word_1_133' title='bbox 807 1860 1074 1928; x_wconf 65' lang='lat' dir='ltr'><strong>superbiae</strong></span> <span class='ocrx_word' id='word_1_134' title='bbox 1120 1876 1519 1932; x_wconf 80' lang='lat' dir='ltr'><strong>superponunt;</strong></span> <span class='ocrx_word' id='word_1_135' title='bbox 1576 1868 1643 1923; x_wconf 84' lang='lat' dir='ltr'><strong>ad</strong></span> <span class='ocrx_word' id='word_1_136' title='bbox 1682 1886 1818 1938; x_wconf 88' lang='lat' dir='ltr'><strong>quos</strong></span> <span class='ocrx_word' id='word_1_137' title='bbox 1864 1872 2107 1928; x_wconf 82' lang='lat' dir='ltr'><strong>diabolus</strong></span> 
     </span>
    </p>
   </div>
   <div class='ocr_carea' id='block_1_19' title="bbox 527 1948 2105 2029">
    <p class='ocr_par' dir='ltr' id='par_1_19' title="bbox 527 1948 2105 2029">
     <span class='ocr_line' id='line_1_19' title="bbox 527 1948 2105 2029; baseline 0.011 -28"><span class='ocrx_word' id='word_1_138' title='bbox 527 1948 732 2004; x_wconf 84' lang='lat' dir='ltr'><strong>habens</strong></span> <span class='ocrx_word' id='word_1_139' title='bbox 784 1951 919 2005; x_wconf 87' lang='lat' dir='ltr'><strong>iram</strong></span> <span class='ocrx_word' id='word_1_140' title='bbox 971 1969 1220 2023; x_wconf 86' lang='lat' dir='ltr'><strong>magnam</strong></span> <span class='ocrx_word' id='word_1_141' title='bbox 1263 1956 1575 2023; x_wconf 78' lang='lat' dir='ltr'><strong>descendit,</strong></span> <span class='ocrx_word' id='word_1_142' title='bbox 1623 1963 1770 2029; x_wconf 87' lang='lat' dir='ltr'><strong>quia,</strong></span> <span class='ocrx_word' id='word_1_143' title='bbox 1815 1963 2105 2019; x_wconf 76' lang='lat' dir='ltr'><strong>electorum</strong></span> 
     </span>
    </p>
   </div>
   <div class='ocr_carea' id='block_1_20' title="bbox 522 2041 2102 2125">
    <p class='ocr_par' dir='ltr' id='par_1_20' title="bbox 522 2041 2102 2125">
     <span class='ocr_line' id='line_1_20' title="bbox 522 2041 2102 2125; baseline 0.012 -32"><span class='ocrx_word' id='word_1_144' title='bbox 522 2041 686 2095; x_wconf 88' lang='lat' dir='ltr'><strong>corda</strong></span> <span class='ocrx_word' id='word_1_145' title='bbox 717 2042 992 2107; x_wconf 82' lang='lat' dir='ltr'><strong>deserens,</strong></span> <span class='ocrx_word' id='word_1_146' title='bbox 1022 2045 1074 2099; x_wconf 92' lang='lat' dir='ltr'><strong>in</strong></span> <span class='ocrx_word' id='word_1_147' title='bbox 1114 2047 1466 2114; x_wconf 86' lang='lat' dir='ltr'><strong>reprobornm</strong></span> <span class='ocrx_word' id='word_1_148' title='bbox 1504 2053 1757 2109; x_wconf 78' lang='lat' dir='ltr'><strong>cordibus</strong></span> <span class='ocrx_word' id='word_1_149' title='bbox 1786 2056 2102 2125; x_wconf 86' lang='lat' dir='ltr'><strong>requiescit.</strong></span> 
     </span>
    </p>
   </div>
   <div class='ocr_carea' id='block_1_21' title="bbox 522 2131 2108 2215">
    <p class='ocr_par' dir='ltr' id='par_1_21' title="bbox 522 2131 2108 2215">
     <span class='ocr_line' id='line_1_21' title="bbox 522 2131 2108 2215; baseline 0.013 -32"><span class='ocrx_word' id='word_1_150' title='bbox 522 2131 645 2198; x_wconf 87' lang='lat' dir='ltr'><strong>Qui,</strong></span> <span class='ocrx_word' id='word_1_151' title='bbox 692 2135 817 2202; x_wconf 86' lang='lat' dir='ltr'><strong>quia</strong></span> <span class='ocrx_word' id='word_1_152' title='bbox 846 2134 957 2203; x_wconf 87' lang='lat' dir='ltr'><strong>jam</strong></span> <span class='ocrx_word' id='word_1_153' title='bbox 988 2138 1053 2192; x_wconf 90' lang='lat' dir='ltr'><strong>ad</strong></span> <span class='ocrx_word' id='word_1_154' title='bbox 1094 2138 1484 2195; x_wconf 85' lang='lat' dir='ltr'><strong>beatitudinem</strong></span> <span class='ocrx_word' id='word_1_155' title='bbox 1514 2158 1573 2197; x_wconf 92' lang='lat' dir='ltr'><strong>se</strong></span> <span class='ocrx_word' id='word_1_156' title='bbox 1597 2160 1701 2197; x_wconf 91' lang='lat' dir='ltr'><strong>non</strong></span> <span class='ocrx_word' id='word_1_157' title='bbox 1732 2162 1890 2215; x_wconf 88' lang='lat' dir='ltr'><strong>posse</strong></span> <span class='ocrx_word' id='word_1_158' title='bbox 1930 2149 2108 2203; x_wconf 87' lang='lat' dir='ltr'><strong>redire</strong></span> 
     </span>
    </p>
   </div>
   <div class='ocr_carea' id='block_1_22' title="bbox 522 2222 2104 2304">
    <p class='ocr_par' dir='ltr' id='par_1_22' title="bbox 522 2222 2104 2304">
     <span class='ocr_line' id='line_1_22' title="bbox 522 2222 2104 2304; baseline 0.011 -30"><span class='ocrx_word' id='word_1_159' title='bbox 522 2222 859 2289; x_wconf 68' lang='lat' dir='ltr'><strong>cm‘tsiderat,</strong></span> <span class='ocrx_word' id='word_1_160' title='bbox 921 2227 1081 2295; x_wconf 13' lang='lat' dir='ltr'><strong>quasi,</strong></span> <span class='ocrx_word' id='word_1_161' title='bbox 1143 2228 1194 2281; x_wconf 91' lang='lat' dir='ltr'><strong>in</strong></span> <span class='ocrx_word' id='word_1_162' title='bbox 1265 2230 1516 2284; x_wconf 82' lang='lat' dir='ltr'><strong>solatium</strong></span> <span class='ocrx_word' id='word_1_163' title='bbox 1578 2248 1688 2288; x_wconf 73' lang='lat' dir='ltr'><strong>sum</strong></span> <span class='ocrx_word' id='word_1_164' title='bbox 1752 2236 2104 2304; x_wconf 88' lang='lat' dir='ltr'><strong>perditionis,</strong></span> 
     </span>
    </p>
   </div>
   <div class='ocr_carea' id='block_1_23' title="bbox 522 2314 2105 2397">
    <p class='ocr_par' dir='ltr' id='par_1_23' title="bbox 522 2314 2105 2397">
     <span class='ocr_line' id='line_1_23' title="bbox 522 2314 2105 2397; baseline 0.01 -29"><span class='ocrx_word' id='word_1_165' title='bbox 522 2314 698 2370; x_wconf 89' lang='lat' dir='ltr'><strong>socios</strong></span> <span class='ocrx_word' id='word_1_166' title='bbox 744 2316 881 2384; x_wconf 87' lang='lat' dir='ltr'><strong>sibi,</strong></span> <span class='ocrx_word' id='word_1_167' title='bbox 932 2333 1054 2373; x_wconf 90' lang='lat' dir='ltr'><strong>cum</strong></span> <span class='ocrx_word' id='word_1_168' title='bbox 1100 2322 1296 2389; x_wconf 91' lang='lat' dir='ltr'><strong>quibus</strong></span> <span class='ocrx_word' id='word_1_169' title='bbox 1339 2339 1417 2378; x_wconf 73' lang='lat' dir='ltr'><strong>va:</strong></span> <span class='ocrx_word' id='word_1_170' title='bbox 1468 2325 1522 2379; x_wconf 91' lang='lat' dir='ltr'><strong>in</strong></span> <span class='ocrx_word' id='word_1_171' title='bbox 1572 2336 1834 2382; x_wconf 58' lang='lat' dir='ltr'><strong>arternum</strong></span> <span class='ocrx_word' id='word_1_172' title='bbox 1885 2329 2105 2397; x_wconf 85' lang='lat' dir='ltr'><strong>habeat,</strong></span> 
     </span>
    </p>
   </div>
   <div class='ocr_carea' id='block_1_24' title="bbox 526 2414 833 2459">
    <p class='ocr_par' dir='ltr' id='par_1_24' title="bbox 526 2414 833 2459">
     <span class='ocr_line' id='line_1_24' title="bbox 526 2414 833 2459; baseline 0.013 -3"><span class='ocrx_word' id='word_1_173' title='bbox 526 2414 833 2459; x_wconf 86' lang='lat' dir='ltr'><strong>coacervat.</strong></span> 
     </span>
    </p>
   </div>
   <div class='ocr_carea' id='block_1_25' title="bbox 600 2492 2106 2577">
    <p class='ocr_par' dir='ltr' id='par_1_25' title="bbox 600 2492 2106 2577">
     <span class='ocr_line' id='line_1_25' title="bbox 600 2492 2106 2577; baseline 0.013 -30"><span class='ocrx_word' id='word_1_174' title='bbox 600 2492 662 2547; x_wconf 84' lang='lat' dir='ltr'><strong>V.</strong></span> <span class='ocrx_word' id='word_1_175' title='bbox 715 2492 1013 2567; x_wconf 86' lang='lat' dir='ltr'><strong>Sequitur:</strong></span> <span class='ocrx_word' id='word_1_176' title='bbox 1063 2499 1224 2565; x_wconf 86' lang='lat' dir='ltr'><strong>Quem</strong></span> <span class='ocrx_word' id='word_1_177' title='bbox 1253 2518 1368 2556; x_wconf 87' lang='lat' dir='ltr'><strong>cum</strong></span> <span class='ocrx_word' id='word_1_178' title='bbox 1406 2507 1849 2577; x_wconf 76' lang='lat' dir='ltr'><strong>apprehendisset,</strong></span> <span class='ocrx_word' id='word_1_179' title='bbox 1887 2512 2026 2566; x_wconf 81' lang='lat' dir='ltr'><strong>misit</strong></span> <span class='ocrx_word' id='word_1_180' title='bbox 2052 2514 2106 2567; x_wconf 89' lang='lat' dir='ltr'><strong>in</strong></span> 
     </span>
    </p>
   </div>
   <div class='ocr_carea' id='block_1_26' title="bbox 518 2594 2107 2661">
    <p class='ocr_par' dir='ltr' id='par_1_26' title="bbox 518 2594 2107 2661">
     <span class='ocr_line' id='line_1_26' title="bbox 518 2594 2107 2661; baseline 0.008 -18"><span class='ocrx_word' id='word_1_181' title='bbox 518 2606 797 2646; x_wconf 83' lang='lat' dir='ltr'><strong>carcerem.</strong></span> <span class='ocrx_word' id='word_1_182' title='bbox 840 2594 1299 2661; x_wconf 86' lang='lat' dir='ltr'><strong>Comprehensum</strong></span> <span class='ocrx_word' id='word_1_183' title='bbox 1346 2600 1565 2655; x_wconf 90' lang='lat' dir='ltr'><strong>Petrum</strong></span> <span class='ocrx_word' id='word_1_184' title='bbox 1607 2601 1852 2657; x_wconf 84' lang='lat' dir='ltr'><strong>Herodes</strong></span> <span class='ocrx_word' id='word_1_185' title='bbox 1905 2602 1957 2656; x_wconf 91' lang='lat' dir='ltr'><strong>in</strong></span> <span class='ocrx_word' id='word_1_186' title='bbox 1988 2621 2107 2658; x_wconf 88' lang='lat' dir='ltr'><strong>car-</strong></span> 
     </span>
    </p>
   </div>
   <div class='ocr_carea' id='block_1_27' title="bbox 522 2685 2105 2763">
    <p class='ocr_par' dir='ltr' id='par_1_27' title="bbox 522 2685 2105 2763">
     <span class='ocr_line' id='line_1_27' title="bbox 522 2685 2105 2763; baseline 0.009 -29"><span class='ocrx_word' id='word_1_187' title='bbox 522 2696 705 2736; x_wconf 77' lang='lat' dir='ltr'><strong>cerem</strong></span> <span class='ocrx_word' id='word_1_188' title='bbox 752 2685 939 2749; x_wconf 86' lang='lat' dir='ltr'><strong>mittit,</strong></span> <span class='ocrx_word' id='word_1_189' title='bbox 992 2701 1112 2741; x_wconf 91' lang='lat' dir='ltr'><strong>cum</strong></span> <span class='ocrx_word' id='word_1_190' title='bbox 1151 2689 1401 2758; x_wconf 85' lang='lat' dir='ltr'><strong>antiquus</strong></span> <span class='ocrx_word' id='word_1_191' title='bbox 1446 2692 1618 2747; x_wconf 85' lang='lat' dir='ltr'><strong>hostis</strong></span> <span class='ocrx_word' id='word_1_192' title='bbox 1655 2694 1881 2763; x_wconf 88' lang='lat' dir='ltr'><strong>justum,</strong></span> <span class='ocrx_word' id='word_1_193' title='bbox 1922 2694 2105 2749; x_wconf 78' lang='lat' dir='ltr'><strong>letltali</strong></span> 
     </span>
    </p>
   </div>
   <div class='ocr_carea' id='block_1_28' title="bbox 521 2771 2105 2854">
    <p class='ocr_par' dir='ltr' id='par_1_28' title="bbox 521 2771 2105 2854">
     <span class='ocr_line' id='line_1_28' title="bbox 521 2771 2105 2854; baseline 0.01 -29"><span class='ocrx_word' id='word_1_194' title='bbox 521 2771 754 2829; x_wconf 89' lang='lat' dir='ltr'><strong>crimine</strong></span> <span class='ocrx_word' id='word_1_195' title='bbox 782 2776 1131 2845; x_wconf 86' lang='lat' dir='ltr'><strong>captivatnm,</strong></span> <span class='ocrx_word' id='word_1_196' title='bbox 1175 2779 1227 2832; x_wconf 89' lang='lat' dir='ltr'><strong>in</strong></span> <span class='ocrx_word' id='word_1_197' title='bbox 1266 2780 1487 2836; x_wconf 81' lang='lat' dir='ltr'><strong>latebris</strong></span> <span class='ocrx_word' id='word_1_198' title='bbox 1525 2784 1871 2839; x_wconf 78' lang='lat' dir='ltr'><strong>conscientia:</strong></span> <span class='ocrx_word' id='word_1_199' title='bbox 1912 2801 2105 2854; x_wconf 86' lang='lat' dir='ltr'><strong>pecca-</strong></span> 
     </span>
    </p>
   </div>
   <div class='ocr_carea' id='block_1_29' title="bbox 522 2864 2105 2944">
    <p class='ocr_par' dir='ltr' id='par_1_29' title="bbox 522 2864 2105 2944">
     <span class='ocr_line' id='line_1_29' title="bbox 522 2864 2105 2944; baseline 0.01 -27"><span class='ocrx_word' id='word_1_200' title='bbox 522 2864 677 2918; x_wconf 88' lang='lat' dir='ltr'><strong>tricis</strong></span> <span class='ocrx_word' id='word_1_201' title='bbox 703 2864 1004 2923; x_wconf 84' lang='lat' dir='ltr'><strong>abscondit.</strong></span> <span class='ocrx_word' id='word_1_202' title='bbox 1047 2870 1214 2925; x_wconf 85' lang='lat' dir='ltr'><strong>Recte</strong></span> <span class='ocrx_word' id='word_1_203' title='bbox 1253 2882 1433 2927; x_wconf 90' lang='lat' dir='ltr'><strong>autem</strong></span> <span class='ocrx_word' id='word_1_204' title='bbox 1464 2877 1737 2944; x_wconf 80' lang='lat' dir='ltr'><strong>peccatrix</strong></span> <span class='ocrx_word' id='word_1_205' title='bbox 1776 2879 2105 2933; x_wconf 87' lang='lat' dir='ltr'><strong>conscientia</strong></span> 
     </span>
    </p>
   </div>
   <div class='ocr_carea' id='block_1_30' title="bbox 522 2960 2108 3034">
    <p class='ocr_par' dir='ltr' id='par_1_30' title="bbox 522 2960 2108 3034">
     <span class='ocr_line' id='line_1_30' title="bbox 522 2960 2108 3034; baseline 0.008 -22"><span class='ocrx_word' id='word_1_206' title='bbox 522 2960 830 3028; x_wconf 87' lang='lat' dir='ltr'><strong>appellatur</strong></span> <span class='ocrx_word' id='word_1_207' title='bbox 856 2979 1068 3024; x_wconf 79' lang='lat' dir='ltr'><strong>carcer.</strong></span> <span class='ocrx_word' id='word_1_208' title='bbox 1092 2968 1217 3034; x_wconf 86' lang='lat' dir='ltr'><strong>quia</strong></span> <span class='ocrx_word' id='word_1_209' title='bbox 1264 2968 1334 3023; x_wconf 91' lang='lat' dir='ltr'><strong>ibi</strong></span> <span class='ocrx_word' id='word_1_210' title='bbox 1365 2968 1527 3023; x_wconf 91' lang='lat' dir='ltr'><strong>homo</strong></span> <span class='ocrx_word' id='word_1_211' title='bbox 1570 2970 1798 3025; x_wconf 89' lang='lat' dir='ltr'><strong>interior</strong></span> <span class='ocrx_word' id='word_1_212' title='bbox 1833 2981 1886 3026; x_wconf 91' lang='lat' dir='ltr'><strong>et</strong></span> <span class='ocrx_word' id='word_1_213' title='bbox 1923 2973 2108 3027; x_wconf 64' lang='lat' dir='ltr'><strong>vincu-</strong></span> 
     </span>
    </p>
   </div>
   <div class='ocr_carea' id='block_1_31' title="bbox 528 3049 2106 3127">
    <p class='ocr_par' dir='ltr' id='par_1_31' title="bbox 528 3049 2106 3127">
     <span class='ocr_line' id='line_1_31' title="bbox 528 3049 2106 3127; baseline 0.01 -24"><span class='ocrx_word' id='word_1_214' title='bbox 528 3049 594 3103; x_wconf 86' lang='lat' dir='ltr'><strong>lis</strong></span> <span class='ocrx_word' id='word_1_215' title='bbox 644 3062 988 3121; x_wconf 86' lang='lat' dir='ltr'><strong>peccatorum</strong></span> <span class='ocrx_word' id='word_1_216' title='bbox 1030 3057 1369 3127; x_wconf 89' lang='lat' dir='ltr'><strong>astringitur,</strong></span> <span class='ocrx_word' id='word_1_217' title='bbox 1402 3066 1479 3123; x_wconf 90' lang='lat' dir='ltr'><strong>et,</strong></span> <span class='ocrx_word' id='word_1_218' title='bbox 1513 3068 1673 3115; x_wconf 90' lang='lat' dir='ltr'><strong>nocte</strong></span> <span class='ocrx_word' id='word_1_219' title='bbox 1704 3061 1915 3116; x_wconf 85' lang='lat' dir='ltr'><strong>interna</strong></span> <span class='ocrx_word' id='word_1_220' title='bbox 1939 3080 2106 3119; x_wconf 82' lang='lat' dir='ltr'><strong>caeca—</strong></span> 
     </span>
    </p>
   </div>
   <div class='ocr_carea' id='block_1_32' title="bbox 523 3143 1652 3218">
    <p class='ocr_par' dir='ltr' id='par_1_32' title="bbox 523 3143 1652 3218">
     <span class='ocr_line' id='line_1_32' title="bbox 523 3143 1652 3218; baseline 0.009 -25"><span class='ocrx_word' id='word_1_221' title='bbox 523 3150 629 3201; x_wconf 78' lang='lat' dir='ltr'><strong>tos,</strong></span> <span class='ocrx_word' id='word_1_222' title='bbox 655 3143 835 3199; x_wconf 78' lang='lat' dir='ltr'><strong>videre</strong></span> <span class='ocrx_word' id='word_1_223' title='bbox 859 3145 1036 3202; x_wconf 90' lang='lat' dir='ltr'><strong>Solem</strong></span> <span class='ocrx_word' id='word_1_224' title='bbox 1062 3146 1287 3214; x_wconf 77' lang='lat' dir='ltr'><strong>justitiae</strong></span> <span class='ocrx_word' id='word_1_225' title='bbox 1314 3149 1652 3218; x_wconf 84' lang='lat' dir='ltr'><strong>prohibetur.</strong></span> 
     </span>
    </p>
   </div>
   <div class='ocr_carea' id='block_1_33' title="bbox 596 3231 2109 3309">
    <p class='ocr_par' dir='ltr' id='par_1_33' title="bbox 596 3231 2109 3309">
     <span class='ocr_line' id='line_1_33' title="bbox 596 3231 2109 3309; baseline 0.008 -24"><span class='ocrx_word' id='word_1_226' title='bbox 596 3231 679 3285; x_wconf 78' lang='lat' dir='ltr'><strong>Vl.</strong></span> <span class='ocrx_word' id='word_1_227' title='bbox 714 3233 1010 3303; x_wconf 89' lang='lat' dir='ltr'><strong>Sequitur:</strong></span> <span class='ocrx_word' id='word_1_228' title='bbox 1040 3236 1271 3292; x_wconf 82' lang='lat' dir='ltr'><strong>Tradens</strong></span> <span class='ocrx_word' id='word_1_229' title='bbox 1301 3249 1528 3308; x_wconf 86' lang='lat' dir='ltr'><strong>quatuor</strong></span> <span class='ocrx_word' id='word_1_230' title='bbox 1551 3240 1979 3309; x_wconf 81' lang='lat' dir='ltr'><strong>quaternionibus</strong></span> <span class='ocrx_word' id='word_1_231' title='bbox 2009 3244 2109 3297; x_wconf 87' lang='lat' dir='ltr'><strong>mi-</strong></span> 
     </span>
    </p>
   </div>
   <div class='ocr_carea' id='block_1_34' title="bbox 524 3321 2111 3398">
    <p class='ocr_par' dir='ltr' id='par_1_34' title="bbox 524 3321 2111 3398">
     <span class='ocr_line' id='line_1_34' title="bbox 524 3321 2111 3398; baseline 0.008 -24"><span class='ocrx_word' id='word_1_232' title='bbox 524 3321 675 3376; x_wconf 87' lang='lat' dir='ltr'><strong>litum</strong></span> <span class='ocrx_word' id='word_1_233' title='bbox 703 3325 1123 3382; x_wconf 80' lang='lat' dir='ltr'><strong>custodiendum.</strong></span> <span class='ocrx_word' id='word_1_234' title='bbox 1153 3328 1299 3383; x_wconf 81' lang='lat' dir='ltr'><strong>Inter</strong></span> <span class='ocrx_word' id='word_1_235' title='bbox 1320 3344 1510 3384; x_wconf 89' lang='lat' dir='ltr'><strong>omnes</strong></span> <span class='ocrx_word' id='word_1_236' title='bbox 1532 3330 1691 3398; x_wconf 89' lang='lat' dir='ltr'><strong>hujus</strong></span> <span class='ocrx_word' id='word_1_237' title='bbox 1722 3332 1971 3387; x_wconf 87' lang='lat' dir='ltr'><strong>lectionis</strong></span> <span class='ocrx_word' id='word_1_238' title='bbox 1990 3348 2111 3387; x_wconf 86' lang='lat' dir='ltr'><strong>sen-</strong></span> 
     </span>
    </p>
   </div>
   <div class='ocr_carea' id='block_1_35' title="bbox 527 3415 2112 3494">
    <p class='ocr_par' dir='ltr' id='par_1_35' title="bbox 527 3415 2112 3494">
     <span class='ocr_line' id='line_1_35' title="bbox 527 3415 2112 3494; baseline 0.008 -28"><span class='ocrx_word' id='word_1_239' title='bbox 527 3415 745 3480; x_wconf 88' lang='lat' dir='ltr'><strong>tentias.</strong></span> <span class='ocrx_word' id='word_1_240' title='bbox 778 3416 881 3475; x_wconf 88' lang='lat' dir='ltr'><strong>ista</strong></span> <span class='ocrx_word' id='word_1_241' title='bbox 918 3427 1003 3474; x_wconf 87' lang='lat' dir='ltr'><strong>est</strong></span> <span class='ocrx_word' id='word_1_242' title='bbox 1034 3420 1100 3474; x_wconf 87' lang='lat' dir='ltr'><strong>ad</strong></span> <span class='ocrx_word' id='word_1_243' title='bbox 1137 3421 1526 3490; x_wconf 89' lang='lat' dir='ltr'><strong>penetrandum</strong></span> <span class='ocrx_word' id='word_1_244' title='bbox 1559 3424 1880 3489; x_wconf 84' lang='lat' dir='ltr'><strong>abstrusior,</strong></span> <span class='ocrx_word' id='word_1_245' title='bbox 1913 3439 2033 3494; x_wconf 72' lang='lat' dir='ltr'><strong>qua:</strong></span> <span class='ocrx_word' id='word_1_246' title='bbox 2056 3433 2112 3480; x_wconf 88' lang='lat' dir='ltr'><strong>et</strong></span> 
     </span>
    </p>
   </div>
   <div class='ocr_carea' id='block_1_36' title="bbox 528 3505 2173 3587">
    <p class='ocr_par' dir='ltr' id='par_1_36' title="bbox 528 3505 2173 3587">
     <span class='ocr_line' id='line_1_36' title="bbox 528 3505 2173 3587; baseline 0.007 -28"><span class='ocrx_word' id='word_1_247' title='bbox 528 3505 652 3560; x_wconf 89' lang='lat' dir='ltr'><strong>ideo</strong></span> <span class='ocrx_word' id='word_1_248' title='bbox 679 3506 926 3565; x_wconf 81' lang='lat' dir='ltr'><strong>fortassis</strong></span> <span class='ocrx_word' id='word_1_249' title='bbox 955 3519 1062 3565; x_wconf 89' lang='lat' dir='ltr'><strong>tam</strong></span> <span class='ocrx_word' id='word_1_250' title='bbox 1107 3514 1289 3581; x_wconf 80' lang='lat' dir='ltr'><strong>gravis</strong></span> <span class='ocrx_word' id='word_1_251' title='bbox 1329 3514 1395 3567; x_wconf 88' lang='lat' dir='ltr'><strong>ad</strong></span> <span class='ocrx_word' id='word_1_252' title='bbox 1435 3514 1841 3585; x_wconf 87' lang='lat' dir='ltr'><strong>intelligendum</strong></span> <span class='ocrx_word' id='word_1_253' title='bbox 1877 3518 2106 3583; x_wconf 86' lang='lat' dir='ltr'><strong>videtur,</strong></span> <span class='ocrx_word' id='word_1_254' title='bbox 2165 3580 2173 3587; x_wconf 36' lang='grc'><em>,</em></span> 
     </span>
    </p>
   </div>
   <div class='ocr_carea' id='block_1_37' title="bbox 524 3597 2112 3675">
    <p class='ocr_par' dir='ltr' id='par_1_37' title="bbox 524 3597 2112 3675">
     <span class='ocr_line' id='line_1_37' title="bbox 524 3597 2112 3675; baseline 0.008 -24"><span class='ocrx_word' id='word_1_255' title='bbox 524 3597 650 3665; x_wconf 84' lang='lat' dir='ltr'><strong>quia</strong></span> <span class='ocrx_word' id='word_1_256' title='bbox 682 3613 778 3666; x_wconf 88' lang='lat' dir='ltr'><strong>per</strong></span> <span class='ocrx_word' id='word_1_257' title='bbox 815 3600 961 3655; x_wconf 86' lang='lat' dir='ltr'><strong>illam</strong></span> <span class='ocrx_word' id='word_1_258' title='bbox 992 3618 1156 3672; x_wconf 83' lang='lat' dir='ltr'><strong>grave</strong></span> <span class='ocrx_word' id='word_1_259' title='bbox 1194 3604 1395 3673; x_wconf 86' lang='lat' dir='ltr'><strong>aliquid</strong></span> <span class='ocrx_word' id='word_1_260' title='bbox 1431 3606 1697 3675; x_wconf 83' lang='lat' dir='ltr'><strong>signatur.</strong></span> <span class='ocrx_word' id='word_1_261' title='bbox 1728 3606 1968 3663; x_wconf 84' lang='lat' dir='ltr'><strong>Gratiam</strong></span> <span class='ocrx_word' id='word_1_262' title='bbox 2010 3609 2112 3663; x_wconf 84' lang='lat' dir='ltr'><strong>ita-</strong></span> 
     </span>
    </p>
   </div>
   <div class='ocr_carea' id='block_1_38' title="bbox 524 3676 2108 3765">
    <p class='ocr_par' dir='ltr' id='par_1_38' title="bbox 524 3676 2108 3765">
     <span class='ocr_line' id='line_1_38' title="bbox 524 3676 2108 3765; baseline 0.006 -23"><span class='ocrx_word' id='word_1_263' title='bbox 524 3702 631 3758; x_wconf 89' lang='lat' dir='ltr'><strong>que</strong></span> <span class='ocrx_word' id='word_1_264' title='bbox 685 3676 839 3744; x_wconf 87' lang='lat' dir='ltr'><strong>suam</strong></span> <span class='ocrx_word' id='word_1_265' title='bbox 893 3694 1053 3747; x_wconf 83' lang='lat' dir='ltr'><strong>nobis</strong></span> <span class='ocrx_word' id='word_1_266' title='bbox 1106 3693 1369 3751; x_wconf 90' lang='lat' dir='ltr'><strong>Dominus</strong></span> <span class='ocrx_word' id='word_1_267' title='bbox 1397 3697 1813 3753; x_wconf 86' lang='lat' dir='ltr'><strong>subministrare</strong></span> <span class='ocrx_word' id='word_1_268' title='bbox 1836 3698 2108 3765; x_wconf 89' lang='lat' dir='ltr'><strong>dignetur,</strong></span> 
     </span>
    </p>
   </div>
   <div class='ocr_carea' id='block_1_39' title="bbox 524 3782 2114 3857">
    <p class='ocr_par' dir='ltr' id='par_1_39' title="bbox 524 3782 2114 3857">
     <span class='ocr_line' id='line_1_39' title="bbox 524 3782 2114 3857; baseline 0.007 -26"><span class='ocrx_word' id='word_1_269' title='bbox 524 3786 795 3848; x_wconf 88' lang='lat' dir='ltr'><strong>quatenus</strong></span> <span class='ocrx_word' id='word_1_270' title='bbox 837 3782 918 3838; x_wconf 91' lang='lat' dir='ltr'><strong>sic</strong></span> <span class='ocrx_word' id='word_1_271' title='bbox 953 3782 1018 3836; x_wconf 89' lang='lat' dir='ltr'><strong>de</strong></span> <span class='ocrx_word' id='word_1_272' title='bbox 1041 3782 1133 3838; x_wconf 88' lang='lat' dir='ltr'><strong>illa</strong></span> <span class='ocrx_word' id='word_1_273' title='bbox 1160 3783 1304 3852; x_wconf 86' lang='lat' dir='ltr'><strong>loqui</strong></span> <span class='ocrx_word' id='word_1_274' title='bbox 1342 3786 1634 3854; x_wconf 85' lang='lat' dir='ltr'><strong>possimus,</strong></span> <span class='ocrx_word' id='word_1_275' title='bbox 1681 3795 1759 3853; x_wconf 92' lang='lat' dir='ltr'><strong>ut,</strong></span> <span class='ocrx_word' id='word_1_276' title='bbox 1791 3787 1836 3841; x_wconf 90' lang='lat' dir='ltr'><strong>si</strong></span> <span class='ocrx_word' id='word_1_277' title='bbox 1870 3788 1992 3857; x_wconf 88' lang='lat' dir='ltr'><strong>quis</strong></span> <span class='ocrx_word' id='word_1_278' title='bbox 2030 3797 2114 3844; x_wconf 90' lang='lat' dir='ltr'><strong>est</strong></span> 
     </span>
    </p>
   </div>
   <div class='ocr_carea' id='block_1_40' title="bbox 525 3870 2113 3941">
    <p class='ocr_par' dir='ltr' id='par_1_40' title="bbox 525 3870 2113 3941">
     <span class='ocr_line' id='line_1_40' title="bbox 525 3870 2113 3941; baseline 0.006 -18"><span class='ocrx_word' id='word_1_279' title='bbox 525 3870 671 3926; x_wconf 89' lang='lat' dir='ltr'><strong>inter</strong></span> <span class='ocrx_word' id='word_1_280' title='bbox 734 3886 835 3926; x_wconf 90' lang='lat' dir='ltr'><strong>nos</strong></span> <span class='ocrx_word' id='word_1_281' title='bbox 899 3872 990 3941; x_wconf 89' lang='lat' dir='ltr'><strong>qui</strong></span> <span class='ocrx_word' id='word_1_282' title='bbox 1057 3873 1232 3927; x_wconf 86' lang='lat' dir='ltr'><strong>adhuc</strong></span> <span class='ocrx_word' id='word_1_283' title='bbox 1293 3873 1527 3929; x_wconf 89' lang='lat' dir='ltr'><strong>vinculis</strong></span> <span class='ocrx_word' id='word_1_284' title='bbox 1589 3874 1796 3929; x_wconf 89' lang='lat' dir='ltr'><strong>inimici</strong></span> <span class='ocrx_word' id='word_1_285' title='bbox 1866 3884 2113 3932; x_wconf 76' lang='lat' dir='ltr'><strong>teneatur</strong></span> 
     </span>
    </p>
   </div>
   <div class='ocr_carea' id='block_1_41' title="bbox 534 3959 2114 4037">
    <p class='ocr_par' dir='ltr' id='par_1_41' title="bbox 534 3959 2114 4037">
     <span class='ocr_line' id='line_1_41' title="bbox 534 3959 2114 4037; baseline 0.006 -25"><span class='ocrx_word' id='word_1_286' title='bbox 534 3959 816 4024; x_wconf 85' lang='lat' dir='ltr'><strong>astrictus,</strong></span> <span class='ocrx_word' id='word_1_287' title='bbox 841 3962 906 4014; x_wconf 86' lang='lat' dir='ltr'><strong>de</strong></span> <span class='ocrx_word' id='word_1_288' title='bbox 948 3962 1065 4017; x_wconf 85' lang='lat' dir='ltr'><strong>istis</strong></span> <span class='ocrx_word' id='word_1_289' title='bbox 1116 3964 1566 4030; x_wconf 78' lang='lat' dir='ltr'><strong>qnatcrnionibus</strong></span> <span class='ocrx_word' id='word_1_290' title='bbox 1598 3973 1862 4035; x_wconf 89' lang='lat' dir='ltr'><strong>quantum</strong></span> <span class='ocrx_word' id='word_1_291' title='bbox 1899 3967 2114 4037; x_wconf 80' lang='lat' dir='ltr'><strong>expedit</strong></span> 
     </span>
    </p>
   </div>
   <div class='ocr_carea' id='block_1_42' title="bbox 525 4046 2115 4125">
    <p class='ocr_par' dir='ltr' id='par_1_42' title="bbox 525 4046 2115 4125">
     <span class='ocr_line' id='line_1_42' title="bbox 525 4046 2115 4125; baseline 0.008 -25"><span class='ocrx_word' id='word_1_292' title='bbox 525 4046 730 4109; x_wconf 82' lang='lat' dir='ltr'><strong>audiat,</strong></span> <span class='ocrx_word' id='word_1_293' title='bbox 754 4048 980 4103; x_wconf 87' lang='lat' dir='ltr'><strong>audiens</strong></span> <span class='ocrx_word' id='word_1_294' title='bbox 1016 4048 1303 4120; x_wconf 82' lang='lat' dir='ltr'><strong>intelligat,</strong></span> <span class='ocrx_word' id='word_1_295' title='bbox 1346 4053 1649 4125; x_wconf 83' lang='lat' dir='ltr'><strong>intelligens</strong></span> <span class='ocrx_word' id='word_1_296' title='bbox 1680 4054 1850 4109; x_wconf 86' lang='lat' dir='ltr'><strong>doleat</strong></span> <span class='ocrx_word' id='word_1_297' title='bbox 1878 4093 1894 4119; x_wconf 92' lang='lat'><strong>,</strong></span> <span class='ocrx_word' id='word_1_298' title='bbox 1932 4056 2115 4112; x_wconf 84' lang='lat' dir='ltr'><strong>dolens</strong></span> 
     </span>
    </p>
   </div>
   <div class='ocr_carea' id='block_1_43' title="bbox 530 4136 2113 4208">
    <p class='ocr_par' dir='ltr' id='par_1_43' title="bbox 530 4136 2113 4208">
     <span class='ocr_line' id='line_1_43' title="bbox 530 4136 2113 4208; baseline 0.009 -21"><span class='ocrx_word' id='word_1_299' title='bbox 530 4136 880 4205; x_wconf 88' lang='lat' dir='ltr'><strong>ingemiscat,</strong></span> <span class='ocrx_word' id='word_1_300' title='bbox 936 4138 1298 4208; x_wconf 87' lang='lat' dir='ltr'><strong>ingemiscens</strong></span> <span class='ocrx_word' id='word_1_301' title='bbox 1350 4141 1545 4199; x_wconf 87' lang='lat' dir='ltr'><strong>talibus</strong></span> <span class='ocrx_word' id='word_1_302' title='bbox 1599 4158 1656 4199; x_wconf 87' lang='lat' dir='ltr'><strong>se</strong></span> <span class='ocrx_word' id='word_1_303' title='bbox 1694 4147 2113 4202; x_wconf 78' lang='lat' dir='ltr'><strong>exsecutoribns</strong></span> 
     </span>
    </p>
   </div>
   <div class='ocr_carea' id='block_1_44' title="bbox 529 4226 2118 4301">
    <p class='ocr_par' dir='ltr' id='par_1_44' title="bbox 529 4226 2118 4301">
     <span class='ocr_line' id='line_1_44' title="bbox 529 4226 2118 4301; baseline 0.008 -22"><span class='ocrx_word' id='word_1_304' title='bbox 529 4226 790 4280; x_wconf 88' lang='lat' dir='ltr'><strong>traditum</strong></span> <span class='ocrx_word' id='word_1_305' title='bbox 844 4229 1266 4297; x_wconf 88' lang='lat' dir='ltr'><strong>perhorrescat,</strong></span> <span class='ocrx_word' id='word_1_306' title='bbox 1327 4233 1744 4301; x_wconf 85' lang='lat' dir='ltr'><strong>perhorrescens</strong></span> <span class='ocrx_word' id='word_1_307' title='bbox 1782 4244 1961 4290; x_wconf 88' lang='lat' dir='ltr'><strong>autem</strong></span> <span class='ocrx_word' id='word_1_308' title='bbox 2026 4236 2118 4293; x_wconf 87' lang='lat' dir='ltr'><strong>det</strong></span> 
     </span>
    </p>
   </div>
   <div class='ocr_carea' id='block_1_45' title="bbox 528 4323 2130 4399">
    <p class='ocr_par' dir='ltr' id='par_1_45' title="bbox 528 4323 2130 4399">
     <span class='ocr_line' id='line_1_45' title="bbox 528 4323 2130 4399; baseline 0.006 -25"><span class='ocrx_word' id='word_1_309' title='bbox 528 4336 750 4389; x_wconf 82' lang='lat' dir='ltr'><strong>Operam</strong></span> <span class='ocrx_word' id='word_1_310' title='bbox 791 4330 851 4376; x_wconf 90' lang='lat' dir='ltr'><strong>ut</strong></span> <span class='ocrx_word' id='word_1_311' title='bbox 893 4323 1104 4377; x_wconf 87' lang='lat' dir='ltr'><strong>evadat.</strong></span> <span class='ocrx_word' id='word_1_312' title='bbox 1150 4323 1284 4390; x_wconf 84' lang='lat' dir='ltr'><strong>Quia</strong></span> <span class='ocrx_word' id='word_1_313' title='bbox 1332 4326 1519 4394; x_wconf 88' lang='lat' dir='ltr'><strong>utique</strong></span> <span class='ocrx_word' id='word_1_314' title='bbox 1563 4328 1932 4397; x_wconf 82' lang='lat' dir='ltr'><strong>unusquisque</strong></span> <span class='ocrx_word' id='word_1_315' title='bbox 1984 4338 2130 4399; x_wconf 84' lang='lat' dir='ltr'><strong>qua-‘</strong></span> 
     </span>
    </p>
   </div>
   <div class='ocr_carea' id='block_1_46' title="bbox 2212 503 3789 596">
    <p class='ocr_par' dir='ltr' id='par_1_46' title="bbox 2212 503 3789 596">
     <span class='ocr_line' id='line_1_46' title="bbox 2212 503 3789 596; baseline 0.015 -40"><span class='ocrx_word' id='word_1_316' title='bbox 2212 503 2415 560; x_wconf 83' lang='lat' dir='ltr'><strong>lumine</strong></span> <span class='ocrx_word' id='word_1_317' title='bbox 2460 507 2685 561; x_wconf 89' lang='lat' dir='ltr'><strong>rationis</strong></span> <span class='ocrx_word' id='word_1_318' title='bbox 2722 509 3007 576; x_wconf 83' lang='lat' dir='ltr'><strong>privatum,</strong></span> <span class='ocrx_word' id='word_1_319' title='bbox 3044 522 3101 565; x_wconf 89' lang='lat' dir='ltr'><strong>ut</strong></span> <span class='ocrx_word' id='word_1_320' title='bbox 3139 517 3309 583; x_wconf 88' lang='lat' dir='ltr'><strong>possit</strong></span> <span class='ocrx_word' id='word_1_321' title='bbox 3343 518 3487 575; x_wconf 90' lang='lat' dir='ltr'><strong>velut</strong></span> <span class='ocrx_word' id='word_1_322' title='bbox 3523 523 3789 596; x_wconf 78' lang='lat' dir='ltr'><strong>insipiens</strong></span> 
     </span>
    </p>
   </div>
   <div class='ocr_carea' id='block_1_47' title="bbox 2212 595 3788 687">
    <p class='ocr_par' dir='ltr' id='par_1_47' title="bbox 2212 595 3788 687">
     <span class='ocr_line' id='line_1_47' title="bbox 2212 595 3788 687; baseline 0.015 -38"><span class='ocrx_word' id='word_1_323' title='bbox 2212 595 2392 650; x_wconf 82' lang='lat' dir='ltr'><strong>dicere</strong></span> <span class='ocrx_word' id='word_1_324' title='bbox 2445 597 2498 651; x_wconf 91' lang='lat' dir='ltr'><strong>in</strong></span> <span class='ocrx_word' id='word_1_325' title='bbox 2554 598 2719 654; x_wconf 90' lang='lat' dir='ltr'><strong>corde</strong></span> <span class='ocrx_word' id='word_1_326' title='bbox 2782 614 2937 654; x_wconf 89' lang='lat' dir='ltr'><strong>suo:</strong></span> <span class='ocrx_word' id='word_1_327' title='bbox 3002 602 3126 658; x_wconf 85' lang='lat' dir='ltr'><strong>Non</strong></span> <span class='ocrx_word' id='word_1_328' title='bbox 3182 616 3257 659; x_wconf 83' lang='lat' dir='ltr'><strong>est</strong></span> <span class='ocrx_word' id='word_1_329' title='bbox 3318 607 3499 677; x_wconf 83' lang='lat' dir='ltr'><strong>Deus;</strong></span> <span class='ocrx_word' id='word_1_330' title='bbox 3548 595 3639 670; x_wconf 86' lang='lat' dir='ltr'><strong>de</strong></span> <span class='ocrx_word' id='word_1_331' title='bbox 3672 635 3788 687; x_wconf 85' lang='lat' dir='ltr'><strong>quo</strong></span> 
     </span>
    </p>
   </div>
   <div class='ocr_carea' id='block_1_48' title="bbox 2210 686 3787 775">
    <p class='ocr_par' dir='ltr' id='par_1_48' title="bbox 2210 686 3787 775">
     <span class='ocr_line' id='line_1_48' title="bbox 2210 686 3787 775; baseline 0.02 -38"><span class='ocrx_word' id='word_1_332' title='bbox 2210 686 2367 754; x_wconf 86' lang='lat' dir='ltr'><strong>plane</strong></span> <span class='ocrx_word' id='word_1_333' title='bbox 2425 689 2775 757; x_wconf 87' lang='lat' dir='ltr'><strong>pronuntiare</strong></span> <span class='ocrx_word' id='word_1_334' title='bbox 2802 706 3084 761; x_wconf 88' lang='lat' dir='ltr'><strong>possumus</strong></span> <span class='ocrx_word' id='word_1_335' title='bbox 3120 698 3242 765; x_wconf 86' lang='lat' dir='ltr'><strong>quia</strong></span> <span class='ocrx_word' id='word_1_336' title='bbox 3272 714 3369 769; x_wconf 89' lang='lat' dir='ltr'><strong>per</strong></span> <span class='ocrx_word' id='word_1_337' title='bbox 3419 686 3787 775; x_wconf 80' lang='lat' dir='ltr'><strong>insipientiam</strong></span> 
     </span>
    </p>
   </div>
   <div class='ocr_carea' id='block_1_49' title="bbox 2209 779 3787 869">
    <p class='ocr_par' dir='ltr' id='par_1_49' title="bbox 2209 779 3787 869">
     <span class='ocr_line' id='line_1_49' title="bbox 2209 779 3787 869; baseline 0.017 -38"><span class='ocrx_word' id='word_1_338' title='bbox 2209 793 2360 831; x_wconf 88' lang='lat' dir='ltr'><strong>suam</strong></span> <span class='ocrx_word' id='word_1_339' title='bbox 2408 779 2460 832; x_wconf 91' lang='lat' dir='ltr'><strong>in</strong></span> <span class='ocrx_word' id='word_1_340' title='bbox 2507 780 2841 837; x_wconf 78' lang='lat' dir='ltr'><strong>inﬁdelitatis</strong></span> <span class='ocrx_word' id='word_1_341' title='bbox 2877 791 2962 838; x_wconf 93' lang='lat' dir='ltr'><strong>cst</strong></span> <span class='ocrx_word' id='word_1_342' title='bbox 3006 800 3227 843; x_wconf 86' lang='lat' dir='ltr'><strong>carcere</strong></span> <span class='ocrx_word' id='word_1_343' title='bbox 3274 794 3630 864; x_wconf 90' lang='lat' dir='ltr'><strong>mancipatus.</strong></span> <span class='ocrx_word' id='word_1_344' title='bbox 3677 802 3787 869; x_wconf 85' lang='lat' dir='ltr'><strong>Qui</strong></span> 
     </span>
    </p>
   </div>
   <div class='ocr_carea' id='block_1_50' title="bbox 2208 868 3785 948">
    <p class='ocr_par' dir='ltr' id='par_1_50' title="bbox 2208 868 3785 948">
     <span class='ocr_line' id='line_1_50' title="bbox 2208 868 3785 948; baseline 0.017 -27"><span class='ocrx_word' id='word_1_345' title='bbox 2208 868 2481 931; x_wconf 88' lang='lat' dir='ltr'><strong>nimirum.</strong></span> <span class='ocrx_word' id='word_1_346' title='bbox 2530 872 2652 940; x_wconf 86' lang='lat' dir='ltr'><strong>quia</strong></span> <span class='ocrx_word' id='word_1_347' title='bbox 2697 872 2916 928; x_wconf 87' lang='lat' dir='ltr'><strong>alterius</strong></span> <span class='ocrx_word' id='word_1_348' title='bbox 2963 875 3104 930; x_wconf 89' lang='lat' dir='ltr'><strong>bona</strong></span> <span class='ocrx_word' id='word_1_349' title='bbox 3166 879 3288 935; x_wconf 74' lang='lat' dir='ltr'><strong>vita:</strong></span> <span class='ocrx_word' id='word_1_350' title='bbox 3340 882 3423 937; x_wconf 91' lang='lat' dir='ltr'><strong>vel</strong></span> <span class='ocrx_word' id='word_1_351' title='bbox 3473 887 3616 943; x_wconf 85' lang='lat' dir='ltr'><strong>mala</strong></span> <span class='ocrx_word' id='word_1_352' title='bbox 3655 868 3785 948; x_wconf 86' lang='lat' dir='ltr'><strong>esse</strong></span> 
     </span>
    </p>
   </div>
   <div class='ocr_carea' id='block_1_51' title="bbox 2206 961 3788 1043">
    <p class='ocr_par' dir='ltr' id='par_1_51' title="bbox 2206 961 3788 1043">
     <span class='ocr_line' id='line_1_51' title="bbox 2206 961 3788 1043; baseline 0.016 -31"><span class='ocrx_word' id='word_1_353' title='bbox 2206 961 2384 1031; x_wconf 81' lang='lat' dir='ltr'><strong>aliqua</strong></span> <span class='ocrx_word' id='word_1_354' title='bbox 2419 962 2640 1016; x_wconf 89' lang='lat' dir='ltr'><strong>omnino</strong></span> <span class='ocrx_word' id='word_1_355' title='bbox 2680 980 2784 1018; x_wconf 93' lang='lat' dir='ltr'><strong>non</strong></span> <span class='ocrx_word' id='word_1_356' title='bbox 2820 966 3011 1032; x_wconf 88' lang='lat' dir='ltr'><strong>credit,</strong></span> <span class='ocrx_word' id='word_1_357' title='bbox 3051 967 3117 1023; x_wconf 91' lang='lat' dir='ltr'><strong>ad</strong></span> <span class='ocrx_word' id='word_1_358' title='bbox 3163 971 3285 1025; x_wconf 80' lang='lat' dir='ltr'><strong>vita:</strong></span> <span class='ocrx_word' id='word_1_359' title='bbox 3318 980 3597 1043; x_wconf 66' lang='lat' dir='ltr'><strong>praesentis</strong></span> <span class='ocrx_word' id='word_1_360' title='bbox 3644 981 3788 1039; x_wconf 87' lang='lat' dir='ltr'><strong>bona</strong></span> 
     </span>
    </p>
   </div>
   <div class='ocr_carea' id='block_1_52' title="bbox 2206 1055 3788 1137">
    <p class='ocr_par' dir='ltr' id='par_1_52' title="bbox 2206 1055 3788 1137">
     <span class='ocr_line' id='line_1_52' title="bbox 2206 1055 3788 1137; baseline 0.015 -29"><span class='ocrx_word' id='word_1_361' title='bbox 2206 1055 2498 1125; x_wconf 84' lang='lat' dir='ltr'><strong>appetenda</strong></span> <span class='ocrx_word' id='word_1_362' title='bbox 2548 1056 2630 1109; x_wconf 88' lang='lat' dir='ltr'><strong>vel</strong></span> <span class='ocrx_word' id='word_1_363' title='bbox 2681 1055 2818 1114; x_wconf 85' lang='lat' dir='ltr'><strong>mala</strong></span> <span class='ocrx_word' id='word_1_364' title='bbox 2862 1062 3098 1116; x_wconf 85' lang='lat' dir='ltr'><strong>cavenda</strong></span> <span class='ocrx_word' id='word_1_365' title='bbox 3144 1077 3347 1137; x_wconf 10' lang='lat' dir='ltr'><strong>curam,</strong></span> <span class='ocrx_word' id='word_1_366' title='bbox 3373 1082 3526 1124; x_wconf 87' lang='lat' dir='ltr'><strong>suam</strong></span> <span class='ocrx_word' id='word_1_367' title='bbox 3558 1088 3623 1127; x_wconf 83' lang='lat' dir='ltr'><strong>ex</strong></span> <span class='ocrx_word' id='word_1_368' title='bbox 3667 1085 3788 1131; x_wconf 91' lang='lat' dir='ltr'><strong>toto</strong></span> 
     </span>
    </p>
   </div>
   <div class='ocr_carea' id='block_1_53' title="bbox 2206 1149 3789 1229">
    <p class='ocr_par' dir='ltr' id='par_1_53' title="bbox 2206 1149 3789 1229">
     <span class='ocr_line' id='line_1_53' title="bbox 2206 1149 3789 1229; baseline 0.013 -26"><span class='ocrx_word' id='word_1_369' title='bbox 2206 1149 2446 1204; x_wconf 81' lang='lat' dir='ltr'><strong>inﬂectit.</strong></span> <span class='ocrx_word' id='word_1_370' title='bbox 2494 1149 2644 1205; x_wconf 86' lang='lat' dir='ltr'><strong>Unde</strong></span> <span class='ocrx_word' id='word_1_371' title='bbox 2688 1152 2747 1206; x_wconf 88' lang='lat' dir='ltr'><strong>llt</strong></span> <span class='ocrx_word' id='word_1_372' title='bbox 2778 1163 2835 1207; x_wconf 92' lang='lat' dir='ltr'><strong>ut</strong></span> <span class='ocrx_word' id='word_1_373' title='bbox 2862 1155 3055 1211; x_wconf 63' lang='lat' dir='ltr'><strong>animat</strong></span> <span class='ocrx_word' id='word_1_374' title='bbox 3102 1158 3266 1225; x_wconf 88' lang='lat' dir='ltr'><strong>illius,</strong></span> <span class='ocrx_word' id='word_1_375' title='bbox 3312 1161 3423 1229; x_wconf 89' lang='lat' dir='ltr'><strong>jam</strong></span> <span class='ocrx_word' id='word_1_376' title='bbox 3464 1165 3517 1218; x_wconf 90' lang='lat' dir='ltr'><strong>in</strong></span> <span class='ocrx_word' id='word_1_377' title='bbox 3549 1166 3789 1223; x_wconf 79' lang='lat' dir='ltr'><strong>inﬁdeli-</strong></span> 
     </span>
    </p>
   </div>
   <div class='ocr_carea' id='block_1_54' title="bbox 2207 1242 3792 1323">
    <p class='ocr_par' dir='ltr' id='par_1_54' title="bbox 2207 1242 3792 1323">
     <span class='ocr_line' id='line_1_54' title="bbox 2207 1242 3792 1323; baseline 0.013 -28"><span class='ocrx_word' id='word_1_378' title='bbox 2207 1242 2331 1295; x_wconf 89' lang='lat' dir='ltr'><strong>tatis</strong></span> <span class='ocrx_word' id='word_1_379' title='bbox 2383 1258 2607 1297; x_wconf 87' lang='lat' dir='ltr'><strong>carcere</strong></span> <span class='ocrx_word' id='word_1_380' title='bbox 2644 1253 2889 1311; x_wconf 70' lang='lat' dir='ltr'><strong>retrusaz,</strong></span> <span class='ocrx_word' id='word_1_381' title='bbox 2931 1257 3165 1317; x_wconf 87' lang='lat' dir='ltr'><strong>quatuor</strong></span> <span class='ocrx_word' id='word_1_382' title='bbox 3209 1251 3397 1308; x_wconf 90' lang='lat' dir='ltr'><strong>modos</strong></span> <span class='ocrx_word' id='word_1_383' title='bbox 3427 1258 3792 1323; x_wconf 86' lang='lat' dir='ltr'><strong>perturbatio-</strong></span> 
     </span>
    </p>
   </div>
   <div class='ocr_carea' id='block_1_55' title="bbox 2204 1332 3792 1406">
    <p class='ocr_par' dir='ltr' id='par_1_55' title="bbox 2204 1332 3792 1406">
     <span class='ocr_line' id='line_1_55' title="bbox 2204 1332 3792 1406; baseline 0.013 -21"><span class='ocrx_word' id='word_1_384' title='bbox 2204 1348 2332 1386; x_wconf 89' lang='lat' dir='ltr'><strong>num</strong></span> <span class='ocrx_word' id='word_1_385' title='bbox 2354 1332 2598 1386; x_wconf 87' lang='lat' dir='ltr'><strong>diabolus</strong></span> <span class='ocrx_word' id='word_1_386' title='bbox 2626 1345 2912 1404; x_wconf 86' lang='lat' dir='ltr'><strong>supponat,</strong></span> <span class='ocrx_word' id='word_1_387' title='bbox 2958 1339 3047 1406; x_wconf 93' lang='lat' dir='ltr'><strong>qui</strong></span> <span class='ocrx_word' id='word_1_388' title='bbox 3072 1353 3190 1394; x_wconf 86' lang='lat' dir='ltr'><strong>eam</strong></span> <span class='ocrx_word' id='word_1_389' title='bbox 3231 1344 3330 1397; x_wconf 90' lang='lat' dir='ltr'><strong>sub</strong></span> <span class='ocrx_word' id='word_1_390' title='bbox 3365 1359 3503 1399; x_wconf 70' lang='lat' dir='ltr'><strong>smva</strong></span> <span class='ocrx_word' id='word_1_391' title='bbox 3541 1351 3792 1406; x_wconf 83' lang='lat' dir='ltr'><strong>custodia</strong></span> 
     </span>
    </p>
   </div>
   <div class='ocr_carea' id='block_1_56' title="bbox 2204 1422 3790 1509">
    <p class='ocr_par' dir='ltr' id='par_1_56' title="bbox 2204 1422 3790 1509">
     <span class='ocr_line' id='line_1_56' title="bbox 2204 1422 3790 1509; baseline 0.01 -30"><span class='ocrx_word' id='word_1_392' title='bbox 2204 1425 2439 1479; x_wconf 87' lang='lat' dir='ltr'><strong>clausam</strong></span> <span class='ocrx_word' id='word_1_393' title='bbox 2482 1433 2728 1489; x_wconf 88' lang='lat' dir='ltr'><strong>teneant,</strong></span> <span class='ocrx_word' id='word_1_394' title='bbox 2768 1422 2844 1480; x_wconf 84' lang='lat' dir='ltr'><strong>ne</strong></span> <span class='ocrx_word' id='word_1_395' title='bbox 2864 1429 3076 1489; x_wconf 89' lang='lat' dir='ltr'><strong>evadat.</strong></span> <span class='ocrx_word' id='word_1_396' title='bbox 3110 1430 3239 1498; x_wconf 68' lang='lat' dir='ltr'><strong>Qum</strong></span> <span class='ocrx_word' id='word_1_397' title='bbox 3270 1434 3522 1490; x_wconf 89' lang='lat' dir='ltr'><strong>nimirum</strong></span> <span class='ocrx_word' id='word_1_398' title='bbox 3568 1450 3790 1509; x_wconf 88' lang='lat' dir='ltr'><strong>pertur-</strong></span> 
     </span>
    </p>
   </div>
   <div class='ocr_carea' id='block_1_57' title="bbox 2204 1513 3792 1599">
    <p class='ocr_par' dir='ltr' id='par_1_57' title="bbox 2204 1513 3792 1599">
     <span class='ocr_line' id='line_1_57' title="bbox 2204 1513 3792 1599; baseline 0.012 -33"><span class='ocrx_word' id='word_1_399' title='bbox 2204 1513 2471 1579; x_wconf 86' lang='lat' dir='ltr'><strong>bationes,</strong></span> <span class='ocrx_word' id='word_1_400' title='bbox 2503 1516 2664 1569; x_wconf 87' lang='lat' dir='ltr'><strong>etiam</strong></span> <span class='ocrx_word' id='word_1_401' title='bbox 2700 1518 2751 1570; x_wconf 89' lang='lat' dir='ltr'><strong>in</strong></span> <span class='ocrx_word' id='word_1_402' title='bbox 2779 1519 2954 1572; x_wconf 89' lang='lat' dir='ltr'><strong>anima</strong></span> <span class='ocrx_word' id='word_1_403' title='bbox 2986 1522 3270 1591; x_wconf 83' lang='lat' dir='ltr'><strong>sapientis,</strong></span> <span class='ocrx_word' id='word_1_404' title='bbox 3294 1526 3531 1582; x_wconf 85' lang='lat' dir='ltr'><strong>vicissim</strong></span> <span class='ocrx_word' id='word_1_405' title='bbox 3560 1529 3662 1584; x_wconf 88' lang='lat' dir='ltr'><strong>sibi</strong></span> <span class='ocrx_word' id='word_1_406' title='bbox 3687 1546 3792 1599; x_wconf 88' lang='lat' dir='ltr'><strong>pro</strong></span> 
     </span>
    </p>
   </div>
   <div class='ocr_carea' id='block_1_58' title="bbox 2204 1607 3793 1678">
    <p class='ocr_par' dir='ltr' id='par_1_58' title="bbox 2204 1607 3793 1678">
     <span class='ocr_line' id='line_1_58' title="bbox 2204 1607 3793 1678; baseline 0.011 -19"><span class='ocrx_word' id='word_1_407' title='bbox 2204 1620 2491 1659; x_wconf 88' lang='lat' dir='ltr'><strong>causarum</strong></span> <span class='ocrx_word' id='word_1_408' title='bbox 2522 1607 2785 1662; x_wconf 84' lang='lat' dir='ltr'><strong>varietate</strong></span> <span class='ocrx_word' id='word_1_409' title='bbox 2829 1612 3152 1678; x_wconf 87' lang='lat' dir='ltr'><strong>succedunt;</strong></span> <span class='ocrx_word' id='word_1_410' title='bbox 3198 1617 3292 1670; x_wconf 88' lang='lat' dir='ltr'><strong>sed</strong></span> <span class='ocrx_word' id='word_1_411' title='bbox 3341 1617 3395 1670; x_wconf 92' lang='lat' dir='ltr'><strong>in</strong></span> <span class='ocrx_word' id='word_1_412' title='bbox 3436 1619 3616 1674; x_wconf 84' lang='lat' dir='ltr'><strong>anima</strong></span> <span class='ocrx_word' id='word_1_413' title='bbox 3650 1622 3793 1676; x_wconf 87' lang='lat' dir='ltr'><strong>insi-</strong></span> 
     </span>
    </p>
   </div>
   <div class='ocr_carea' id='block_1_59' title="bbox 2206 1696 3795 1783">
    <p class='ocr_par' dir='ltr' id='par_1_59' title="bbox 2206 1696 3795 1783">
     <span class='ocr_line' id='line_1_59' title="bbox 2206 1696 3795 1783; baseline 0.014 -36"><span class='ocrx_word' id='word_1_414' title='bbox 2206 1696 2403 1764; x_wconf 81' lang='lat' dir='ltr'><strong>pientis</strong></span> <span class='ocrx_word' id='word_1_415' title='bbox 2431 1699 2867 1766; x_wconf 87' lang='lat' dir='ltr'><strong>perturbationes</strong></span> <span class='ocrx_word' id='word_1_416' title='bbox 2905 1713 3045 1765; x_wconf 86' lang='lat' dir='ltr'><strong>sunt,</strong></span> <span class='ocrx_word' id='word_1_417' title='bbox 3081 1706 3207 1773; x_wconf 87' lang='lat' dir='ltr'><strong>quia</strong></span> <span class='ocrx_word' id='word_1_418' title='bbox 3250 1721 3345 1777; x_wconf 88' lang='lat' dir='ltr'><strong>per</strong></span> <span class='ocrx_word' id='word_1_419' title='bbox 3386 1724 3478 1765; x_wconf 89' lang='lat' dir='ltr'><strong>eas</strong></span> <span class='ocrx_word' id='word_1_420' title='bbox 3527 1712 3795 1783; x_wconf 80' lang='lat' dir='ltr'><strong>insipiens</strong></span> 
     </span>
    </p>
   </div>
   <div class='ocr_carea' id='block_1_60' title="bbox 2210 1788 3795 1871">
    <p class='ocr_par' dir='ltr' id='par_1_60' title="bbox 2210 1788 3795 1871">
     <span class='ocr_line' id='line_1_60' title="bbox 2210 1788 3795 1871; baseline 0.012 -32"><span class='ocrx_word' id='word_1_421' title='bbox 2210 1788 2573 1857; x_wconf 82' lang='lat' dir='ltr'><strong>perturbatur.</strong></span> <span class='ocrx_word' id='word_1_422' title='bbox 2606 1790 2663 1844; x_wconf 87' lang='lat' dir='ltr'><strong>In</strong></span> <span class='ocrx_word' id='word_1_423' title='bbox 2706 1793 2883 1846; x_wconf 86' lang='lat' dir='ltr'><strong>anima</strong></span> <span class='ocrx_word' id='word_1_424' title='bbox 2931 1796 3193 1863; x_wconf 88' lang='lat' dir='ltr'><strong>sapientis</strong></span> <span class='ocrx_word' id='word_1_425' title='bbox 3226 1814 3333 1853; x_wconf 90' lang='lat' dir='ltr'><strong>non</strong></span> <span class='ocrx_word' id='word_1_426' title='bbox 3367 1809 3475 1854; x_wconf 90' lang='lat' dir='ltr'><strong>tam</strong></span> <span class='ocrx_word' id='word_1_427' title='bbox 3503 1805 3795 1871; x_wconf 86' lang='lat' dir='ltr'><strong>perturba-</strong></span> 
     </span>
    </p>
   </div>
   <div class='ocr_carea' id='block_1_61' title="bbox 2210 1878 3796 1961">
    <p class='ocr_par' dir='ltr' id='par_1_61' title="bbox 2210 1878 3796 1961">
     <span class='ocr_line' id='line_1_61' title="bbox 2210 1878 3796 1961; baseline 0.012 -31"><span class='ocrx_word' id='word_1_428' title='bbox 2210 1878 2383 1932; x_wconf 89' lang='lat' dir='ltr'><strong>tiones</strong></span> <span class='ocrx_word' id='word_1_429' title='bbox 2427 1893 2589 1947; x_wconf 90' lang='lat' dir='ltr'><strong>quam</strong></span> <span class='ocrx_word' id='word_1_430' title='bbox 2640 1880 2952 1939; x_wconf 70' lang='lat' dir='ltr'><strong>affectiones</strong></span> <span class='ocrx_word' id='word_1_431' title='bbox 2983 1896 3262 1952; x_wconf 84' lang='lat' dir='ltr'><strong>vocantur,</strong></span> <span class='ocrx_word' id='word_1_432' title='bbox 3297 1890 3444 1958; x_wconf 89' lang='lat' dir='ltr'><strong>quia,</strong></span> <span class='ocrx_word' id='word_1_433' title='bbox 3476 1906 3544 1945; x_wconf 92' lang='lat' dir='ltr'><strong>ne</strong></span> <span class='ocrx_word' id='word_1_434' title='bbox 3572 1903 3796 1961; x_wconf 85' lang='lat' dir='ltr'><strong>pertur-</strong></span> 
     </span>
    </p>
   </div>
   <div class='ocr_carea' id='block_1_62' title="bbox 2207 1972 3796 2058">
    <p class='ocr_par' dir='ltr' id='par_1_62' title="bbox 2207 1972 3796 2058">
     <span class='ocr_line' id='line_1_62' title="bbox 2207 1972 3796 2058; baseline 0.012 -33"><span class='ocrx_word' id='word_1_435' title='bbox 2207 1972 2357 2036; x_wconf 89' lang='lat' dir='ltr'><strong>bent,</strong></span> <span class='ocrx_word' id='word_1_436' title='bbox 2400 1972 2608 2028; x_wconf 88' lang='lat' dir='ltr'><strong>ratione</strong></span> <span class='ocrx_word' id='word_1_437' title='bbox 2646 1974 2919 2043; x_wconf 76' lang='lat' dir='ltr'><strong>sapientia:</strong></span> <span class='ocrx_word' id='word_1_438' title='bbox 2955 1981 3321 2037; x_wconf 88' lang='lat' dir='ltr'><strong>moderantur.</strong></span> <span class='ocrx_word' id='word_1_439' title='bbox 3364 1983 3573 2041; x_wconf 84' lang='lat' dir='ltr'><strong>Primus</strong></span> <span class='ocrx_word' id='word_1_440' title='bbox 3605 1988 3796 2058; x_wconf 79' lang='lat' dir='ltr'><strong>itaque</strong></span> 
     </span>
    </p>
   </div>
   <div class='ocr_carea' id='block_1_63' title="bbox 2207 2065 3789 2146">
    <p class='ocr_par' dir='ltr' id='par_1_63' title="bbox 2207 2065 3789 2146">
     <span class='ocr_line' id='line_1_63' title="bbox 2207 2065 3789 2146; baseline 0.012 -32"><span class='ocrx_word' id='word_1_441' title='bbox 2207 2065 2676 2132; x_wconf 87' lang='lat' dir='ltr'><strong>perturbationum</strong></span> <span class='ocrx_word' id='word_1_442' title='bbox 2706 2068 2914 2134; x_wconf 89' lang='lat' dir='ltr'><strong>modus,</strong></span> <span class='ocrx_word' id='word_1_443' title='bbox 2941 2085 3166 2140; x_wconf 66' lang='lat' dir='ltr'><strong>cupere;</strong></span> <span class='ocrx_word' id='word_1_444' title='bbox 3193 2075 3481 2140; x_wconf 88' lang='lat' dir='ltr'><strong>secundus,</strong></span> <span class='ocrx_word' id='word_1_445' title='bbox 3506 2087 3789 2146; x_wconf 88' lang='lat' dir='ltr'><strong>metuere;</strong></span> 
     </span>
    </p>
   </div>
   <div class='ocr_carea' id='block_1_64' title="bbox 2210 2157 3789 2239">
    <p class='ocr_par' dir='ltr' id='par_1_64' title="bbox 2210 2157 3789 2239">
     <span class='ocr_line' id='line_1_64' title="bbox 2210 2157 3789 2239; baseline 0.009 -29"><span class='ocrx_word' id='word_1_446' title='bbox 2210 2157 2424 2222; x_wconf 88' lang='lat' dir='ltr'><strong>tertius,</strong></span> <span class='ocrx_word' id='word_1_447' title='bbox 2450 2157 2659 2225; x_wconf 89' lang='lat' dir='ltr'><strong>dolere;</strong></span> <span class='ocrx_word' id='word_1_448' title='bbox 2692 2170 2939 2231; x_wconf 84' lang='lat' dir='ltr'><strong>quartus,</strong></span> <span class='ocrx_word' id='word_1_449' title='bbox 2974 2164 3227 2233; x_wconf 80' lang='lat' dir='ltr'><strong>gaudere.</strong></span> <span class='ocrx_word' id='word_1_450' title='bbox 3264 2163 3371 2221; x_wconf 82' lang='lat' dir='ltr'><strong>Nec</strong></span> <span class='ocrx_word' id='word_1_451' title='bbox 3401 2178 3613 2224; x_wconf 89' lang='lat' dir='ltr'><strong>moveat</strong></span> <span class='ocrx_word' id='word_1_452' title='bbox 3635 2173 3789 2239; x_wconf 87' lang='lat' dir='ltr'><strong>quod</strong></span> 
     </span>
    </p>
   </div>
   <div class='ocr_carea' id='block_1_65' title="bbox 2208 2245 3797 2327">
    <p class='ocr_par' dir='ltr' id='par_1_65' title="bbox 2208 2245 3797 2327">
     <span class='ocr_line' id='line_1_65' title="bbox 2208 2245 3797 2327; baseline 0.011 -28"><span class='ocrx_word' id='word_1_453' title='bbox 2208 2245 2340 2299; x_wconf 90' lang='lat' dir='ltr'><strong>istos</strong></span> <span class='ocrx_word' id='word_1_454' title='bbox 2363 2247 2825 2316; x_wconf 86' lang='lat' dir='ltr'><strong>perturbationum</strong></span> <span class='ocrx_word' id='word_1_455' title='bbox 2862 2252 3047 2307; x_wconf 90' lang='lat' dir='ltr'><strong>modos</strong></span> <span class='ocrx_word' id='word_1_456' title='bbox 3072 2269 3175 2307; x_wconf 90' lang='lat' dir='ltr'><strong>non</strong></span> <span class='ocrx_word' id='word_1_457' title='bbox 3215 2269 3280 2308; x_wconf 91' lang='lat' dir='ltr'><strong>eo</strong></span> <span class='ocrx_word' id='word_1_458' title='bbox 3305 2256 3493 2312; x_wconf 89' lang='lat' dir='ltr'><strong>ordine</strong></span> <span class='ocrx_word' id='word_1_459' title='bbox 3513 2261 3797 2327; x_wconf 78' lang='lat' dir='ltr'><strong>posuimus</strong></span> 
     </span>
    </p>
   </div>
   <div class='ocr_carea' id='block_1_66' title="bbox 2208 2339 3797 2424">
    <p class='ocr_par' dir='ltr' id='par_1_66' title="bbox 2208 2339 3797 2424">
     <span class='ocr_line' id='line_1_66' title="bbox 2208 2339 3797 2424; baseline 0.012 -32"><span class='ocrx_word' id='word_1_460' title='bbox 2208 2354 2314 2408; x_wconf 89' lang='lat' dir='ltr'><strong>quo</strong></span> <span class='ocrx_word' id='word_1_461' title='bbox 2363 2339 2482 2394; x_wconf 91' lang='lat' dir='ltr'><strong>illos</strong></span> <span class='ocrx_word' id='word_1_462' title='bbox 2531 2342 2803 2398; x_wconf 69' lang='lat' dir='ltr'><strong>saecularis</strong></span> <span class='ocrx_word' id='word_1_463' title='bbox 2850 2354 3007 2414; x_wconf 89' lang='lat' dir='ltr'><strong>poeta</strong></span> <span class='ocrx_word' id='word_1_464' title='bbox 3057 2346 3271 2410; x_wconf 86' lang='lat' dir='ltr'><strong>locavit,</strong></span> <span class='ocrx_word' id='word_1_465' title='bbox 3321 2350 3445 2421; x_wconf 86' lang='lat' dir='ltr'><strong>quia</strong></span> <span class='ocrx_word' id='word_1_466' title='bbox 3494 2350 3797 2424; x_wconf 73' lang='lat' dir='ltr'><strong>Scriptura:</strong></span> 
     </span>
    </p>
   </div>
   <div class='ocr_carea' id='block_1_67' title="bbox 2208 2431 3797 2513">
    <p class='ocr_par' dir='ltr' id='par_1_67' title="bbox 2208 2431 3797 2513">
     <span class='ocr_line' id='line_1_67' title="bbox 2208 2431 3797 2513; baseline 0.013 -33"><span class='ocrx_word' id='word_1_467' title='bbox 2208 2436 2409 2483; x_wconf 71' lang='lat' dir='ltr'><strong>nostra:</strong></span> <span class='ocrx_word' id='word_1_468' title='bbox 2438 2431 2815 2486; x_wconf 88' lang='lat' dir='ltr'><strong>auctoritatem</strong></span> <span class='ocrx_word' id='word_1_469' title='bbox 2862 2434 3167 2504; x_wconf 78' lang='lat' dir='ltr'><strong>indicamus</strong></span> <span class='ocrx_word' id='word_1_470' title='bbox 3218 2440 3516 2509; x_wconf 89' lang='lat' dir='ltr'><strong>potiorem,</strong></span> <span class='ocrx_word' id='word_1_471' title='bbox 3564 2443 3617 2497; x_wconf 91' lang='lat' dir='ltr'><strong>in</strong></span> <span class='ocrx_word' id='word_1_472' title='bbox 3679 2461 3797 2513; x_wconf 78' lang='lat' dir='ltr'><strong>qua</strong></span> 
     </span>
    </p>
   </div>
   <div class='ocr_carea' id='block_1_68' title="bbox 2208 2516 3790 2597">
    <p class='ocr_par' dir='ltr' id='par_1_68' title="bbox 2208 2516 3790 2597">
     <span class='ocr_line' id='line_1_68' title="bbox 2208 2516 3790 2597; baseline 0.011 -28"><span class='ocrx_word' id='word_1_473' title='bbox 2208 2516 2404 2586; x_wconf 84' lang='lat' dir='ltr'><strong>legitur</strong></span> <span class='ocrx_word' id='word_1_474' title='bbox 2430 2536 2444 2572; x_wconf 90' lang='lat'><strong>:</strong></span> <span class='ocrx_word' id='word_1_475' title='bbox 2480 2517 2651 2575; x_wconf 72' lang='lat' dir='ltr'><strong>Radix</strong></span> <span class='ocrx_word' id='word_1_476' title='bbox 2675 2522 2907 2576; x_wconf 83' lang='lat' dir='ltr'><strong>omnium</strong></span> <span class='ocrx_word' id='word_1_477' title='bbox 2940 2524 3197 2580; x_wconf 86' lang='lat' dir='ltr'><strong>malorum</strong></span> <span class='ocrx_word' id='word_1_478' title='bbox 3238 2530 3515 2597; x_wconf 81' lang='lat' dir='ltr'><strong>cupiditas.</strong></span> <span class='ocrx_word' id='word_1_479' title='bbox 3543 2530 3649 2585; x_wconf 86' lang='lat' dir='ltr'><strong>Sed</strong></span> <span class='ocrx_word' id='word_1_480' title='bbox 3680 2549 3790 2589; x_wconf 85' lang='lat' dir='ltr'><strong>nec</strong></span> 
     </span>
    </p>
   </div>
   <div class='ocr_carea' id='block_1_69' title="bbox 2208 2607 3792 2686">
    <p class='ocr_par' dir='ltr' id='par_1_69' title="bbox 2208 2607 3792 2686">
     <span class='ocr_line' id='line_1_69' title="bbox 2208 2607 3792 2686; baseline 0.011 -25"><span class='ocrx_word' id='word_1_481' title='bbox 2208 2607 2306 2676; x_wconf 87' lang='lat' dir='ltr'><strong>ipsi</strong></span> <span class='ocrx_word' id='word_1_482' title='bbox 2359 2609 2449 2677; x_wconf 90' lang='lat' dir='ltr'><strong>qui</strong></span> <span class='ocrx_word' id='word_1_483' title='bbox 2499 2609 2639 2664; x_wconf 89' lang='lat' dir='ltr'><strong>inter</strong></span> <span class='ocrx_word' id='word_1_484' title='bbox 2686 2612 2865 2666; x_wconf 67' lang='lat' dir='ltr'><strong>saeculi</strong></span> <span class='ocrx_word' id='word_1_485' title='bbox 2921 2615 3191 2685; x_wconf 86' lang='lat' dir='ltr'><strong>sapientes</strong></span> <span class='ocrx_word' id='word_1_486' title='bbox 3238 2618 3537 2686; x_wconf 80' lang='lat' dir='ltr'><strong>habentur,</strong></span> <span class='ocrx_word' id='word_1_487' title='bbox 3590 2621 3792 2677; x_wconf 84' lang='lat' dir='ltr'><strong>eodem</strong></span> 
     </span>
    </p>
   </div>
   <div class='ocr_carea' id='block_1_70' title="bbox 2208 2696 3798 2774">
    <p class='ocr_par' dir='ltr' id='par_1_70' title="bbox 2208 2696 3798 2774">
     <span class='ocr_line' id='line_1_70' title="bbox 2208 2696 3798 2774; baseline 0.013 -25"><span class='ocrx_word' id='word_1_488' title='bbox 2208 2696 2326 2749; x_wconf 89' lang='lat' dir='ltr'><strong>illos</strong></span> <span class='ocrx_word' id='word_1_489' title='bbox 2366 2698 2557 2752; x_wconf 86' lang='lat' dir='ltr'><strong>ordine</strong></span> <span class='ocrx_word' id='word_1_490' title='bbox 2597 2700 2650 2753; x_wconf 89' lang='lat' dir='ltr'><strong>in</strong></span> <span class='ocrx_word' id='word_1_491' title='bbox 2681 2700 2832 2755; x_wconf 88' lang='lat' dir='ltr'><strong>libris</strong></span> <span class='ocrx_word' id='word_1_492' title='bbox 2861 2704 2972 2759; x_wconf 90' lang='lat' dir='ltr'><strong>suis</strong></span> <span class='ocrx_word' id='word_1_493' title='bbox 3000 2718 3322 2774; x_wconf 83' lang='lat' dir='ltr'><strong>posuerunt,</strong></span> <span class='ocrx_word' id='word_1_494' title='bbox 3348 2719 3443 2764; x_wconf 89' lang='lat' dir='ltr'><strong>aut</strong></span> <span class='ocrx_word' id='word_1_495' title='bbox 3469 2711 3657 2767; x_wconf 86' lang='lat' dir='ltr'><strong>iisdem</strong></span> <span class='ocrx_word' id='word_1_496' title='bbox 3689 2728 3798 2768; x_wconf 89' lang='lat' dir='ltr'><strong>no-</strong></span> 
     </span>
    </p>
   </div>
   <div class='ocr_carea' id='block_1_71' title="bbox 2207 2788 3797 2873">
    <p class='ocr_par' dir='ltr' id='par_1_71' title="bbox 2207 2788 3797 2873">
     <span class='ocr_line' id='line_1_71' title="bbox 2207 2788 3797 2873; baseline 0.011 -32"><span class='ocrx_word' id='word_1_497' title='bbox 2207 2788 2443 2843; x_wconf 86' lang='lat' dir='ltr'><strong>minibus</strong></span> <span class='ocrx_word' id='word_1_498' title='bbox 2475 2805 2941 2863; x_wconf 83' lang='lat' dir='ltr'><strong>nuncupaverunt.</strong></span> <span class='ocrx_word' id='word_1_499' title='bbox 2995 2797 3134 2853; x_wconf 87' lang='lat' dir='ltr'><strong>Ecce</strong></span> <span class='ocrx_word' id='word_1_500' title='bbox 3176 2801 3374 2855; x_wconf 89' lang='lat' dir='ltr'><strong>ctenim</strong></span> <span class='ocrx_word' id='word_1_501' title='bbox 3415 2818 3552 2857; x_wconf 83' lang='lat' dir='ltr'><strong>unus</strong></span> <span class='ocrx_word' id='word_1_502' title='bbox 3577 2819 3797 2873; x_wconf 85' lang='lat' dir='ltr'><strong>eorum,</strong></span> 
     </span>
    </p>
   </div>
   <div class='ocr_carea' id='block_1_72' title="bbox 2207 2880 3798 2958">
    <p class='ocr_par' dir='ltr' id='par_1_72' title="bbox 2207 2880 3798 2958">
     <span class='ocr_line' id='line_1_72' title="bbox 2207 2880 3798 2958; baseline 0.013 -25"><span class='ocrx_word' id='word_1_503' title='bbox 2207 2894 2328 2933; x_wconf 89' lang='lat' dir='ltr'><strong>cum</strong></span> <span class='ocrx_word' id='word_1_504' title='bbox 2360 2880 2428 2936; x_wconf 90' lang='lat' dir='ltr'><strong>de</strong></span> <span class='ocrx_word' id='word_1_505' title='bbox 2479 2883 2764 2940; x_wconf 86' lang='lat' dir='ltr'><strong>animabus</strong></span> <span class='ocrx_word' id='word_1_506' title='bbox 2809 2902 3039 2958; x_wconf 86' lang='lat' dir='ltr'><strong>corpore</strong></span> <span class='ocrx_word' id='word_1_507' title='bbox 3082 2892 3259 2949; x_wconf 73' lang='lat' dir='ltr'><strong>exutis</strong></span> <span class='ocrx_word' id='word_1_508' title='bbox 3308 2895 3598 2951; x_wconf 88' lang='lat' dir='ltr'><strong>secundum</strong></span> <span class='ocrx_word' id='word_1_509' title='bbox 3633 2912 3798 2953; x_wconf 87' lang='lat' dir='ltr'><strong>suam</strong></span> 
     </span>
    </p>
   </div>
   <div class='ocr_carea' id='block_1_73' title="bbox 2207 2973 2903 3048">
    <p class='ocr_par' dir='ltr' id='par_1_73' title="bbox 2207 2973 2903 3048">
     <span class='ocr_line' id='line_1_73' title="bbox 2207 2973 2903 3048; baseline 0.016 -26"><span class='ocrx_word' id='word_1_510' title='bbox 2207 2973 2516 3038; x_wconf 73' lang='lat' dir='ltr'><strong>Opinionem</strong></span> <span class='ocrx_word' id='word_1_511' title='bbox 2546 2988 2749 3048; x_wconf 87' lang='lat' dir='ltr'><strong>ageret,</strong></span> <span class='ocrx_word' id='word_1_512' title='bbox 2782 2979 2859 3033; x_wconf 88' lang='lat' dir='ltr'><strong>ait</strong></span> <span class='ocrx_word' id='word_1_513' title='bbox 2888 2996 2903 3033; x_wconf 89' lang='lat'><strong>:</strong></span> 
     </span>
    </p>
   </div>
   <div class='ocr_carea' id='block_1_74' title="bbox 2133 3103 3677 3182">
    <p class='ocr_par' dir='ltr' id='par_1_74' title="bbox 2133 3103 3677 3182">
     <span class='ocr_line' id='line_1_74' title="bbox 2133 3103 3677 3182; baseline 0.012 -31"><span class='ocrx_word' id='word_1_514' title='bbox 2133 3103 2179 3165; x_wconf 86' lang='lat' dir='ltr'><strong>C</strong></span> <span class='ocrx_word' id='word_1_515' title='bbox 2258 3104 2384 3155; x_wconf 82' lang='lat' dir='ltr'><strong>Hinc</strong></span> <span class='ocrx_word' id='word_1_516' title='bbox 2406 3113 2656 3170; x_wconf 86' lang='lat' dir='ltr'><strong>metuunt,</strong></span> <span class='ocrx_word' id='word_1_517' title='bbox 2675 3112 2997 3175; x_wconf 79' lang='lat' dir='ltr'><strong>cupiuntque,</strong></span> <span class='ocrx_word' id='word_1_518' title='bbox 3024 3111 3211 3176; x_wconf 86' lang='lat' dir='ltr'><strong>dolent,</strong></span> <span class='ocrx_word' id='word_1_519' title='bbox 3233 3117 3568 3182; x_wconf 75' lang='lat' dir='ltr'><strong>gaudentque,</strong></span> <span class='ocrx_word' id='word_1_520' title='bbox 3595 3125 3677 3170; x_wconf 84' lang='lat' dir='ltr'><strong>etc</strong></span> 
     </span>
    </p>
   </div>
   <div class='ocr_carea' id='block_1_75' title="bbox 2209 3226 3798 3314">
    <p class='ocr_par' dir='ltr' id='par_1_75' title="bbox 2209 3226 3798 3314">
     <span class='ocr_line' id='line_1_75' title="bbox 2209 3226 3798 3314; baseline 0.012 -34"><span class='ocrx_word' id='word_1_521' title='bbox 2209 3226 2361 3283; x_wconf 78' lang='lat' dir='ltr'><strong>Alius</strong></span> <span class='ocrx_word' id='word_1_522' title='bbox 2388 3237 2589 3298; x_wconf 85' lang='lat' dir='ltr'><strong>autem,</strong></span> <span class='ocrx_word' id='word_1_523' title='bbox 2620 3232 2712 3302; x_wconf 91' lang='lat' dir='ltr'><strong>qui</strong></span> <span class='ocrx_word' id='word_1_524' title='bbox 2743 3232 2798 3288; x_wconf 91' lang='lat' dir='ltr'><strong>in</strong></span> <span class='ocrx_word' id='word_1_525' title='bbox 2838 3235 3040 3292; x_wconf 90' lang='lat' dir='ltr'><strong>scholis</strong></span> <span class='ocrx_word' id='word_1_526' title='bbox 3076 3237 3427 3297; x_wconf 63' lang='lat' dir='ltr'><strong>saecularibus</strong></span> <span class='ocrx_word' id='word_1_527' title='bbox 3462 3239 3679 3314; x_wconf 86' lang='lat' dir='ltr'><strong>legitur,</strong></span> <span class='ocrx_word' id='word_1_528' title='bbox 3716 3244 3798 3299; x_wconf 82' lang='lat' dir='ltr'><strong>ita</strong></span> 
     </span>
    </p>
   </div>
   <div class='ocr_carea' id='block_1_76' title="bbox 2210 3319 2434 3388">
    <p class='ocr_par' dir='ltr' id='par_1_76' title="bbox 2210 3319 2434 3388">
     <span class='ocr_line' id='line_1_76' title="bbox 2210 3319 2434 3388; baseline 0.009 -16"><span class='ocrx_word' id='word_1_529' title='bbox 2210 3319 2389 3388; x_wconf 87' lang='lat' dir='ltr'><strong>posuit</strong></span> <span class='ocrx_word' id='word_1_530' title='bbox 2421 3338 2434 3374; x_wconf 89' lang='lat'><strong>:</strong></span> 
     </span>
    </p>
   </div>
   <div class='ocr_carea' id='block_1_77' title="bbox 3194 3437 3544 3500">
    <p class='ocr_par' dir='ltr' id='par_1_77' title="bbox 3194 3437 3544 3500">
     <span class='ocr_line' id='line_1_77' title="bbox 3194 3437 3544 3500; baseline 0.011 -16"><span class='ocrx_word' id='word_1_531' title='bbox 3194 3437 3368 3498; x_wconf 77' lang='lat' dir='ltr'><strong>gaudia</strong></span> <span class='ocrx_word' id='word_1_532' title='bbox 3392 3437 3544 3500; x_wconf 81' lang='lat' dir='ltr'><strong>pelle,</strong></span> 
     </span>
    </p>
   </div>
   <div class='ocr_carea' id='block_1_78' title="bbox 2265 3488 3573 3559">
    <p class='ocr_par' dir='ltr' id='par_1_78' title="bbox 2265 3488 3573 3559">
     <span class='ocr_line' id='line_1_78' title="bbox 2265 3488 3573 3559; baseline 0.01 -21"><span class='ocrx_word' id='word_1_533' title='bbox 2265 3488 2406 3540; x_wconf 86' lang='lat' dir='ltr'><strong>Pelle</strong></span> <span class='ocrx_word' id='word_1_534' title='bbox 2425 3492 2675 3555; x_wconf 84' lang='lat' dir='ltr'><strong>timorem;</strong></span> <span class='ocrx_word' id='word_1_535' title='bbox 2703 3506 2940 3557; x_wconf 84' lang='lat' dir='ltr'><strong>spemque</strong></span> <span class='ocrx_word' id='word_1_536' title='bbox 2966 3495 3149 3559; x_wconf 75' lang='lat' dir='ltr'><strong>fugato,</strong></span> <span class='ocrx_word' id='word_1_537' title='bbox 3173 3488 3265 3547; x_wconf 68' lang='lat' dir='ltr'><strong>tice</strong></span> <span class='ocrx_word' id='word_1_538' title='bbox 3282 3488 3415 3549; x_wconf 73' lang='lat' dir='ltr'><strong>delci-</strong></span> <span class='ocrx_word' id='word_1_539' title='bbox 3441 3488 3573 3551; x_wconf 25' lang='lat' dir='ltr'><strong>adsit.</strong></span> 
     </span>
    </p>
   </div>
   <div class='ocr_carea' id='block_1_79' title="bbox 2212 3594 3803 3672">
    <p class='ocr_par' dir='ltr' id='par_1_79' title="bbox 2212 3594 3803 3672">
     <span class='ocr_line' id='line_1_79' title="bbox 2212 3594 3803 3672; baseline 0.006 -24"><span class='ocrx_word' id='word_1_540' title='bbox 2212 3594 2349 3649; x_wconf 86' lang='lat' dir='ltr'><strong>Ecce</strong></span> <span class='ocrx_word' id='word_1_541' title='bbox 2387 3597 2529 3665; x_wconf 91' lang='lat' dir='ltr'><strong>quod</strong></span> <span class='ocrx_word' id='word_1_542' title='bbox 2563 3596 2650 3651; x_wconf 89' lang='lat' dir='ltr'><strong>ille</strong></span> <span class='ocrx_word' id='word_1_543' title='bbox 2686 3597 2955 3661; x_wconf 85' lang='lat' dir='ltr'><strong>ultimum,</strong></span> <span class='ocrx_word' id='word_1_544' title='bbox 3001 3600 3102 3654; x_wconf 89' lang='lat' dir='ltr'><strong>iste</strong></span> <span class='ocrx_word' id='word_1_545' title='bbox 3141 3600 3317 3670; x_wconf 88' lang='lat' dir='ltr'><strong>posuit</strong></span> <span class='ocrx_word' id='word_1_546' title='bbox 3351 3601 3616 3670; x_wconf 87' lang='lat' dir='ltr'><strong>primum;</strong></span> <span class='ocrx_word' id='word_1_547' title='bbox 3645 3605 3803 3672; x_wconf 83' lang='lat' dir='ltr'><strong>quod</strong></span> 
     </span>
    </p>
   </div>
   <div class='ocr_carea' id='block_1_80' title="bbox 2213 3674 3806 3758">
    <p class='ocr_par' dir='ltr' id='par_1_80' title="bbox 2213 3674 3806 3758">
     <span class='ocr_line' id='line_1_80' title="bbox 2213 3674 3806 3758; baseline 0.005 -20"><span class='ocrx_word' id='word_1_548' title='bbox 2213 3685 2304 3738; x_wconf 90' lang='lat' dir='ltr'><strong>ille</strong></span> <span class='ocrx_word' id='word_1_549' title='bbox 2349 3674 2604 3754; x_wconf 81' lang='lat' dir='ltr'><strong>primum,</strong></span> <span class='ocrx_word' id='word_1_550' title='bbox 2637 3686 2736 3740; x_wconf 90' lang='lat' dir='ltr'><strong>iste</strong></span> <span class='ocrx_word' id='word_1_551' title='bbox 2784 3687 3108 3755; x_wconf 86' lang='lat' dir='ltr'><strong>secundum;</strong></span> <span class='ocrx_word' id='word_1_552' title='bbox 3145 3691 3286 3758; x_wconf 87' lang='lat' dir='ltr'><strong>quod</strong></span> <span class='ocrx_word' id='word_1_553' title='bbox 3332 3690 3421 3744; x_wconf 88' lang='lat' dir='ltr'><strong>ille</strong></span> <span class='ocrx_word' id='word_1_554' title='bbox 3471 3693 3806 3758; x_wconf 88' lang='lat' dir='ltr'><strong>secundum,</strong></span> 
     </span>
    </p>
   </div>
   <div class='ocr_carea' id='block_1_81' title="bbox 2214 3776 3811 3851">
    <p class='ocr_par' dir='ltr' id='par_1_81' title="bbox 2214 3776 3811 3851">
     <span class='ocr_line' id='line_1_81' title="bbox 2214 3776 3811 3851; baseline 0.006 -22"><span class='ocrx_word' id='word_1_555' title='bbox 2214 3776 2336 3841; x_wconf 86' lang='lat' dir='ltr'><strong>iste,</strong></span> <span class='ocrx_word' id='word_1_556' title='bbox 2374 3786 2581 3832; x_wconf 88' lang='lat' dir='ltr'><strong>mutato</strong></span> <span class='ocrx_word' id='word_1_557' title='bbox 2614 3779 2731 3834; x_wconf 89' lang='lat' dir='ltr'><strong>loco</strong></span> <span class='ocrx_word' id='word_1_558' title='bbox 2753 3788 2808 3834; x_wconf 90' lang='lat' dir='ltr'><strong>et</strong></span> <span class='ocrx_word' id='word_1_559' title='bbox 2855 3783 3092 3844; x_wconf 88' lang='lat' dir='ltr'><strong>nomine,</strong></span> <span class='ocrx_word' id='word_1_560' title='bbox 3126 3783 3304 3851; x_wconf 88' lang='lat' dir='ltr'><strong>posuit</strong></span> <span class='ocrx_word' id='word_1_561' title='bbox 3346 3783 3581 3838; x_wconf 89' lang='lat' dir='ltr'><strong>tertium.</strong></span> <span class='ocrx_word' id='word_1_562' title='bbox 3635 3786 3811 3840; x_wconf 75' lang='lat' dir='ltr'><strong>Dolor</strong></span> 
     </span>
    </p>
   </div>
   <div class='ocr_carea' id='block_1_82' title="bbox 2214 3869 3809 3941">
    <p class='ocr_par' dir='ltr' id='par_1_82' title="bbox 2214 3869 3809 3941">
     <span class='ocr_line' id='line_1_82' title="bbox 2214 3869 3809 3941; baseline 0.006 -22"><span class='ocrx_word' id='word_1_563' title='bbox 2214 3876 2392 3921; x_wconf 87' lang='lat' dir='ltr'><strong>antem</strong></span> <span class='ocrx_word' id='word_1_564' title='bbox 2441 3869 2532 3937; x_wconf 91' lang='lat' dir='ltr'><strong>qui</strong></span> <span class='ocrx_word' id='word_1_565' title='bbox 2573 3870 2660 3924; x_wconf 88' lang='lat' dir='ltr'><strong>hic</strong></span> <span class='ocrx_word' id='word_1_566' title='bbox 2691 3879 2881 3939; x_wconf 87' lang='lat' dir='ltr'><strong>quarto</strong></span> <span class='ocrx_word' id='word_1_567' title='bbox 2925 3871 3045 3926; x_wconf 91' lang='lat' dir='ltr'><strong>loco</strong></span> <span class='ocrx_word' id='word_1_568' title='bbox 3088 3880 3169 3925; x_wconf 87' lang='lat' dir='ltr'><strong>est</strong></span> <span class='ocrx_word' id='word_1_569' title='bbox 3192 3873 3418 3941; x_wconf 87' lang='lat' dir='ltr'><strong>positus,</strong></span> <span class='ocrx_word' id='word_1_570' title='bbox 3451 3873 3522 3927; x_wconf 91' lang='lat' dir='ltr'><strong>ibi</strong></span> <span class='ocrx_word' id='word_1_571' title='bbox 3553 3873 3605 3927; x_wconf 90' lang='lat' dir='ltr'><strong>in</strong></span> <span class='ocrx_word' id='word_1_572' title='bbox 3636 3875 3809 3929; x_wconf 87' lang='lat' dir='ltr'><strong>tertio</strong></span> 
     </span>
    </p>
   </div>
   <div class='ocr_carea' id='block_1_83' title="bbox 2215 3958 3809 4032">
    <p class='ocr_par' dir='ltr' id='par_1_83' title="bbox 2215 3958 3809 4032">
     <span class='ocr_line' id='line_1_83' title="bbox 2215 3958 3809 4032; baseline 0.005 -23"><span class='ocrx_word' id='word_1_573' title='bbox 2215 3958 2449 4025; x_wconf 88' lang='lat' dir='ltr'><strong>ponitur.</strong></span> <span class='ocrx_word' id='word_1_574' title='bbox 2481 3958 2598 4012; x_wconf 85' lang='lat' dir='ltr'><strong>Jam</strong></span> <span class='ocrx_word' id='word_1_575' title='bbox 2630 3968 2806 4014; x_wconf 88' lang='lat' dir='ltr'><strong>autem</strong></span> <span class='ocrx_word' id='word_1_576' title='bbox 2837 3976 3021 4015; x_wconf 87' lang='lat' dir='ltr'><strong>verum</strong></span> <span class='ocrx_word' id='word_1_577' title='bbox 3043 3970 3255 4016; x_wconf 88' lang='lat' dir='ltr'><strong>constat</strong></span> <span class='ocrx_word' id='word_1_578' title='bbox 3279 3963 3420 4032; x_wconf 89' lang='lat' dir='ltr'><strong>quod</strong></span> <span class='ocrx_word' id='word_1_579' title='bbox 3456 3963 3538 4017; x_wconf 89' lang='lat' dir='ltr'><strong>his</strong></span> <span class='ocrx_word' id='word_1_580' title='bbox 3560 3972 3809 4031; x_wconf 86' lang='lat' dir='ltr'><strong>quatuor</strong></span> 
     </span>
    </p>
   </div>
   <div class='ocr_carea' id='block_1_84' title="bbox 2216 4049 3809 4121">
    <p class='ocr_par' dir='ltr' id='par_1_84' title="bbox 2216 4049 3809 4121">
     <span class='ocr_line' id='line_1_84' title="bbox 2216 4049 3809 4121; baseline 0.006 -22"><span class='ocrx_word' id='word_1_581' title='bbox 2216 4049 2736 4114; x_wconf 88' lang='lat' dir='ltr'><strong>perturbationibus,</strong></span> <span class='ocrx_word' id='word_1_582' title='bbox 2753 4049 2907 4119; x_wconf 89' lang='lat' dir='ltr'><strong>quasi</strong></span> <span class='ocrx_word' id='word_1_583' title='bbox 2933 4060 3164 4120; x_wconf 86' lang='lat' dir='ltr'><strong>quatuor</strong></span> <span class='ocrx_word' id='word_1_584' title='bbox 3184 4053 3648 4121; x_wconf 86' lang='lat' dir='ltr'><strong>qualernionibus,</strong></span> <span class='ocrx_word' id='word_1_585' title='bbox 3664 4054 3809 4109; x_wconf 82' lang='lat' dir='ltr'><strong>insi-</strong></span> 
     </span>
    </p>
   </div>
   <div class='ocr_carea' id='block_1_85' title="bbox 2216 4141 3811 4210">
    <p class='ocr_par' dir='ltr' id='par_1_85' title="bbox 2216 4141 3811 4210">
     <span class='ocr_line' id='line_1_85' title="bbox 2216 4141 3811 4210; baseline 0.008 -17"><span class='ocrx_word' id='word_1_586' title='bbox 2216 4141 2367 4210; x_wconf 76' lang='lat' dir='ltr'><strong>piens</strong></span> <span class='ocrx_word' id='word_1_587' title='bbox 2395 4141 2446 4194; x_wconf 93' lang='lat' dir='ltr'><strong>in</strong></span> <span class='ocrx_word' id='word_1_588' title='bbox 2478 4142 2806 4198; x_wconf 79' lang='lat' dir='ltr'><strong>inﬁdelitatis</strong></span> <span class='ocrx_word' id='word_1_589' title='bbox 2833 4160 3053 4200; x_wconf 84' lang='lat' dir='ltr'><strong>carcere</strong></span> <span class='ocrx_word' id='word_1_590' title='bbox 3087 4149 3418 4202; x_wconf 88' lang='lat' dir='ltr'><strong>custodiatur</strong></span> <span class='ocrx_word' id='word_1_591' title='bbox 3450 4148 3711 4203; x_wconf 84' lang='lat' dir='ltr'><strong>inclusus.</strong></span> <span class='ocrx_word' id='word_1_592' title='bbox 3738 4148 3811 4205; x_wconf 81' lang='lat' dir='ltr'><strong>Et</strong></span> 
     </span>
    </p>
   </div>
   <div class='ocr_carea' id='block_1_86' title="bbox 2217 4231 3807 4307">
    <p class='ocr_par' dir='ltr' id='par_1_86' title="bbox 2217 4231 3807 4307">
     <span class='ocr_line' id='line_1_86' title="bbox 2217 4231 3807 4307; baseline 0.01 -26"><span class='ocrx_word' id='word_1_593' title='bbox 2217 4240 2399 4298; x_wconf 86' lang='lat' dir='ltr'><strong>poeta,</strong></span> <span class='ocrx_word' id='word_1_594' title='bbox 2429 4231 2480 4285; x_wconf 93' lang='lat' dir='ltr'><strong>in</strong></span> <span class='ocrx_word' id='word_1_595' title='bbox 2531 4234 2718 4287; x_wconf 88' lang='lat' dir='ltr'><strong>eodem</strong></span> <span class='ocrx_word' id='word_1_596' title='bbox 2754 4234 2894 4299; x_wconf 87' lang='lat' dir='ltr'><strong>loco,</strong></span> <span class='ocrx_word' id='word_1_597' title='bbox 2928 4235 3097 4306; x_wconf 89' lang='lat' dir='ltr'><strong>ipsius</strong></span> <span class='ocrx_word' id='word_1_598' title='bbox 3128 4251 3341 4307; x_wconf 90' lang='lat' dir='ltr'><strong>quoque</strong></span> <span class='ocrx_word' id='word_1_599' title='bbox 3378 4239 3615 4295; x_wconf 85' lang='lat' dir='ltr'><strong>carceris</strong></span> <span class='ocrx_word' id='word_1_600' title='bbox 3656 4238 3807 4296; x_wconf 81' lang='lat' dir='ltr'><strong>fece-</strong></span> 
     </span>
    </p>
   </div>
   <div class='ocr_carea' id='block_1_87' title="bbox 2219 4323 2988 4389">
    <p class='ocr_par' dir='ltr' id='par_1_87' title="bbox 2219 4323 2988 4389">
     <span class='ocr_line' id='line_1_87' title="bbox 2219 4323 2988 4389; baseline 0.009 -15"><span class='ocrx_word' id='word_1_601' title='bbox 2219 4332 2304 4375; x_wconf 87' lang='lat' dir='ltr'><strong>rat</strong></span> <span class='ocrx_word' id='word_1_602' title='bbox 2326 4323 2671 4389; x_wconf 83' lang='lat' dir='ltr'><strong>mentionem,</strong></span> <span class='ocrx_word' id='word_1_603' title='bbox 2696 4325 2770 4379; x_wconf 88' lang='lat' dir='ltr'><strong>ait</strong></span> <span class='ocrx_word' id='word_1_604' title='bbox 2796 4328 2939 4380; x_wconf 89' lang='lat' dir='ltr'><strong>euim</strong></span> <span class='ocrx_word' id='word_1_605' title='bbox 2975 4345 2988 4381; x_wconf 90' lang='lat'><strong>:</strong></span> 
     </span>
    </p>
   </div>
   <div class='ocr_carea' id='block_1_88' title="bbox 530 4412 3811 4503">
    <p class='ocr_par' dir='ltr' id='par_1_88' title="bbox 530 4412 3811 4503">
     <span class='ocr_line' id='line_1_88' title="bbox 530 4412 3811 4503; baseline 0.008 -36"><span class='ocrx_word' id='word_1_606' title='bbox 530 4412 708 4467; x_wconf 85' lang='lat' dir='ltr'><strong>ternio</strong></span> <span class='ocrx_word' id='word_1_607' title='bbox 754 4421 986 4481; x_wconf 87' lang='lat' dir='ltr'><strong>quatuor</strong></span> <span class='ocrx_word' id='word_1_608' title='bbox 1024 4415 1124 4469; x_wconf 86' lang='lat' dir='ltr'><strong>sub</strong></span> <span class='ocrx_word' id='word_1_609' title='bbox 1168 4430 1226 4470; x_wconf 92' lang='lat' dir='ltr'><strong>se</strong></span> <span class='ocrx_word' id='word_1_610' title='bbox 1273 4416 1470 4471; x_wconf 82' lang='lat' dir='ltr'><strong>milites</strong></span> <span class='ocrx_word' id='word_1_611' title='bbox 1508 4418 1688 4486; x_wconf 88' lang='lat' dir='ltr'><strong>habet,</strong></span> <span class='ocrx_word' id='word_1_612' title='bbox 1731 4428 1963 4488; x_wconf 86' lang='lat' dir='ltr'><strong>quatuor</strong></span> <span class='ocrx_word' id='word_1_613' title='bbox 1986 4436 2117 4489; x_wconf 87' lang='lat' dir='ltr'><strong>qua-</strong></span> <span class='ocrx_word' id='word_1_614' title='bbox 2147 4439 2195 4497; x_wconf 69' lang='grc' dir='ltr'><strong>ί)</strong></span> <span class='ocrx_word' id='word_1_615' title='bbox 2280 4429 2399 4503; x_wconf 72' lang='lat' dir='ltr'><strong>ttinc</strong></span> <span class='ocrx_word' id='word_1_616' title='bbox 2418 4438 3811 4503; x_wconf 55' lang='lat' dir='ltr'><strong>metuunt,copiunlque,dnlent,pudeatque,necaturas</strong></span> 
     </span>
    </p>
   </div>
   <div class='ocr_carea' id='block_1_89' title="bbox 534 4506 2115 4582">
    <p class='ocr_par' dir='ltr' id='par_1_89' title="bbox 534 4506 2115 4582">
     <span class='ocr_line' id='line_1_89' title="bbox 534 4506 2115 4582; baseline 0.004 -22"><span class='ocrx_word' id='word_1_617' title='bbox 534 4506 807 4560; x_wconf 88' lang='lat' dir='ltr'><strong>ternioncs</strong></span> <span class='ocrx_word' id='word_1_618' title='bbox 836 4521 961 4560; x_wconf 90' lang='lat' dir='ltr'><strong>cum</strong></span> <span class='ocrx_word' id='word_1_619' title='bbox 1003 4507 1105 4561; x_wconf 88' lang='lat' dir='ltr'><strong>sibi</strong></span> <span class='ocrx_word' id='word_1_620' title='bbox 1140 4509 1395 4578; x_wconf 80' lang='lat' dir='ltr'><strong>subjectis</strong></span> <span class='ocrx_word' id='word_1_621' title='bbox 1426 4509 1707 4578; x_wconf 87' lang='lat' dir='ltr'><strong>militibus,</strong></span> <span class='ocrx_word' id='word_1_622' title='bbox 1745 4511 1903 4565; x_wconf 91' lang='lat' dir='ltr'><strong>simul</strong></span> <span class='ocrx_word' id='word_1_623' title='bbox 1929 4513 2115 4582; x_wconf 81' lang='lat' dir='ltr'><strong>viginti</strong></span> 
     </span>
    </p>
   </div>
   <div class='ocr_carea' id='block_1_90' title="bbox 532 4597 2118 4671">
    <p class='ocr_par' dir='ltr' id='par_1_90' title="bbox 532 4597 2118 4671">
     <span class='ocr_line' id='line_1_90' title="bbox 532 4597 2118 4671; baseline 0.003 -18"><span class='ocrx_word' id='word_1_624' title='bbox 532 4597 732 4653; x_wconf 82' lang='lat' dir='ltr'><strong>milites</strong></span> <span class='ocrx_word' id='word_1_625' title='bbox 778 4605 922 4652; x_wconf 89' lang='lat' dir='ltr'><strong>sunt.</strong></span> <span class='ocrx_word' id='word_1_626' title='bbox 978 4599 1079 4666; x_wconf 87' lang='lat' dir='ltr'><strong>Qui</strong></span> <span class='ocrx_word' id='word_1_627' title='bbox 1142 4616 1403 4655; x_wconf 86' lang='lat' dir='ltr'><strong>numerus</strong></span> <span class='ocrx_word' id='word_1_628' title='bbox 1455 4602 1580 4670; x_wconf 87' lang='lat' dir='ltr'><strong>quia</strong></span> <span class='ocrx_word' id='word_1_629' title='bbox 1633 4618 1698 4656; x_wconf 83' lang='lat' dir='ltr'><strong>ex</strong></span> <span class='ocrx_word' id='word_1_630' title='bbox 1756 4602 2004 4671; x_wconf 89' lang='lat' dir='ltr'><strong>quinario</strong></span> <span class='ocrx_word' id='word_1_631' title='bbox 2062 4611 2118 4658; x_wconf 88' lang='lat' dir='ltr'><strong>et</strong></span> 
     </span>
    </p>
   </div>
   <div class='ocr_carea' id='block_1_91' title="bbox 531 4687 2115 4763">
    <p class='ocr_par' dir='ltr' id='par_1_91' title="bbox 531 4687 2115 4763">
     <span class='ocr_line' id='line_1_91' title="bbox 531 4687 2115 4763; baseline 0.004 -21"><span class='ocrx_word' id='word_1_632' title='bbox 531 4687 757 4743; x_wconf 87' lang='lat' dir='ltr'><strong>denario</strong></span> <span class='ocrx_word' id='word_1_633' title='bbox 794 4688 1080 4744; x_wconf 83' lang='lat' dir='ltr'><strong>conﬁcitur</strong></span> <span class='ocrx_word' id='word_1_634' title='bbox 1108 4691 1254 4761; x_wconf 88' lang='lat' dir='ltr'><strong>(nam</strong></span> <span class='ocrx_word' id='word_1_635' title='bbox 1287 4702 1341 4747; x_wconf 90' lang='lat' dir='ltr'><strong>et</strong></span> <span class='ocrx_word' id='word_1_636' title='bbox 1367 4702 1560 4761; x_wconf 89' lang='lat' dir='ltr'><strong>quater</strong></span> <span class='ocrx_word' id='word_1_637' title='bbox 1581 4694 1752 4763; x_wconf 90' lang='lat' dir='ltr'><strong>quini,</strong></span> <span class='ocrx_word' id='word_1_638' title='bbox 1776 4701 1829 4747; x_wconf 90' lang='lat' dir='ltr'><strong>et</strong></span> <span class='ocrx_word' id='word_1_639' title='bbox 1857 4694 1941 4749; x_wconf 89' lang='lat' dir='ltr'><strong>bis</strong></span> <span class='ocrx_word' id='word_1_640' title='bbox 1970 4695 2115 4760; x_wconf 89' lang='lat' dir='ltr'><strong>deni,</strong></span> 
     </span>
    </p>
   </div>
   <div class='ocr_carea' id='block_1_92' title="bbox 532 4781 2115 4853">
    <p class='ocr_par' dir='ltr' id='par_1_92' title="bbox 532 4781 2115 4853">
     <span class='ocr_line' id='line_1_92' title="bbox 532 4781 2115 4853; baseline 0.006 -22"><span class='ocrx_word' id='word_1_641' title='bbox 532 4781 721 4848; x_wconf 81' lang='lat' dir='ltr'><strong>viginti</strong></span> <span class='ocrx_word' id='word_1_642' title='bbox 764 4781 948 4852; x_wconf 88' lang='lat' dir='ltr'><strong>sunt),</strong></span> <span class='ocrx_word' id='word_1_643' title='bbox 990 4793 1170 4853; x_wconf 90' lang='lat' dir='ltr'><strong>potest</strong></span> <span class='ocrx_word' id='word_1_644' title='bbox 1217 4801 1312 4853; x_wconf 90' lang='lat' dir='ltr'><strong>per</strong></span> <span class='ocrx_word' id='word_1_645' title='bbox 1363 4785 1512 4841; x_wconf 91' lang='lat' dir='ltr'><strong>illum</strong></span> <span class='ocrx_word' id='word_1_646' title='bbox 1570 4787 1822 4842; x_wconf 88' lang='lat' dir='ltr'><strong>universa</strong></span> <span class='ocrx_word' id='word_1_647' title='bbox 1862 4787 2115 4842; x_wconf 85' lang='lat' dir='ltr'><strong>vitiorum</strong></span> 
     </span>
    </p>
   </div>
   <div class='ocr_carea' id='block_1_93' title="bbox 533 4870 2116 4948">
    <p class='ocr_par' dir='ltr' id='par_1_93' title="bbox 533 4870 2116 4948">
     <span class='ocr_line' id='line_1_93' title="bbox 533 4870 2116 4948; baseline 0.006 -25"><span class='ocrx_word' id='word_1_648' title='bbox 533 4870 913 4941; x_wconf 87' lang='lat' dir='ltr'><strong>multiplicitas</strong></span> <span class='ocrx_word' id='word_1_649' title='bbox 935 4874 1227 4944; x_wconf 83' lang='lat' dir='ltr'><strong>designari,</strong></span> <span class='ocrx_word' id='word_1_650' title='bbox 1262 4890 1381 4942; x_wconf 71' lang='lat' dir='ltr'><strong>quze</strong></span> <span class='ocrx_word' id='word_1_651' title='bbox 1420 4884 1608 4930; x_wconf 88' lang='lat' dir='ltr'><strong>contra</strong></span> <span class='ocrx_word' id='word_1_652' title='bbox 1642 4877 1879 4948; x_wconf 87' lang='lat' dir='ltr'><strong>decalogi</strong></span> <span class='ocrx_word' id='word_1_653' title='bbox 1910 4892 2116 4946; x_wconf 62' lang='lat' dir='ltr'><strong>praece-</strong></span> 
     </span>
    </p>
   </div>
   <div class='ocr_carea' id='block_1_94' title="bbox 535 4964 2118 5036">
    <p class='ocr_par' dir='ltr' id='par_1_94' title="bbox 535 4964 2118 5036">
     <span class='ocr_line' id='line_1_94' title="bbox 535 4964 2118 5036; baseline 0.006 -23"><span class='ocrx_word' id='word_1_654' title='bbox 535 4971 623 5032; x_wconf 86' lang='lat' dir='ltr'><strong>pta</strong></span> <span class='ocrx_word' id='word_1_655' title='bbox 665 4977 764 5032; x_wconf 86' lang='lat' dir='ltr'><strong>per</strong></span> <span class='ocrx_word' id='word_1_656' title='bbox 799 4964 1040 5032; x_wconf 90' lang='lat' dir='ltr'><strong>quinque</strong></span> <span class='ocrx_word' id='word_1_657' title='bbox 1070 4966 1316 5032; x_wconf 80' lang='lat' dir='ltr'><strong>corporis</strong></span> <span class='ocrx_word' id='word_1_658' title='bbox 1337 4980 1526 5020; x_wconf 89' lang='lat' dir='ltr'><strong>sensus</strong></span> <span class='ocrx_word' id='word_1_659' title='bbox 1560 4977 1962 5036; x_wconf 86' lang='lat' dir='ltr'><strong>perpetrantur.</strong></span> <span class='ocrx_word' id='word_1_660' title='bbox 2012 4967 2118 5023; x_wconf 87' lang='lat' dir='ltr'><strong>Sed</strong></span> 
     </span>
    </p>
   </div>
   <div class='ocr_carea' id='block_1_95' title="bbox 541 5050 2117 5127">
    <p class='ocr_par' dir='ltr' id='par_1_95' title="bbox 541 5050 2117 5127">
     <span class='ocr_line' id='line_1_95' title="bbox 541 5050 2117 5127; baseline 0.006 -21"><span class='ocrx_word' id='word_1_661' title='bbox 541 5050 779 5110; x_wconf 78' lang='lat' dir='ltr'><strong>fortasse</strong></span> <span class='ocrx_word' id='word_1_662' title='bbox 823 5054 1059 5123; x_wconf 79' lang='lat' dir='ltr'><strong>exigitur</strong></span> <span class='ocrx_word' id='word_1_663' title='bbox 1101 5070 1131 5108; x_wconf 90' lang='lat' dir='ltr'><strong>a</strong></span> <span class='ocrx_word' id='word_1_664' title='bbox 1179 5054 1333 5110; x_wconf 76' lang='lat' dir='ltr'><strong>nobis</strong></span> <span class='ocrx_word' id='word_1_665' title='bbox 1377 5064 1437 5110; x_wconf 90' lang='lat' dir='ltr'><strong>ut</strong></span> <span class='ocrx_word' id='word_1_666' title='bbox 1477 5059 1689 5112; x_wconf 88' lang='lat' dir='ltr'><strong>eosdem</strong></span> <span class='ocrx_word' id='word_1_667' title='bbox 1716 5059 2117 5127; x_wconf 86' lang='lat' dir='ltr'><strong>quaterniones,</strong></span> 
     </span>
    </p>
   </div>
   <div class='ocr_carea' id='block_1_96' title="bbox 535 5145 2117 5217">
    <p class='ocr_par' dir='ltr' id='par_1_96' title="bbox 535 5145 2117 5217">
     <span class='ocr_line' id='line_1_96' title="bbox 535 5145 2117 5217; baseline 0.004 -19"><span class='ocrx_word' id='word_1_668' title='bbox 535 5153 593 5198; x_wconf 86' lang='lat' dir='ltr'><strong>et</strong></span> <span class='ocrx_word' id='word_1_669' title='bbox 620 5146 711 5215; x_wconf 92' lang='lat' dir='ltr'><strong>qui</strong></span> <span class='ocrx_word' id='word_1_670' title='bbox 744 5145 842 5199; x_wconf 89' lang='lat' dir='ltr'><strong>sub</strong></span> <span class='ocrx_word' id='word_1_671' title='bbox 869 5146 948 5201; x_wconf 90' lang='lat' dir='ltr'><strong>eis</strong></span> <span class='ocrx_word' id='word_1_672' title='bbox 987 5147 1224 5201; x_wconf 86' lang='lat' dir='ltr'><strong>militant</strong></span> <span class='ocrx_word' id='word_1_673' title='bbox 1256 5148 1539 5212; x_wconf 83' lang='lat' dir='ltr'><strong>satellites,</strong></span> <span class='ocrx_word' id='word_1_674' title='bbox 1571 5150 1886 5217; x_wconf 83' lang='lat' dir='ltr'><strong>specialiter</strong></span> <span class='ocrx_word' id='word_1_675' title='bbox 1923 5151 2117 5205; x_wconf 84' lang='lat' dir='ltr'><strong>distin-</strong></span> 
     </span>
    </p>
   </div>
   <div class='ocr_carea' id='block_1_97' title="bbox 539 5236 2119 5310">
    <p class='ocr_par' dir='ltr' id='par_1_97' title="bbox 539 5236 2119 5310">
     <span class='ocr_line' id='line_1_97' title="bbox 539 5236 2119 5310; baseline 0.003 -22"><span class='ocrx_word' id='word_1_676' title='bbox 539 5251 787 5307; x_wconf 82' lang='lat' dir='ltr'><strong>guamus.</strong></span> <span class='ocrx_word' id='word_1_677' title='bbox 830 5236 927 5293; x_wconf 89' lang='lat' dir='ltr'><strong>Est</strong></span> <span class='ocrx_word' id='word_1_678' title='bbox 965 5236 1179 5307; x_wconf 90' lang='lat' dir='ltr'><strong>quidem</strong></span> <span class='ocrx_word' id='word_1_679' title='bbox 1232 5238 1333 5293; x_wconf 89' lang='lat' dir='ltr'><strong>hoc</strong></span> <span class='ocrx_word' id='word_1_680' title='bbox 1379 5238 1769 5308; x_wconf 87' lang='lat' dir='ltr'><strong>aliquantulum</strong></span> <span class='ocrx_word' id='word_1_681' title='bbox 1814 5256 2119 5310; x_wconf 86' lang='lat' dir='ltr'><strong>operosum,</strong></span> 
     </span>
    </p>
   </div>
   <div class='ocr_carea' id='block_1_98' title="bbox 541 5326 2121 5398">
    <p class='ocr_par' dir='ltr' id='par_1_98' title="bbox 541 5326 2121 5398">
     <span class='ocr_line' id='line_1_98' title="bbox 541 5326 2121 5398; baseline 0.002 -17"><span class='ocrx_word' id='word_1_682' title='bbox 541 5329 639 5381; x_wconf 88' lang='lat' dir='ltr'><strong>sed</strong></span> <span class='ocrx_word' id='word_1_683' title='bbox 660 5335 714 5382; x_wconf 90' lang='lat' dir='ltr'><strong>et</strong></span> <span class='ocrx_word' id='word_1_684' title='bbox 742 5326 847 5383; x_wconf 86' lang='lat' dir='ltr'><strong>hoc</strong></span> <span class='ocrx_word' id='word_1_685' title='bbox 886 5327 1083 5397; x_wconf 87' lang='lat' dir='ltr'><strong>duplici</strong></span> <span class='ocrx_word' id='word_1_686' title='bbox 1123 5328 1336 5382; x_wconf 88' lang='lat' dir='ltr'><strong>ratione</strong></span> <span class='ocrx_word' id='word_1_687' title='bbox 1381 5328 1636 5398; x_wconf 83' lang='lat' dir='ltr'><strong>indagare</strong></span> <span class='ocrx_word' id='word_1_688' title='bbox 1665 5329 2000 5384; x_wconf 88' lang='lat' dir='ltr'><strong>conabimur.</strong></span> <span class='ocrx_word' id='word_1_689' title='bbox 2045 5329 2121 5384; x_wconf 89' lang='lat' dir='ltr'><strong>De</strong></span> 
     </span>
    </p>
   </div>
   <div class='ocr_carea' id='block_1_99' title="bbox 547 5419 2121 5491">
    <p class='ocr_par' dir='ltr' id='par_1_99' title="bbox 547 5419 2121 5491">
     <span class='ocr_line' id='line_1_99' title="bbox 547 5419 2121 5491; baseline 0.001 -17"><span class='ocrx_word' id='word_1_690' title='bbox 547 5421 747 5491; x_wconf 83' lang='lat' dir='ltr'><strong>quibus</strong></span> <span class='ocrx_word' id='word_1_691' title='bbox 777 5419 1032 5475; x_wconf 86' lang='lat' dir='ltr'><strong>nimirum</strong></span> <span class='ocrx_word' id='word_1_692' title='bbox 1058 5421 1505 5491; x_wconf 86' lang='lat' dir='ltr'><strong>quaternionibus</strong></span> <span class='ocrx_word' id='word_1_693' title='bbox 1546 5429 1604 5476; x_wconf 94' lang='lat' dir='ltr'><strong>ut</strong></span> <span class='ocrx_word' id='word_1_694' title='bbox 1637 5422 1930 5477; x_wconf 85' lang='lat' dir='ltr'><strong>secundum</strong></span> <span class='ocrx_word' id='word_1_695' title='bbox 1960 5421 2121 5475; x_wconf 84' lang='lat' dir='ltr'><strong>inter-</strong></span> 
     </span>
    </p>
   </div>
   <div class='ocr_carea' id='block_1_100' title="bbox 546 5508 2128 5583">
    <p class='ocr_par' dir='ltr' id='par_1_100' title="bbox 546 5508 2128 5583">
     <span class='ocr_line' id='line_1_100' title="bbox 546 5508 2128 5583; baseline 0.001 -18"><span class='ocrx_word' id='word_1_696' title='bbox 546 5526 670 5565; x_wconf 90' lang='lat' dir='ltr'><strong>nam</strong></span> <span class='ocrx_word' id='word_1_697' title='bbox 726 5508 1130 5580; x_wconf 84' lang='lat' dir='ltr'><strong>intelligentiam</strong></span> <span class='ocrx_word' id='word_1_698' title='bbox 1175 5511 1320 5581; x_wconf 89' lang='lat' dir='ltr'><strong>loqui</strong></span> <span class='ocrx_word' id='word_1_699' title='bbox 1368 5513 1607 5582; x_wconf 88' lang='lat' dir='ltr'><strong>apertius</strong></span> <span class='ocrx_word' id='word_1_700' title='bbox 1652 5514 1963 5578; x_wconf 81' lang='lat' dir='ltr'><strong>valeamus,</strong></span> <span class='ocrx_word' id='word_1_701' title='bbox 2016 5512 2128 5583; x_wconf 86' lang='lat' dir='ltr'><strong>pri-</strong></span> 
     </span>
    </p>
   </div>
   <div class='ocr_carea' id='block_1_101' title="bbox 546 5602 2127 5671">
    <p class='ocr_par' dir='ltr' id='par_1_101' title="bbox 546 5602 2127 5671">
     <span class='ocr_line' id='line_1_101' title="bbox 546 5602 2127 5671; baseline -0.002 -11"><span class='ocrx_word' id='word_1_702' title='bbox 546 5617 694 5660; x_wconf 87' lang='lat' dir='ltr'><strong>mum</strong></span> <span class='ocrx_word' id='word_1_703' title='bbox 744 5607 957 5671; x_wconf 86' lang='lat' dir='ltr'><strong>oportet</strong></span> <span class='ocrx_word' id='word_1_704' title='bbox 1007 5614 1100 5657; x_wconf 86' lang='lat' dir='ltr'><strong>eos</strong></span> <span class='ocrx_word' id='word_1_705' title='bbox 1148 5616 1390 5658; x_wconf 89' lang='lat' dir='ltr'><strong>seorsum</strong></span> <span class='ocrx_word' id='word_1_706' title='bbox 1430 5613 1777 5668; x_wconf 89' lang='lat' dir='ltr'><strong>construere,</strong></span> <span class='ocrx_word' id='word_1_707' title='bbox 1822 5618 1887 5658; x_wconf 89' lang='lat' dir='ltr'><strong>ac</strong></span> <span class='ocrx_word' id='word_1_708' title='bbox 1936 5602 2127 5658; x_wconf 88' lang='lat' dir='ltr'><strong>deinde</strong></span> 
     </span>
    </p>
   </div>
   <div class='ocr_carea' id='block_1_102' title="bbox 549 5692 2122 5767">
    <p class='ocr_par' dir='ltr' id='par_1_102' title="bbox 549 5692 2122 5767">
     <span class='ocr_line' id='line_1_102' title="bbox 549 5692 2122 5767; baseline -0.002 -17"><span class='ocrx_word' id='word_1_709' title='bbox 549 5693 775 5767; x_wconf 80' lang='lat' dir='ltr'><strong>singulis</strong></span> <span class='ocrx_word' id='word_1_710' title='bbox 797 5708 923 5749; x_wconf 86' lang='lat' dir='ltr'><strong>suos</strong></span> <span class='ocrx_word' id='word_1_711' title='bbox 953 5692 1152 5749; x_wconf 88' lang='lat' dir='ltr'><strong>milites</strong></span> <span class='ocrx_word' id='word_1_712' title='bbox 1168 5704 1328 5764; x_wconf 86' lang='lat' dir='ltr'><strong>prout</strong></span> <span class='ocrx_word' id='word_1_713' title='bbox 1351 5696 1487 5752; x_wconf 87' lang='lat' dir='ltr'><strong>ratio</strong></span> <span class='ocrx_word' id='word_1_714' title='bbox 1512 5695 1813 5762; x_wconf 83' lang='lat' dir='ltr'><strong>dictaverit,</strong></span> <span class='ocrx_word' id='word_1_715' title='bbox 1830 5694 2122 5765; x_wconf 81' lang='lat' dir='ltr'><strong>assignare.</strong></span> 
     </span>
    </p>
   </div>
   <div class='ocr_carea' id='block_1_103' title="bbox 2282 4491 3525 4556">
    <p class='ocr_par' dir='ltr' id='par_1_103' title="bbox 2282 4491 3525 4556">
     <span class='ocr_line' id='line_1_103' title="bbox 2282 4491 3525 4556; baseline 0.014 -18"><span class='ocrx_word' id='word_1_716' title='bbox 2282 4491 2589 4556; x_wconf 69' lang='lat' dir='ltr'><strong>llespiclunt,</strong></span> <span class='ocrx_word' id='word_1_717' title='bbox 2617 4491 2794 4546; x_wconf 79' lang='lat' dir='ltr'><strong>clausae</strong></span> <span class='ocrx_word' id='word_1_718' title='bbox 2821 4491 3047 4549; x_wconf 76' lang='lat' dir='ltr'><strong>tenebris</strong></span> <span class='ocrx_word' id='word_1_719' title='bbox 3073 4510 3124 4551; x_wconf 89' lang='lat' dir='ltr'><strong>ct</strong></span> <span class='ocrx_word' id='word_1_720' title='bbox 3154 4491 3354 4553; x_wconf 67' lang='lat' dir='ltr'><strong>carcere</strong></span> <span class='ocrx_word' id='word_1_721' title='bbox 3378 4491 3525 4555; x_wconf 54' lang='lat' dir='ltr'><strong>caeco.</strong></span> 
     </span>
    </p>
   </div>
   <div class='ocr_carea' id='block_1_104' title="bbox 2218 4600 3805 4679">
    <p class='ocr_par' dir='ltr' id='par_1_104' title="bbox 2218 4600 3805 4679">
     <span class='ocr_line' id='line_1_104' title="bbox 2218 4600 3805 4679; baseline 0.008 -25"><span class='ocrx_word' id='word_1_722' title='bbox 2218 4600 2555 4655; x_wconf 84' lang='lat' dir='ltr'><strong>Anctnritate</strong></span> <span class='ocrx_word' id='word_1_723' title='bbox 2592 4603 2773 4673; x_wconf 83' lang='lat' dir='ltr'><strong>itaque</strong></span> <span class='ocrx_word' id='word_1_724' title='bbox 2824 4604 3120 4676; x_wconf 62' lang='lat' dir='ltr'><strong>Scripturas</strong></span> <span class='ocrx_word' id='word_1_725' title='bbox 3173 4620 3367 4664; x_wconf 64' lang='lat' dir='ltr'><strong>nostra:</strong></span> <span class='ocrx_word' id='word_1_726' title='bbox 3407 4611 3637 4679; x_wconf 87' lang='lat' dir='ltr'><strong>primum</strong></span> <span class='ocrx_word' id='word_1_727' title='bbox 3675 4626 3805 4667; x_wconf 86' lang='lat' dir='ltr'><strong>mo-</strong></span> 
     </span>
    </p>
   </div>
   <div class='ocr_carea' id='block_1_105' title="bbox 2219 4694 3799 4769">
    <p class='ocr_par' dir='ltr' id='par_1_105' title="bbox 2219 4694 3799 4769">
     <span class='ocr_line' id='line_1_105' title="bbox 2219 4694 3799 4769; baseline 0.006 -22"><span class='ocrx_word' id='word_1_728' title='bbox 2219 4695 2343 4747; x_wconf 88' lang='lat' dir='ltr'><strong>dum</strong></span> <span class='ocrx_word' id='word_1_729' title='bbox 2390 4694 2833 4762; x_wconf 80' lang='lat' dir='ltr'><strong>perturbationis,</strong></span> <span class='ocrx_word' id='word_1_730' title='bbox 2872 4700 3025 4766; x_wconf 83' lang='lat' dir='ltr'><strong>quasi</strong></span> <span class='ocrx_word' id='word_1_731' title='bbox 3076 4699 3310 4768; x_wconf 87' lang='lat' dir='ltr'><strong>primum</strong></span> <span class='ocrx_word' id='word_1_732' title='bbox 3360 4702 3799 4769; x_wconf 84' lang='lat' dir='ltr'><strong>quaternionem,</strong></span> 
     </span>
    </p>
   </div>
   <div class='ocr_carea' id='block_1_106' title="bbox 2220 4785 3806 4858">
    <p class='ocr_par' dir='ltr' id='par_1_106' title="bbox 2220 4785 3806 4858">
     <span class='ocr_line' id='line_1_106' title="bbox 2220 4785 3806 4858; baseline 0.005 -21"><span class='ocrx_word' id='word_1_733' title='bbox 2220 4785 2469 4854; x_wconf 88' lang='lat' dir='ltr'><strong>ponimus</strong></span> <span class='ocrx_word' id='word_1_734' title='bbox 2494 4786 2875 4854; x_wconf 84' lang='lat' dir='ltr'><strong>cupiditatem;</strong></span> <span class='ocrx_word' id='word_1_735' title='bbox 2913 4790 3147 4844; x_wconf 85' lang='lat' dir='ltr'><strong>secundo</strong></span> <span class='ocrx_word' id='word_1_736' title='bbox 3175 4790 3314 4854; x_wconf 85' lang='lat' dir='ltr'><strong>loco,</strong></span> <span class='ocrx_word' id='word_1_737' title='bbox 3346 4801 3576 4858; x_wconf 88' lang='lat' dir='ltr'><strong>metum;</strong></span> <span class='ocrx_word' id='word_1_738' title='bbox 3618 4794 3806 4857; x_wconf 83' lang='lat' dir='ltr'><strong>tertio,</strong></span> 
     </span>
    </p>
   </div>
   <div class='ocr_carea' id='block_1_107' title="bbox 2221 4877 3808 4949">
    <p class='ocr_par' dir='ltr' id='par_1_107' title="bbox 2221 4877 3808 4949">
     <span class='ocr_line' id='line_1_107' title="bbox 2221 4877 3808 4949; baseline 0.006 -20"><span class='ocrx_word' id='word_1_739' title='bbox 2221 4877 2488 4943; x_wconf 83' lang='lat' dir='ltr'><strong>dolorem;</strong></span> <span class='ocrx_word' id='word_1_740' title='bbox 2522 4889 2735 4946; x_wconf 86' lang='lat' dir='ltr'><strong>quarto,</strong></span> <span class='ocrx_word' id='word_1_741' title='bbox 2776 4879 3065 4946; x_wconf 85' lang='lat' dir='ltr'><strong>gaudium:</strong></span> <span class='ocrx_word' id='word_1_742' title='bbox 3096 4883 3239 4949; x_wconf 87' lang='lat' dir='ltr'><strong>quod</strong></span> <span class='ocrx_word' id='word_1_743' title='bbox 3289 4898 3386 4936; x_wconf 86' lang='lat' dir='ltr'><strong>cur</strong></span> <span class='ocrx_word' id='word_1_744' title='bbox 3432 4883 3574 4937; x_wconf 91' lang='lat' dir='ltr'><strong>inter</strong></span> <span class='ocrx_word' id='word_1_745' title='bbox 3619 4884 3808 4938; x_wconf 54' lang='lat' dir='ltr'><strong>turba.</strong></span> 
     </span>
    </p>
   </div>
   <div class='ocr_carea' id='block_1_108' title="bbox 2223 4969 3809 5035">
    <p class='ocr_par' dir='ltr' id='par_1_108' title="bbox 2223 4969 3809 5035">
     <span class='ocr_line' id='line_1_108' title="bbox 2223 4969 3809 5035; baseline 0.006 -14"><span class='ocrx_word' id='word_1_746' title='bbox 2223 4970 2394 5023; x_wconf 89' lang='lat' dir='ltr'><strong>tiones</strong></span> <span class='ocrx_word' id='word_1_747' title='bbox 2415 4969 2580 5024; x_wconf 88' lang='lat' dir='ltr'><strong>animi</strong></span> <span class='ocrx_word' id='word_1_748' title='bbox 2625 4980 2960 5035; x_wconf 88' lang='lat' dir='ltr'><strong>numeretur,</strong></span> <span class='ocrx_word' id='word_1_749' title='bbox 3001 4971 3226 5027; x_wconf 81' lang='lat' dir='ltr'><strong>inferius</strong></span> <span class='ocrx_word' id='word_1_750' title='bbox 3260 4974 3628 5027; x_wconf 87' lang='lat' dir='ltr'><strong>ostendemus.</strong></span> <span class='ocrx_word' id='word_1_751' title='bbox 3664 4974 3809 5029; x_wconf 59' lang='lat' dir='ltr'><strong>Ecce</strong></span> 
     </span>
    </p>
   </div>
   <div class='ocr_carea' id='block_1_109' title="bbox 2222 5059 3807 5131">
    <p class='ocr_par' dir='ltr' id='par_1_109' title="bbox 2222 5059 3807 5131">
     <span class='ocr_line' id='line_1_109' title="bbox 2222 5059 3807 5131; baseline 0.003 -18"><span class='ocrx_word' id='word_1_752' title='bbox 2222 5059 2309 5114; x_wconf 89' lang='lat' dir='ltr'><strong>isti</strong></span> <span class='ocrx_word' id='word_1_753' title='bbox 2360 5069 2485 5114; x_wconf 86' lang='lat' dir='ltr'><strong>sunt</strong></span> <span class='ocrx_word' id='word_1_754' title='bbox 2540 5070 2773 5130; x_wconf 82' lang='lat' dir='ltr'><strong>quatuor</strong></span> <span class='ocrx_word' id='word_1_755' title='bbox 2824 5061 3230 5130; x_wconf 88' lang='lat' dir='ltr'><strong>quaterniones,</strong></span> <span class='ocrx_word' id='word_1_756' title='bbox 3275 5061 3470 5131; x_wconf 88' lang='lat' dir='ltr'><strong>quibus</strong></span> <span class='ocrx_word' id='word_1_757' title='bbox 3531 5064 3807 5131; x_wconf 85' lang='lat' dir='ltr'><strong>captivum</strong></span> 
     </span>
    </p>
   </div>
   <div class='ocr_carea' id='block_1_110' title="bbox 2222 5144 3806 5216">
    <p class='ocr_par' dir='ltr' id='par_1_110' title="bbox 2222 5144 3806 5216">
     <span class='ocr_line' id='line_1_110' title="bbox 2222 5144 3806 5216; baseline 0.004 -19"><span class='ocrx_word' id='word_1_758' title='bbox 2222 5158 2375 5198; x_wconf 90' lang='lat' dir='ltr'><strong>suum</strong></span> <span class='ocrx_word' id='word_1_759' title='bbox 2401 5144 2643 5199; x_wconf 75' lang='lat' dir='ltr'><strong>diabolus</strong></span> <span class='ocrx_word' id='word_1_760' title='bbox 2675 5146 3085 5201; x_wconf 64' lang='lat' dir='ltr'><strong>custodiendum</strong></span> <span class='ocrx_word' id='word_1_761' title='bbox 3116 5146 3426 5212; x_wconf 90' lang='lat' dir='ltr'><strong>committit,</strong></span> <span class='ocrx_word' id='word_1_762' title='bbox 3458 5161 3619 5215; x_wconf 90' lang='lat' dir='ltr'><strong>quem</strong></span> <span class='ocrx_word' id='word_1_763' title='bbox 3650 5152 3806 5216; x_wconf 84' lang='lat' dir='ltr'><strong>prius</strong></span> 
     </span>
    </p>
   </div>
   <div class='ocr_carea' id='block_1_111' title="bbox 2225 5235 3806 5306">
    <p class='ocr_par' dir='ltr' id='par_1_111' title="bbox 2225 5235 3806 5306">
     <span class='ocr_line' id='line_1_111' title="bbox 2225 5235 3806 5306; baseline 0.003 -19"><span class='ocrx_word' id='word_1_764' title='bbox 2225 5235 2277 5288; x_wconf 93' lang='lat' dir='ltr'><strong>in</strong></span> <span class='ocrx_word' id='word_1_765' title='bbox 2331 5235 2660 5290; x_wconf 76' lang='lat' dir='ltr'><strong>infidelitatis</strong></span> <span class='ocrx_word' id='word_1_766' title='bbox 2725 5250 3000 5291; x_wconf 87' lang='lat' dir='ltr'><strong>carcerem</strong></span> <span class='ocrx_word' id='word_1_767' title='bbox 3061 5251 3159 5306; x_wconf 86' lang='lat' dir='ltr'><strong>per</strong></span> <span class='ocrx_word' id='word_1_768' title='bbox 3216 5236 3542 5305; x_wconf 74' lang='lat' dir='ltr'><strong>insipientiae</strong></span> <span class='ocrx_word' id='word_1_769' title='bbox 3601 5240 3806 5292; x_wconf 81' lang='lat' dir='ltr'><strong>ostium</strong></span> 
     </span>
    </p>
   </div>
   <div class='ocr_carea' id='block_1_112' title="bbox 2227 5326 3809 5396">
    <p class='ocr_par' dir='ltr' id='par_1_112' title="bbox 2227 5326 3809 5396">
     <span class='ocr_line' id='line_1_112' title="bbox 2227 5326 3809 5396; baseline 0.001 -16"><span class='ocrx_word' id='word_1_770' title='bbox 2227 5327 2548 5381; x_wconf 78' lang='lat' dir='ltr'><strong>introduxit.</strong></span> <span class='ocrx_word' id='word_1_771' title='bbox 2579 5326 2705 5393; x_wconf 90' lang='lat' dir='ltr'><strong>Qui,</strong></span> <span class='ocrx_word' id='word_1_772' title='bbox 2741 5335 2801 5380; x_wconf 89' lang='lat' dir='ltr'><strong>ut</strong></span> <span class='ocrx_word' id='word_1_773' title='bbox 2830 5327 3037 5396; x_wconf 71' lang='lat' dir='ltr'><strong>praefati</strong></span> <span class='ocrx_word' id='word_1_774' title='bbox 3082 5342 3291 5392; x_wconf 89' lang='lat' dir='ltr'><strong>sumus,</strong></span> <span class='ocrx_word' id='word_1_775' title='bbox 3329 5327 3457 5396; x_wconf 85' lang='lat' dir='ltr'><strong>quia</strong></span> <span class='ocrx_word' id='word_1_776' title='bbox 3485 5337 3684 5396; x_wconf 66' lang='lat' dir='ltr'><strong>praeter</strong></span> <span class='ocrx_word' id='word_1_777' title='bbox 3706 5328 3809 5382; x_wconf 84' lang='lat' dir='ltr'><strong>hoc</strong></span> 
     </span>
    </p>
   </div>
   <div class='ocr_carea' id='block_1_113' title="bbox 2226 5416 3804 5489">
    <p class='ocr_par' dir='ltr' id='par_1_113' title="bbox 2226 5416 3804 5489">
     <span class='ocr_line' id='line_1_113' title="bbox 2226 5416 3804 5489; baseline -0.004 -16"><span class='ocrx_word' id='word_1_778' title='bbox 2226 5419 2368 5488; x_wconf 88' lang='lat' dir='ltr'><strong>quod</strong></span> <span class='ocrx_word' id='word_1_779' title='bbox 2421 5418 2695 5489; x_wconf 88' lang='lat' dir='ltr'><strong>corporeis</strong></span> <span class='ocrx_word' id='word_1_780' title='bbox 2747 5417 2921 5473; x_wconf 89' lang='lat' dir='ltr'><strong>oculis</strong></span> <span class='ocrx_word' id='word_1_781' title='bbox 2989 5416 3153 5481; x_wconf 83' lang='lat' dir='ltr'><strong>videt,</strong></span> <span class='ocrx_word' id='word_1_782' title='bbox 3215 5416 3350 5471; x_wconf 86' lang='lat' dir='ltr'><strong>nihil</strong></span> <span class='ocrx_word' id='word_1_783' title='bbox 3405 5416 3551 5470; x_wconf 88' lang='lat' dir='ltr'><strong>aliud</strong></span> <span class='ocrx_word' id='word_1_784' title='bbox 3601 5416 3804 5478; x_wconf 78' lang='lat' dir='ltr'><strong>credit,</strong></span> 
     </span>
    </p>
   </div>
   <div class='ocr_carea' id='block_1_114' title="bbox 2229 5507 3807 5574">
    <p class='ocr_par' dir='ltr' id='par_1_114' title="bbox 2229 5507 3807 5574">
     <span class='ocr_line' id='line_1_114' title="bbox 2229 5507 3807 5574; baseline -0.003 -10"><span class='ocrx_word' id='word_1_785' title='bbox 2229 5512 2383 5564; x_wconf 89' lang='lat' dir='ltr'><strong>bonis</strong></span> <span class='ocrx_word' id='word_1_786' title='bbox 2432 5508 2784 5565; x_wconf 87' lang='lat' dir='ltr'><strong>interioribus</strong></span> <span class='ocrx_word' id='word_1_787' title='bbox 2819 5524 3054 5573; x_wconf 86' lang='lat' dir='ltr'><strong>vacuus,</strong></span> <span class='ocrx_word' id='word_1_788' title='bbox 3097 5517 3243 5562; x_wconf 89' lang='lat' dir='ltr'><strong>totus</strong></span> <span class='ocrx_word' id='word_1_789' title='bbox 3277 5508 3330 5562; x_wconf 91' lang='lat' dir='ltr'><strong>in</strong></span> <span class='ocrx_word' id='word_1_790' title='bbox 3365 5507 3640 5561; x_wconf 79' lang='lat' dir='ltr'><strong>exteriora</strong></span> <span class='ocrx_word' id='word_1_791' title='bbox 3685 5519 3807 5574; x_wconf 86' lang='lat' dir='ltr'><strong>pro-</strong></span> 
     </span>
    </p>
   </div>
   <div class='ocr_carea' id='block_1_115' title="bbox 2230 5593 3803 5667">
    <p class='ocr_par' dir='ltr' id='par_1_115' title="bbox 2230 5593 3803 5667">
     <span class='ocr_line' id='line_1_115' title="bbox 2230 5593 3803 5667; baseline -0.006 -14"><span class='ocrx_word' id='word_1_792' title='bbox 2230 5599 2445 5653; x_wconf 86' lang='lat' dir='ltr'><strong>labitur.</strong></span> <span class='ocrx_word' id='word_1_793' title='bbox 2502 5598 2570 5653; x_wconf 89' lang='lat' dir='ltr'><strong>Et</strong></span> <span class='ocrx_word' id='word_1_794' title='bbox 2623 5597 2799 5667; x_wconf 89' lang='lat' dir='ltr'><strong>primo</strong></span> <span class='ocrx_word' id='word_1_795' title='bbox 2852 5597 3068 5665; x_wconf 89' lang='lat' dir='ltr'><strong>quidem</strong></span> <span class='ocrx_word' id='word_1_796' title='bbox 3123 5596 3287 5650; x_wconf 87' lang='lat' dir='ltr'><strong>vallat</strong></span> <span class='ocrx_word' id='word_1_797' title='bbox 3343 5610 3465 5650; x_wconf 91' lang='lat' dir='ltr'><strong>eum</strong></span> <span class='ocrx_word' id='word_1_798' title='bbox 3516 5593 3803 5663; x_wconf 78' lang='lat' dir='ltr'><strong>cupiditas,</strong></span> 
     </span>
    </p>
   </div>
   <div class='ocr_carea' id='block_1_116' title="bbox 2232 5684 3799 5756">
    <p class='ocr_par' dir='ltr' id='par_1_116' title="bbox 2232 5684 3799 5756">
     <span class='ocr_line' id='line_1_116' title="bbox 2232 5684 3799 5756; baseline -0.004 -9"><span class='ocrx_word' id='word_1_799' title='bbox 2232 5701 2288 5747; x_wconf 89' lang='lat' dir='ltr'><strong>ut</strong></span> <span class='ocrx_word' id='word_1_800' title='bbox 2317 5692 2539 5756; x_wconf 79' lang='lat' dir='ltr'><strong>habeat;</strong></span> <span class='ocrx_word' id='word_1_801' title='bbox 2578 5688 2817 5745; x_wconf 86' lang='lat' dir='ltr'><strong>secundo</strong></span> <span class='ocrx_word' id='word_1_802' title='bbox 2852 5697 3048 5754; x_wconf 89' lang='lat' dir='ltr'><strong>metus,</strong></span> <span class='ocrx_word' id='word_1_803' title='bbox 3075 5702 3139 5744; x_wconf 91' lang='lat' dir='ltr'><strong>nc</strong></span> <span class='ocrx_word' id='word_1_804' title='bbox 3165 5688 3374 5742; x_wconf 87' lang='lat' dir='ltr'><strong>amittat</strong></span> <span class='ocrx_word' id='word_1_805' title='bbox 3401 5702 3412 5738; x_wconf 88' lang='lat'><strong>:</strong></span> <span class='ocrx_word' id='word_1_806' title='bbox 3440 5686 3600 5741; x_wconf 87' lang='lat' dir='ltr'><strong>tertio</strong></span> <span class='ocrx_word' id='word_1_807' title='bbox 3631 5684 3799 5748; x_wconf 86' lang='lat' dir='ltr'><strong>dolor.</strong></span> 
     </span>
    </p>
   </div>
  </div>
