4018 6382
136 308 258 369 εδδ

1034 306 1445 365 TBACTATUS
1474 306 1542 363 lN
1578 307 1782 386 YERS.
1823 312 1847 365 1
1894 310 2046 367 CAP.
2070 310 2164 366 XII
2187 309 2344 368 ACT.
2383 308 2625 366 APOST.

3285 312 3391 368 286

136 426 190 479 si
248 420 519 489 amiserit;
577 428 772 491 quarto
842 419 1131 491 gaudium,
1187 422 1233 476 si
1295 422 1710 491 recuperaverit.
1743 430 1792 487 Α
1819 424 2097 480 bationum
2127 424 2318 479 nebula
2349 422 2726 489 circumfudit,
2760 437 2826 477 eo
2852 424 3017 493 quod,
3061 424 3261 480 amisso
3290 428 3393 482 Ιιιι-

137 515 363 570 llabent
416 523 593 568 autem
637 522 694 567 et
738 512 825 567 isti
856 513 1260 582 quaterniones,
1301 515 1367 569 ad
1394 513 1715 569 servandum

136 606 421 675 captivum
464 603 683 668 diaboli,
718 603 913 675 singuli
945 604 1046 659 sub
1074 618 1133 660 se
1160 605 1355 660 milites
1386 620 1532 660 suos.
1576 602 1717 659 Vitia

136 694 353 750 etenim
420 706 539 762 quae
590 692 656 746 de
694 707 1044 761 .unaquaque
1106 692 1509 763 perturbatione
1562 691 1719 762 quasi

137 782 488 855 originaliter
532 790 850 849 nascuntur,
903 783 1004 853 ipsi
1060 792 1186 838 sunt
1225 782 1442 849 milites,
1473 783 1561 852 qui
1604 782 1719 837 uni-

139 876 350 946 cuique
376 874 741 944 quaternioni,
769 874 920 943 quasi
957 888 1055 944 pro
1078 874 1367 944 adjutorio,
1410 874 1476 926 ad
1525 887 1720 942 pecca—

143 966 286 1020 toris
325 966 621 1021 cttstodiatn
652 966 999 1036 deputantur.
1026 965 1138 1020 Sub
1170 966 1342 1035 primo
1370 966 1552 1035 itaque
1582 979 1721 1033 qua-

142 1057 404 1111 ternione
461 1072 620 1127 quem
666 1058 1015 1127 cupiditatem
1055 1058 1470 1121 nominavimus,
1518 1057 1724 1125 primus

141 1148 307 1203 miles
358 1156 441 1203 est
490 1149 715 1211 tenacia,
764 1149 1033 1203 secundus
1077 1149 1482 1218 multiplicatio,
1537 1148 1726 1202 tertius

142 1242 450 1307 inaﬂ'eetio,
503 1252 729 1310 quartus
774 1242 1040 1312 voluptas.
1086 1243 1251 1298 Recto
1289 1243 1553 1313 siquidem
1583 1242 1728 1297 ordi-

143 1350 219 1387 ne
260 1334 614 1403 cupiditatem
667 1334 878 1389 tenacia
916 1335 1191 1403 sequitur,
1228 1334 1352 1402 quia
1392 1343 1541 1388 tanto
1576 1334 1727 1403 quis-

143 1437 257 1492 que
287 1423 473 1476 studet
521 1422 762 1477 strictius
805 1424 947 1492 quod
996 1422 1323 1491 acquisitum
1358 1431 1441 1476 est
1468 1423 1726 1489 retinere,

144 1523 360 1581 quanto
396 1528 455 1567 se
478 1513 721 1567 meminit
753 1513 806 1567 iu
838 1512 1165 1582 acquirendo
1189 1513 1407 1580 gravius
1432 1512 1726 1567 laborasse.

146 1600 408 1657 Tenaciae
482 1617 612 1658 vero
686 1602 1060 1671 multiplicatio
1136 1603 1515 1667 subnectatur,
1581 1601 1728 1672 quia,

146 1690 282 1745 dum
316 1693 473 1762 longa
514 1693 614 1746 sibi
654 1693 774 1747 vita:
820 1694 991 1762 spatia
1048 1692 1351 1763 pollicetur,
1396 1693 1561 1746 instat
1621 1707 1733 1745 ma-

1819 514 2094 567 mauitatis
2143 504 2392 576 consilio,
2444 512 2587 567 nulla
2636 525 2695 566 se
2747 512 2970 567 rationis
3025 513 3394 573 moderatione

1818 603 2113 673 componit.
2162 601 2296 656 lluic
2327 602 2437 672 jam
2478 602 2656 666 dolor,
2707 616 2867 671 quem
2919 603 3136 657 tertium
3178 616 3396 673 quater-

1819 694 2035 748 nioncm
2092 694 2343 757 diximus,
2401 708 2522 748 cum
2557 707 2654 748 suo
2693 693 2907 763 agmine
2949 694 3016 747 ad
3068 694 3265 751 eaotivi
3298 711 3394 749 cu-

1821 785 2047 838 stodiam
2088 784 2428 853 subrogatur.
2462 782 2555 837 Est
2585 794 2763 837 autem
2812 782 3103 838 satellitum
3141 783 3256 852 ejus
3288 785 3398 854 pri-

1822 890 1941 928 mus
1992 874 2160 940 livor,
2215 875 2481 930 secundus
2536 875 2869 940 amaritudo,
2933 875 3123 929 tertius
3166 875 3392 942 clamor,

1822 967 2047 1030 quartus
2099 960 2411 1014 crudelitas.
2466 959 2713 1014 Dolorem
2772 960 2967 1031 quippe
3007 961 3212 1031 primus
3263 962 3399 1016 livor

1822 1050 2193 1117 prosequitur;
2246 1049 2372 1118 quia
2415 1065 2536 1103 cum
2580 1049 2718 1103 alter
2763 1050 3079 1119 adipiscitur
3101 1051 3240 1120 quod
3265 1050 3401 1105 alter

1826 1136 2089 1200 amiserit,
2137 1137 2391 1192 amittens
2439 1139 2490 1191 itt
2544 1138 2926 1208 adipiscentem
2978 1140 3145 1195 livore
3192 1142 3403 1196 invidia:

1827 1228 2189 1283 succenditur.
2218 1227 2396 1283 Livori
2432 1239 2608 1283 autem
2646 1231 2951 1284 amaritudo
2972 1231 3234 1295 succedit,
3276 1231 3402 1300 quia

1828 1317 2114 1373 invidentis
2151 1318 2361 1372 animus
2407 1326 2554 1373 tanto
2582 1320 2648 1374 ad
2713 1333 2900 1373 omnes
2921 1320 3207 1374 amarescit
3255 1329 3405 1374 exte-

1832 1408 1963 1472 rius,
1990 1416 2209 1477 quanto,
2242 1418 2501 1463 exurente
2530 1408 2725 1463 invidia
2764 1410 2974 1463 radices
3012 1408 3127 1476 ejus
3166 1408 3403 1473 intimas,

1830 1512 2026 1551 succus
2055 1496 2281 1565 alicujus
2311 1497 2561 1551 infundit.
2592 1496 2719 1552 Post
2744 1498 3161 1552 amaritudinem
3190 1514 3404 1569 quoque

1833 1588 2042 1643 clamor
2070 1605 2175 1643 non
2213 1590 2508 1659 incongrue
2546 1600 2881 1656 numeratur,
2926 1592 3051 1660 quia
3081 1591 3409 1645 amaricatus

1832 1682 2064 1748 animus,
2096 1698 2218 1737 eum
2253 1681 2365 1750 jam
2397 1682 2638 1738 ﬂammas
2670 1698 2796 1737 suas
2822 1684 2960 1752 apud
2983 1698 3040 1736 se
3066 1682 3177 1753 ipse
3209 1682 3408 1736 tolera-

146 1798 393 1852 gmpm
420 1792 479 1837 υι
518 1800 636 1853 qua,
660 1785 771 1854 jam
803 1794 956 1852 pana
984 1795 1129 1849 sum,
1172 1786 1487 1854 Quotidiano
1531 1784 1736 1839 [ωηοιεθ
1768 1760 1810 1818 Β
1842 1786 1895 1823 re
1925 1786 2027 1825 non
2068 1771 2283 1835 sufﬁcit,
2316 1772 2553 1827 exterius
2574 1787 2666 1826 eas
2696 1788 2817 1825 cum
2858 1771 3113 1826 clamoris
3148 1771 3411 1826 vocifera-

145 1889 521 1933 eumuentur.
594 1878 744 1947 Quod
816 1895 936 1934 cum
1006 1892 1073 1933 ao
1145 1888 1326 1934 votum
1395 1879 1733 1948 multiplicari

147 1970 479 2039 contigerit,
509 1986 596 2025 res
629 1972 845 2039 quidem
887 1972 1133 2027 exterior
1176 1972 1455 2037 dilatatur,
1487 1972 1580 2026 sed
1624 1973 1737 2043 ipse

150 2059 388 2114 interius
427 2070 763 2131 angustatur.
812 2061 961 2137 Unde
990 2071 1046 2116 et
1091 2061 1249 2115 tertio
1297 2061 1419 2116 loco
1466 2060 1737 2116 inall‘ectio

151 2149 513 2216 subinfertur,
544 2154 666 2222 quia
690 2161 840 2207 tanto
867 2153 1141 2208 crudelius
1167 2162 1358 2206 contra
1387 2151 1737 2223 indigentiam

152 2244 393 2311 prminni
439 2245 744 2311 induratur,
781 2256 985 2316 quanto
1014 2247 1115 2302 sibi
1149 2248 1248 2303 soli
1279 2248 1449 2302 credit
1477 2248 1559 2301 vir
1583 2263 1740 2317 posse

154 2321 409 2390 sutiicere
459 2351 579 2405 quae
636 2338 922 2393 habentur.
989 2338 1095 2393 Sed
1164 2339 1307 2393 inter
1368 2340 1483 2394 luce
1540 2340 1740 2409 cogitat

159 2426 295 2493 quia
326 2426 528 2481 frustra
556 2429 607 2481 in
636 2430 1027 2499 congregandis
1053 2440 1332 2499 tantopere
1363 2431 1668 2496 desudavit,
1694 2430 1739 2484 si

158 2522 239 2576 sic
279 2524 351 2576 ab
393 2536 578 2578 eorum
622 2525 1001 2580 communione
1053 2526 1379 2595 indigentem
1437 2529 1739 2594 proximum

160 2612 524 2689 sublevat,ut
562 2629 677 2683 Ipse
719 2629 931 2683 quoque
960 2616 1026 2669 ab
1048 2630 1234 2669 eorum
1257 2608 1364 2668 'ttsu
1386 2614 1597 2669 alienus
1627 2614 1743 2668 exi-

162 2712 296 2757 stat.
349 2703 527 2769 Unde,
572 2705 697 2774 quia
735 2714 852 2775 post
906 2706 1019 2759 ltzec
1052 2715 1218 2759 totum
1246 2722 1306 2760 se
1361 2706 1412 2759 in
1464 2706 1742 2761 lasciviam

163 2795 462 2864 vclupt-Ltis
498 2794 714 2863 dejecit,
760 2797 812 2853 iu
860 2796 1283 2854 commilitomtzn
1327 2797 1539 2867 agmine
1582 2814 1745 2867 quar-

166 2897 222 2941 to
279 2888 449 2954 gradu
506 2887 752 2956 voluptas
808 2889 1033 2950 incedit;
1085 2904 1179 2956 per
1218 2904 1380 2957 quant
1422 2888 1627 2942 scilicet
1674 2888 1745 2943 ita

165 2979 446 3032 illecebris
473 2979 654 3033 carnis
683 2995 793 3033 sua:
830 2980 1141 3043 resolvitur,
1174 2989 1231 3033 ttt
1259 2980 1306 3033 ei
1339 2980 1427 3033 illa
1472 2980 1747 3048 voluptuo-

165 3084 354 3122 serum
384 3070 653 3123 sententia
681 3070 873 3125 merito
914 3079 1197 3138 coaptetur
1227 3084 1241 3123 :
1288 3070 1666 3124 Manduremus
1699 3079 1746 3124 et

166 3161 431 3224 bibamus,
463 3176 580 3213 cras
621 3162 757 3214 enim
793 3162 1108 3223 morientur;
1147 3168 1240 3215 et:
1291 3157 1609 3214 Coroneums
1655 3177 1748 3214 nos

168 3250 327 3311 rosis,
383 3260 658 3320 antequam
700 3263 1059 3311 marcescant;
1099 3259 1153 3304 et
1178 3269 1189 3303 :
1216 3248 1415 3321 Ubique
1453 3268 1750 3321 qureramus

166 3341 321 3408 signa
361 3341 594 3406 la-titiw;
628 3350 677 3395 et
717 3340 916 3394 unitum
966 3351 1174 3410 pratum
1202 3342 1266 3394 sit
1306 3341 1445 3410 quod
1491 3358 1594 3396 non
1634 3359 1751 3412 per-

167 3442 407 3487 transeat
437 3433 648 3485 luxuria
680 3442 881 3485 nostra.
922 3433 1026 3487 Sed
1063 3433 1185 3487 dttnt
1220 3431 1405 3487 infelix
1450 3433 1627 3487 anima
1672 3441 1750 3486 ta-

169 3522 298 3577 liter
324 3524 378 3576 itt
406 3539 504 3597 sua
536 3524 809 3592 voluptate
848 3524 1156 3586 resolvitur,
1187 3524 1376 3579 incinit
1408 3524 1753 3578 vehementer

167 3620 440 3676 metuere,
492 3628 559 3668 ne
597 3612 804 3667 scilicet
842 3614 893 3667 id
931 3614 1076 3683 quod
1113 3629 1233 3668 eam
1276 3622 1555 3682 tantOpere
1604 3613 1751 3667 dele-

172 3712 312 3766 ctat,
353 3703 422 3755 ab
467 3718 532 3757 ea
572 3702 752 3757 subito
806 3701 1105 3756 auferatur.
1138 3703 1291 3758 Unde
1334 3704 1469 3757 bene
1516 3702 1634 3756 loco
1664 3718 1750 3757 se-

170 3794 338 3849 cundi
395 3792 802 3863 quateruiouis,
869 3802 1043 3848 metus
1090 3811 1211 3847 cum
1268 3794 1379 3848 suis
1429 3793 1752 3848 satellitibus

171 3885 528 3951 subrogatur,
556 3886 815 3953 quoruml
862 3894 941 3939 est
988 3885 1312 3948 sollicitudo,
1360 3884 1401 3938 ll
1450 3886 1755 3939 inconstan-

172 3976 284 4040 tia,
342 3975 408 4029 lll
456 3975 618 4038 ﬁctio,
665 3976 729 4029 ιν
787 3976 1254 4030 irrationabilitas.
1310 3976 1462 4041 Quod
1504 3976 1755 4030 videlicet

173 4064 382 4119 frustra
414 4066 493 4119 sic
531 4066 930 4132 ordinavituus,
972 4067 1015 4121 si
1069 4082 1173 4120 non
1223 4066 1486 4119 rationem
1541 4080 1755 4136 quoque

174 4173 277 4213 cur
303 4157 485 4211 taliter
525 4160 634 4213 sint
655 4157 884 4212 ordinati
912 4159 1219 4212 reddamus.

252 4248 571 4303 Sollicitudo
609 4264 840 4319 namque
892 4259 1093 4302 metum
1137 4249 1314 4318 primo
1361 4248 1528 4319 gradu
1569 4248 1757 4302 subse-

174 4338 392 4406 quitur,
423 4339 548 4407 quia
573 4339 862 4394 metuentis
905 4339 1139 4402 animus,
1176 4340 1302 4392 dunt
1365 4339 1566 4408 aliquid
1611 4338 1758 4409 quod

1840 1861 1981 1914 tione
2011 1861 2299 1931 profundit,
2336 1872 2589 1931 tantoque
2617 1877 2709 1916 eas
2731 1862 2893 1916 altius
2914 1861 3200 1932 iaculatur,
3241 1876 3413 1930 quan-

1840 1960 1893 2004 to
1937 1951 1986 2004 id
2023 1954 2163 2022 quod
2200 1953 2457 2007 amissunt
2495 1962 2579 2008 est
2607 1952 2824 2008 cltarius
2849 1952 3148 2007 amabatur.
3178 1952 3412 2019 Quartus

1838 2043 1892 2097 itt
1941 2044 2040 2099 boc
2091 2047 2303 2115 agmine
2352 2046 2673 2112 satellitum,
2730 2046 3019 2103 crudelitas
3083 2048 3411 2111 nominatur,

1838 2137 1962 2205 quia
2002 2146 2349 2206 exasperatus
2398 2154 2494 2207 per
2541 2140 2779 2193 dolorem
2824 2142 3067 2205 animus,
3125 2141 3216 2210 qui
3269 2140 3417 2194 dolo—
3470 2178 3487 2192 .

1841 2241 1953 2280 rem
2003 2241 2157 2279 suum
2215 2228 2314 2281 sub
2366 2229 2551 2281 livoris
2599 2230 2835 2299 tegmine
2887 2231 3089 2285 diutius
3136 2232 3414 2291 ettutrtvit,

1840 2333 1959 2371 cum
2004 2318 2147 2372 hunc
2175 2318 2436 2373 clamores
2460 2318 2732 2374 eﬁ‘erendo
2765 2321 2919 2389 plene
2960 2336 3062 2375 non
3093 2322 3271 2381 satiat,
3307 2331 3418 2374 stu-

1842 2407 1929 2461 det
1960 2408 2232 2462 inbianter
2268 2418 2326 2461 ut
2363 2409 2539 2463 verbis
2567 2409 2873 2464 crudelibus
2915 2425 3078 2478 opera
3124 2410 3414 2486 crudelita-

1846 2501 1911 2552 th
1941 2499 2227 2569 adiungat;
2278 2514 2396 2568 qure
2439 2500 2693 2555 nimirum
2730 2499 3021 2555 crudelitas
3065 2515 3299 2570 eousque
3327 2500 3421 2554 do-

1843 2588 1972 2642 loris
2012 2589 2374 2646 immensitate
2418 2605 2475 2646 se
2518 2589 2729 2655 dilatat,
2767 2600 2825 2644 ut
2868 2591 2925 2644 in
2949 2591 3195 2645 eumdem
3246 2591 3417 2659 ipsutn

1844 2678 1934 2748 qui
1987 2676 2143 2734 dolet
2174 2680 2374 2735 doloris
2402 2694 2590 2749 poenas
2629 2688 2959 2747 retorqueat.
2998 2678 3271 2748 Plerisque
3311 2688 3423 2732 cte-

1846 2769 1954 2822 nim
1989 2769 2187 2825 accidit
2225 2778 2305 2833 ut,
2349 2769 2432 2824 vel
2477 2784 2657 2824 rerum
2694 2770 2776 2823 vel
2805 2769 3089 2839 pignorum
3130 2768 3425 2822 amissione

1847 2858 2069 2923 turbati,
2101 2860 2226 2912 dum
2268 2859 2469 2913 doloris
2509 2861 2591 2914 sui
2634 2858 2823 2914 vulnus
2864 2859 3032 2914 lenire
3057 2858 3282 2913 rationis
3309 2874 3425 2911 tne-

1847 2951 2114 3006 dicamine
2150 2950 2532 3020 neglexerunt,
2574 2952 2628 3005 in
2676 2967 2770 3006 eos
2814 2950 3275 3020 perturbationum
3329 2948 3427 3002 lin-

1850 3050 1967 3097 ctus
2012 3042 2322 3107 inciderint,
2367 3052 2425 3097 ut
2471 3042 2554 3096 vel
2599 3056 2813 3096 sensum
2853 3055 3189 3096 communem
3217 3040 3429 3092 amitte—

1854 3144 1996 3200 rent,
2048 3135 2133 3190 vel
2178 3135 2229 3189 in
2287 3136 2494 3205 seipsos
2542 3133 2832 3191 crudeliter
2877 3147 3069 3187 manus
3123 3130 3427 3200 injicetcnt.

1851 3229 1990 3286 Ecce
2027 3245 2307 3300 quousque
2337 3246 2431 3299 per
2476 3228 2736 3284 satellites
2768 3243 2894 3283 suos
2940 3226 3090 3282 dolor
3123 3225 3306 3289 szevit,
3348 3233 3428 3287 ut,

1850 3322 2002 3391 quasi
2041 3337 2229 3392 parum
2262 3322 2331 3376 sit
2360 3320 2410 3375 ei
2438 3322 2673 3391 quietem
2716 3320 2909 3374 anima:
2950 3318 3289 3389 perturbare,
3320 3326 3431 3370 stu-

1851 3415 1976 3467 deat
2024 3411 2168 3466 illam
2198 3413 2359 3466 etiam
2397 3412 2464 3467 de
2507 3411 2623 3481 ipso
2661 3411 2969 3466 babitaeulo
3014 3409 3256 3480 corporis
3293 3405 3430 3461 επιε-

1851 3517 1976 3571 gare
1994 3503 2006 3554 !

1922 3590 2107 3643 Restat
2143 3597 2368 3659 quartus
2408 3589 2713 3659 quaternio,
2743 3603 2903 3658 quem
2944 3595 3154 3642 veteres
3181 3585 3431 3656 gaudium

1852 3680 2298 3743 nominaverunt,
2365 3688 2486 3747 post
2535 3680 2772 3734 dolorem
2834 3692 3071 3748 congrue
3118 3677 3431 3741 collocatus,

1851 3774 1999 3844 quia,
2031 3774 2171 3827 sicut
2213 3771 2367 3844 dolor
2405 3773 2471 3827 de
2501 3787 2558 3827 re
2604 3781 2894 3842 generatur
2936 3771 3205 3838 adempta,
3256 3769 3331 3823 ita
3381 3775 3436 3821 et

1851 3842 2106 3934 gaudium
2143 3865 2208 3918 de
2236 3842 2293 3918 εἶθ
2323 3874 2619 3935 generatur
2647 3862 2861 3932 adepta.
2891 3861 2996 3916 Sed
3022 3860 3308 3916 videndum
3336 3875 3436 3913 cur

1852 3958 2117 4026 majorum
2152 3959 2474 4020 auctoritas,
2523 3957 2665 4010 inter
2712 3970 2808 4009 eas
2845 3953 3285 4024 perturbationes
3319 3967 3438 4021 qtae

1852 4057 2050 4101 statum
2097 4048 2294 4102 mentis
2348 4048 2520 4101 solent
2562 4055 2833 4109 avertere,
2884 4044 3136 4115 gaudium
3181 4056 3436 4096 numera-

1853 4140 1947 4202 vit,
1997 4156 2117 4193 etun
2151 4140 2251 4192 boe
2288 4139 2427 4192 inter
2475 4136 2927 4204 fiuctusjnstitite
2973 4142 3194 4189 sanctus
3242 4132 3441 4186 Paulus

1854 4227 2126 4297 apostolus
2152 4228 2566 4296 cotuputaverit,
2594 4227 2782 4280 dicens
2811 4242 2823 4276 :
2856 4221 3086 4277 Fructus
3124 4232 3295 4281 autem
3332 4222 3440 4288 spi-

1856 4320 2009 4381 ritus,
2046 4327 2119 4370 θαι
2156 4317 2428 4387 gaudium,
2462 4333 2589 4384 pax,
2617 4324 2723 4369 etc.
2761 4313 2913 4370 Unde
2962 4312 3269 4367 noverimus
3310 4326 3442 4381 gau-

158 4426 532 4497 _vcbententer
566 4428 929 4496 amplectitur,
963 4429 1211 4483 amittere
1245 4430 1494 4497 trepidat,
1536 4430 1761 4483 immen-

1863 4410 2029 4473 dituu,
2055 4409 2099 4462 si
2136 4409 2349 4478 quando
2378 4409 2429 4461 in
2465 4408 2603 4461 mala
2634 4406 3030 4477 significatione
3066 4404 3303 4475 ponitur,
3337 4419 3442 4455 non

174 4533 242 4571 sa
278 4518 431 4571 illum
478 4518 841 4588 suspicionum
887 4520 1119 4573 varietas
1162 4518 1375 4585 turbat;
1424 4535 1544 4590 qua:
1597 4522 1760 4574 menti

178 4605 408 4676 trepida:
459 4607 586 4661 dum
618 4609 839 4686 damna.
865 4618 1085 4662 ventura
1137 4609 1414 4679 proponit,
1458 4610 1633 4663 omnia
1689 4609 1761 4662 illi

174 4712 285 4768 per
332 4698 707 4764 cogitationem
751 4699 955 4769 irrogat
994 4716 1112 4769 qua:
1158 4715 1316 4768 posse
1364 4700 1604 4769 irrogare
1637 4714 1765 4753 eon-

176 4787 361 4857 lingit.
391 4788 815 4843 Sollicitudinem
848 4799 1024 4844 autem
1069 4791 1427 4844 inconstantia
1457 4790 1762 4853 comitatur,

178 4894 315 4946 qua,
370 4875 492 4931 dum
540 4894 604 4932 ea
652 4894 771 4949 quae
815 4882 925 4949 pati
974 4882 1197 4945 metuit,
1244 4882 1599 4935 intolerabilia
1652 4882 1765 4935 fore

180 4969 591 5037 prmpmnlerat,
634 4970 977 5025 effeminatus
1032 4988 1125 5041 per
1174 4973 1469 5043 ignaviam,
1517 4971 1659 5026 nulla
1708 4986 1766 5024 se

182 5061 492 5114 tolerantia:
547 5062 742 5115 virtute
781 5063 1065 5116 confortat.
1109 5063 1242 5118 Cum
1278 5077 1405 5117 vero
1453 5078 1511 5117 se
1550 5067 1616 5115 ad
1651 5071 1768 5114 tan-

185 5159 237 5205 ta
284 5148 602 5203 discrimina
652 5150 904 5209 pra-videt
958 5151 1171 5205 virtutis
1223 5151 1414 5204 robore
1458 5165 1565 5204 non
1608 5166 1766 5219 posse

185 5240 510 5301 subsistere,
552 5250 722 5295 tentat
742 5256 1068 5314 magnopere
1091 5259 1133 5297 ει
1157 5259 1219 5297 ea
1251 5243 1439 5297 saltem
1474 5257 1567 5312 per
1596 5242 1769 5296 tictioo

184 5335 314 5384 u‘em
347 5328 525 5384 valeat
555 5330 814 5385 devitarc.
844 5332 924 5399 Ac
947 5333 1168 5402 proinde
1205 5342 1325 5402 post
1354 5333 1769 5405 inconstantiam

186 5420 339 5473 lictio
370 5431 713 5485 numeratur,
742 5423 867 5491 quia
902 5432 1044 5477 metu
1080 5438 1375 5479 concussus
1416 5425 1647 5486 animus,
1702 5422 1770 5476 de

187 5526 385 5580 campo
428 5513 763 5568 confidentia:
799 5512 1038 5585 fugiens,
1085 5516 1138 5569 in
1190 5515 1518 5586 duplicitatis
1578 5515 1770 5583 angulo

187 5601 513 5656 occultatur.
560 5602 687 5657 Post
753 5603 1023 5660 ﬁctionem
1084 5614 1263 5659 autem
1332 5605 1771 5661 irrationabllizas

187 5694 535 5767 subrogatur,
568 5693 692 5769 quia
729 5695 930 5753 idcirco
956 5696 1195 5751 animum
1224 5704 1334 5751 tam
1365 5695 1528 5751 densa
1559 5706 1771 5756 ocrtur-

1864 4502 2098 4571 proprie,
2126 4502 2218 4555 sed
2248 4500 2468 4555 abusive
2500 4499 2785 4553 nontinari.
2820 4497 2970 4553 Unde
3004 4505 3058 4549 et
3084 4495 3220 4565 apud
3251 4494 3442 4548 Isaiam

1866 4598 2020 4665 (Iani.
2080 4612 2243 4651 XLVIII
2272 4637 2285 4661 ,
2337 4596 2428 4667 2'2)
2458 4636 2471 4660 ,
2534 4595 2620 4648 ubi
2680 4603 2864 4647 nostra
2909 4590 3190 4645 translatio
3232 4589 3442 4643 habet:

1868 4690 1990 4744 Non
2019 4700 2091 4744 est
2114 4706 2219 4758 pna:
2242 4690 2435 4756 impiis,
2467 4689 2592 4741 dicit
2623 4685 2901 4746 Dominus,
2929 4684 3031 4736 alia
3058 4680 3341 4735 translatio
3357 4679 3446 4731 ba.

1864 4780 1954 4834 bet
1987 4799 1999 4832 :
2036 4780 2159 4833 Non
2194 4790 2265 4832 est
2295 4778 2522 4847 gaudere
2550 4776 2743 4845 impiis,
2785 4775 2910 4826 dicit
2934 4768 3447 4825 Domimts.\'erttnt-

1868 4883 2045 4926 tamen
2089 4872 2376 4941 Apostolus
2406 4886 2526 4923 cutn
2563 4869 2629 4923 de
2656 4867 2924 4922 cbaritatc
2967 4864 3301 4932 loqueretur,
3344 4860 3447 4912 boe

1866 4964 2086 5017 verbum
2136 4962 2357 5016 abusive
2402 4960 2601 5023 posuit,
2648 4959 2837 5013 dicens
2869 4975 2882 5010 :
2918 4953 3040 5008 Non
3065 4953 3256 5021 gaudet
3290 4962 3447 5017 super

1866 5056 2178 5123 iniquitate;
2227 5070 2349 5109 cum
2392 5063 2542 5108 certe
2595 5052 2900 5121 quicunque
2950 5062 3113 5115 super
3160 5049 3449 5112 nnquttato

1868 5147 2097 5207 Letatur,
2140 5161 2242 5200 non
2286 5147 2544 5217 gaudere,
2575 5144 2667 5199 sed
2722 5142 2900 5211 potius
2948 5138 3145 5207 gestire
3187 5132 3452 5189 dicendul

1866 5248 1968 5292 est.
2023 5237 2269 5293 Gaudere
2328 5249 2523 5292 etenun
2584 5233 2951 5290 tantummodo
3014 5228 3290 5285 hominum
3341 5230 3448 5288 est,

1868 5330 2068 5399 gestire
2095 5339 2275 5383 autem
2319 5344 2421 5383 non
2472 5328 2645 5383 solum
2694 5327 2994 5388 hominum,
3043 5333 3233 5375 verum
3278 5315 3450 5373 etiam

1871 5418 2318 5477 irrationabilium
2344 5418 2654 5472 animalium
2680 5425 2794 5470 est:
2822 5414 2963 5469 unde
2982 5420 3038 5467 et
3066 5407 3227 5465 catuli
3248 5405 3453 5476 gestire
3479 5454 3485 5461 .

1871 5510 2143 5573 dicuntur,
2176 5525 2296 5563 cum
2340 5510 2605 5562 intentam
2634 5506 2967 5561 alacritatem
2999 5500 3239 5573 gestibus
3267 5494 3453 5549 cauda)

1870 5602 1955 5663 vel
2001 5602 2230 5657 aliorum
2285 5603 2650 5656 membrorum
2692 5607 2966 5654 ostentare
3018 5594 3290 5647 videntur.
3342 5585 3455 5639 lloo

1872 5696 2055 5765 itaque
2084 5694 2202 5749 loco
2228 5709 2350 5748 eum
2378 5691 2630 5764 gaudium
2658 5692 2799 5747 inter
2823 5684 3257 5761 perturbationes
3289 5674 3454 5737 animi
