3974 5374
583 288 690 346 9³7

1617 276 1675 332 8.
1706 270 2049 331 FULBERTI
2085 264 2559 326 CARNOTENSIS
2587 260 2892 322 EPlSCOPl

3714 254 3828 311 288

587 409 923 465 Itttnteraltlt‘,
950 414 1058 454 non
1089 395 1307 469 proprie
1330 392 1610 466 gaudium,
1639 390 1735 444 sed
1761 387 1942 459 potius
1969 393 2153 454 gestus
2181 385 2228 444 Α
2255 376 2675 446 comprehensus
2700 380 2951 443 peccator
2975 366 3177 425 carceri
3212 365 3573 437 mancipatur,
3613 366 3676 434 si,
3702 378 3829 437 post

588 495 808 565 quidam
839 488 1222 545 irrationabilis
1243 495 1346 565 [est
1379 480 1759 553 accipiendus;
1795 477 1887 547 qui
1922 484 2160 532 et'men-

590 594 696 640 tem
723 599 818 652 per
847 558 1257 634 iunnoderatani
1285 574 1524 630 laetitiam
1560 585 1589 623 a
1617 568 1896 640 gravitatis
1926 565 2159 637 pondere

587 676 806 746 levigat,
838 681 894 728 et
937 672 1078 725 hanc
1114 668 1358 724 eamdem
1399 664 1671 720 levitatem
1702 676 1797 730 per
1833 660 1981 727 signa
2011 666 2161 711 exte-

594 768 733 824 riora
799 766 1152 819 demonstrat.
1220 757 1390 820 Unde,
1443 753 1567 823 quia
1618 767 1712 822 per
1755 746 2160 803 dissolutionem

595 858 912 916 exteriorem
948 856 1370 909 demonstratam
1412 847 1600 902 levitas
1631 845 1841 900 interna
1873 840 2158 909 detegitur,

590 965 694 1008 non
739 951 1030 1019 incengrne
1073 946 1189 1016 ipsa
1230 941 1512 997 dissolutio
1546 937 1671 993 huic
1714 944 1910 1006 quarto
1950 942 2161 1005 quater-

589 1042 733 1098 nioui
768 1055 866 1110 pro
906 1038 1080 1108 primo
1119 1034 1286 1088 milite
1323 1032 1637 1100 deputatur.
1670 1026 1804 1083 Cum
1835 1024 1978 1078 enim
2010 1037 2161 1076 mens

589 1138 900 1199 conceptam
942 1128 1087 1181 intus
1132 1123 1372 1178 laetitiam
1416 1117 1699 1191 gravitatis
1736 1116 1888 1170 freno
1929 1113 2162 1167 retinere

588 1236 697 1277 non
779 1225 968 1279 curat,
1037 1213 1212 1285 qualis
1287 1212 1429 1281 apud
1500 1224 1559 1264 se
1619 1207 1940 1263 intrinsecus
2000 1203 2165 1257 lateat

587 1321 768 1369 motus
796 1308 1033 1365 exterior
1060 1303 1391 1367 manifestat,
1413 1316 1515 1371 qua
1546 1298 1751 1354 Scilicet
1780 1294 2164 1351 manifestatio-

587 1420 659 1461 ne
711 1419 816 1458 non
859 1402 1138 1457 minimum
1183 1397 1259 1452 illi
1299 1394 1637 1466 dispendium
1670 1392 1968 1461 irrogatur;
2014 1386 2162 1457 quia,

586 1510 709 1551 cum
741 1504 914 1548 motus
943 1490 1182 1547 exterior
1210 1487 1277 1542 ab
1322 1487 1548 1541 internae
1574 1480 1962 1553 superfluitatis
2004 1477 2162 1532 fonti-

586 1585 689 1642 bus
717 1585 929 1641 hauriat
949 1581 1210 1654 quidquid
1233 1581 1286 1635 in
1311 1577 1552 1632 externis
1583 1573 1861 1629 obtutibus
1888 1569 2021 1625 furis
2058 1584 2163 1623 ma-

588 1686 731 1737 neat,
768 1685 915 1730 tanto
946 1674 1054 1744 iam
1082 1686 1235 1726 mens
1277 1670 1437 1724 vilior
1459 1667 1527 1723 ab
1566 1665 1816 1721 omnibus
1843 1662 2161 1725 aestimatur,

586 1775 790 1838 quanto
809 1766 1044 1820 interno
1074 1760 1191 1831 ejus
1217 1756 1596 1831 gazophylacio
1622 1764 1854 1827 pretium
1883 1748 2165 1822 gravitatis

589 1877 696 1916 non
724 1860 905 1913 inesse
931 1854 1373 1927 deprehenditur.
1402 1850 1685 1907 Secundus
1717 1847 1770 1902 in
1797 1846 1901 1901 hac
1922 1854 2166 1899 extrema

589 1952 712 2007 acie
742 1950 918 2014 miles,
942 1948 1206 2016 jactantia
1251 1947 1591 2007 nominatur;
1630 1940 1757 2011 quia
1785 1937 2012 1992 nimium
2040 1950 2165 1990 eum

591 2043 831 2099 membra
863 2056 959 2111 per
999 2050 1179 2094 motus
1230 2036 1531 2091 inconditos
1560 2032 1956 2094 dissolvuntur,
1986 2028 2165 2094 lingua

520 2131 537 2144 ’
594 2151 834 2207 quoque,
870 2136 1043 2206 ruptis
1067 2131 1293 2190 habenis
1324 2129 1546 2195 silentii,
1576 2142 1673 2198 per
1703 2127 1867 2181 verba
1891 2121 2167 2193 iactantia:

592 2229 937 2285 diffrenatur.
988 2228 1094 2283 Pro
1155 2227 1315 2282 tertio
1371 2225 1550 2280 adhuc
1607 2222 1780 2277 milite
1825 2218 2168 2275 mendacium

590 2329 960 2388 computatur,
981 2319 1106 2390 quia
1132 2319 1221 2390 qui
1253 2317 1417 2373 multa
1441 2318 1506 2371 de
1533 2330 1594 2370 se
1613 2312 1884 2381 jactanter
1909 2310 2163 2379 loquitur,

591 2415 707 2469 fieri
744 2430 847 2469 nrin
878 2424 1055 2485 potest
1100 2420 1162 2466 ut
1213 2425 1317 2465 non
1364 2408 1530 2463 etiam
1582 2405 1829 2475 qumdam
1879 2403 2169 2458 interserat

591 2504 734 2559 unde
765 2504 1080 2558 incutiatur.
1106 2499 1387 2555 Mcndacio
1428 2505 1605 2551 autem
1633 2493 1884 2563 superbia
1911 2492 2169 2561 subroga-

591 2603 701 2658 tnr,
717 2609 835 2663 quae
858 2590 1181 2661 supradictis
1199 2589 1450 2645 omnibus
1472 2587 1755 2643 materiam
1774 2582 2164 2645 snluninistrct,

591 2696 646 2741 et
669 2686 853 2739 ultima
880 2692 1185 2755 superatur.
1211 2680 1368 2745 Nam,
1391 2680 1531 2733 sicut
1555 2677 1816 2744 scriptum
1838 2682 1922 2728 est
1945 2690 1959 2726 :
1998 2670 2170 2724 Radix

592 2776 826 2828 omnium
856 2773 1118 2828 malorum
1150 2770 1433 2841 cupiditas,
1457 2767 1530 2822 ita
1555 2766 1717 2820 etiam
1754 2763 2013 2833 scriptum
2039 2760 2170 2830 legi-

596 2873 683 2918 tur
711 2883 723 2918 :
757 2863 781 2916 l
791 2862 977 2918 uitium
1008 2862 1178 2917 omnis
1204 2861 1402 2931 peccati
1452 2856 1712 2927 superbia.
1741 2854 1884 2922 'Qua:
1926 2863 2169 2922 utrmque

592 2954 871 3008 sententia:
900 2952 1051 3008 value
1079 2953 1147 3006 ab
1175 2951 1403 3005 invicem
1430 2950 1835 3017 discreparent,
1859 2944 1961 3000 nisi
1990 2943 2168 3013 aliquo

596 3048 757 3102 modo
801 3063 968 3103 unum
1017 3055 1231 3109 essent;
1273 3044 1387 3107 sed,
1422 3042 1545 3112 quia
1591 3056 1696 3095 una
1750 3053 1963 3107 semper
2007 3037 2164 3090 aliam
2195 3054 2237 3113 ρ

595 3138 761 3207 gradu
798 3134 1073 3193 individuo
1107 3132 1418 3196 comitatur,
1465 3140 1610 3185 recte
1644 3138 1697 3184 et
1744 3128 1900 3182 radiat
1937 3127 2168 3180 omnium

594 3226 854 3283 malorum
878 3225 1158 3296 cupiditas,
1192 3233 1245 3280 et
1271 3225 1480 3278 initium
1510 3222 1676 3277 omnis
1703 3220 1902 3290 peccati
1928 3217 2169 3287 superbia

594 3316 964 3390 perhibentur.
995 3316 1129 3384 Quia
1154 3316 1256 3371 nisi
1289 3315 1514 3385 cupidus
1551 3315 1656 3384 'per
1681 3312 1989 3382 superbiam
2031 3310 2174 3362 intu-

596 3416 895 3470 mesceret,
950 3421 1290 3477 nequaquam
1344 3405 1653 3460 divitiarum
1693 3401 1848 3471 capia
1898 3414 2172 3461 exerceare

595 3506 825 3553 creteros
863 3497 1178 3562 festinaret;
1216 3503 1274 3550 ct
1306 3494 1408 3549 nisi
1448 3493 1711 3564 superbus
1738 3490 2052 3561 cupiditatis
2076 3488 2174 3542 sti-

569 3587 761 3643 ‘mulis
789 3596 1091 3659 urgeretur,
1124 3601 1232 3641 non
1281 3586 1468 3656 utique
1514 3585 1582 3641 ad
1626 3584 1835 3655 apicem
1883 3578 2173 3652 singularis

595 3680 851 3749 potentiae
882 3688 1031 3734 tanto
1058 3692 1223 3750 opere
1262 3686 1563 3746 raperetur.

668 3807 775 3862 νη.
807 3807 910 3862 Sed
940 3808 1065 3877 quia
1096 3807 1225 3872 hoc,
1258 3807 1401 3876 quod
1438 3803 1715 3875 apostolus
1754 3772 2175 3870 comprehensus

598 3907 653 3954 et
678 3897 1122 3967 quaternionibus
1147 3896 1373 3952 traditus
1403 3896 1621 3960 dicitur,
1648 3909 1754 3948 uno
1789 3893 1945 3948 modo
1974 3900 2173 3945 tracta-

598 3987 796 4053 vimus,
829 3986 959 4042 lihet
988 3988 1090 4042 hoc
1113 3987 1285 4056 ipsum
1313 3986 1415 4040 sub
1452 3985 1556 4039 alia
1593 3984 1984 4054 significatione
2012 3996 2176 4051 expo-

599 4090 750 4142 nere,
780 4086 833 4132 et
858 4076 971 4146 eju.
997 4074 1200 4145 judicio
1231 4076 1322 4147 qui
1350 4077 1464 4131 hare
1495 4074 1744 4130 fortassis
1778 4073 1956 4144 legere
1982 4072 2174 4143 digna-

598 4175 765 4242 bitur,
794 4185 1079 4245 utramque
1107 4175 1497 4245 expositionem
1527 4172 1859 4242 relinquere.
1908 4170 2042 4224 Nam
2083 4169 2176 4240 qui

597 4263 709 4336 jam
733 4280 825 4336 per
845 4266 1080 4321 divinam
1103 4266 1331 4337 gratiam
1354 4263 1639 4318 illuminati
1662 4277 1866 4327 sumus,
1891 4276 1995 4315 non
2024 4259 2177 4315 nobis

2259 466 2707 538 perpetrationem
2735 460 2997 523 criminis,
3029 460 3082 515 in
3107 473 3216 514 sua:
3236 456 3579 513 conscientiae
3605 457 3829 513 latebris

2260 555 2578 611 oecnltatnr.
2612 553 2721 608 Nec
2749 561 2923 606 tamen
2947 548 3139 605 sufﬁcit
3159 546 3360 603 crudeli
3391 546 3701 602 adversario
3722 563 3829 602 suo

2260 647 2401 714 quod
2430 643 2696 711 captivum
2725 654 2879 696 suum
2910 638 3144 693 tenebris
3172 635 3530 691 carceralibus
3570 635 3826 702 damnat;

2261 734 2481 804 insuper
2507 732 2671 787 etiam
2697 728 2945 786 custodes
2974 727 3047 782 illi
3078 726 3314 791 adhibet,
3342 739 3410 780 ne
3436 726 3651 804 evadat.
3691 723 3828 778 Nam

2259 834 2530 896 peccator,
2559 836 2716 892 quem
2742 836 2836 891 per
2856 819 3145 873 admissum
3173 817 3378 873 facinus
3395 800 3642 870 diabolus
3662 816 3833 886 capti-

2260 916 2423 976 vavit,
2453 925 2832 978 nonnunquam
2862 909 2927 963 de
2948 908 3062 977 ejus
3084 905 3328 976 captione
3354 920 3451 975 per
3474 902 3833 958 confessionis

2262 1002 2503 1057 foramen
2538 1000 2686 1054 exire
2706 997 2970 1067 disponit;
2998 996 3091 1051 sed
3124 992 3374 1049 custodes
3400 990 3628 1047 adhibiti
3651 988 3833 1044 volen-

2263 1104 2368 1150 tem
2410 1093 2560 1147 exire
2609 1096 2907 1152 retentant,
2948 1087 3072 1157 quia
3116 1084 3484 1140 difficultatum
3529 1079 3832 1146 obstacula,

2262 1202 2380 1256 qua:
2405 1183 2675 1254 supponit,
2700 1180 2846 1236 illum
2877 1195 2944 1234 ne
2970 1178 3139 1249 possit
3162 1176 3312 1231 exire
3341 1175 3641 1230 retardant.
3673 1170 3836 1226 Salva

2262 1279 2445 1348 itaque
2469 1276 2695 1332 veritate
2725 1273 2976 1332 historiae,
3006 1269 3385 1341 quaterniones
3422 1265 3621 1337 quibus
3644 1262 3838 1318 Petrus

2262 1369 2479 1424 clausus
2515 1378 2737 1420 carcere
2780 1362 3098 1425 custoditur,
3136 1361 3249 1429 ipsa
3293 1365 3417 1413 sunt
3462 1353 3835 1410 diﬂicultatum

2261 1456 2563 1522 obstacula,
2609 1455 2825 1526 quibus,
2868 1461 3088 1524 peccata
3131 1449 3373 1526 confiteri
3421 1446 3763 1510 deliberans,
3803 1457 3836 1496 a

2264 1549 2602 1608 confessione
2629 1547 2973 1619 praepeditur.
2998 1522 3154 1614 ρυοὲ
3170 1542 3421 1598 nimirum
3450 1536 3837 1610 quaterniones

2266 1652 2326 1700 ut
2349 1642 2649 1699 evidentius
2668 1640 3032 1703 ostendamus,
3059 1648 3278 1692 necesse
3297 1642 3379 1690 est
3400 1647 3496 1687 eos
3519 1628 3836 1685 nominatim

2196 1715 2238 1775 Β
2266 1738 2588 1805 exprimere,
2635 1739 2692 1786 et
2731 1730 2812 1786 eis
2847 1727 3089 1798 singulos
3128 1741 3255 1782 suos
3299 1723 3497 1779 milites
3540 1720 3835 1790 assignare.

2265 1826 2371 1881 Sed
2407 1833 2466 1879 ut
2492 1824 2559 1878 de
2584 1822 2725 1886 aliis,
2752 1821 2886 1876 sicut
2920 1818 3053 1873 ordo
3082 1814 3367 1888 processit,
3399 1812 3654 1873 vidimus,
3700 1823 3838 1862 nunc

2263 1924 2435 1972 restat
2463 1915 2670 1985 primus
2693 1926 2801 1982 quo
2838 1917 3122 1966 censeatur
3147 1905 3361 1964 nomine
3388 1912 3442 1957 et
3471 1916 3581 1972 quo
3610 1900 3839 1969 stipetur

2266 2005 2480 2076 agmine
2502 2002 2800 2057 videamus.
2826 1998 2910 2054 Sit
2936 1998 3114 2067 itaque
3144 1994 3430 2066 quaternio
3455 1991 3687 2062 primus,
3715 1988 3839 2041 affe-

2267 2103 2386 2150 ctus
2428 2092 2687 2164 peccandi
2715 2108 2729 2145 :
2770 2099 2824 2144 et
2854 2088 3049 2144 habeat
3084 2086 3183 2142 sub
3219 2100 3278 2141 se
3307 2082 3505 2138 milites
3531 2095 3682 2143 suos,
3709 2092 3839 2147 quo-

2266 2204 2386 2244 rum
2415 2186 2621 2257 primus
2648 2194 2870 2239 vocetur
2895 2179 3194 2236 recordatio
3220 2175 3501 2249 praeterita:
3526 2170 3837 2240 voluptatis,

2267 2279 2535 2335 secumlus
2563 2275 2839 2332 excusatio
2865 2270 3195 2344 fragilitatis,
3236 2267 3426 2322 tertius
3457 2261 3689 2318 imitatio
3713 2275 3839 2330 pra-

2266 2373 2467 2435 vitatis,
2496 2380 2718 2442 quartus
2740 2366 3082 2425 ratiocinatio
3104 2361 3446 2419 conditionis.
3472 2357 3642 2412 Recto
3662 2362 3838 2408 autem

2267 2460 2459 2518 ordine
2506 2461 2561 2516 in
2609 2456 3023 2529 quaternionum
3071 2465 3295 2508 numero
3344 2449 3551 2518 primus
3599 2444 3839 2498 omnium

2268 2552 2491 2609 aﬂ‘ectus
2524 2549 2783 2621 peccandi
2815 2547 3053 2611 locatur;
3100 2543 3224 2614 quia
3266 2540 3517 2595 nimirum
3567 2537 3614 2590 is
3658 2534 3746 2604 qui
3780 2533 3839 2585 in

2268 2656 2488 2698 carcere
2515 2651 2596 2695 est
2624 2638 2850 2693 luxuriae
2876 2644 3149 2697 retrusus,
3183 2632 3341 2686 cilius
3367 2626 3562 2683 exinde
3590 2621 3840 2694 progredi

2270 2738 2573 2800 festinaret,
2599 2733 2698 2788 nisi
2725 2747 2847 2786 eum
2886 2742 3110 2801 peccare
3136 2727 3329 2780 iterum
3356 2720 3681 2782 delectaret;
3723 2712 3841 2775 sed,

2268 2829 2394 2899 quia
2423 2827 2600 2881 adhuc
2636 2838 2861 2894 peccare
2896 2820 3131 2883 affectat,
3163 2831 3266 2870 non
3303 2818 3508 2882 potest,
3539 2804 3842 2863 confitendo

2268 2927 2563 2988 peccatum,
2606 2916 2922 2985 impugnare
2968 2909 3108 2981 quod
3158 2913 3320 2961 amat.
3369 2902 3482 2958 Sub
3523 2901 3629 2955 hoc
3665 2905 3841 2950 autem

2268 3008 2442 3078 primo
2485 3004 2870 3074 quaternione,
2916 3000 3123 3071 primus
3154 2996 3305 3050 miles
3346 3002 3458 3058 est,
3501 3001 3563 3045 ut
3588 2988 3842 3052 diximus,

2270 3077 2570 3154 recordatio
2591 3095 2876 3166 prmteritae
2896 3089 3215 3160 voluptatis;
3240 3101 3360 3155 quae
3381 3077 3726 3153 quaternioni
3750 3090 3843 3129 suo

2270 3190 2475 3244 foedere
2518 3186 2834 3258 copulatur,
2864 3193 2923 3238 nt
2951 3191 3005 3236 et
3045 3195 3166 3235 cum
3197 3178 3288 3232 illo
3324 3175 3390 3229 ad
3428 3169 3731 3244 peccatoris
3757 3182 3843 3219 cn-

2271 3281 2497 3336 stodiam
2531 3278 2789 3341 excubet,
2829 3283 2883 3331 et
2915 3274 3088 3328 eidem
3139 3271 3333 3325 iterum
3378 3260 3634 3336 peccandi
3685 3267 3844 3312 mate-

2272 3372 2408 3427 riam
2448 3369 2838 3425 subministret.
2891 3366 3022 3432 Qua:
3055 3361 3310 3416 nimirum
3349 3351 3658 3410 recordatio
3700 3356 3843 3401 tanto

2272 3471 2611 3533 peccatorem
2637 3469 2696 3515 ut
2724 3460 2917 3514 iterum
2942 3465 3130 3526 peccet
3146 3448 3432 3505 violentius
3457 3444 3625 3515 cogit,
3647 3448 3844 3512 quanto

2273 3552 2349 3608 illi
2379 3549 2690 3623 expressius
2713 3553 3067 3618 repraesentat
3096 3538 3396 3610 voluptates
3416 3549 3569 3600 suas,
3593 3545 3732 3602 quas
3756 3545 3842 3584 ex-

2272 3654 2458 3717 pertus
2496 3650 2580 3698 est
2607 3642 2733 3696 dum
2759 3638 3020 3711 peccavit.
3052 3634 3157 3689 Sed
3191 3632 3235 3687 si
3282 3645 3378 3701 per
3416 3624 3843 3682 recordationem

2272 3715 2558 3805 praeterita:
2584 3729 2876 3801 voluptatis
2901 3735 3157 3799 peccator
3180 3722 3248 3777 ad
3277 3715 3626 3792 repetendum
3655 3726 3844 3784 pecca-

2275 3834 2387 3881 tum
2423 3832 2676 3896 urgetur,
2706 3799 2805 3877 cur
2831 3834 2938 3875 non
2979 3818 3094 3888 ipsa
3139 3816 3192 3869 in
3237 3812 3343 3867 hoc
3375 3807 3591 3880 agmine
3634 3799 3845 3857 aﬂectul

2274 3892 2528 3990 peccandi
2576 3910 2948 3986 prmponitnr?
2994 3908 3051 3964 Si
3096 3906 3241 3962 enim
3291 3902 3392 3956 ista
3444 3897 3517 3953 illi
3566 3892 3843 3950 materiam

2274 4006 2565 4072 existendi,
2596 3979 2734 4060 sicut
2761 3999 3151 4073 praemisimus,
3192 3988 3582 4051 subministrat,
3612 3984 3731 4054 plus
3754 3979 3847 4034 nti-

2275 4114 2381 4169 que
2402 4097 2618 4153 videtur
2643 4109 2764 4150 csse
2785 4106 2946 4163 quam
2975 4091 3104 4160 ipse.
3146 4084 3251 4140 Sed
3282 4077 3555 4137 sciendum
3585 4073 3745 4129 nobis
3768 4076 3849 4124 est

2274 4167 2397 4260 plus
2439 4200 2558 4241 csse
2601 4181 2832 4253 aliquid,
2871 4176 3128 4249 peccandi
3158 4173 3358 4229 habere
3380 4167 3654 4228 affectum,
3677 4174 3843 4260 quam

2276 4279 2484 4352 peccati
2532 4276 2732 4331 habere
2777 4268 3227 4326 recordationem.
3274 4260 3362 4317 lllc
3405 4256 3605 4313 etenim
3647 4254 3726 4307 sic
3765 4259 3845 4305 est

601 4358 787 4426 υίίηηθ
803 4357 913 4428 iam
936 4357 1180 4428 congruit
1201 4355 1342 4426 ‘l“°d
1366 4353 1509 4446 Dim
1531 4353 1852 4422 Ῐη³ί1⁷ίε¹²⁸ί¹²
1874 4350 2028 4406 corde
2048 4361 2174 4403 "‘0"
2204 4384 2253 4446 ι)
2279 4346 2468 4427 vitium
2497 4377 2556 4423 ut
2582 4366 2751 4420 virtus
2775 4376 2896 4418 esse
2917 4358 3139 4415 omnino
3164 4368 3271 4408 non
3309 4349 3498 4422 possit,
3529 4346 3647 4400 haec
3671 4350 3846 4395 autem

603 4447 729 4502 Non
758 4456 831 4501 est
854 4447 1012 4501 Deus.
1041 4447 1107 4501 Et
1126 4446 1251 4516 quia
1276 4443 1530 4499 sarculum
1551 4457 1712 4497 omne
1730 4439 2174 4506 contempsimus,

596 4537 710 4610 jam
745 4538 992 4595 fortassis
1018 4555 1123 4594 non
1154 4554 1252 4594 nos
1287 4538 1555 4608 cupiditas
1590 4535 1825 4591 habendi
1858 4533 2176 4599 inflammat,

600 4646 707 4687 non
738 4639 913 4687 metus
943 4630 1223 4686 amittendi
1257 4629 1529 4695 sollicitat,
1565 4644 1671 4684 non
1695 4627 1849 4682 dolor
1874 4625 2055 4680 amissi
2085 4624 2182 4678 ad-

601 4722 752 4786 dicit,
782 4737 887 4778 non
929 4721 1180 4793 gaudium
1223 4719 1525 4791 recuperati
1564 4718 1791 4773 extollit.
1833 4715 1971 4771 Sunt
1999 4725 2179 4769 autem

601 4813 706 4867 alia
736 4813 865 4866 vitia
894 4827 1014 4881 quae
1045 4826 1143 4867 nos
1172 4812 1336 4866 etiam
1374 4810 1640 4881 fugientes
1665 4794 1741 4864 de,
1760 4808 1958 4865 saeculo
1992 4818 2180 4878 prose.-

601 4911 865 4971 qunntur,
892 4914 1119 4971 quaeque
1152 4901 1309 4955 nobis
1339 4908 1488 4954 tanto
1515 4898 1877 4968 importunius
1904 4897 2176 4959 insistunt,

604 5000 808 5060 quanto
835 4991 889 5046 in
920 4992 1075 5048 nobis
1105 4990 1236 5060 ipsis
1262 4989 1543 5044 materiam
1583 4986 2007 5056 importunitatis
2035 4985 2183 5039 inve-

606 5085 783 5141 niunt.
813 5084 893 5138 Ex
922 5085 1008 5140 his
1033 5083 1215 5154 itaque
1245 5095 1408 5136 unum
1438 5093 1812 5144 assumamus,
1856 5086 1943 5143 et,
1984 5091 2181 5131 secun-

606 5177 735 5232 dum
780 5175 899 5245 ejus
943 5174 1412 5247 significationem,
1456 5173 1523 5228 de
1569 5171 1690 5227 istis
1737 5166 2185 5241 quaternionibus

606 5273 1028 5338 pertractemus.

2279 4464 2358 4521 sic
2404 4476 2548 4516 nunc
2594 4458 2739 4512 inter
2780 4453 2913 4507 vitia
2966 4455 3310 4505 numeratur,
3359 4449 3419 4495 ut
3464 4443 3846 4500 nonnunquam

2278 4555 2442 4612 etiam
2488 4552 2543 4605 in
2586 4549 2847 4603 virtutum
2895 4554 3121 4596 numero
3159 4540 3526 4604 computetur;
3559 4540 3683 4580 nam
3733 4535 3847 4592 quae

2279 4652 2615 4718 peccatorem
2660 4650 2887 4711 peccare
2931 4631 3199 4687 volentem
3249 4625 3501 4681 admouet
3545 4627 3606 4673 ut
3657 4617 3847 4670 iterum

2279 4706 2487 4807 peccet,
2520 4732 2633 4801 ipsa
2662 4706 3002 4805 peccatorem
3032 4732 3283 4791 peccasse
3302 4714 3568 4770 dolentem
3596 4706 3849 4761 admonet

2281 4794 2342 4883 iit
2383 4794 2613 4895 amplius
2650 4794 2841 4891 ploret.
2882 4815 2979 4872 Vel
3021 4820 3169 4869 certe
3196 4809 3316 4865 ideo
3340 4804 3554 4859 affectu:
3594 4794 3847 4871 peccandi

2281 4886 2627 4988 postponitur
2652 4886 2975 4965 -recordatio
3026 4907 3313 4973 praterttte
3359 4891 3681 4962 voluptatis,
3713 4886 3850 4988 ἰιιιίι

2284 4977 2558 5063 recordari
2577 5016 2770 5065 eorum
2796 4996 3015 5069 proprie
3038 4991 3268 5047 dicimur
3294 5000 3415 5057 quze
3441 4983 3649 5056 pridem
3676 4977 3852 5046 aliquo

2286 5094 2444 5150 modo
2471 5090 2676 5161 experti
2705 5100 2918 5149 sumus;
2948 5080 3197 5137 affectare
3224 5084 3405 5132 autem
3434 5087 3498 5127 ea
3534 5070 3698 5125 etiam
3735 5080 3854 5134 pos-

2287 5200 2471 5241 sumus
2497 5183 2563 5237 de
2584 5181 2779 5252 quibus
2808 5175 3011 5249 nullum
3047 5169 3221 5225 adhuc
3241 5164 3669 5235 experimentum
3708 5165 3852 5236 lene-

2287 5291 2426 5332 tnus.
2460 5273 2611 5329 Unde
2633 5267 2933 5325 recordatio
2953 5277 3140 5319 eorum
3168 5256 3322 5315 nobis
3345 5268 3488 5309 nunc
3514 5256 3853 5320 peccatorum

3245 5353 3441 5374 --ἔμε-ιη
3521 5343 3742 5374 [suntII-Ib
3769 5354 3857 5374 σιη-
