4018 6382
172 369 286 426 289
1065 363 1478 420 TRACTATUS
1517 363 1581 418 IN
1623 363 1822 418 Vtilis.
1867 367 1886 420 l
1921 366 2072 422 CAP.
2114 367 2201 422 XII
2242 367 2398 422 ACT.
2429 366 2672 424 APOST.
3337 366 3447 424 290

173 493 491 560 poneretur.
525 482 636 538 Sub
672 495 780 552 quo
819 478 1102 544 nimirum,
1148 478 1264 532 loco
1305 479 1523 533 secundi
1553 478 1760 544 militis,
1790 483 1837 542 Α
1867 481 2061 535 intuitu
2094 481 2436 535 rectitudinis
2479 481 2760 546 avertitur,
2801 479 2905 534 hoc
2937 479 2989 532 in
3018 479 3133 533 loco
3165 479 3282 533 vice
3309 493 3451 548 qua-.

173 580 378 636 militat
427 573 708 630 excusatio
755 570 1108 641 fragilitatis:
1160 569 1285 637 quia
1337 583 1758 636 nonnunquam,
1867 573 2127 627 ternionis
2157 571 2300 625 tertii
2341 581 2706 639 computatur.
2745 570 2800 623 In
2846 570 3004 639 hujus
3039 569 3293 623 comitatu
3338 569 3448 639 pri-

172 670 308 726 dum
335 675 645 738 perpetrato
665 662 870 718 scelere
891 669 1142 731 peccator
1164 659 1278 729 ipse
1301 673 1517 728 quoque
1547 675 1643 712 Suo
1668 657 1762 709 atl-
1863 679 1984 718 mus
2007 661 2164 716 miles
2190 672 2270 717 est
2293 662 2562 732 appetitus
2593 661 2746 715 fama:
2766 700 2780 725 ,
2825 660 2863 714 ll
2897 659 3063 714 rubor
3103 659 3446 724 alijectionis,

172 762 402 825 dicitur,
434 761 566 822 haec,
591 764 811 825 repente
836 753 1221 812 interveniens,
1245 751 1396 819 quasi
1422 749 1618 802 blamlo
1637 762 1760 801 eum
1863 752 1927 808 Ill
1969 754 2116 823 rigor
2155 753 2509 820 pmttilcntlm,
2561 751 2628 805 IV
2679 759 2854 804 metus
2901 749 3337 818 perseverantiae.
3391 749 3449 805 ln

173 852 418 921 alloquio
443 847 772 904 consolatur.
803 844 1054 914 Snggerit
1087 842 1230 896 enim
1271 841 1344 894 illi
1375 855 1478 894 non
1517 853 1637 892 esse
1663 837 1761 891 mi-
1863 843 2020 898 istius
2065 844 2243 910 itaque
2283 842 2653 910 quaternionis
2688 842 2803 894 acie
2834 840 3040 910 primus
3070 840 3263 893 militat
3291 855 3451 910 appe-

173 955 300 993 rum
347 939 391 992 si
430 943 653 1007 peccato
686 933 974 993 consentit,
1014 929 1210 998 quippe
1239 942 1396 997 quem
1440 927 1552 995 ipsa
1583 926 1761 980 carnis
1864 933 1992 987 titus
2021 931 2196 994 famze,
2227 933 2316 1001 qui
2350 934 2604 986 nimirum
2637 933 2717 986 sic
2742 947 2838 987 suo
2861 931 3172 1002 primicerio
3197 933 3263 984 ad
3295 928 3449 997 adju-

171 1029 452 1100 fragilitas
479 1029 545 1082 ad
573 1034 854 1096 peccatum
886 1020 1129 1091 impellit.
1165 1020 1379 1074 Tertius
1407 1019 1563 1072 miles
1593 1018 1762 1070 imita-
1864 1026 2059 1079 torium
2090 1024 2378 1094 copulatur
2398 1065 2412 1089 ,
2451 1033 2510 1078 ιιι
2548 1026 2613 1080 de
2651 1025 2740 1078 illi)
2784 1027 2944 1079 etiam
2975 1035 3282 1093 generetur,
3314 1023 3448 1078 Nam

172 1121 255 1176 lio
307 1111 606 1190 pravitatis
642 1122 903 1169 vocatur:
953 1111 1079 1181 quia
1126 1123 1378 1179 perversa
1422 1121 1592 1171 mens,
1643 1120 1762 1174 qua:
1863 1116 2108 1185 quisquis
2138 1116 2349 1184 privato
2380 1131 2565 1169 amore
2600 1131 2657 1170 se
2683 1124 2860 1183 amat,
2894 1114 2960 1169 ad
2991 1115 3092 1169 hoc
3124 1128 3450 1186 magnopere

170 1208 390 1278 culpam
436 1223 588 1262 suam
622 1215 801 1274 tegere
838 1201 1141 1254 velamento
1184 1197 1494 1265 ll‘ugllilalis
1533 1193 1762 1265 Ρτοβνίεε
1862 1205 2054 1258 nititur
2079 1213 2136 1257 ut
2165 1219 2264 1274 per
2301 1204 2499 1257 famam
2537 1205 2858 1259 laudabilem
2887 1221 3081 1261 nomen
3107 1221 3217 1259 suae
3243 1205 3452 1276 opinio-

169 1301 388 1360 nititur,
423 1299 562 1351 hanc
591 1295 754 1349 etiam
785 1291 1068 1359 aliquoties
1091 1286 1336 1355 exemplo
1358 1286 1547 1337 alienae
1569 1282 1762 1350 iuiqui-
1863 1295 1948 1348 nis
1975 1295 2260 1357 εχιρηαηις
2292 1311 2412 1364 qua,
2453 1295 2702 1349 νίαειιοει
2743 1296 3011 1364 ορίηίοηίε
3044 1296 3292 1350 νχιεηείο
3331 1293 3446 1348 νιιι.

171 1389 304 1442 talis
353 1387 490 1441 tueri
529 1393 782 1447 ροιιίιιιιτς
820 1390 905 1446 ειν
955 1378 1258 1433 ίίίηιιηίιηάῧ
1291 1389 1482 1444 "ge-"5i
1535 1373 1656 1427 ίιιάθ
1704 1387 1762 1426 se
1864 1393 1974 1438 tum
2026 1385 2378 1438 confessionis
2426 1387 2708 1454 pra‘pedit,
2750 1388 2876 1456 quia
2922 1387 3151 1452 ditiicilc,
3191 1389 3300 1443 imo
3345 1387 3448 1442 im-

169 1479 330 1550 quasi
357 1478 539 1531 minus
569 1473 926 1529 damnabilem
969 1469 1172 1532 credit,
1215 1467 1337 1534 quia
1376 1465 1555 1533 plures
1586 1463 1756 1516 socios

1862 1478 2119 1548 possibile
2149 1487 2231 1532 est
2257 1487 2310 1531 ut
2335 1481 2521 1547 culpas
2543 1494 2668 1533 snas
2690 1481 2859 1549 possit
2886 1495 3018 1550 pure
3044 1482 3297 1550 detegere
3318 1496 3445 1536 con~

171 1567 228 1620 in
259 1565 548 1635 iniquitate
578 1561 800 1616 invenit.
830 1559 1035 1626 Quarto
1061 1557 1226 1627 gradu
1257 1554 1409 1608 miles
1437 1551 1498 1607 iV
1530 1551 1758 1622 ingredi-

1863 1569 2064 1624 litendo
2094 1570 2336 1639 quisquis
2374 1571 2550 1624 adhuc
2596 1571 2735 1640 apud
2775 1571 3002 1624 aliorum
3034 1572 3448 1625 aestimationem

172 1667 284 1720 tur,
317 1658 413 1727 qui
450 1655 796 1709 ratiocinatio
826 1651 1154 1705 conditionis
1184 1657 1434 1711 vocatur;
1471 1661 1564 1714 per
1599 1660 1760 1714 quant
1863 1660 2127 1729 gloriosus
2154 1662 2352 1730 ορνειίι
2382 1677 2662 1732 apparere.
2698 1662 2850 1717 unde
2871 1663 2936 1717 de
2968 1664 3069 1716 ι,οε
3100 1679 3315 1732 quoque
3342 1663 3447 1717 mi-

169 1749 434 1802 videlicet
461 1745 928 1801 ratiocinationem
975 1756 1129 1796 mens
1171 1740 1396 1810 reproba
1424 1738 1476 1791 ἰιι
1503 1753 1621 1792 eam
1864 1752 1956 1806 [ile
1986 1752 2124 1806 alius
2152 1762 2487 1822 procreatur,
2525 1754 2614 1822 qui
2645 1753 2815 1823 pudor
2843 1753 3158 1822 alijectionis
3187 1762 3446 1818 vocatur;

172 1854 412 1906 rumque
441 1835 849 1908 perversitatem
874 1832 1082 1903 prosilit
1103 1841 1160 1886 ut
1185 1839 1392 1886 reatum
1416 1845 1570 1883 suum
1597 1828 1759 1882 ratio-

1865 1844 1990 1912 quia
2024 1851 2170 1898 tanto
2197 1859 2254 1898 se
2277 1843 2506 1913 quisque
2528 1843 2582 1897 in
2612 1843 2953 1899 confessione
2983 1844 3188 1898 tardius
3215 1845 3280 1899 de
3301 1859 3451 1898 com-

171 1931 416 1988 Cinando
455 1929 737 1994 delenda”
771 1926 1042 1981 “ﬁrmans
1086 1925 1288 1980 δείίίυθῑ
1323 1923 1479 1994 quia:
1527 1921 1570 1975 εί
1621 1921 1759 1974 Deus
1859 1936 2041 1990 missis
2084 1935 2362 2000 humiliat,
2395 1947 2598 2004 quanto
2642 1936 2787 1990 illum
2826 1935 3056 2004 amplius
3090 1945 3180 1990 aut
3214 1935 3316 1990 loci
3352 1942 3447 1990 aut

170 2022 397 2078 misceri
445 2032 732 2090 utrumque
780 2032 966 2073 sexum
1017 2017 1310 2079 nollﬁssel.
1361 2013 1604 2068 membra
1659 2009 1758 2081 ίΡεί
1859 2023 2066 2078 ordinis
2094 2023 2322 2077 altitudo
2351 2025 2604 2079 delectat.
2635 2024 2700 2078 Et
2731 2025 2855 2079 dmn
2890 2025 3133 2096 abjcctus
3160 2025 3329 2079 videri
3356 2040 3450 2079 ex-

170 2114 304 2169 huic
329 2113 478 2182 operi
525 2121 648 2180 apta
697 2110 750 2162 in
789 2109 1026 2163 humano
1075 2121 1302 2176 corpore
1347 2121 1454 2159 non
1506 2103 1756 2158 locasset.

1862 2113 2032 2167 terius
2061 2113 2354 2178 erubescit,
2396 2114 2448 2168 in
2491 2114 2685 2170 interni
2711 2113 2913 2183 jmlicis
2953 2116 3230 2172 obtutibus
3255 2116 3449 2172 erube-

170 2204 316 2270 Quid
341 2203 506 2273 igitur
528 2202 626 2256 hoc
649 2208 844 2270 quarto
867 2199 1102 2254 satellite
1130 2196 1458 2267 perversius,
1482 2210 1579 2264 per
1598 2208 1757 2263 quem

1861 2205 2095 2258 scendus
2142 2205 2331 2260 haberi
2378 2221 2484 2260 non
2525 2208 2742 2272 metuit;
2795 2209 3072 2278 magisque
3117 2217 3337 2263 veretur
3381 2222 3448 2262 ne

168 2307 433 2367 peccator
455 2296 533 2350 sic
561 2295 611 2348 in
647 2294 884 2349 tenebris
929 2293 1276 2348 interioribus
1315 2297 1654 2352 coarctatur,
1702 2295 1761 2341 ut
1862 2293 2004 2348 inter
2047 2306 2326 2350 consortes
2369 2296 2652 2364 despectus
2682 2309 2970 2367 apparo“,
3003 2313 3165 2367 quam
3214 2314 3280 2353 ηρ
3320 2312 3447 2352 eum

171 2384 582 2452 totiusjustitize
607 2393 880 2438 auctorem
905 2397 1014 2436 suae
1047 2380 1319 2449 iniustitia:
1345 2377 1690 2448 suspicetur?
1859 2396 2044 2452 arqnus
2087 2384 2304 2439 Arbiter
2346 2394 2499 2438 extra
2539 2386 2870 2439 consortium
2915 2387 3198 2440 humilium
3242 2388 3441 2441 mittat.

237 2476 397 2531 Hunc
429 2477 657 2544 primum
680 2474 1084 2543 qnaternioncm
1109 2473 1348 2542 sequitur
1368 2472 1524 2534 alius,
1549 2471 1759 2540 quipu-
1861 2473 2124 2540 Quocirca
2169 2475 2416 2542 exemplo
2460 2489 2559 2528 suo
2603 2473 2890 2530 Psalmista
2935 2491 3033 2529 nos
3071 2476 3318 2539 instruit,
3361 2476 3448 2530 diu

173 2571 282 2624 dor
325 2567 680 2622 confessionis
727 2576 976 2626 vocatur,
1024 2564 1246 2628 ordine,
1295 2579 1398 2616 non
1441 2562 1760 2616 crudelitate
1862 2578 2032 2617 cens:
2076 2561 2223 2634 Elcgi
2251 2565 2482 2633 abiectus
2524 2581 2633 2619 esse
2679 2565 2733 2618 in
2777 2565 2931 2619 domo
2974 2565 3074 2620 Dei
3116 2567 3250 2630 mei,
3279 2568 3445 2636 magis

171 2659 467 2713 secundus.
514 2656 583 2712 Ut
612 2657 739 2726 quid
777 2656 920 2710 enim
961 2656 1012 2708 in
1059 2653 1278 2708 latebris
1319 2652 1663 2707 conscientia:
1702 2665 1760 2706 se
1859 2671 2014 2723 quam
2044 2654 2282 2707 habitare
2316 2657 2368 2708 in
2411 2656 2764 2709 tabernaculis
2794 2666 3144 2726 peccatorum.
3173 2658 3276 2712 Sed
3308 2659 3448 2712 inter

169 2759 432 2819 peccator
473 2748 786 2812 abscondit,
833 2747 935 2801 nisi
979 2747 1104 2816 quia
1157 2746 1316 2814 pudet
1351 2760 1472 2800 eum
1514 2743 1758 2797 conﬁteri
1861 2747 1976 2800 hate
1999 2747 2275 2800 sciendum
2302 2747 2425 2816 quia
2450 2747 2764 2815 plerumque
2792 2759 3130 2822 peccatorem
3157 2764 3254 2803 nec
3283 2764 3446 2818 appe-

169 2843 316 2912 quo'l
368 2840 538 2894 fecit?
589 2839 700 2894 Sub
744 2840 848 2893 hoc
899 2839 1135 2893 secundo
1173 2837 1563 2906 qnaternione,
1597 2835 1612 2888 Ι
1643 2835 1760 2889 loco
1863 2841 1990 2892 titus
2019 2839 2205 2903 famae,
2243 2855 2341 2893 nec
2384 2839 2550 2892 rubor
2587 2840 2903 2909 ahjectionis
2931 2856 2956 2893 a
2989 2840 3329 2895 confessione
3365 2856 3446 2895 re-

171 2931 433 2999 levigatio
462 2930 659 2984 militat
685 2930 875 2999 culpm,
905 2929 945 2983 ll
972 2929 1349 2997 longiturnitas
1370 2929 1511 2990 vitre,
1542 2927 1603 2980 ΙΙΙ
1630 2941 1761 2995 ρι’ω-
1863 2931 2051 2994 trahit,
2083 2930 2176 2983 sed
2205 2929 2350 2998 rigor
2372 2930 2704 2998 paenitentia:
2725 2939 2779 2984 et
2806 2940 2980 2984 metus
3009 2933 3443 3000 perseverantia.

170 3022 414 3091 sumptio
442 3023 630 3087 veniae,
664 3019 728 3074 ιγ
768 3033 950 3090 torpor
975 3021 1330 3090 negligentia}.
1373 3018 1586 3072 Primas
1615 3018 1757 3070 enim
1864 3021 2016 3075 Unde
2045 3031 2098 3074 et
2130 3021 2243 3075 haac
2286 3021 2391 3074 duo
2423 3036 2518 3088 pro
2547 3021 2757 3076 duobus
2795 3022 2885 3091 qui
2933 3031 3141 3075 restant
3187 3022 3446 3076 militibus

171 3113 436 3165 excubias
477 3111 530 3165 in
573 3112 673 3166 hoc
709 3111 923 3182 agtuine
967 3109 1219 3181 levigatio
1242 3108 1432 3179 culpa:
1473 3108 1754 3174 observat;
1789 3169 1827 3182 Α
1859 3117 2260 3180 computantur,
2288 3109 2412 3179 quia
2441 3117 2492 3162 et
2523 3108 2635 3176 ipsa
2666 3112 2898 3164 maxime
2929 3110 3259 3180 pra’pediunt
3305 3126 3370 3163 ne
3398 3111 3444 3166 is

173 3218 318 3274 gum,
351 3203 479 3258 dum
516 3214 608 3259 aut
644 3206 776 3258 nihil
815 3214 909 3258 aut
940 3221 1129 3273 parum
1159 3220 1279 3258 esse
1309 3203 1448 3272 quod
1485 3212 1759 3272 perpetra-
1784 3169 1828 3229 Ο
1861 3203 1949 3271 qui
1980 3211 2169 3271 captus
2203 3210 2286 3255 est
2323 3210 2568 3266 ematur;
2611 3215 2841 3270 (piorum
2892 3217 3057 3254 unum
3102 3203 3340 3255 nascitur
3376 3215 3444 3255 ex

173 3303 290 3347 tum
319 3303 404 3348 est
433 3295 740 3363 persuadet,
765 3305 1020 3361 mentem,
1046 3310 1163 3362 qum
1183 3295 1294 3364 jam
1322 3293 1611 3348 salubriter
1630 3309 1758 3347 con-
1860 3306 2045 3345 amore
2074 3292 2272 3351 carnis,
2309 3290 2452 3344 aliud
2477 3306 2540 3346 ex
2573 3292 2907 3346 inunissione
2939 3293 3251 3347 adversarii.
3281 3291 3446 3362 Rigor

175 3387 389 3441 tristari
435 3397 692 3455 cmperat,
727 3403 887 3440 manu
924 3387 1100 3439 noxiae
1129 3385 1510 3440 consolationis
1553 3383 1758 3438 demul-
1858 3383 2000 3436 enim
2033 3381 2362 3451 pwnitentia:
2406 3382 2495 3450 qui
2546 3392 2882 3450 peccatorem
2926 3399 2955 3436 a
2987 3382 3323 3438 confessione
3351 3384 3446 3436 de-

173 3483 263 3528 cet
290 3493 303 3528 ἲ
338 3474 556 3542 sicque,
585 3476 709 3530 dum
739 3476 877 3544 apud
916 3472 1030 3542 ejus
1063 3473 1512 3527 existimationem
1551 3473 1758 3542 pondus
1863 3479 2054 3533 terret,
2081 3485 2146 3524 ex
2170 3471 2350 3524 carnis
2379 3487 2562 3524 amore
2592 3472 2865 3535 nascitur;
2894 3472 3045 3542 quia,
3068 3472 3195 3525 dum
3223 3471 3361 3540 apud
3383 3485 3443 3525 se

173 3567 387 3634 peccati
414 3564 973 3634 levigat,agitutcam
1001 3564 1411 3633 pondusjudicii
1437 3564 1757 3632 quandoque
1861 3561 2056 3614 tacitus
2102 3561 2384 3629 perpendit
2421 3571 2620 3628 quanta
2669 3563 2810 3626 sibi,
2857 3563 2901 3616 si
2948 3561 3227 3616 confessus
3257 3561 3438 3624 fuerit,

171 3655 596 3709 intolerabiliter
632 3664 859 3724 premat.
894 3655 1034 3710 Loco
1064 3665 1243 3709 autem
1291 3654 1514 3709 secundi
1549 3654 1752 3720 militis,
1857 3667 1956 3723 pro
1985 3653 2352 3706 satisfactione
2389 3652 2634 3705 criminis
2674 3652 3049 3722 iniungentur,
3099 3657 3280 3707 carnis
3325 3667 3436 3708 suae

169 3747 560 3819 longiturnitas
589 3751 711 3803 vita:
741 3759 1117 3818 computatur,
1148 3749 1271 3817 quia
1305 3748 1592 3812 nimirum,
1630 3749 1754 3800 dum
1861 3741 2205 3796 leneritudiui
2235 3756 2497 3810 parcens,
2540 3759 2568 3795 a
2609 3743 2945 3798 confessione
2977 3745 3300 3798 retardatur.
3328 3741 3440 3799 Me-

171 3854 334 3892 mens
379 3838 533 3909 longa
563 3839 662 3894 sibi
697 3840 820 3894 vitae
847 3842 1016 3910 spatia
1047 3841 1360 3910 pollicetur,
1391 3841 1565 3894 serius
1594 3855 1753 3910 quam
1859 3843 1945 3887 tus
1987 3841 2164 3886 autem
2213 3834 2626 3901 perseverantia:
2663 3849 2729 3888 ex
2778 3835 3110 3889 immissione
3139 3835 3438 3891 adversarii

169 3937 391 3998 oportet
423 3931 487 3982 de
513 3930 716 3999 peccati
749 3931 828 3984 sui
856 3945 1072 3984 carcere
1106 3946 1203 3999 per
1233 3931 1428 3983 ostium
1455 3929 1754 3984 confessio-
1856 3933 2176 3993 genel‘alur;
2207 3924 2298 3992 qui
2341 3923 2544 3978 idcirco
2575 3936 2912 3994 peccatorcm
2944 3927 3011 3981 de
3038 3925 3437 3996 perseverantia

172 4019 262 4073 nis
284 4019 578 4088 egreditur.
603 4019 771 4086 Quam
795 4020 956 4074 etiam
985 4020 1048 4073 ad
1070 4020 1426 4074 confessionis
1447 4019 1754 4073 dilationem

1858 4015 2032 4068 reddit
2059 4024 2392 4082 suspectum,
2423 4023 2482 4067 ut
2512 4029 2724 4084 semper
2763 4015 2910 4069 illum
2943 4025 3121 4071 teneat
3157 4018 3208 4070 in
3244 4017 3439 4097 iniqui-

169 4124 239 4162 ea
275 4124 661 4178 nonnunquam
693 4110 949 4178 cogitatio
974 4109 1169 4173 nutrit,
1200 4110 1373 4178 quod,
1409 4110 1755 4177 quandocnn-
1859 4114 1966 4158 tate
2012 4104 2319 4158 reclusum:
2361 4113 2418 4158 ut
2466 4105 2674 4159 scilicet
2704 4122 2974 4174 nunquam
3008 4107 3207 4160 bonum
3242 4109 3438 4161 audeat
3500 4133 3503 4138 -

170 4213 284 4268 que
313 4209 682 4265 convertatur,
709 4200 917 4252 veniam
943 4200 1044 4253 sibi
1076 4200 1264 4253 donari
1293 4201 1592 4268 prazsumit,
1616 4200 1756 4253 sicut
1857 4194 2136 4259 inchoare,
2171 4195 2295 4248 dntn
2329 4196 2522 4250 metuit
2568 4210 2635 4250 ne
2667 4198 2838 4267 possit
2873 4199 2926 4252 in
2975 4213 3039 4252 eo
3084 4199 3224 4268 quod
3273 4199 3436 4269 cmpit

169 4288 440 4358 scriptum
480 4298 598 4343 est:
637 4289 702 4343 In
746 4307 1050 4360 quacunque
1086 4289 1170 4343 die
1211 4301 1453 4359 peccator
1481 4306 1752 4343 conrersus
1855 4287 2174 4355 perdurare.

172 4381 342 4448 fuerit
362 4420 378 4444 ,
423 4389 469 4433 et
512 4381 833 4451 ingemuerit,
871 4381 1042 4436 saltus
1067 4383 1183 4435 erit.
1213 4382 1347 4446 Quia
1375 4393 1506 4450 ergo
1529 4396 1624 4449 per
1654 4381 1754 4434 hoc
1925 4375 2160 4443 Quartus
2185 4378 2492 4447 quaternio,
2520 4379 2609 4448 qui
2647 4379 2970 4450 profundum
2999 4381 3260 4436 ma‘orum
3292 4383 3436 4437 dici-

175 4470 359 4538 qnod,
389 4468 487 4524 sibi
527 4475 592 4524 de
632 4473 810 4526 divina
843 4473 1211 4526 misericordia
1258 4472 1374 4541 plus
1414 4472 1562 4538 justo
1602 4471 1752 4524 blan-
1781 4499 1829 4559 ο
1858 4476 1960 4530 tur,
1991 4467 2214 4522 ultimus
2253 4469 2491 4522 onmium
2525 4471 2783 4536 excubat,
2835 4481 2894 4526 ut
2943 4475 3286 4527 connnissum
3332 4473 3432 4528 sibi

172 4561 356 4622 diens,
388 4561 594 4614 veniam
626 4577 684 4616 se
712 4563 906 4617 mereri
927 4604 942 4627 ,
971 4565 1398 4632 quandocuuque
1429 4563 1636 4623 redeat,
1669 4578 1751 4616 re-
1785 4557 1809 4559 ί
1854 4557 1919 4610 de
1945 4558 2212 4628 profundo
2242 4559 2458 4613 malitice
2489 4561 2539 4614 in
2572 4563 2894 4630 profundum
2937 4580 3107 4632 pmnm
3135 4567 3430 4634 pertrahat.

171 4650 471 4718 promittit,
495 4667 599 4705 non
633 4654 901 4707 immerito
929 4656 1036 4720 ipsa
1065 4656 1409 4723 prmsnmptio
1431 4653 1623 4716 venim,
1657 4669 1752 4721 per
1852 4647 2027 4704 llabet
2057 4651 2198 4705 enim
2223 4660 2276 4704 et
2305 4652 2420 4719 ipse
2441 4651 2508 4704 lV
2536 4654 2792 4708 satellites
2823 4656 2886 4709 ad
2911 4657 3106 4724 captivi
3133 4659 3432 4711 custodiam

175 4753 345 4806 quam
375 4739 640 4796 confessio
669 4741 933 4806 differtur,
962 4743 1076 4798 loco
1106 4745 1246 4797 tertii
1285 4744 1466 4797 militis
1497 4758 1750 4798 numera-
1853 4742 2172 4811 deputatos:
2209 4759 2437 4812 quorum
2469 4742 2487 4796 Ι
2518 4753 2600 4798 est
2645 4755 3016 4813 contemptus,
3063 4747 3102 4800 ll
3148 4747 3432 4801 obduratio

173 4836 294 4881 tur.
325 4826 558 4892 Quartus
599 4846 808 4900 quoque
851 4831 1001 4886 miles
1038 4841 1122 4886 est
1160 4841 1340 4900 torpor
1372 4831 1747 4902 negligentiae;
1850 4834 2048 4896 cordis,
2081 4832 2141 4886 ΙΙΙ
2176 4833 2588 4902 imptenitenlia,
2621 4833 2685 4887 ιν
2710 4837 2922 4890 caecitas
2953 4838 3168 4892 mentis.
3205 4838 3278 4891 De
3309 4853 3432 4906 pro-

177 4919 336 4988 quia,
378 4920 502 4972 dum
550 4931 827 4988 peccator,
877 4924 1063 4991 pudori
1106 4938 1202 4977 suo
1229 4922 1514 4977 carnaliter
1544 4923 1751 4992 prospi-
1850 4926 2017 4980 fundo
2043 4924 2188 4979 enim
2221 4923 2483 4977 malorum
2523 4935 2646 4978 ante
2673 4925 2791 4980 illos
2821 4926 2839 4979 l
2867 4938 3210 4997 contemptus
3251 4928 3430 4982 exori-

177 5010 354 5070 ciens,
387 5007 629 5062 confiteri
677 5011 1008 5075 dissimulat;
1054 5013 1211 5076 dtttn,
1257 5011 1354 5066 sibi
1397 5013 1556 5068 noxie
1601 5011 1752 5065 blan-
1855 5027 1962 5080 tur,
1992 5017 2137 5083 quia,
2168 5016 2308 5069 sicut
2339 5015 2599 5084 scriptum
2637 5024 2754 5070 est:
2807 5016 3060 5070 Peccator
3094 5035 3208 5070 cum
3238 5019 3430 5072 venerit

176 5099 359 5163 cliens,
390 5101 596 5169 pondus
639 5102 739 5155 sibi
784 5104 864 5155 sui
904 5105 1107 5173 peccati
1150 5105 1374 5172 levigat;
1409 5105 1554 5168 dum,
1581 5104 1648 5158 de
1671 5103 1751 5157 di-
1851 5107 1904 5160 in
1929 5105 2246 5174 profundum
2270 5104 2548 5168 malorum,
2580 5107 2874 5159 contemnit.
2899 5105 3190 5162 Obduratio
3213 5122 3428 5177 quoque

177 5193 308 5245 vina
338 5192 741 5261 longanimitate
780 5202 1130 5264 praesumens,
1171 5196 1410 5251 converti
1450 5197 1746 5250 detrectat:
1851 5199 2030 5253 cordis
2065 5213 2163 5267 pro
2189 5199 2229 5251 ll
2262 5198 2432 5253 milite
2459 5207 2799 5262 numeratur,
2835 5199 2959 5266 quia
2986 5214 3140 5264 cum,
3173 5199 3427 5254 conside-

177 5291 407 5351 repente
446 5283 497 5335 in
541 5291 753 5352 torpore
798 5286 1131 5355 negligentia:
1176 5286 1468 5340 resolutum
1498 5287 1612 5340 dies
1651 5301 1749 5340 ex-
1853 5298 1966 5342 rata
2007 5287 2270 5341 malorum
2310 5303 2526 5342 suorum
2556 5287 2912 5351 enormitate,
2958 5288 3170 5341 veniam
3215 5304 3275 5345 se
3312 5289 3425 5358 jam

175 5381 357 5424 trema
405 5371 730 5439 supplantat.
780 5373 884 5428 Sed
926 5382 982 5426 ut
1027 5376 1155 5442 quid
1199 5391 1258 5429 se
1306 5376 1468 5430 homo
1515 5376 1565 5430 in
1596 5375 1750 5441 culpa
1853 5395 1956 5433 non
1982 5393 2140 5447 posse
2171 5379 2364 5432 mereri
2399 5379 2681 5448 conﬁngit,
2712 5393 2807 5447 per
2833 5393 3050 5448 campos
3077 5381 3240 5436 totius
3269 5381 3425 5434 mali-

180 5471 294 5513 tam
327 5459 560 5514 molliter
588 5461 797 5529 palpat?
844 5462 912 5517 Ut
954 5464 1081 5532 quid
1123 5479 1240 5518 eam
1277 5472 1354 5518 tot
1397 5465 1751 5520 velaminibus
1854 5467 1940 5520 tia:
1965 5477 2142 5519 mente
2170 5465 2430 5519 obdurata
2463 5466 2736 5521 discurrit.
2770 5466 3187 5523 Obdurationem
3214 5485 3427 5540 quoque

177 5549 395 5618 operit?
425 5549 523 5602 nisi
554 5553 697 5619 quia,
737 5566 919 5607 amore
943 5554 1152 5622 privato
1195 5569 1252 5608 se
1295 5554 1552 5622 diligens,
1579 5555 1748 5623 aaqni-
1852 5555 2033 5610 cordis
2055 5554 2117 5608 lll
2141 5554 2532 5624 impmnitentia
2556 5558 2827 5625 sequitur;
2851 5572 2946 5626 per
2966 5572 3124 5626 quam
3153 5572 3423 5628 peccator,

178 5642 313 5693 tatis
337 5641 575 5710 regulam
603 5653 657 5695 ut
687 5657 746 5696 se
775 5643 958 5712 diligat
988 5662 1090 5699 non
1117 5647 1360 5700 assumit.
1851 5649 2067 5704 divitias
2087 5650 2282 5703 divina:
2308 5649 2732 5718 longanimitatis
2753 5662 3126 5718 contemnens,
3156 5654 3279 5707 dum
3301 5668 3426 5721 pec-

147 5733 152 5738 ’
255 5729 408 5786 Unde
434 5741 486 5788 et
518 5748 670 5789 amor
713 5734 824 5802 ipse
865 5737 1121 5804 privatus,
1160 5754 1253 5807 per
1279 5754 1436 5806 quem
1484 5739 1644 5793 homo
1683 5739 1748 5794 ab
1853 5747 1971 5794 cata
1999 5739 2234 5808 peccatis
2263 5739 2593 5804 accumulat,
2636 5741 2768 5794 irain
2804 5743 2902 5796 sibi
2937 5743 2989 5797 in
3020 5743 3104 5799 die
3133 5743 3247 5810 irae,
3274 5743 3422 5812 iuxta
