4018 6386
243 353 350 411 295

1129 344 1541 401 TRACTATUS
1580 343 1647 399 [Ν
1672 343 1869 399 VERS.
1916 345 1936 400 l
1967 342 2118 400 CAP.
2148 342 2231 398 ΧΠ
2269 340 2420 397 ACT.
2461 340 2702 398 Ai‘OST.

3386 345 3489 401 2οι

246 463 519 535 apostolus
588 476 639 514 m
665 474 787 515 ssus
843 458 896 513 in
956 471 1229 512 carcerem
1297 464 1532 525 quatuor
1585 463 1808 523 quater-
1840 466 1885 524 Α
1912 454 2062 506 dium
2085 453 2375 514 scientiam,
2408 462 2453 506 et
2480 453 2641 521 legem
2666 451 2934 521 requirunt
2968 456 3033 505 ea:
3078 468 3165 504 ore
3194 469 3328 521 ejus,
3365 457 3489 525 quia

243 558 496 613 nionibus
549 554 623 609 sit
678 552 746 606 ad
793 551 1090 606 custodiam
1143 548 1455 617 delegatus;
1514 548 1656 617 quod
1715 562 1812 605 nos

239 661 458 718 quoque
486 642 757 715 quomodo
786 639 1096 709 specialiter
1132 638 1352 708 intelligi
1392 637 1587 706 possit,
1622 644 1811 689 osten-

240 739 438 793 dimus.
518 733 624 787 Sed
676 747 799 786 cum
841 730 1037 783 dicitur
1083 729 1226 797 quod
1265 728 1405 782 inter
1437 727 1572 782 duos
1610 726 1809 780 milites

240 823 569 887 dormiebat,
600 820 915 890 intelligitur
929 819 1071 889 quod
1099 819 1147 874 ei
1177 834 1207 871 a
1238 819 1429 872 dextro
1457 827 1510 872 et
1533 832 1563 871 a
1586 817 1807 871 sinistro

237 917 409 971 latere
447 915 645 969 milites
685 912 1054 976 cohaerebant;
1114 926 1213 964 usu
1251 919 1430 963 autem
1473 909 1803 979 quotidianae

237 1007 548 1072 locutionis,
586 1019 684 1076 pro
711 1003 903 1059 dextro
932 1018 1029 1057 nos
1060 1003 1257 1057 habere
1283 1001 1541 1071 quidquid
1571 998 1809 1067 adjuvat,

236 1112 339 1166 pro
367 1096 591 1150 sinistro
620 1092 879 1164 quidquid
926 1092 1270 1146 adversatur.
1323 1091 1405 1144 Sit
1442 1091 1624 1159 itaque
1659 1090 1811 1147 miles

234 1186 329 1254 qui
364 1186 559 1239 dextro
596 1183 751 1237 lateri
789 1181 1010 1242 assistit,
1065 1180 1407 1250 prtesumptio
1431 1180 1613 1254 venite
1647 1194 1809 1248 quam

235 1292 340 1346 pro
405 1274 468 1328 Ill
534 1274 705 1328 milite
768 1272 868 1327 sub
939 1272 1173 1326 secundo
1240 1272 1595 1340 quaternioue
1649 1286 1810 1340 supra

232 1369 550 1439 posuimus;
606 1381 725 1436 quae
770 1365 1024 1418 nimirum
1068 1365 1191 1415 dtnn
1231 1363 1521 1431 peccaturi,
1572 1365 1812 1431 quando-

233 1474 451 1529 cunque
502 1460 721 1522 redeat,
756 1457 969 1510 veniam
1004 1454 1349 1523 repromittit,
1388 1470 1635 1508 securum
1661 1454 1809 1507 illum

226 1552 389 1620 juxta
443 1565 505 1603 se
556 1548 792 1601 dormire
836 1544 985 1599 facit.
1044 1543 1197 1597 Miles
1237 1558 1366 1618 ergo
1417 1543 1517 1596 iste
1562 1545 1809 1596 dextrum

231 1640 382 1693 latus
404 1638 720 1692 dormientis
749 1636 1022 1695 observat,
1046 1633 1170 1702 quia
1196 1633 1323 1686 illud
1349 1634 1555 1688 scilicet
1589 1633 1809 1702 pollice-

232 1740 328 1784 tur
350 1730 492 1799 quod
522 1739 883 1799 peccatorem,
908 1742 1097 1781 somno
1119 1725 1458 1795 negligentia:
1481 1727 1804 1790 resolutum,

1913 542 2128 612 angelus
2162 542 2369 596 Domini
2407 545 2723 596 exercituum
2753 552 2827 595 est
2854 542 3109 608 (Mulae/1.
3145 559 3205 608 tl,
3244 545 3319 614 7).
3354 546 3488 602 Nam

1912 634 2035 702 quia
2075 632 2260 688 Grmcc
2291 633 2536 703 angelus,
2567 633 2753 687 Latine
2781 633 2977 687 dicitur
3006 636 3248 700 nuntius,
3273 646 3417 691 recte
3441 638 3494 695 is

1912 728 2002 790 qui
2034 726 2202 794 legem
2232 725 2539 790 amtuntiat,
2583 725 2804 794 angelus
2840 726 3158 796 appellatur.
3190 727 3487 785 Sacerdotis

1912 831 2041 884 ergo
2084 816 2225 871 labia
2266 819 2533 871 scientiam
2583 817 2897 883 custodiunt,
2934 819 3065 888 quia
3111 819 3363 875 nimirum
3398 821 3488 877 ille

1913 922 2122 985 sacrum
2151 910 2398 960 ducatum
2429 908 2637 977 populis
2664 908 2890 978 legendo
2919 898 3179 973 Ostendit,
3207 912 3319 980 qui,
3344 912 3488 981 quod

1913 998 2061 1051 novit
2087 998 2325 1063 sciendo,
2354 1000 2516 1063 etiam
2560 1000 2790 1054 vivendo
2833 1001 3083 1056 custodit.
3123 999 3205 1056 Ex
3228 1007 3377 1074 cujus
3400 1022 3489 1060 ore

1913 1089 2070 1158 legem
2104 1091 2390 1159 requirunt,
2423 1092 2545 1160 quia
2571 1091 2848 1161 prtelatum
2880 1109 3033 1149 suum
3066 1096 3311 1151 subditus
3341 1105 3488 1154 tanto

1912 1185 2246 1239 reverentius
2288 1186 2473 1245 audit.
2522 1195 2724 1257 quanto
2783 1202 2903 1243 eum
2959 1188 3199 1259 intelligit
3255 1207 3360 1245 non
3421 1194 3489 1248 de

1910 1276 2361 1343 prtcsumplionis,
2402 1276 2493 1332 sed
2525 1278 2589 1332 de
2620 1278 2859 1333 scicntia:
2885 1282 3205 1335 certitudine
3246 1281 3488 1350 proferre

1912 1367 2051 1433 quod
2080 1366 2228 1420 dicit.
2278 1367 2377 1433 Qui
2424 1367 2559 1422 bene
2600 1369 2812 1437 angelus
2852 1370 3062 1424 Domini
3109 1371 3326 1437 dicitur,
3362 1374 3487 1441 quia

1913 1471 2010 1524 per
2057 1455 2159 1509 hoc
2200 1457 2339 1525 quod
2392 1456 2561 1526 legem
2605 1459 2815 1513 Domini
2864 1461 3092 1526 nuntiat,
3132 1463 3196 1516 ad
3245 1461 3485 1529 ejusdem

1917 1548 2124 1601 Domini
2167 1548 2335 1613 lucra,
2388 1566 2495 1603 non
2541 1551 2607 1605 ad
2645 1566 2771 1606 suos
2809 1551 3039 1613 favores,
3080 1552 3313 1607 anlulat.
3351 1554 3486 1609 Nam

1912 1653 2016 1689 tum
2043 1637 2155 1704 jam
2187 1639 2399 1708 proprie
2430 1638 2659 1704 Domini,
2699 1640 2791 1694 sed
2819 1657 2947 1707 suns
2990 1642 3210 1711 angelus
3243 1652 3408 1708 esset,
3438 1643 3485 1698 si

1916 1726 2033 1779 ideo
2060 1726 2397 1796 loqueretur,
2425 1736 2484 1781 nt
2507 1742 2602 1796 per
2631 1744 2815 1784 vocem
2842 1729 2958 1799 ejus
2984 1730 3250 1785 exercitus
3271 1731 3484 1787 Domini

231 1821 307 1876 ad
370 1798 540 1876 uenias
586 1820 1055 1891 prmsumptionem
1110 1816 1369 1885 adjuvare
1427 1818 1659 1877 videtur.
1729 1820 1810 1874 Sit
1844 1798 1886 1857 Β
1916 1831 2021 1869 non
2045 1826 2331 1883 cresceret,
2359 1818 2451 1872 sed
2485 1828 2539 1871 ut
2574 1818 2707 1888 ipse,
2731 1798 2889 1888 quam
2916 1831 3057 1874 esset
3096 1823 3286 1876 doctus
3315 1831 3370 1877 ct
3394 1839 3484 1878 sa-

200 1912 400 1964 ~etiam
441 1911 596 1965 milcs
639 1909 864 1964 sinistro
901 1909 1059 1964 lateri
1134 1908 1389 1963 assistens
1453 1909 1618 1963 rubor
1658 1910 1807 1980 abjer

226 2001 435 2055 alienis
482 2015 583 2069 pro
650 1999 695 2054 ll
732 1999 901 2054 milite
954 1997 1199 2067 superius
1254 1998 1592 2066 quateruioni
1651 2000 1808 2061 tertio

229 2089 556 2158 deputatus;
592 2105 689 2160 per
712 2103 870 2159 quem
904 2087 1151 2144 videlicet
1184 2087 1433 2141 ruborem
1462 2076 1805 2157 abjectionis,

228 2180 363 2234 dum
413 2189 667 2248 peceator
709 2180 920 2233 adversi
957 2178 1159 2247 aliquid
1198 2192 1256 2231 se
1291 2177 1494 2246 perpeti
1529 2178 1805 2246 opinatur,

224 2271 385 2342 eligit
411 2273 587 2342 potius
616 2273 760 2327 intus
785 2272 924 2341 apud
953 2286 1010 2325 se
1063 2270 1420 2340 qualicunque
1454 2271 1634 2339 quiete
1657 2271 1809 2340 quie-

226 2380 416 2430 scere,
463 2381 647 2435 quam,
698 2364 844 2419 foras
870 2365 1137 2427 exeundo,
1188 2362 1511 2433 abjeetionis
1540 2378 1800 2430 verccun,

233 2457 385 2511 diam
410 2458 698 2512 sustinere.
724 2457 852 2512 Duae
879 2464 1056 2509 autem
1088 2463 1292 2508 catcnz'e
1314 2455 1509 2524 quibus
1533 2454 1807 2513 dormiens

228 2547 494 2612 vincitur,
543 2557 670 2602 sunt
707 2546 1043 2602 consuetudo
1071 2545 1472 2613 ctdcsperatiu,
1505 2544 1703 2612 quibus
1739 2560 1806 2598 ne

231 2638 440 2693 bonum
470 2638 669 2708 aliquid
720 2637 881 2692 faciat
912 2637 1253 2706 pra‘peditur.
1292 2636 1494 2692 Catena
1519 2639 1663 2689 enim
1696 2653 1807 2689 ma-

233 2730 306 2784 ke
326 2728 753 2793 consuetudinis,
773 2728 1071 2798 peccatoris
1097 2741 1289 2781 manus
1310 2726 1647 2796 obligantur;
1680 2727 1805 2795 quia

224 2821 571 2890 plerumque,
604 2821 729 2875 dum
759 2821 824 2876 ad
855 2822 1050 2874 bonum
1080 2833 1216 2889 opus
1263 2806 1329 2874 se
1360 2829 1593 2873 conatur
1621 2829 1806 2872 exten-

223 2913 384 2976 dere,
416 2910 485 2965 ab
512 2910 713 2965 eisdem
742 2909 978 2980 peccatis
1000 2924 1118 2977 quia
1165 2910 1447 2963 consuevit
1474 2907 1653 2962 facere
1678 2909 1809 2963 reti-

221 3013 412 3058 netur.
471 3000 672 3057 Catena
723 3015 937 3070 quoque
1004 2999 1391 3069 desperationis
1451 3014 1642 3053 manus
1691 2999 1807 3066 ejus

224 3091 518 3162 astringit;
547 3090 668 3159 quia
712 3099 857 3144 tanto
885 3089 1088 3161 pigrior
1124 3090 1192 3143 ad
1239 3104 1398 3151 omne
1440 3104 1575 3158 opus
1610 3089 1805 3144 bonum

223 3182 480 3246 etiicitur,
495 3190 696 3251 quanto
710 3179 824 3249 jam
849 3181 949 3235 sibi
974 3194 1078 3234 non
1099 3194 1256 3249 posse
1277 3180 1531 3249 prodesse
1550 3179 1806 3249 quidquid

224 3274 357 3329 boni
390 3273 579 3328 fecerit
612 3274 936 3343 suspicatur.

297 3361 392 3416 XI.
445 3362 739 3430 Sequitur:
768 3360 836 3415 Et
856 3360 1093 3415 custodes
1140 3369 1260 3414 ante
1309 3360 1499 3413 ostium
1544 3359 1804 3413 custodie-

224 3452 355 3505 bam
384 3467 661 3507 carcerem.
694 3450 748 3506 Si
774 3447 970 3506 ostium
997 3449 1231 3504 carceris
1276 3451 1480 3504 aditum
1513 3451 1806 3505 confessio-

222 3543 313 3596 nis
350 3541 666 3610 accipimus,
696 3540 944 3595 custodes
986 3541 1077 3611 qui
1114 3551 1238 3594 ante
1282 3539 1480 3593 ostimn
1518 3542 1803 3605 excubant,

222 3641 357 3686 sunt
378 3632 467 3685 illa
489 3629 856 3686 dillicultatum
880 3629 1289 3699 obstaculaqum
1309 3630 1421 3700 jam
1446 3645 1607 3699 supra
1634 3630 1805 3686 nomi-

192 3724 399 3778 -natim
432 3723 484 3777 in
519 3706 879 3792 descriptione
927 3723 1147 3778 secundi
1184 3720 1556 3792 quaternionis
1588 3737 1807 3792 expres-

221 3815 421 3868 simus.
470 3812 575 3868 Sed
620 3812 741 3879 licet
789 3814 875 3868 hic
920 3828 1109 3885 parum
1149 3813 1457 3882 persistere,
1507 3822 1562 3866 et
1607 3814 1804 3883 captivi

222 3903 390 3973 hujus
432 3894 1040 3974 ntiserias'exprimere.
1088 3903 1227 3958 Ecce
1268 3904 1467 3957 etenim
1497 3904 1621 3972 quia
1661 3904 1801 3959 hosti

222 3995 531 4050 blandienti
564 3994 853 4059 consentit,
898 3994 966 4048 ab
1003 3993 1299 4073 codcmest
1336 3993 1591 4048 atrociter
1614 4008 1805 4064 appre-

222 4093 451 4147 hensus.
479 4091 620 4146 Ecce
648 4092 773 4161 quia
799 4091 1044 4146 conﬁteri
1071 4090 1295 4154 distulit,
1334 4090 1387 4144 in
1416 4104 1692 4145 carcerem
1721 4095 1804 4143 est

220 4183 502 4238 retrosus!
538 4183 676 4238 Ecce
710 4182 782 4236 illi
802 4183 913 4252 jam
940 4191 1149 4237 retruso
1196 4182 1471 4251 multiplex
1496 4181 1803 4251 quaternio-

186 4288 358 4326 -num
404 4273 644 4326 custodia
681 4273 920 4327 exterius
958 4272 1258 4327 adhibetur.
1288 4271 1425 4326 Ecce
1456 4272 1601 4326 intra
1628 4271 1799 4340 ipsum

218 4376 442 4430 quoque
468 4376 741 4416 carcerem
787 4362 989 4417 catenis
1010 4348 1261 4416 astrictus
1284 4378 1315 4415 a
1340 4362 1596 4415 militibus
1618 4361 1801 4415 obser-

1834 3136 1877 3199 C

1907 1902 2083 1971 piens,
2116 1914 2419 1973 appareret.
2467 1906 2603 1973 Quia
2648 1922 2796 1974 vero,
2822 1923 2919 1975 per
2948 1925 3106 1965 omne
3145 1912 3284 1981 quod
3333 1913 3481 1978 dicit,

1907 1994 1972 2047 ad
2015 1997 2114 2050 hoc
2143 1998 2513 2067 prmeipaliter
2536 2000 2768 2054 intendit
2793 2011 2847 2053 ut
2870 2002 2949 2054 sui
2981 2001 3189 2056 Domini
3214 2013 3484 2058 cxcrcxtus

1908 2097 2186 2155 augeatur,
2239 2090 2461 2159 angelus
2505 2076 2716 2146 Domini
2769 2093 3102 2147 exercituum
3155 2095 3481 2150 nominatur.

1908 2175 1984 2257 De
2028 2192 2135 2246 quo
2181 2179 2434 2234 nimirum
2484 2181 2673 2252 angelo
2710 2199 3030 2254 magnopere
3071 2188 3364 2240 notandum
3400 2196 3485 2242 est

1907 2268 2033 2335 quia
2073 2285 2175 2324 non
2223 2271 2439 2340 proprie
2475 2262 2711 2337 stetisse,
2772 2275 2864 2327 sed
2922 2275 3159 2329 astitisse
3208 2275 3478 2331 refertur:

1909 2370 2087 2416 astare
2128 2364 2326 2417 etenim
2379 2365 2593 2435 proprie
2654 2365 2805 2435 quasi
2841 2365 2992 2432 juxta
3041 2376 3186 2422 stare
3230 2369 3478 2423 dicimus.

1902 2451 2235 2515 Praedicator
2264 2465 2443 2509 autem
2473 2455 2641 2526 legem
2689 2456 2896 2511 Domini
2938 2458 3207 2521 nuntians,
3249 2458 3352 2511 aud
3380 2457 3480 2512 turi

1908 2559 2006 2598 suo
2035 2553 2144 2599 stat
2170 2546 2410 2614 quidem,
2443 2548 2534 2613 sed
2564 2562 2899 2616 nequaquam
2941 2557 3098 2612 astat,
3124 2550 3334 2617 quando
3370 2550 3482 2619 ipse

1907 2634 2121 2701 quidem
2178 2645 2326 2690 recte
2362 2634 2516 2702 juxta
2565 2637 2808 2711 regulam
2857 2638 2978 2692 ﬁdei
3020 2640 3355 2705 exhortatur,
3386 2642 3480 2694 sed

1906 2725 2120 2778 auditor
2173 2726 2224 2780 id
2275 2728 2417 2795 quod
2475 2729 2623 2782 audit
2664 2730 2808 2783 nullo
2836 2730 3035 2782 amoris
3072 2730 3292 2783 brachio
3338 2745 3482 2785 como

1906 2811 2175 2882 plexatur.
2212 2814 2576 2885 Valdeitaque
2617 2818 2939 2887 praedicator
2973 2801 3133 2873 abeo
3170 2819 3254 2873 cui
3289 2820 3484 2890 prtedi-
3527 2871 3533 2881 ,

1906 2913 1995 2956 cat
2039 2913 2272 2958 remotus
2323 2915 2426 2970 est,
2469 2912 2683 2976 quando
2723 2909 2787 2962 ad
2822 2925 2917 2964 cor
2952 2910 3117 2977 ipsius
3142 2911 3481 2979 prtcdieaudo

1906 2994 2337 3067 appmpinquarc
2368 3014 2473 3054 non
2507 2999 2665 3056 valet.
2700 3000 2851 3057 Unde
2880 3012 2933 3056 et
2962 3001 3325 3057 habitaculum
3360 3003 3481 3057 talis

1909 3087 2145 3142 careeris
2188 3088 2409 3159 angelus
2451 3104 2553 3144 non
2600 3090 2854 3155 illustrat,
2885 3091 3033 3161 quia,
3074 3093 3199 3145 dum
3230 3101 3481 3161 peccator

1911 3194 2015 3233 non
2054 3191 2207 3234 curat
2230 3182 2542 3237 obedienter
2564 3184 2751 3237 audire
2773 3186 2913 3253 quod
2955 3185 3119 3237 audit.
3145 3184 3322 3237 ionico
3350 3200 3481 3236 san-

1908 3278 2010 3324 cta:
2057 3271 2452 3339 praadicalionis
2504 3274 2753 3327 tenebras
2806 3274 2945 3328 illius
2988 3272 3328 3327 conscientiae
3375 3288 3479 3326 non

1905 3361 2142 3431 expellit.
2172 3363 2305 3416 Cum
2334 3379 2463 3419 vero
2493 3365 2710 3433 angelus
2756 3373 2915 3422 astat.
2957 3364 3319 3420 habitaculum
3356 3379 3476 3419 car-

1906 3454 2046 3507 ceris
2098 3453 2422 3519 illustratur;
2474 3457 2598 3525 quia
2659 3472 2782 3512 cum
2831 3456 3143 3526 prmdicatio
3196 3468 3379 3513 sancta
3443 3473 3474 3513 a

1906 3545 2066 3599 corde
2096 3546 2367 3600 obedienti
2398 3548 2684 3617 excipitur,
2737 3556 2886 3602 tanto
2916 3550 3087 3618 magis
3136 3548 3262 3602 illud
3307 3549 3481 3603 reddit

1906 3634 2270 3704 perspicuum,
2319 3645 2518 3704 quanto
2549 3637 2777 3706 amplius
2828 3653 2925 3706 per
2972 3638 3336 3693 obedientiam
3376 3638 3476 3692 sibi

1906 3722 2068 3776 sentit
2106 3708 2484 3793 propiinpmm.
2531 3725 2681 3781 Tunc
2720 3727 2942 3796 angelus
2989 3744 3092 3782 non
3144 3727 3317 3782 solum
3350 3737 3475 3791 stat,

1905 3815 1997 3868 sed
2045 3817 2207 3869 etiam
2247 3827 2416 3884 astat;
2458 3820 2582 3887 quia
2611 3835 2711 3873 vox
2756 3820 3146 3889 praedicationis
3178 3834 3281 3873 non
3303 3820 3475 3875 solum

1904 3905 2145 3960 exterius
2187 3908 2497 3977 perstrepit,
2544 3908 2637 3964 sed
2691 3910 2853 3964 etiam
2908 3909 3134 3967 interius
3173 3909 3324 3979 juxta
3382 3924 3478 3963 cor

1902 4006 2286 4062 compunctum
2319 3997 2543 4051 assistit.

1973 4087 2157 4143 Potest
2188 4100 2363 4143 tamen
2393 4090 2444 4144 in
2472 4091 2572 4145 hoc
2593 4091 2733 4160 quod
2773 4090 2990 4162 angelus
3017 4108 3071 4145 in
3097 4106 3317 4146 carcere
3344 4092 3471 4146 asti-

1905 4178 2032 4231 tissc
2058 4178 2277 4241 dicitur,
2305 4179 2482 4233 adhuc
2512 4180 2655 4235 aliud
2692 4182 2930 4251 ligurari.
2963 4181 3115 4245 Nam,
3162 4183 3285 4252 quia
3333 4194 3477 4236 stare

1903 4268 2200 4323 laborantis
2224 4279 2306 4323 cst
2337 4270 2417 4323 vel
2446 4271 2751 4340 pugnantis,
2779 4272 2905 4340 quid
2937 4286 3032 4340 per
3054 4280 3283 4326 stantem
3312 4286 3481 4341 ange-

1890 4356 2034 4431 lum,
2065 4358 2164 4412 nisi
2198 4359 2349 4412 labor
2377 4360 2704 4428 poenitentia:
2739 4361 3016 4431 signatur?
3039 4362 3269 4431 Angelus
3297 4362 3477 4429 itaque
3554 4387 3565 4397 -

220 4451 409 4503 vatur!
468 4450 691 4517 Quando
748 4467 876 4521 ergo
920 4452 1131 4517 evadit,
1172 4467 1333 4521 quem
1378 4451 1520 4506 intus
1554 4460 1609 4506 et
1644 4460 1795 4505 extra
1829 4468 1875 4526 ί)
1905 4453 2122 4507 Petrum
2153 4453 2221 4505 de
2241 4467 2458 4525 carcere
2483 4455 2793 4517 educturus,
2816 4454 2969 4524 juxta
2997 4470 3117 4506 eum
3148 4463 3314 4507 astat:
3350 4455 3474 4523 quia

224 4548 337 4592 tam
370 4539 644 4608 multiplex
677 4541 919 4595 custodia
962 4541 1366 4595 circumvallat?
1417 4540 1520 4595 Sed
1560 4540 1649 4595 ubi
1693 4540 1794 4594 lm-

216 4644 387 4685 Jnana
415 4630 588 4701 major
612 4632 845 4697 miseria,
883 4632 952 4686 ibi
983 4632 1297 4702 plerumque
1330 4631 1499 4700 major
1520 4632 1688 4687 claret
1715 4632 1796 4687 di-

218 4721 351 4774 xina
374 4721 777 4787 misericordia;
810 4741 930 4777 naut
957 4725 1197 4794 Sequitur
1227 4742 1239 4777 :

293 4808 409 4865 ΧΠ.
438 4808 502 4865 Ει
533 4829 648 4865 ecce
686 4814 899 4883 angelus
924 4814 1135 4868 Domini
1166 4816 1347 4878 astitit,
1393 4826 1440 4869 et
1487 4816 1658 4868 lumen
1710 4831 1794 4870 re-

212 4900 373 4968 fulsit
415 4901 467 4952 in
520 4902 837 4958 habitacula.
893 4903 1195 4959 Notandum
1264 4919 1588 4973 magnopere
1640 4906 1794 4958 video

210 4991 366 5060 quod
395 4991 611 5056 dicitur,
649 4991 715 5045 Et
755 5010 886 5049 ecce.
921 4995 1056 5050 Ecce
1101 4996 1300 5050 ctenim
1333 4998 1513 5050 dicere
1538 4996 1790 5060 solemus,

210 5098 347 5138 cum
374 5081 571 5152 aliquid
593 5093 790 5153 praeter
818 5100 964 5154 spem
996 5088 1175 5141 subito
1203 5087 1495 5158 contigisse
1522 5098 1791 5142 monstra-

209 5188 363 5228 mus.
402 5171 554 5229 Unde
579 5189 675 5243 per
700 5175 804 5229 hoc
831 5177 972 5244 quod
1010 5177 1227 5240 dicitur,
1257 5175 1321 5229 Et
1352 5194 1484 5239 ecce,
1520 5179 1792 5246 repentina

181 5279 271 5322 .et
296 5268 557 5336 inspirata
581 5269 867 5324 subventio
893 5271 1151 5345 inuuitur,
1184 5267 1301 5339 quae
1331 5271 1644 5339 plerumque
1669 5279 1793 5325 tunc

205 5360 381 5413 etiam
412 5360 685 5427 captivum
715 5360 782 5413 de
828 5376 922 5421 sua
970 5360 1282 5429 captivitate
1326 5361 1537 5427 liberat,
1578 5362 1792 5429 quando

205 5450 576 5519 ipscquoquc
598 5449 710 5518 jam
734 5466 792 5506 se
823 5466 977 5519 posse
1004 5451 1220 5506 liberari
1248 5453 1515 5520 desperat.
1549 5452 1653 5506 Sed
1676 5452 1789 5521 jam

206 5541 496 5595 videamus
544 5542 792 5610 quisnam
851 5543 922 5596 sit
968 5543 1071 5597 iste
1114 5542 1336 5609 angelus
1377 5558 1473 5612 per
1522 5558 1679 5611 quem
1725 5541 1790 5595 de

182 5625 439 5688 carcere
462 5650 563 5689 suo
619 5645 871 5703 peccator
913 5635 1179 5689 educitur.
1217 5633 1334 5704 Ipse
1381 5645 1461 5691 est
1500 5637 1686 5703 utique
1725 5637 1790 5697 de

208 5738 322 5794 quo
349 5738 447 5793 per
479 5724 798 5794 Prophetam
831 5726 1063 5782 dicitur:
1092 5724 1257 5783 Labin
1303 5728 1587 5782 sacerdotis
1617 5738 1789 5782 custo-

1898 4539 2156 4593 nimirum
2191 4542 2508 4609 prmdicator
2539 4551 2872 4610 peccatorum
2912 4542 2977 4595 ad
3017 4558 3265 4612 magnum
3303 4552 3475 4596 certa-

1897 4646 2017 4683 men
2047 4642 2318 4699 provocat,
2351 4648 2472 4686 cum
2506 4649 2625 4686 eum
2668 4635 2733 4687 ad
2773 4648 3116 4703 congressum
3150 4633 3344 4687 diaboli
3375 4649 3473 4703 per

1895 4722 2228 4788 pmnitentim
2257 4722 2493 4775 laborem
2544 4722 2751 4775 invitat.
2795 4723 2852 4775 In
2899 4738 3005 4791 quo
3053 4723 3140 4775 nia
3167 4724 3303 4776 irum
3346 4738 3474 4778 con-

1896 4826 2104 4879 gressu,
2134 4812 2299 4865 etiam
2336 4826 2520 4866 contra
2549 4812 2894 4881 semetipsum
2926 4828 3163 4881 pugnare
3202 4813 3473 4883 compelli-

1897 4907 2007 4960 tur,
2039 4912 2159 4950 cum
2207 4907 2397 4953 contra
2438 4899 2821 4953 delectationes
2872 4910 3212 4967 peccatorum
3249 4916 3367 4969 qua:
3411 4915 3472 4954 se

1894 4989 2126 5057 gessisse
2152 4990 2397 5044 meminit
2431 4989 2743 5043 reluctatur.
2779 4989 2834 5044 Si
2859 4990 3000 5043 enim
3032 4990 3206 5043 nullus
3244 4990 3295 5043 in
3327 5000 3469 5045 statu

1895 5084 2219 5152 ptet'uitentize
2242 5083 2393 5136 labor
2422 5092 2591 5147 esset,
2616 5083 2899 5137 l’salmista
2938 5083 3121 5150 utique
3169 5098 3274 5136 non
3306 5085 3471 5139 nixis.

1894 5184 1975 5227 set
2000 5191 2013 5226 :
2051 5172 2305 5227 Laboravi
2328 5174 2380 5228 in
2405 5177 2597 5243 gemitu
2621 5191 2732 5228 meo
2763 5172 2933 5244 (Paul.
2967 5187 3040 5235 γι,
3076 5174 3149 5243 7).
3179 5173 3233 5226 In
3262 5178 3463 5244 gemitu

1897 5264 2042 5318 enim
2087 5279 2183 5317 suo
2226 5276 2477 5332 peccator
2514 5266 2737 5330 laborat,
2786 5265 3000 5333 quando
3037 5264 3102 5318 de
3151 5266 3303 5319 malis
3350 5284 3468 5336 qua:

1892 5352 2220 5422 perpetravit
2265 5353 2591 5422 pteuitentia:
2636 5368 2693 5408 se
2735 5352 2917 5408 dolore
2958 5353 3350 5422 castigat.-Scd
3398 5360 3465 5409 ad

1893 5442 2050 5512 hujus
2105 5443 2306 5498 laboris
2358 5459 2703 5514 congressum
2758 5452 2883 5498 tunc
2926 5444 3117 5498 fortius
3172 5444 3465 5508 laboratur,

1892 5536 2106 5607 quando
2151 5536 2199 5590 ei
2247 5550 2341 5606 per
2387 5535 2779 5605 pranlicationis
2821 5550 3004 5590 vocem
3033 5528 3462 5613 passiollcdem-

1890 5632 2060 5703 ptcris
2089 5631 2153 5683 ad
2185 5631 2492 5685 memoriam
2523 5631 2831 5701 reducitur;
2855 5633 2993 5685 unde
3025 5633 3158 5688 bene
3185 5633 3249 5689 de
3279 5633 3467 5704 anng

1893 5733 2071 5794 typum
2102 5722 2469 5793 prmdicatoris
2505 5732 2714 5791 tenente
2738 5710 3073 5794 subjungitur
3100 5742 3112 5778 :
