  <div class='ocr_page' id='page_1' title='image "/cluster/home/n/w/nwhite01/storage/ocr_20150623/141/hvd.32044015471790/153.png"; bbox 0 0 4018 6412; ppageno 0'>
   <div class='ocr_carea' id='block_1_1' title="bbox 511 348 612 407">
    <p class='ocr_par' dir='ltr' id='par_1_1' title="bbox 511 348 612 407">
     <span class='ocr_line' id='line_1_1' title="bbox 511 348 612 407; baseline 0.02 -2"><span class='ocrx_word' id='word_1_1' title='bbox 511 348 612 407; x_wconf 72' lang='lat'><strong>293</strong></span> 
     </span>
    </p>
   </div>
   <div class='ocr_carea' id='block_1_2' title="bbox 1550 338 2841 405">
    <p class='ocr_par' dir='ltr' id='par_1_2' title="bbox 1550 338 2841 405">
     <span class='ocr_line' id='line_1_2' title="bbox 1550 338 2841 405; baseline -0.005 -1"><span class='ocrx_word' id='word_1_2' title='bbox 1550 346 1609 405; x_wconf 89' lang='lat' dir='ltr'><strong>S.</strong></span> <span class='ocrx_word' id='word_1_3' title='bbox 1652 342 1994 404; x_wconf 78' lang='lat' dir='ltr'><strong>FULBERTI</strong></span> <span class='ocrx_word' id='word_1_4' title='bbox 2026 338 2509 401; x_wconf 70' lang='lat' dir='ltr'><strong>CARNOTENSIS</strong></span> <span class='ocrx_word' id='word_1_5' title='bbox 2537 339 2841 399; x_wconf 78' lang='lat' dir='ltr'><strong>EPISCOPI</strong></span> 
     </span>
    </p>
   </div>
   <div class='ocr_carea' id='block_1_3' title="bbox 3667 347 3780 405">
    <p class='ocr_par' dir='ltr' id='par_1_3' title="bbox 3667 347 3780 405">
     <span class='ocr_line' id='line_1_3' title="bbox 3667 347 3780 405; baseline 0 -2"><span class='ocrx_word' id='word_1_6' title='bbox 3667 347 3780 405; x_wconf 68' lang='lat'><strong>296</strong></span> 
     </span>
    </p>
   </div>
   <div class='ocr_carea' id='block_1_4' title="bbox 591 458 3778 532">
    <p class='ocr_par' dir='ltr' id='par_1_4' title="bbox 591 458 3778 532">
     <span class='ocr_line' id='line_1_4' title="bbox 591 458 3778 532; baseline 0.001 -14"><span class='ocrx_word' id='word_1_7' title='bbox 591 461 723 519; x_wconf 67' lang='grc' dir='ltr'>χιιι.</span> <span class='ocrx_word' id='word_1_8' title='bbox 750 461 1110 532; x_wconf 87' lang='lat' dir='ltr'><strong>Percussoque</strong></span> <span class='ocrx_word' id='word_1_9' title='bbox 1152 460 1311 516; x_wconf 84' lang='lat' dir='ltr'><strong>latere</strong></span> <span class='ocrx_word' id='word_1_10' title='bbox 1348 459 1514 523; x_wconf 82' lang='lat' dir='ltr'><strong>Petri,</strong></span> <span class='ocrx_word' id='word_1_11' title='bbox 1562 461 1802 516; x_wconf 75' lang='lat' dir='ltr'><strong>excitavit</strong></span> <span class='ocrx_word' id='word_1_12' title='bbox 1829 467 1968 523; x_wconf 81' lang='lat' dir='ltr'><strong>eam,</strong></span> <span class='ocrx_word' id='word_1_13' title='bbox 2008 470 2091 514; x_wconf 84' lang='lat' dir='ltr'><strong>a.-</strong></span> <span class='ocrx_word' id='word_1_14' title='bbox 2119 463 2169 523; x_wconf 78' lang='grc' dir='ltr'><strong>Α</strong></span> <span class='ocrx_word' id='word_1_15' title='bbox 2197 458 2371 512; x_wconf 81' lang='lat' dir='ltr'><strong>cincti.</strong></span> <span class='ocrx_word' id='word_1_16' title='bbox 2401 458 2476 513; x_wconf 91' lang='lat' dir='ltr'><strong>De</strong></span> <span class='ocrx_word' id='word_1_17' title='bbox 2512 459 2615 514; x_wconf 86' lang='lat' dir='ltr'><strong>hoc</strong></span> <span class='ocrx_word' id='word_1_18' title='bbox 2650 472 2867 530; x_wconf 87' lang='lat' dir='ltr'><strong>quoque</strong></span> <span class='ocrx_word' id='word_1_19' title='bbox 2911 459 3126 531; x_wconf 77' lang='lat' dir='ltr'><strong>cingulo</strong></span> <span class='ocrx_word' id='word_1_20' title='bbox 3166 462 3280 532; x_wconf 87' lang='lat' dir='ltr'><strong>ipse</strong></span> <span class='ocrx_word' id='word_1_21' title='bbox 3318 459 3516 520; x_wconf 92' lang='lat' dir='ltr'><strong>Petrus</strong></span> <span class='ocrx_word' id='word_1_22' title='bbox 3546 479 3646 522; x_wconf 89' lang='lat' dir='ltr'><strong>nos</strong></span> <span class='ocrx_word' id='word_1_23' title='bbox 3672 467 3778 523; x_wconf 84' lang='lat' dir='ltr'><strong>ad-</strong></span> 
     </span>
    </p>
   </div>
   <div class='ocr_carea' id='block_1_5' title="bbox 512 549 2093 621">
    <p class='ocr_par' dir='ltr' id='par_1_5' title="bbox 512 549 2093 621">
     <span class='ocr_line' id='line_1_5' title="bbox 512 549 2093 621; baseline -0.004 -12"><span class='ocrx_word' id='word_1_24' title='bbox 512 571 630 609; x_wconf 89' lang='lat' dir='ltr'><strong>cens</strong></span> <span class='ocrx_word' id='word_1_25' title='bbox 653 572 673 609; x_wconf 89' lang='lat'><strong><em>:</em></strong></span> <span class='ocrx_word' id='word_1_26' title='bbox 706 552 874 621; x_wconf 85' lang='lat' dir='ltr'><strong>Surge</strong></span> <span class='ocrx_word' id='word_1_27' title='bbox 902 553 1160 607; x_wconf 76' lang='lat' dir='ltr'><strong>velociter.</strong></span> <span class='ocrx_word' id='word_1_28' title='bbox 1205 551 1268 606; x_wconf 81' lang='lat' dir='ltr'><strong>Et</strong></span> <span class='ocrx_word' id='word_1_29' title='bbox 1316 553 1613 607; x_wconf 83' lang='lat' dir='ltr'><strong>ceciderunt</strong></span> <span class='ocrx_word' id='word_1_30' title='bbox 1649 561 1847 605; x_wconf 77' lang='lat' dir='ltr'><strong>calente</strong></span> <span class='ocrx_word' id='word_1_31' title='bbox 1873 549 1937 603; x_wconf 84' lang='lat' dir='ltr'><strong>de</strong></span> <span class='ocrx_word' id='word_1_32' title='bbox 1974 565 2093 602; x_wconf 64' lang='lat' dir='ltr'><strong>mae-</strong></span> 
     </span>
    </p>
   </div>
   <div class='ocr_carea' id='block_1_6' title="bbox 513 639 2093 712">
    <p class='ocr_par' dir='ltr' id='par_1_6' title="bbox 513 639 2093 712">
     <span class='ocr_line' id='line_1_6' title="bbox 513 639 2093 712; baseline -0.004 -15"><span class='ocrx_word' id='word_1_33' title='bbox 513 643 665 697; x_wconf 84' lang='lat' dir='ltr'><strong>uibus</strong></span> <span class='ocrx_word' id='word_1_34' title='bbox 690 642 826 712; x_wconf 86' lang='lat' dir='ltr'><strong>ejus.</strong></span> <span class='ocrx_word' id='word_1_35' title='bbox 860 640 1012 695; x_wconf 89' lang='lat' dir='ltr'><strong>Sicut</strong></span> <span class='ocrx_word' id='word_1_36' title='bbox 1050 639 1161 708; x_wconf 84' lang='lat' dir='ltr'><strong>jam</strong></span> <span class='ocrx_word' id='word_1_37' title='bbox 1210 647 1265 694; x_wconf 89' lang='lat' dir='ltr'><strong>et</strong></span> <span class='ocrx_word' id='word_1_38' title='bbox 1315 650 1441 694; x_wconf 96' lang='lat' dir='ltr'><strong>ante</strong></span> <span class='ocrx_word' id='word_1_39' title='bbox 1473 655 1570 693; x_wconf 87' lang='lat' dir='ltr'><strong>nos</strong></span> <span class='ocrx_word' id='word_1_40' title='bbox 1598 639 1798 693; x_wconf 91' lang='lat' dir='ltr'><strong>dictum</strong></span> <span class='ocrx_word' id='word_1_41' title='bbox 1829 647 1935 702; x_wconf 87' lang='lat' dir='ltr'><strong>est,</strong></span> <span class='ocrx_word' id='word_1_42' title='bbox 1966 653 2093 707; x_wconf 90' lang='lat' dir='ltr'><strong>per-</strong></span> 
     </span>
    </p>
   </div>
   <div class='ocr_carea' id='block_1_7' title="bbox 514 730 2095 800">
    <p class='ocr_par' dir='ltr' id='par_1_7' title="bbox 514 730 2095 800">
     <span class='ocr_line' id='line_1_7' title="bbox 514 730 2095 800; baseline -0.003 -13"><span class='ocrx_word' id='word_1_43' title='bbox 514 732 696 788; x_wconf 91' lang='lat' dir='ltr'><strong>cussio</strong></span> <span class='ocrx_word' id='word_1_44' title='bbox 726 731 913 786; x_wconf 87' lang='lat' dir='ltr'><strong>lateris</strong></span> <span class='ocrx_word' id='word_1_45' title='bbox 935 730 1503 786; x_wconf 74' lang='lat' dir='ltr'><strong>commemorationem</strong></span> <span class='ocrx_word' id='word_1_46' title='bbox 1533 730 1778 800; x_wconf 81' lang='lat' dir='ltr'><strong>designat</strong></span> <span class='ocrx_word' id='word_1_47' title='bbox 1802 730 2095 784; x_wconf 81' lang='lat' dir='ltr'><strong>Dominicae</strong></span> 
     </span>
    </p>
   </div>
   <div class='ocr_carea' id='block_1_8' title="bbox 513 820 2091 894">
    <p class='ocr_par' dir='ltr' id='par_1_8' title="bbox 513 820 2091 894">
     <span class='ocr_line' id='line_1_8' title="bbox 513 820 2091 894; baseline -0.003 -16"><span class='ocrx_word' id='word_1_48' title='bbox 513 823 798 894; x_wconf 86' lang='lat' dir='ltr'><strong>passionis.</strong></span> <span class='ocrx_word' id='word_1_49' title='bbox 860 823 994 876; x_wconf 87' lang='lat' dir='ltr'><strong>Nam</strong></span> <span class='ocrx_word' id='word_1_50' title='bbox 1043 823 1171 892; x_wconf 97' lang='lat' dir='ltr'><strong>quia</strong></span> <span class='ocrx_word' id='word_1_51' title='bbox 1227 833 1416 891; x_wconf 91' lang='lat' dir='ltr'><strong>aperto</strong></span> <span class='ocrx_word' id='word_1_52' title='bbox 1462 821 1631 875; x_wconf 87' lang='lat' dir='ltr'><strong>latere</strong></span> <span class='ocrx_word' id='word_1_53' title='bbox 1688 820 2091 890; x_wconf 79' lang='lat' dir='ltr'><strong>Redemptoris,</strong></span> 
     </span>
    </p>
   </div>
   <div class='ocr_carea' id='block_1_9' title="bbox 520 913 2094 985">
    <p class='ocr_par' dir='ltr' id='par_1_9' title="bbox 520 913 2094 985">
     <span class='ocr_line' id='line_1_9' title="bbox 520 913 2094 985; baseline -0.004 -14"><span class='ocrx_word' id='word_1_54' title='bbox 520 916 739 985; x_wconf 87' lang='lat' dir='ltr'><strong>sanguis</strong></span> <span class='ocrx_word' id='word_1_55' title='bbox 763 923 819 970; x_wconf 90' lang='lat' dir='ltr'><strong>et</strong></span> <span class='ocrx_word' id='word_1_56' title='bbox 841 931 978 983; x_wconf 88' lang='lat' dir='ltr'><strong>aqua</strong></span> <span class='ocrx_word' id='word_1_57' title='bbox 1007 914 1265 979; x_wconf 91' lang='lat' dir='ltr'><strong>manavit,</strong></span> <span class='ocrx_word' id='word_1_58' title='bbox 1296 928 1525 984; x_wconf 90' lang='lat' dir='ltr'><strong>quorum</strong></span> <span class='ocrx_word' id='word_1_59' title='bbox 1553 929 1716 967; x_wconf 88' lang='lat' dir='ltr'><strong>unum</strong></span> <span class='ocrx_word' id='word_1_60' title='bbox 1745 914 1811 965; x_wconf 91' lang='lat' dir='ltr'><strong>ad</strong></span> <span class='ocrx_word' id='word_1_61' title='bbox 1840 913 2094 982; x_wconf 73' lang='lat' dir='ltr'><strong>pretium,</strong></span> 
     </span>
    </p>
   </div>
   <div class='ocr_carea' id='block_1_10' title="bbox 518 1002 2096 1071">
    <p class='ocr_par' dir='ltr' id='par_1_10' title="bbox 518 1002 2096 1071">
     <span class='ocr_line' id='line_1_10' title="bbox 518 1002 2096 1071; baseline -0.001 -13"><span class='ocrx_word' id='word_1_62' title='bbox 518 1005 663 1059; x_wconf 80' lang='lat' dir='ltr'><strong>aliud</strong></span> <span class='ocrx_word' id='word_1_63' title='bbox 719 1019 846 1059; x_wconf 88' lang='lat' dir='ltr'><strong>vero</strong></span> <span class='ocrx_word' id='word_1_64' title='bbox 889 1004 955 1059; x_wconf 88' lang='lat' dir='ltr'><strong>ad</strong></span> <span class='ocrx_word' id='word_1_65' title='bbox 993 1003 1287 1067; x_wconf 82' lang='lat' dir='ltr'><strong>lavacrum,</strong></span> <span class='ocrx_word' id='word_1_66' title='bbox 1339 1011 1487 1057; x_wconf 86' lang='lat' dir='ltr'><strong>recte</strong></span> <span class='ocrx_word' id='word_1_67' title='bbox 1542 1002 1655 1056; x_wconf 65' lang='lat' dir='ltr'><strong>haec</strong></span> <span class='ocrx_word' id='word_1_68' title='bbox 1703 1011 1930 1070; x_wconf 90' lang='lat' dir='ltr'><strong>utraque</strong></span> <span class='ocrx_word' id='word_1_69' title='bbox 1972 1015 2096 1071; x_wconf 87' lang='lat' dir='ltr'><strong>pec-</strong></span> 
     </span>
    </p>
   </div>
   <div class='ocr_carea' id='block_1_11' title="bbox 517 1095 2094 1159">
    <p class='ocr_par' dir='ltr' id='par_1_11' title="bbox 517 1095 2094 1159">
     <span class='ocr_line' id='line_1_11' title="bbox 517 1095 2094 1159; baseline -0.002 -7"><span class='ocrx_word' id='word_1_70' title='bbox 517 1096 690 1152; x_wconf 84' lang='lat' dir='ltr'><strong>caturi</strong></span> <span class='ocrx_word' id='word_1_71' title='bbox 744 1111 1007 1151; x_wconf 90' lang='lat' dir='ltr'><strong>converso</strong></span> <span class='ocrx_word' id='word_1_72' title='bbox 1065 1095 1133 1150; x_wconf 90' lang='lat' dir='ltr'><strong>ad</strong></span> <span class='ocrx_word' id='word_1_73' title='bbox 1185 1095 1501 1150; x_wconf 80' lang='lat' dir='ltr'><strong>memoriam</strong></span> <span class='ocrx_word' id='word_1_74' title='bbox 1544 1102 1882 1159; x_wconf 74' lang='lat' dir='ltr'><strong>revocantur,</strong></span> <span class='ocrx_word' id='word_1_75' title='bbox 1917 1104 1975 1147; x_wconf 86' lang='lat' dir='ltr'><strong>ut</strong></span> <span class='ocrx_word' id='word_1_76' title='bbox 2019 1103 2094 1159; x_wconf 83' lang='lat' dir='ltr'><strong>et,</strong></span> 
     </span>
    </p>
   </div>
   <div class='ocr_carea' id='block_1_12' title="bbox 517 1182 2097 1258">
    <p class='ocr_par' dir='ltr' id='par_1_12' title="bbox 517 1182 2097 1258">
     <span class='ocr_line' id='line_1_12' title="bbox 517 1182 2097 1258; baseline -0.002 -16"><span class='ocrx_word' id='word_1_77' title='bbox 517 1187 831 1258; x_wconf 88' lang='lat' dir='ltr'><strong>dignitatem</strong></span> <span class='ocrx_word' id='word_1_78' title='bbox 861 1186 942 1241; x_wconf 90' lang='lat' dir='ltr'><strong>sui</strong></span> <span class='ocrx_word' id='word_1_79' title='bbox 992 1185 1148 1255; x_wconf 89' lang='lat' dir='ltr'><strong>pretii</strong></span> <span class='ocrx_word' id='word_1_80' title='bbox 1197 1185 1551 1255; x_wconf 86' lang='lat' dir='ltr'><strong>perpendens,</strong></span> <span class='ocrx_word' id='word_1_81' title='bbox 1597 1198 1823 1254; x_wconf 83' lang='lat' dir='ltr'><strong>peccare</strong></span> <span class='ocrx_word' id='word_1_82' title='bbox 1871 1182 2097 1239; x_wconf 76' lang='lat' dir='ltr'><strong>ulterius</strong></span> 
     </span>
    </p>
   </div>
   <div class='ocr_carea' id='block_1_13' title="bbox 520 1274 2098 1347">
    <p class='ocr_par' dir='ltr' id='par_1_13' title="bbox 520 1274 2098 1347">
     <span class='ocr_line' id='line_1_13' title="bbox 520 1274 2098 1347; baseline -0.002 -16"><span class='ocrx_word' id='word_1_83' title='bbox 520 1278 857 1347; x_wconf 85' lang='lat' dir='ltr'><strong>dedignetur,</strong></span> <span class='ocrx_word' id='word_1_84' title='bbox 891 1286 964 1343; x_wconf 92' lang='lat' dir='ltr'><strong>et,</strong></span> <span class='ocrx_word' id='word_1_85' title='bbox 996 1276 1306 1347; x_wconf 88' lang='lat' dir='ltr'><strong>inquinatus</strong></span> <span class='ocrx_word' id='word_1_86' title='bbox 1334 1283 1453 1345; x_wconf 89' lang='lat' dir='ltr'><strong>post</strong></span> <span class='ocrx_word' id='word_1_87' title='bbox 1483 1274 1788 1339; x_wconf 78' lang='lat' dir='ltr'><strong>lavacrum,</strong></span> <span class='ocrx_word' id='word_1_88' title='bbox 1827 1276 2098 1343; x_wconf 61' lang='lat' dir='ltr'><strong>paeniten—</strong></span> 
     </span>
    </p>
   </div>
   <div class='ocr_carea' id='block_1_14' title="bbox 523 1366 2100 1438">
    <p class='ocr_par' dir='ltr' id='par_1_14' title="bbox 523 1366 2100 1438">
     <span class='ocr_line' id='line_1_14' title="bbox 523 1366 2100 1438; baseline -0.002 -15"><span class='ocrx_word' id='word_1_89' title='bbox 523 1369 614 1423; x_wconf 79' lang='lat' dir='ltr'><strong>tia:</strong></span> <span class='ocrx_word' id='word_1_90' title='bbox 642 1367 880 1423; x_wconf 88' lang='lat' dir='ltr'><strong>fontibus</strong></span> <span class='ocrx_word' id='word_1_91' title='bbox 922 1369 1115 1422; x_wconf 87' lang='lat' dir='ltr'><strong>iterum</strong></span> <span class='ocrx_word' id='word_1_92' title='bbox 1163 1367 1485 1438; x_wconf 87' lang='lat' dir='ltr'><strong>baptizetur.</strong></span> <span class='ocrx_word' id='word_1_93' title='bbox 1528 1366 1620 1421; x_wconf 72' lang='lat' dir='ltr'><strong>Vel</strong></span> <span class='ocrx_word' id='word_1_94' title='bbox 1665 1374 1811 1420; x_wconf 89' lang='lat' dir='ltr'><strong>certe</strong></span> <span class='ocrx_word' id='word_1_95' title='bbox 1841 1366 1961 1420; x_wconf 91' lang='lat' dir='ltr'><strong>ideo</strong></span> <span class='ocrx_word' id='word_1_96' title='bbox 2005 1382 2100 1420; x_wconf 81' lang='lat' dir='ltr'><strong>ne-</strong></span> 
     </span>
    </p>
   </div>
   <div class='ocr_carea' id='block_1_15' title="bbox 522 1456 2099 1528">
    <p class='ocr_par' dir='ltr' id='par_1_15' title="bbox 522 1456 2099 1528">
     <span class='ocr_line' id='line_1_15' title="bbox 522 1456 2099 1528; baseline -0.001 -14"><span class='ocrx_word' id='word_1_97' title='bbox 522 1474 677 1516; x_wconf 84' lang='lat' dir='ltr'><strong>cesse</strong></span> <span class='ocrx_word' id='word_1_98' title='bbox 700 1468 865 1514; x_wconf 85' lang='lat' dir='ltr'><strong>estut</strong></span> <span class='ocrx_word' id='word_1_99' title='bbox 892 1460 1161 1528; x_wconf 70' lang='lat' dir='ltr'><strong>paenitens</strong></span> <span class='ocrx_word' id='word_1_100' title='bbox 1206 1458 1437 1528; x_wconf 88' lang='lat' dir='ltr'><strong>quisque</strong></span> <span class='ocrx_word' id='word_1_101' title='bbox 1482 1456 1762 1527; x_wconf 86' lang='lat' dir='ltr'><strong>angustias</strong></span> <span class='ocrx_word' id='word_1_102' title='bbox 1809 1456 2099 1512; x_wconf 70' lang='lat' dir='ltr'><strong>Dominicaz</strong></span> 
     </span>
    </p>
   </div>
   <div class='ocr_carea' id='block_1_16' title="bbox 521 1548 2099 1618">
    <p class='ocr_par' dir='ltr' id='par_1_16' title="bbox 521 1548 2099 1618">
     <span class='ocr_line' id='line_1_16' title="bbox 521 1548 2099 1618; baseline 0 -15"><span class='ocrx_word' id='word_1_103' title='bbox 521 1549 789 1618; x_wconf 86' lang='lat' dir='ltr'><strong>passionis</strong></span> <span class='ocrx_word' id='word_1_104' title='bbox 837 1557 965 1603; x_wconf 88' lang='lat' dir='ltr'><strong>ante</strong></span> <span class='ocrx_word' id='word_1_105' title='bbox 1007 1548 1194 1603; x_wconf 90' lang='lat' dir='ltr'><strong>oculos</strong></span> <span class='ocrx_word' id='word_1_106' title='bbox 1226 1549 1420 1604; x_wconf 89' lang='lat' dir='ltr'><strong>mentis</strong></span> <span class='ocrx_word' id='word_1_107' title='bbox 1447 1563 1557 1602; x_wconf 79' lang='lat' dir='ltr'><strong>sua:</strong></span> <span class='ocrx_word' id='word_1_108' title='bbox 1582 1548 1860 1618; x_wconf 88' lang='lat' dir='ltr'><strong>depingat,</strong></span> <span class='ocrx_word' id='word_1_109' title='bbox 1909 1558 2099 1617; x_wconf 88' lang='lat' dir='ltr'><strong>quate-</strong></span> 
     </span>
    </p>
   </div>
   <div class='ocr_carea' id='block_1_17' title="bbox 520 1636 2102 1708">
    <p class='ocr_par' dir='ltr' id='par_1_17' title="bbox 520 1636 2102 1708">
     <span class='ocr_line' id='line_1_17' title="bbox 520 1636 2102 1708; baseline -0.002 -14"><span class='ocrx_word' id='word_1_110' title='bbox 520 1653 642 1703; x_wconf 87' lang='lat' dir='ltr'><strong>nus,</strong></span> <span class='ocrx_word' id='word_1_111' title='bbox 673 1636 919 1708; x_wconf 78' lang='lat' dir='ltr'><strong>exemplo</strong></span> <span class='ocrx_word' id='word_1_112' title='bbox 969 1636 1131 1703; x_wconf 88' lang='lat' dir='ltr'><strong>illius,</strong></span> <span class='ocrx_word' id='word_1_113' title='bbox 1178 1652 1334 1692; x_wconf 88' lang='lat' dir='ltr'><strong>suum</strong></span> <span class='ocrx_word' id='word_1_114' title='bbox 1369 1650 1583 1706; x_wconf 89' lang='lat' dir='ltr'><strong>quoque</strong></span> <span class='ocrx_word' id='word_1_115' title='bbox 1630 1636 1870 1690; x_wconf 89' lang='lat' dir='ltr'><strong>animum</strong></span> <span class='ocrx_word' id='word_1_116' title='bbox 1910 1637 1977 1690; x_wconf 90' lang='lat' dir='ltr'><strong>ad</strong></span> <span class='ocrx_word' id='word_1_117' title='bbox 2018 1646 2102 1692; x_wconf 83' lang='lat' dir='ltr'><strong>to-</strong></span> 
     </span>
    </p>
   </div>
   <div class='ocr_carea' id='block_1_18' title="bbox 523 1727 2100 1802">
    <p class='ocr_par' dir='ltr' id='par_1_18' title="bbox 523 1727 2100 1802">
     <span class='ocr_line' id='line_1_18' title="bbox 523 1727 2100 1802; baseline -0.003 -17"><span class='ocrx_word' id='word_1_118' title='bbox 523 1731 808 1788; x_wconf 86' lang='lat' dir='ltr'><strong>lerantiam</strong></span> <span class='ocrx_word' id='word_1_119' title='bbox 859 1732 1170 1801; x_wconf 83' lang='lat' dir='ltr'><strong>passionum</strong></span> <span class='ocrx_word' id='word_1_120' title='bbox 1227 1732 1490 1802; x_wconf 83' lang='lat' dir='ltr'><strong>accingat.</strong></span> <span class='ocrx_word' id='word_1_121' title='bbox 1534 1729 1686 1786; x_wconf 87' lang='lat' dir='ltr'><strong>Unde</strong></span> <span class='ocrx_word' id='word_1_122' title='bbox 1727 1742 1943 1797; x_wconf 88' lang='lat' dir='ltr'><strong>quoque</strong></span> <span class='ocrx_word' id='word_1_123' title='bbox 1984 1727 2100 1796; x_wconf 88' lang='lat' dir='ltr'><strong>ipse</strong></span> 
     </span>
    </p>
   </div>
   <div class='ocr_carea' id='block_1_19' title="bbox 2196 550 3777 622">
    <p class='ocr_par' dir='ltr' id='par_1_19' title="bbox 2196 550 3777 622">
     <span class='ocr_line' id='line_1_19' title="bbox 2196 550 3777 622; baseline 0.007 -19"><span class='ocrx_word' id='word_1_124' title='bbox 2196 561 2401 615; x_wconf 79' lang='lat' dir='ltr'><strong>monet,</strong></span> <span class='ocrx_word' id='word_1_125' title='bbox 2429 550 2613 606; x_wconf 82' lang='lat' dir='ltr'><strong>dicens</strong></span> <span class='ocrx_word' id='word_1_126' title='bbox 2636 566 2651 605; x_wconf 89' lang='lat'><strong>:</strong></span> <span class='ocrx_word' id='word_1_127' title='bbox 2683 550 2946 606; x_wconf 81' lang='lat' dir='ltr'><strong>Succincti</strong></span> <span class='ocrx_word' id='word_1_128' title='bbox 2971 551 3173 607; x_wconf 77' lang='lat' dir='ltr'><strong>lumbos</strong></span> <span class='ocrx_word' id='word_1_129' title='bbox 3204 556 3389 609; x_wconf 85' lang='lat' dir='ltr'><strong>mentis</strong></span> <span class='ocrx_word' id='word_1_130' title='bbox 3415 566 3619 615; x_wconf 63' lang='lat' dir='ltr'><strong>vestra.</strong></span> <span class='ocrx_word' id='word_1_131' title='bbox 3643 558 3777 622; x_wconf 84' lang='lat' dir='ltr'><strong>Sed,</strong></span> 
     </span>
    </p>
   </div>
   <div class='ocr_carea' id='block_1_20' title="bbox 2195 640 3782 714">
    <p class='ocr_par' dir='ltr' id='par_1_20' title="bbox 2195 640 3782 714">
     <span class='ocr_line' id='line_1_20' title="bbox 2195 640 3782 714; baseline 0.005 -20"><span class='ocrx_word' id='word_1_132' title='bbox 2195 641 2320 711; x_wconf 89' lang='lat' dir='ltr'><strong>quia</strong></span> <span class='ocrx_word' id='word_1_133' title='bbox 2373 640 2698 709; x_wconf 67' lang='lat' dir='ltr'><strong>praedicator</strong></span> <span class='ocrx_word' id='word_1_134' title='bbox 2746 649 2873 694; x_wconf 86' lang='lat' dir='ltr'><strong>tunc</strong></span> <span class='ocrx_word' id='word_1_135' title='bbox 2918 643 3302 711; x_wconf 79' lang='lat' dir='ltr'><strong>congruentius</strong></span> <span class='ocrx_word' id='word_1_136' title='bbox 3344 645 3602 714; x_wconf 59' lang='lat' dir='ltr'><strong>praedicat</strong></span> <span class='ocrx_word' id='word_1_137' title='bbox 3652 662 3782 702; x_wconf 83' lang='lat' dir='ltr'><strong>cum</strong></span> 
     </span>
    </p>
   </div>
   <div class='ocr_carea' id='block_1_21' title="bbox 2198 732 3783 805">
    <p class='ocr_par' dir='ltr' id='par_1_21' title="bbox 2198 732 3783 805">
     <span class='ocr_line' id='line_1_21' title="bbox 2198 732 3783 805; baseline 0.004 -20"><span class='ocrx_word' id='word_1_138' title='bbox 2198 733 2499 785; x_wconf 83' lang='lat' dir='ltr'><strong>auditorem</strong></span> <span class='ocrx_word' id='word_1_139' title='bbox 2555 746 2711 786; x_wconf 90' lang='lat' dir='ltr'><strong>suum</strong></span> <span class='ocrx_word' id='word_1_140' title='bbox 2746 732 2811 785; x_wconf 88' lang='lat' dir='ltr'><strong>de</strong></span> <span class='ocrx_word' id='word_1_141' title='bbox 2856 732 3200 800; x_wconf 87' lang='lat' dir='ltr'><strong>antiquorum</strong></span> <span class='ocrx_word' id='word_1_142' title='bbox 3241 732 3402 788; x_wconf 90' lang='lat' dir='ltr'><strong>dictis</strong></span> <span class='ocrx_word' id='word_1_143' title='bbox 3430 744 3484 788; x_wconf 89' lang='lat' dir='ltr'><strong>et</strong></span> <span class='ocrx_word' id='word_1_144' title='bbox 3513 737 3783 805; x_wconf 79' lang='lat' dir='ltr'><strong>exemplis</strong></span> 
     </span>
    </p>
   </div>
   <div class='ocr_carea' id='block_1_22' title="bbox 2197 819 3782 896">
    <p class='ocr_par' dir='ltr' id='par_1_22' title="bbox 2197 819 3782 896">
     <span class='ocr_line' id='line_1_22' title="bbox 2197 819 3782 896; baseline 0.004 -22"><span class='ocrx_word' id='word_1_145' title='bbox 2197 819 2470 882; x_wconf 87' lang='lat' dir='ltr'><strong>informat,</strong></span> <span class='ocrx_word' id='word_1_146' title='bbox 2500 829 2645 875; x_wconf 89' lang='lat' dir='ltr'><strong>recte</strong></span> <span class='ocrx_word' id='word_1_147' title='bbox 2678 820 2896 874; x_wconf 90' lang='lat' dir='ltr'><strong>Petrum</strong></span> <span class='ocrx_word' id='word_1_148' title='bbox 2925 820 3146 892; x_wconf 76' lang='lat' dir='ltr'><strong>angelus</strong></span> <span class='ocrx_word' id='word_1_149' title='bbox 3179 838 3286 877; x_wconf 91' lang='lat' dir='ltr'><strong>non</strong></span> <span class='ocrx_word' id='word_1_150' title='bbox 3316 822 3488 879; x_wconf 90' lang='lat' dir='ltr'><strong>solum</strong></span> <span class='ocrx_word' id='word_1_151' title='bbox 3521 827 3782 896; x_wconf 73' lang='grc' dir='ltr'>ρι’ωείηεί</span> 
     </span>
    </p>
   </div>
   <div class='ocr_carea' id='block_1_23' title="bbox 2197 911 3786 986">
    <p class='ocr_par' dir='ltr' id='par_1_23' title="bbox 2197 911 3786 986">
     <span class='ocr_line' id='line_1_23' title="bbox 2197 911 3786 986; baseline 0.003 -20"><span class='ocrx_word' id='word_1_152' title='bbox 2197 913 2289 967; x_wconf 90' lang='lat' dir='ltr'><strong>sed</strong></span> <span class='ocrx_word' id='word_1_153' title='bbox 2316 913 2479 966; x_wconf 89' lang='lat' dir='ltr'><strong>etiam</strong></span> <span class='ocrx_word' id='word_1_154' title='bbox 2510 912 2711 982; x_wconf 80' lang='lat' dir='ltr'><strong>caligas</strong></span> <span class='ocrx_word' id='word_1_155' title='bbox 2739 911 2986 967; x_wconf 88' lang='lat' dir='ltr'><strong>calceare</strong></span> <span class='ocrx_word' id='word_1_156' title='bbox 3020 915 3293 983; x_wconf 59' lang='lat' dir='ltr'><strong>praecepit.</strong></span> <span class='ocrx_word' id='word_1_157' title='bbox 3329 914 3467 980; x_wconf 83' lang='lat' dir='ltr'><strong>Quid</strong></span> <span class='ocrx_word' id='word_1_158' title='bbox 3506 916 3650 970; x_wconf 89' lang='lat' dir='ltr'><strong>enim</strong></span> <span class='ocrx_word' id='word_1_159' title='bbox 3681 931 3786 986; x_wconf 82' lang='lat' dir='ltr'><strong>per</strong></span> 
     </span>
    </p>
   </div>
   <div class='ocr_carea' id='block_1_24' title="bbox 2197 999 3783 1071">
    <p class='ocr_par' dir='ltr' id='par_1_24' title="bbox 2197 999 3783 1071">
     <span class='ocr_line' id='line_1_24' title="bbox 2197 999 3783 1071; baseline 0.004 -14"><span class='ocrx_word' id='word_1_160' title='bbox 2197 1001 2402 1070; x_wconf 80' lang='lat' dir='ltr'><strong>caligas</strong></span> <span class='ocrx_word' id='word_1_161' title='bbox 2430 1002 2629 1071; x_wconf 85' lang='lat' dir='ltr'><strong>quibus</strong></span> <span class='ocrx_word' id='word_1_162' title='bbox 2663 1018 2822 1056; x_wconf 89' lang='lat' dir='ltr'><strong>crura</strong></span> <span class='ocrx_word' id='word_1_163' title='bbox 2864 999 3199 1071; x_wconf 81' lang='lat' dir='ltr'><strong>muniuntur,</strong></span> <span class='ocrx_word' id='word_1_164' title='bbox 3249 1005 3351 1061; x_wconf 87' lang='lat' dir='ltr'><strong>nisi</strong></span> <span class='ocrx_word' id='word_1_165' title='bbox 3382 1004 3604 1061; x_wconf 86' lang='lat' dir='ltr'><strong>Patrum</strong></span> <span class='ocrx_word' id='word_1_166' title='bbox 3631 1008 3783 1062; x_wconf 78' lang='lat' dir='ltr'><strong>dicta</strong></span> 
     </span>
    </p>
   </div>
   <div class='ocr_carea' id='block_1_25' title="bbox 2198 1092 3784 1163">
    <p class='ocr_par' dir='ltr' id='par_1_25' title="bbox 2198 1092 3784 1163">
     <span class='ocr_line' id='line_1_25' title="bbox 2198 1092 3784 1163; baseline 0.005 -18"><span class='ocrx_word' id='word_1_167' title='bbox 2198 1100 2252 1146; x_wconf 91' lang='lat' dir='ltr'><strong>et</strong></span> <span class='ocrx_word' id='word_1_168' title='bbox 2274 1092 2516 1163; x_wconf 65' lang='lat' dir='ltr'><strong>exvmpla</strong></span> <span class='ocrx_word' id='word_1_169' title='bbox 2542 1094 2864 1163; x_wconf 82' lang='lat' dir='ltr'><strong>signantur?</strong></span> <span class='ocrx_word' id='word_1_170' title='bbox 2884 1108 3003 1162; x_wconf 60' lang='lat' dir='ltr'><strong>qua)</strong></span> <span class='ocrx_word' id='word_1_171' title='bbox 3029 1096 3280 1151; x_wconf 82' lang='lat' dir='ltr'><strong>nimirum</strong></span> <span class='ocrx_word' id='word_1_172' title='bbox 3305 1112 3403 1152; x_wconf 91' lang='lat' dir='ltr'><strong>nos</strong></span> <span class='ocrx_word' id='word_1_173' title='bbox 3423 1108 3480 1153; x_wconf 93' lang='lat' dir='ltr'><strong>et</strong></span> <span class='ocrx_word' id='word_1_174' title='bbox 3499 1113 3532 1152; x_wconf 89' lang='lat' dir='ltr'><strong>a</strong></span> <span class='ocrx_word' id='word_1_175' title='bbox 3559 1098 3784 1154; x_wconf 76' lang='lat' dir='ltr'><strong>vulnere</strong></span> 
     </span>
    </p>
   </div>
   <div class='ocr_carea' id='block_1_26' title="bbox 2196 1183 3780 1254">
    <p class='ocr_par' dir='ltr' id='par_1_26' title="bbox 2196 1183 3780 1254">
     <span class='ocr_line' id='line_1_26' title="bbox 2196 1183 3780 1254; baseline 0.003 -16"><span class='ocrx_word' id='word_1_176' title='bbox 2196 1183 2405 1254; x_wconf 84' lang='lat' dir='ltr'><strong>peccati</strong></span> <span class='ocrx_word' id='word_1_177' title='bbox 2432 1184 2765 1247; x_wconf 88' lang='lat' dir='ltr'><strong>custodiunt,</strong></span> <span class='ocrx_word' id='word_1_178' title='bbox 2806 1195 2861 1238; x_wconf 93' lang='lat' dir='ltr'><strong>et</strong></span> <span class='ocrx_word' id='word_1_179' title='bbox 2903 1185 2969 1238; x_wconf 90' lang='lat' dir='ltr'><strong>ad</strong></span> <span class='ocrx_word' id='word_1_180' title='bbox 3013 1201 3255 1240; x_wconf 89' lang='lat' dir='ltr'><strong>amorem</strong></span> <span class='ocrx_word' id='word_1_181' title='bbox 3300 1187 3395 1241; x_wconf 88' lang='lat' dir='ltr'><strong>Dei</strong></span> <span class='ocrx_word' id='word_1_182' title='bbox 3445 1203 3545 1242; x_wconf 83' lang='lat' dir='ltr'><strong>nos</strong></span> <span class='ocrx_word' id='word_1_183' title='bbox 3571 1187 3780 1244; x_wconf 82' lang='lat' dir='ltr'><strong>calefa-</strong></span> 
     </span>
    </p>
   </div>
   <div class='ocr_carea' id='block_1_27' title="bbox 2197 1274 3780 1347">
    <p class='ocr_par' dir='ltr' id='par_1_27' title="bbox 2197 1274 3780 1347">
     <span class='ocr_line' id='line_1_27' title="bbox 2197 1274 3780 1347; baseline 0.003 -18"><span class='ocrx_word' id='word_1_184' title='bbox 2197 1274 2404 1329; x_wconf 89' lang='lat' dir='ltr'><strong>cicntes</strong></span> <span class='ocrx_word' id='word_1_185' title='bbox 2424 1275 2744 1329; x_wconf 90' lang='lat' dir='ltr'><strong>accendunt.</strong></span> <span class='ocrx_word' id='word_1_186' title='bbox 2771 1274 2986 1345; x_wconf 84' lang='lat' dir='ltr'><strong>Caligas</strong></span> <span class='ocrx_word' id='word_1_187' title='bbox 3008 1276 3188 1347; x_wconf 85' lang='lat' dir='ltr'><strong>itaque</strong></span> <span class='ocrx_word' id='word_1_188' title='bbox 3217 1286 3431 1333; x_wconf 89' lang='lat' dir='ltr'><strong>nostras</strong></span> <span class='ocrx_word' id='word_1_189' title='bbox 3445 1278 3780 1345; x_wconf 83' lang='lat' dir='ltr'><strong>calceamus,</strong></span> 
     </span>
    </p>
   </div>
   <div class='ocr_carea' id='block_1_28' title="bbox 2199 1364 3787 1437">
    <p class='ocr_par' dir='ltr' id='par_1_28' title="bbox 2199 1364 3787 1437">
     <span class='ocr_line' id='line_1_28' title="bbox 2199 1364 3787 1437; baseline 0.004 -19"><span class='ocrx_word' id='word_1_190' title='bbox 2199 1378 2348 1429; x_wconf 91' lang='lat' dir='ltr'><strong>cum,</strong></span> <span class='ocrx_word' id='word_1_191' title='bbox 2371 1380 2438 1418; x_wconf 78' lang='lat' dir='ltr'><strong>ex</strong></span> <span class='ocrx_word' id='word_1_192' title='bbox 2468 1364 2628 1419; x_wconf 85' lang='lat' dir='ltr'><strong>dictis</strong></span> <span class='ocrx_word' id='word_1_193' title='bbox 2663 1373 2715 1419; x_wconf 90' lang='lat' dir='ltr'><strong>et</strong></span> <span class='ocrx_word' id='word_1_194' title='bbox 2751 1366 3010 1434; x_wconf 83' lang='lat' dir='ltr'><strong>exemplis</strong></span> <span class='ocrx_word' id='word_1_195' title='bbox 3064 1376 3397 1432; x_wconf 89' lang='lat' dir='ltr'><strong>sanctorum,</strong></span> <span class='ocrx_word' id='word_1_196' title='bbox 3426 1382 3645 1437; x_wconf 80' lang='lat' dir='ltr'><strong>gressus</strong></span> <span class='ocrx_word' id='word_1_197' title='bbox 3685 1382 3787 1423; x_wconf 88' lang='lat' dir='ltr'><strong>no-</strong></span> 
     </span>
    </p>
   </div>
   <div class='ocr_carea' id='block_1_29' title="bbox 2199 1456 3783 1528">
    <p class='ocr_par' dir='ltr' id='par_1_29' title="bbox 2199 1456 3783 1528">
     <span class='ocr_line' id='line_1_29' title="bbox 2199 1456 3783 1528; baseline 0.001 -18"><span class='ocrx_word' id='word_1_198' title='bbox 2199 1465 2435 1510; x_wconf 89' lang='lat' dir='ltr'><strong>strorum</strong></span> <span class='ocrx_word' id='word_1_199' title='bbox 2472 1470 2698 1525; x_wconf 85' lang='lat' dir='ltr'><strong>operum</strong></span> <span class='ocrx_word' id='word_1_200' title='bbox 2730 1466 2921 1511; x_wconf 89' lang='lat' dir='ltr'><strong>contra</strong></span> <span class='ocrx_word' id='word_1_201' title='bbox 2956 1456 3151 1511; x_wconf 84' lang='lat' dir='ltr'><strong>vulnus</strong></span> <span class='ocrx_word' id='word_1_202' title='bbox 3182 1458 3387 1528; x_wconf 87' lang='lat' dir='ltr'><strong>peccati</strong></span> <span class='ocrx_word' id='word_1_203' title='bbox 3416 1457 3783 1526; x_wconf 84' lang='lat' dir='ltr'><strong>defendimus,</strong></span> 
     </span>
    </p>
   </div>
   <div class='ocr_carea' id='block_1_30' title="bbox 2199 1546 3786 1616">
    <p class='ocr_par' dir='ltr' id='par_1_30' title="bbox 2199 1546 3786 1616">
     <span class='ocr_line' id='line_1_30' title="bbox 2199 1546 3786 1616; baseline 0.003 -16"><span class='ocrx_word' id='word_1_204' title='bbox 2199 1555 2253 1600; x_wconf 91' lang='lat' dir='ltr'><strong>et</strong></span> <span class='ocrx_word' id='word_1_205' title='bbox 2280 1546 2346 1599; x_wconf 87' lang='lat' dir='ltr'><strong>ad</strong></span> <span class='ocrx_word' id='word_1_206' title='bbox 2376 1560 2663 1616; x_wconf 88' lang='lat' dir='ltr'><strong>supernam</strong></span> <span class='ocrx_word' id='word_1_207' title='bbox 2696 1547 2953 1616; x_wconf 84' lang='lat' dir='ltr'><strong>patriam,</strong></span> <span class='ocrx_word' id='word_1_208' title='bbox 2999 1561 3189 1602; x_wconf 88' lang='lat' dir='ltr'><strong>eorum</strong></span> <span class='ocrx_word' id='word_1_209' title='bbox 3235 1548 3537 1603; x_wconf 89' lang='lat' dir='ltr'><strong>imitatione</strong></span> <span class='ocrx_word' id='word_1_210' title='bbox 3579 1547 3786 1604; x_wconf 76' lang='lat' dir='ltr'><strong>calefa-</strong></span> 
     </span>
    </p>
   </div>
   <div class='ocr_carea' id='block_1_31' title="bbox 2201 1636 3785 1712">
    <p class='ocr_par' dir='ltr' id='par_1_31' title="bbox 2201 1636 3785 1712">
     <span class='ocr_line' id='line_1_31' title="bbox 2201 1636 3785 1712; baseline 0.003 -22"><span class='ocrx_word' id='word_1_211' title='bbox 2201 1636 2293 1701; x_wconf 89' lang='lat' dir='ltr'><strong>cti,</strong></span> <span class='ocrx_word' id='word_1_212' title='bbox 2325 1637 2533 1691; x_wconf 83' lang='lat' dir='ltr'><strong>ardenti</strong></span> <span class='ocrx_word' id='word_1_213' title='bbox 2569 1636 2837 1692; x_wconf 87' lang='lat' dir='ltr'><strong>desiderio</strong></span> <span class='ocrx_word' id='word_1_214' title='bbox 2861 1639 3193 1693; x_wconf 83' lang='lat' dir='ltr'><strong>anhelamus.</strong></span> <span class='ocrx_word' id='word_1_215' title='bbox 3236 1638 3346 1695; x_wconf 80' lang='lat' dir='ltr'><strong>Nec</strong></span> <span class='ocrx_word' id='word_1_216' title='bbox 3392 1650 3606 1697; x_wconf 84' lang='lat' dir='ltr'><strong>moveat</strong></span> <span class='ocrx_word' id='word_1_217' title='bbox 3630 1639 3785 1712; x_wconf 87' lang='lat' dir='ltr'><strong>quod</strong></span> 
     </span>
    </p>
   </div>
   <div class='ocr_carea' id='block_1_32' title="bbox 2201 1727 3786 1798">
    <p class='ocr_par' dir='ltr' id='par_1_32' title="bbox 2201 1727 3786 1798">
     <span class='ocr_line' id='line_1_32' title="bbox 2201 1727 3786 1798; baseline 0.001 -15"><span class='ocrx_word' id='word_1_218' title='bbox 2201 1727 2456 1783; x_wconf 74' lang='lat' dir='ltr'><strong>Ecclesize</strong></span> <span class='ocrx_word' id='word_1_219' title='bbox 2503 1728 2706 1798; x_wconf 76' lang='lat' dir='ltr'><strong>caligae,</strong></span> <span class='ocrx_word' id='word_1_220' title='bbox 2756 1738 2955 1785; x_wconf 73' lang='lat' dir='ltr'><strong>nostrae</strong></span> <span class='ocrx_word' id='word_1_221' title='bbox 2998 1730 3290 1785; x_wconf 86' lang='lat' dir='ltr'><strong>dicuntur:</strong></span> <span class='ocrx_word' id='word_1_222' title='bbox 3332 1731 3476 1787; x_wconf 83' lang='lat' dir='ltr'><strong>dicta</strong></span> <span class='ocrx_word' id='word_1_223' title='bbox 3527 1734 3671 1787; x_wconf 88' lang='lat' dir='ltr'><strong>enim</strong></span> <span class='ocrx_word' id='word_1_224' title='bbox 3724 1739 3786 1787; x_wconf 84' lang='lat' dir='ltr'><strong>et</strong></span> 
     </span>
    </p>
   </div>
   <div class='ocr_carea' id='block_1_33' title="bbox 521 1810 3781 1893">
    <p class='ocr_par' dir='ltr' id='par_1_33' title="bbox 521 1810 3781 1893">
     <span class='ocr_line' id='line_1_33' title="bbox 521 1810 3781 1893; baseline -0.001 -14"><span class='ocrx_word' id='word_1_225' title='bbox 521 1823 715 1879; x_wconf 86' lang='lat' dir='ltr'><strong>beatus</strong></span> <span class='ocrx_word' id='word_1_226' title='bbox 741 1823 936 1879; x_wconf 87' lang='lat' dir='ltr'><strong>Petrus</strong></span> <span class='ocrx_word' id='word_1_227' title='bbox 966 1838 1066 1878; x_wconf 91' lang='lat' dir='ltr'><strong>nos</strong></span> <span class='ocrx_word' id='word_1_228' title='bbox 1093 1823 1366 1887; x_wconf 89' lang='lat' dir='ltr'><strong>admonet,</strong></span> <span class='ocrx_word' id='word_1_229' title='bbox 1416 1822 1640 1877; x_wconf 87' lang='lat' dir='ltr'><strong>dicens:</strong></span> <span class='ocrx_word' id='word_1_230' title='bbox 1689 1818 1897 1873; x_wconf 77' lang='lat' dir='ltr'><strong>Christo</strong></span> <span class='ocrx_word' id='word_1_231' title='bbox 1942 1820 2102 1888; x_wconf 83' lang='lat' dir='ltr'><strong>igitur</strong></span> <span class='ocrx_word' id='word_1_232' title='bbox 2131 1810 2176 1871; x_wconf 88' lang='grc' dir='ltr'><strong>Β</strong></span> <span class='ocrx_word' id='word_1_233' title='bbox 2202 1821 2443 1891; x_wconf 74' lang='lat' dir='ltr'><strong>exempla</strong></span> <span class='ocrx_word' id='word_1_234' title='bbox 2466 1820 2708 1887; x_wconf 84' lang='lat' dir='ltr'><strong>Patrum,</strong></span> <span class='ocrx_word' id='word_1_235' title='bbox 2733 1830 2789 1875; x_wconf 93' lang='lat' dir='ltr'><strong>et</strong></span> <span class='ocrx_word' id='word_1_236' title='bbox 2818 1837 2914 1876; x_wconf 88' lang='lat' dir='ltr'><strong>sua</strong></span> <span class='ocrx_word' id='word_1_237' title='bbox 2942 1831 3090 1887; x_wconf 87' lang='lat' dir='ltr'><strong>sunt,</strong></span> <span class='ocrx_word' id='word_1_238' title='bbox 3116 1824 3241 1893; x_wconf 87' lang='lat' dir='ltr'><strong>quia</strong></span> <span class='ocrx_word' id='word_1_239' title='bbox 3267 1837 3369 1893; x_wconf 86' lang='lat' dir='ltr'><strong>per</strong></span> <span class='ocrx_word' id='word_1_240' title='bbox 3391 1839 3485 1879; x_wconf 86' lang='lat' dir='ltr'><strong>eos</strong></span> <span class='ocrx_word' id='word_1_241' title='bbox 3505 1823 3781 1886; x_wconf 79' lang='lat' dir='ltr'><strong>exhibita;</strong></span> 
     </span>
    </p>
   </div>
   <div class='ocr_carea' id='block_1_34' title="bbox 520 1908 2096 1986">
    <p class='ocr_par' dir='ltr' id='par_1_34' title="bbox 520 1908 2096 1986">
     <span class='ocr_line' id='line_1_34' title="bbox 520 1908 2096 1986; baseline -0.004 -16"><span class='ocrx_word' id='word_1_242' title='bbox 520 1932 674 1986; x_wconf 82' lang='lat' dir='ltr'><strong>passo</strong></span> <span class='ocrx_word' id='word_1_243' title='bbox 703 1916 759 1971; x_wconf 85' lang='lat' dir='ltr'><strong>in</strong></span> <span class='ocrx_word' id='word_1_244' title='bbox 788 1932 962 1979; x_wconf 84' lang='lat' dir='ltr'><strong>carne,</strong></span> <span class='ocrx_word' id='word_1_245' title='bbox 1007 1924 1056 1969; x_wconf 88' lang='lat' dir='ltr'><strong>et</strong></span> <span class='ocrx_word' id='word_1_246' title='bbox 1089 1930 1178 1969; x_wconf 82' lang='lat' dir='ltr'><strong>vos</strong></span> <span class='ocrx_word' id='word_1_247' title='bbox 1226 1914 1409 1968; x_wconf 86' lang='lat' dir='ltr'><strong>eadem</strong></span> <span class='ocrx_word' id='word_1_248' title='bbox 1450 1914 1761 1984; x_wconf 81' lang='lat' dir='ltr'><strong>cogitatione</strong></span> <span class='ocrx_word' id='word_1_249' title='bbox 1797 1908 2096 1965; x_wconf 85' lang='lat' dir='ltr'><strong>armamini.</strong></span> 
     </span>
    </p>
   </div>
   <div class='ocr_carea' id='block_1_35' title="bbox 520 2004 2102 2076">
    <p class='ocr_par' dir='ltr' id='par_1_35' title="bbox 520 2004 2102 2076">
     <span class='ocr_line' id='line_1_35' title="bbox 520 2004 2102 2076; baseline -0.003 -14"><span class='ocrx_word' id='word_1_250' title='bbox 520 2007 602 2062; x_wconf 80' lang='lat' dir='ltr'><strong>At:</strong></span> <span class='ocrx_word' id='word_1_251' title='bbox 647 2005 690 2062; x_wconf 89' lang='lat' dir='ltr'><strong>si</strong></span> <span class='ocrx_word' id='word_1_252' title='bbox 735 2015 923 2076; x_wconf 88' lang='lat' dir='ltr'><strong>aperte</strong></span> <span class='ocrx_word' id='word_1_253' title='bbox 967 2004 1114 2061; x_wconf 83' lang='lat' dir='ltr'><strong>dicat</strong></span> <span class='ocrx_word' id='word_1_254' title='bbox 1161 2022 1175 2060; x_wconf 93' lang='lat'><strong>:</strong></span> <span class='ocrx_word' id='word_1_255' title='bbox 1234 2004 1337 2074; x_wconf 83' lang='lat' dir='ltr'><strong>Qui</strong></span> <span class='ocrx_word' id='word_1_256' title='bbox 1384 2014 1698 2075; x_wconf 88' lang='lat' dir='ltr'><strong>peccatores</strong></span> <span class='ocrx_word' id='word_1_257' title='bbox 1735 2004 1900 2067; x_wconf 89' lang='lat' dir='ltr'><strong>estis,</strong></span> <span class='ocrx_word' id='word_1_258' title='bbox 1953 2011 2102 2058; x_wconf 88' lang='lat' dir='ltr'><strong>tanto</strong></span> 
     </span>
    </p>
   </div>
   <div class='ocr_carea' id='block_1_36' title="bbox 523 2092 2101 2152">
    <p class='ocr_par' dir='ltr' id='par_1_36' title="bbox 523 2092 2101 2152">
     <span class='ocr_line' id='line_1_36' title="bbox 523 2092 2101 2152; baseline -0.004 0"><span class='ocrx_word' id='word_1_259' title='bbox 523 2111 748 2152; x_wconf 88' lang='lat' dir='ltr'><strong>necesse</strong></span> <span class='ocrx_word' id='word_1_260' title='bbox 773 2106 858 2152; x_wconf 88' lang='lat' dir='ltr'><strong>est</strong></span> <span class='ocrx_word' id='word_1_261' title='bbox 888 2105 947 2152; x_wconf 94' lang='lat' dir='ltr'><strong>ut</strong></span> <span class='ocrx_word' id='word_1_262' title='bbox 972 2105 1216 2152; x_wconf 84' lang='lat' dir='ltr'><strong>vestrum</strong></span> <span class='ocrx_word' id='word_1_263' title='bbox 1257 2096 1498 2150; x_wconf 90' lang='lat' dir='ltr'><strong>animum</strong></span> <span class='ocrx_word' id='word_1_264' title='bbox 1527 2094 1594 2150; x_wconf 90' lang='lat' dir='ltr'><strong>ad</strong></span> <span class='ocrx_word' id='word_1_265' title='bbox 1629 2094 1969 2149; x_wconf 88' lang='lat' dir='ltr'><strong>tolerantiam</strong></span> <span class='ocrx_word' id='word_1_266' title='bbox 2015 2092 2101 2146; x_wconf 92' lang='lat' dir='ltr'><strong>iu-</strong></span> 
     </span>
    </p>
   </div>
   <div class='ocr_carea' id='block_1_37' title="bbox 523 2184 2102 2259">
    <p class='ocr_par' dir='ltr' id='par_1_37' title="bbox 523 2184 2102 2259">
     <span class='ocr_line' id='line_1_37' title="bbox 523 2184 2102 2259; baseline 0 -18"><span class='ocrx_word' id='word_1_267' title='bbox 523 2186 789 2256; x_wconf 86' lang='lat' dir='ltr'><strong>formetis,</strong></span> <span class='ocrx_word' id='word_1_268' title='bbox 809 2196 1012 2259; x_wconf 90' lang='lat' dir='ltr'><strong>quanto</strong></span> <span class='ocrx_word' id='word_1_269' title='bbox 1046 2203 1172 2245; x_wconf 90' lang='lat' dir='ltr'><strong>eum</strong></span> <span class='ocrx_word' id='word_1_270' title='bbox 1215 2187 1307 2259; x_wconf 90' lang='lat' dir='ltr'><strong>qui</strong></span> <span class='ocrx_word' id='word_1_271' title='bbox 1337 2196 1618 2258; x_wconf 90' lang='lat' dir='ltr'><strong>peccatum</strong></span> <span class='ocrx_word' id='word_1_272' title='bbox 1651 2202 1758 2242; x_wconf 89' lang='lat' dir='ltr'><strong>non</strong></span> <span class='ocrx_word' id='word_1_273' title='bbox 1787 2184 1937 2253; x_wconf 85' lang='lat' dir='ltr'><strong>fecit,</strong></span> <span class='ocrx_word' id='word_1_274' title='bbox 1973 2184 2102 2241; x_wconf 87' lang='lat' dir='ltr'><strong>talia</strong></span> 
     </span>
    </p>
   </div>
   <div class='ocr_carea' id='block_1_38' title="bbox 528 2280 2102 2354">
    <p class='ocr_par' dir='ltr' id='par_1_38' title="bbox 528 2280 2102 2354">
     <span class='ocr_line' id='line_1_38' title="bbox 528 2280 2102 2354; baseline -0.001 -20"><span class='ocrx_word' id='word_1_275' title='bbox 528 2295 746 2350; x_wconf 84' lang='lat' dir='ltr'><strong>passum</strong></span> <span class='ocrx_word' id='word_1_276' title='bbox 802 2281 1116 2354; x_wconf 74' lang='lat' dir='ltr'><strong>agnoscitis.</strong></span> <span class='ocrx_word' id='word_1_277' title='bbox 1157 2281 1300 2352; x_wconf 82' lang='lat' dir='ltr'><strong>Ergo</strong></span> <span class='ocrx_word' id='word_1_278' title='bbox 1342 2296 1462 2352; x_wconf 68' lang='lat' dir='ltr'><strong>quae</strong></span> <span class='ocrx_word' id='word_1_279' title='bbox 1492 2289 1548 2336; x_wconf 88' lang='lat' dir='ltr'><strong>et</strong></span> <span class='ocrx_word' id='word_1_280' title='bbox 1582 2289 1785 2350; x_wconf 87' lang='lat' dir='ltr'><strong>quanta</strong></span> <span class='ocrx_word' id='word_1_281' title='bbox 1835 2280 1888 2334; x_wconf 90' lang='lat' dir='ltr'><strong>in</strong></span> <span class='ocrx_word' id='word_1_282' title='bbox 1938 2293 2102 2334; x_wconf 88' lang='lat' dir='ltr'><strong>carne</strong></span> 
     </span>
    </p>
   </div>
   <div class='ocr_carea' id='block_1_39' title="bbox 524 2372 2103 2444">
    <p class='ocr_par' dir='ltr' id='par_1_39' title="bbox 524 2372 2103 2444">
     <span class='ocr_line' id='line_1_39' title="bbox 524 2372 2103 2444; baseline -0.001 -20"><span class='ocrx_word' id='word_1_283' title='bbox 524 2383 707 2429; x_wconf 87' lang='lat' dir='ltr'><strong>vestra</strong></span> <span class='ocrx_word' id='word_1_284' title='bbox 734 2389 833 2444; x_wconf 86' lang='lat' dir='ltr'><strong>pro</strong></span> <span class='ocrx_word' id='word_1_285' title='bbox 873 2375 1027 2430; x_wconf 81' lang='lat' dir='ltr'><strong>vobis</strong></span> <span class='ocrx_word' id='word_1_286' title='bbox 1061 2374 1136 2430; x_wconf 87' lang='lat' dir='ltr'><strong>sit</strong></span> <span class='ocrx_word' id='word_1_287' title='bbox 1183 2388 1472 2444; x_wconf 85' lang='lat' dir='ltr'><strong>perpessus</strong></span> <span class='ocrx_word' id='word_1_288' title='bbox 1516 2372 1874 2442; x_wconf 78' lang='lat' dir='ltr'><strong>Redemptor,</strong></span> <span class='ocrx_word' id='word_1_289' title='bbox 1929 2378 2103 2424; x_wconf 86' lang='lat' dir='ltr'><strong>atten-</strong></span> 
     </span>
    </p>
   </div>
   <div class='ocr_carea' id='block_1_40' title="bbox 524 2458 2099 2543">
    <p class='ocr_par' dir='ltr' id='par_1_40' title="bbox 524 2458 2099 2543">
     <span class='ocr_line' id='line_1_40' title="bbox 524 2458 2099 2543; baseline -0.004 -25"><span class='ocrx_word' id='word_1_290' title='bbox 524 2464 668 2530; x_wconf 85' lang='lat' dir='ltr'><strong>dite;</strong></span> <span class='ocrx_word' id='word_1_291' title='bbox 691 2473 745 2520; x_wconf 92' lang='lat' dir='ltr'><strong>et</strong></span> <span class='ocrx_word' id='word_1_292' title='bbox 772 2465 845 2519; x_wconf 91' lang='lat' dir='ltr'><strong>ita</strong></span> <span class='ocrx_word' id='word_1_293' title='bbox 875 2464 1093 2520; x_wconf 91' lang='lat' dir='ltr'><strong>demum</strong></span> <span class='ocrx_word' id='word_1_294' title='bbox 1128 2479 1223 2519; x_wconf 92' lang='lat' dir='ltr'><strong>vos</strong></span> <span class='ocrx_word' id='word_1_295' title='bbox 1252 2465 1396 2533; x_wconf 86' lang='lat' dir='ltr'><strong>ipsos</strong></span> <span class='ocrx_word' id='word_1_296' title='bbox 1418 2463 1485 2517; x_wconf 91' lang='lat' dir='ltr'><strong>ad</strong></span> <span class='ocrx_word' id='word_1_297' title='bbox 1508 2461 1753 2517; x_wconf 88' lang='lat' dir='ltr'><strong>eamdem</strong></span> <span class='ocrx_word' id='word_1_298' title='bbox 1784 2458 2099 2543; x_wconf 84' lang='lat' dir='ltr'><strong>patientiam</strong></span> 
     </span>
    </p>
   </div>
   <div class='ocr_carea' id='block_1_41' title="bbox 525 2549 2102 2627">
    <p class='ocr_par' dir='ltr' id='par_1_41' title="bbox 525 2549 2102 2627">
     <span class='ocr_line' id='line_1_41' title="bbox 525 2549 2102 2627; baseline -0.005 -17"><span class='ocrx_word' id='word_1_299' title='bbox 525 2571 622 2626; x_wconf 86' lang='lat' dir='ltr'><strong>per</strong></span> <span class='ocrx_word' id='word_1_300' title='bbox 651 2556 1033 2627; x_wconf 78' lang='lat' dir='ltr'><strong>cogitationem</strong></span> <span class='ocrx_word' id='word_1_301' title='bbox 1080 2564 1312 2610; x_wconf 83' lang='lat' dir='ltr'><strong>armate.</strong></span> <span class='ocrx_word' id='word_1_302' title='bbox 1350 2554 1456 2609; x_wconf 90' lang='lat' dir='ltr'><strong>Sed</strong></span> <span class='ocrx_word' id='word_1_303' title='bbox 1499 2553 1693 2608; x_wconf 88' lang='lat' dir='ltr'><strong>Petrus</strong></span> <span class='ocrx_word' id='word_1_304' title='bbox 1734 2566 2021 2621; x_wconf 87' lang='lat' dir='ltr'><strong>percussus</strong></span> <span class='ocrx_word' id='word_1_305' title='bbox 2047 2549 2102 2603; x_wconf 92' lang='lat' dir='ltr'><strong>in</strong></span> 
     </span>
    </p>
   </div>
   <div class='ocr_carea' id='block_1_42' title="bbox 527 2641 2104 2717">
    <p class='ocr_par' dir='ltr' id='par_1_42' title="bbox 527 2641 2104 2717">
     <span class='ocr_line' id='line_1_42' title="bbox 527 2641 2104 2717; baseline -0.003 -17"><span class='ocrx_word' id='word_1_306' title='bbox 527 2646 696 2702; x_wconf 88' lang='lat' dir='ltr'><strong>latere</strong></span> <span class='ocrx_word' id='word_1_307' title='bbox 719 2647 1130 2717; x_wconf 77' lang='lat' dir='ltr'><strong>expergiscitur,</strong></span> <span class='ocrx_word' id='word_1_308' title='bbox 1181 2645 1308 2716; x_wconf 88' lang='lat' dir='ltr'><strong>quia</strong></span> <span class='ocrx_word' id='word_1_309' title='bbox 1350 2654 1604 2716; x_wconf 85' lang='lat' dir='ltr'><strong>peccator</strong></span> <span class='ocrx_word' id='word_1_310' title='bbox 1647 2658 1742 2712; x_wconf 91' lang='lat' dir='ltr'><strong>per</strong></span> <span class='ocrx_word' id='word_1_311' title='bbox 1776 2641 2104 2697; x_wconf 67' lang='lat' dir='ltr'><strong>recordantiu-</strong></span> 
     </span>
    </p>
   </div>
   <div class='ocr_carea' id='block_1_43' title="bbox 530 2731 2103 2805">
    <p class='ocr_par' dir='ltr' id='par_1_43' title="bbox 530 2731 2103 2805">
     <span class='ocr_line' id='line_1_43' title="bbox 530 2731 2103 2805; baseline -0.003 -17"><span class='ocrx_word' id='word_1_312' title='bbox 530 2749 653 2789; x_wconf 91' lang='lat' dir='ltr'><strong>nem</strong></span> <span class='ocrx_word' id='word_1_313' title='bbox 718 2734 1009 2790; x_wconf 71' lang='lat' dir='ltr'><strong>Dominicre</strong></span> <span class='ocrx_word' id='word_1_314' title='bbox 1067 2735 1335 2805; x_wconf 87' lang='lat' dir='ltr'><strong>passionis</strong></span> <span class='ocrx_word' id='word_1_315' title='bbox 1389 2748 1422 2788; x_wconf 91' lang='lat' dir='ltr'><strong>a</strong></span> <span class='ocrx_word' id='word_1_316' title='bbox 1478 2747 1665 2788; x_wconf 91' lang='lat' dir='ltr'><strong>somno</strong></span> <span class='ocrx_word' id='word_1_317' title='bbox 1723 2747 1835 2786; x_wconf 71' lang='lat' dir='ltr'><strong>sua:</strong></span> <span class='ocrx_word' id='word_1_318' title='bbox 1897 2731 2103 2784; x_wconf 67' lang='lat' dir='ltr'><strong>inertia:</strong></span> 
     </span>
    </p>
   </div>
   <div class='ocr_carea' id='block_1_44' title="bbox 528 2821 2105 2893">
    <p class='ocr_par' dir='ltr' id='par_1_44' title="bbox 528 2821 2105 2893">
     <span class='ocr_line' id='line_1_44' title="bbox 528 2821 2105 2893; baseline -0.003 -15"><span class='ocrx_word' id='word_1_319' title='bbox 528 2824 832 2890; x_wconf 78' lang='lat' dir='ltr'><strong>excitatur;</strong></span> <span class='ocrx_word' id='word_1_320' title='bbox 890 2824 1160 2880; x_wconf 83' lang='lat' dir='ltr'><strong>excitatus</strong></span> <span class='ocrx_word' id='word_1_321' title='bbox 1206 2833 1388 2879; x_wconf 87' lang='lat' dir='ltr'><strong>autem</strong></span> <span class='ocrx_word' id='word_1_322' title='bbox 1441 2838 1667 2893; x_wconf 84' lang='lat' dir='ltr'><strong>surgere</strong></span> <span class='ocrx_word' id='word_1_323' title='bbox 1716 2821 1975 2877; x_wconf 88' lang='lat' dir='ltr'><strong>velociter</strong></span> <span class='ocrx_word' id='word_1_324' title='bbox 2005 2821 2105 2874; x_wconf 89' lang='lat' dir='ltr'><strong>im-</strong></span> 
     </span>
    </p>
   </div>
   <div class='ocr_carea' id='block_1_45' title="bbox 527 2913 2104 2988">
    <p class='ocr_par' dir='ltr' id='par_1_45' title="bbox 527 2913 2104 2988">
     <span class='ocr_line' id='line_1_45' title="bbox 527 2913 2104 2988; baseline -0.003 -16"><span class='ocrx_word' id='word_1_325' title='bbox 527 2927 750 2987; x_wconf 89' lang='lat' dir='ltr'><strong>peratur</strong></span> <span class='ocrx_word' id='word_1_326' title='bbox 775 2935 788 2970; x_wconf 95' lang='lat'>:</span> <span class='ocrx_word' id='word_1_327' title='bbox 821 2927 898 2984; x_wconf 96' lang='grc' dir='ltr'>ιιι,</span> <span class='ocrx_word' id='word_1_328' title='bbox 918 2919 1011 2988; x_wconf 89' lang='lat' dir='ltr'><strong>qui</strong></span> <span class='ocrx_word' id='word_1_329' title='bbox 1037 2926 1260 2973; x_wconf 85' lang='lat' dir='ltr'><strong>eatenus</strong></span> <span class='ocrx_word' id='word_1_330' title='bbox 1289 2925 1590 2987; x_wconf 85' lang='lat' dir='ltr'><strong>prostratus</strong></span> <span class='ocrx_word' id='word_1_331' title='bbox 1622 2916 1674 2969; x_wconf 91' lang='lat' dir='ltr'><strong>in</strong></span> <span class='ocrx_word' id='word_1_332' title='bbox 1704 2914 1867 2969; x_wconf 86' lang='lat' dir='ltr'><strong>cubili</strong></span> <span class='ocrx_word' id='word_1_333' title='bbox 1907 2913 2104 2983; x_wconf 89' lang='lat' dir='ltr'><strong>iniqui-</strong></span> 
     </span>
    </p>
   </div>
   <div class='ocr_carea' id='block_1_46' title="bbox 531 3004 2102 3074">
    <p class='ocr_par' dir='ltr' id='par_1_46' title="bbox 531 3004 2102 3074">
     <span class='ocr_line' id='line_1_46' title="bbox 531 3004 2102 3074; baseline -0.001 -14"><span class='ocrx_word' id='word_1_334' title='bbox 531 3005 916 3074; x_wconf 89' lang='lat' dir='ltr'><strong>tatisjacebat,</strong></span> <span class='ocrx_word' id='word_1_335' title='bbox 965 3021 1110 3061; x_wconf 88' lang='lat' dir='ltr'><strong>nunc</strong></span> <span class='ocrx_word' id='word_1_336' title='bbox 1161 3006 1476 3060; x_wconf 82' lang='lat' dir='ltr'><strong>humiliatus</strong></span> <span class='ocrx_word' id='word_1_337' title='bbox 1523 3020 1621 3074; x_wconf 87' lang='lat' dir='ltr'><strong>per</strong></span> <span class='ocrx_word' id='word_1_338' title='bbox 1656 3006 1907 3074; x_wconf 77' lang='lat' dir='ltr'><strong>gratiam,</strong></span> <span class='ocrx_word' id='word_1_339' title='bbox 1958 3004 2102 3059; x_wconf 85' lang='lat' dir='ltr'><strong>mala</strong></span> 
     </span>
    </p>
   </div>
   <div class='ocr_carea' id='block_1_47' title="bbox 527 3093 2100 3170">
    <p class='ocr_par' dir='ltr' id='par_1_47' title="bbox 527 3093 2100 3170">
     <span class='ocr_line' id='line_1_47' title="bbox 527 3093 2100 3170; baseline -0.001 -23"><span class='ocrx_word' id='word_1_340' title='bbox 527 3111 648 3165; x_wconf 68' lang='lat' dir='ltr'><strong>quae</strong></span> <span class='ocrx_word' id='word_1_341' title='bbox 674 3098 1007 3166; x_wconf 75' lang='lat' dir='ltr'><strong>perpetravit</strong></span> <span class='ocrx_word' id='word_1_342' title='bbox 1038 3095 1323 3165; x_wconf 88' lang='lat' dir='ltr'><strong>relinquat.</strong></span> <span class='ocrx_word' id='word_1_343' title='bbox 1350 3094 1457 3170; x_wconf 35' lang='lat' dir='ltr'><strong>&#39;Ubi</strong></span> <span class='ocrx_word' id='word_1_344' title='bbox 1496 3093 1790 3148; x_wconf 89' lang='lat' dir='ltr'><strong>notandum</strong></span> <span class='ocrx_word' id='word_1_345' title='bbox 1824 3093 1963 3162; x_wconf 89' lang='lat' dir='ltr'><strong>quod</strong></span> <span class='ocrx_word' id='word_1_346' title='bbox 1994 3107 2100 3148; x_wconf 90' lang='lat' dir='ltr'><strong>non</strong></span> 
     </span>
    </p>
   </div>
   <div class='ocr_carea' id='block_1_48' title="bbox 528 3182 2095 3256">
    <p class='ocr_par' dir='ltr' id='par_1_48' title="bbox 528 3182 2095 3256">
     <span class='ocr_line' id='line_1_48' title="bbox 528 3182 2095 3256; baseline -0.004 -14"><span class='ocrx_word' id='word_1_347' title='bbox 528 3187 699 3242; x_wconf 88' lang='lat' dir='ltr'><strong>solum</strong></span> <span class='ocrx_word' id='word_1_348' title='bbox 728 3202 970 3256; x_wconf 81' lang='lat' dir='ltr'><strong>surgere,</strong></span> <span class='ocrx_word' id='word_1_349' title='bbox 1008 3187 1100 3241; x_wconf 91' lang='lat' dir='ltr'><strong>sed</strong></span> <span class='ocrx_word' id='word_1_350' title='bbox 1129 3187 1292 3239; x_wconf 88' lang='lat' dir='ltr'><strong>etiam</strong></span> <span class='ocrx_word' id='word_1_351' title='bbox 1319 3184 1576 3240; x_wconf 77' lang='lat' dir='ltr'><strong>velociter</strong></span> <span class='ocrx_word' id='word_1_352' title='bbox 1600 3198 1822 3254; x_wconf 78' lang='lat' dir='ltr'><strong>surgere</strong></span> <span class='ocrx_word' id='word_1_353' title='bbox 1846 3182 2095 3251; x_wconf 89' lang='lat' dir='ltr'><strong>jubetur;</strong></span> 
     </span>
    </p>
   </div>
   <div class='ocr_carea' id='block_1_49' title="bbox 529 3275 2101 3347">
    <p class='ocr_par' dir='ltr' id='par_1_49' title="bbox 529 3275 2101 3347">
     <span class='ocr_line' id='line_1_49' title="bbox 529 3275 2101 3347; baseline -0.002 -16"><span class='ocrx_word' id='word_1_354' title='bbox 529 3279 655 3347; x_wconf 91' lang='lat' dir='ltr'><strong>quia</strong></span> <span class='ocrx_word' id='word_1_355' title='bbox 686 3286 812 3333; x_wconf 89' lang='lat' dir='ltr'><strong>sunt</strong></span> <span class='ocrx_word' id='word_1_356' title='bbox 841 3276 1082 3331; x_wconf 90' lang='lat' dir='ltr'><strong>nonnulli</strong></span> <span class='ocrx_word' id='word_1_357' title='bbox 1120 3276 1236 3346; x_wconf 90' lang='lat' dir='ltr'><strong>qui,</strong></span> <span class='ocrx_word' id='word_1_358' title='bbox 1266 3276 1431 3331; x_wconf 86' lang='lat' dir='ltr'><strong>etiam</strong></span> <span class='ocrx_word' id='word_1_359' title='bbox 1482 3283 1602 3344; x_wconf 88' lang='lat' dir='ltr'><strong>post</strong></span> <span class='ocrx_word' id='word_1_360' title='bbox 1654 3275 2101 3329; x_wconf 89' lang='lat' dir='ltr'><strong>illuminationem</strong></span> 
     </span>
    </p>
   </div>
   <div class='ocr_carea' id='block_1_50' title="bbox 528 3368 2104 3440">
    <p class='ocr_par' dir='ltr' id='par_1_50' title="bbox 528 3368 2104 3440">
     <span class='ocr_line' id='line_1_50' title="bbox 528 3368 2104 3440; baseline 0 -19"><span class='ocrx_word' id='word_1_361' title='bbox 528 3368 736 3440; x_wconf 64' lang='lat' dir='ltr'><strong>gratiae,</strong></span> <span class='ocrx_word' id='word_1_362' title='bbox 782 3369 978 3422; x_wconf 90' lang='lat' dir='ltr'><strong>bonum</strong></span> <span class='ocrx_word' id='word_1_363' title='bbox 1019 3369 1161 3438; x_wconf 92' lang='lat' dir='ltr'><strong>quod</strong></span> <span class='ocrx_word' id='word_1_364' title='bbox 1215 3383 1311 3438; x_wconf 89' lang='lat' dir='ltr'><strong>per</strong></span> <span class='ocrx_word' id='word_1_365' title='bbox 1358 3368 1689 3423; x_wconf 82' lang='lat' dir='ltr'><strong>intellectum</strong></span> <span class='ocrx_word' id='word_1_366' title='bbox 1722 3368 1927 3433; x_wconf 91' lang='lat' dir='ltr'><strong>vident,</strong></span> <span class='ocrx_word' id='word_1_367' title='bbox 1950 3368 2104 3438; x_wconf 84' lang='lat' dir='ltr'><strong>pigre</strong></span> 
     </span>
    </p>
   </div>
   <div class='ocr_carea' id='block_1_51' title="bbox 527 3458 2104 3531">
    <p class='ocr_par' dir='ltr' id='par_1_51' title="bbox 527 3458 2104 3531">
     <span class='ocr_line' id='line_1_51' title="bbox 527 3458 2104 3531; baseline 0 -18"><span class='ocrx_word' id='word_1_368' title='bbox 527 3469 913 3529; x_wconf 72' lang='lat' dir='ltr'><strong>exsequuntur.</strong></span> <span class='ocrx_word' id='word_1_369' title='bbox 967 3460 1073 3514; x_wconf 87' lang='lat' dir='ltr'><strong>Sed</strong></span> <span class='ocrx_word' id='word_1_370' title='bbox 1120 3458 1377 3515; x_wconf 85' lang='lat' dir='ltr'><strong>velociter</strong></span> <span class='ocrx_word' id='word_1_371' title='bbox 1432 3459 1739 3531; x_wconf 75' lang='lat' dir='ltr'><strong>exsurgenti</strong></span> <span class='ocrx_word' id='word_1_372' title='bbox 1798 3470 2001 3513; x_wconf 73' lang='lat' dir='ltr'><strong>calente</strong></span> <span class='ocrx_word' id='word_1_373' title='bbox 2037 3460 2104 3513; x_wconf 90' lang='lat' dir='ltr'><strong>de</strong></span> 
     </span>
    </p>
   </div>
   <div class='ocr_carea' id='block_1_52' title="bbox 532 3550 2104 3621">
    <p class='ocr_par' dir='ltr' id='par_1_52' title="bbox 532 3550 2104 3621">
     <span class='ocr_line' id='line_1_52' title="bbox 532 3550 2104 3621; baseline -0.001 -16"><span class='ocrx_word' id='word_1_374' title='bbox 532 3551 781 3605; x_wconf 86' lang='lat' dir='ltr'><strong>manibus</strong></span> <span class='ocrx_word' id='word_1_375' title='bbox 808 3550 1005 3605; x_wconf 89' lang='lat' dir='ltr'><strong>cadunt</strong></span> <span class='ocrx_word' id='word_1_376' title='bbox 1028 3566 1044 3617; x_wconf 85' lang='lat'><strong>;</strong></span> <span class='ocrx_word' id='word_1_377' title='bbox 1066 3551 1191 3620; x_wconf 89' lang='lat' dir='ltr'><strong>quia</strong></span> <span class='ocrx_word' id='word_1_378' title='bbox 1218 3552 1309 3621; x_wconf 90' lang='lat' dir='ltr'><strong>qui</strong></span> <span class='ocrx_word' id='word_1_379' title='bbox 1334 3552 1531 3606; x_wconf 90' lang='lat' dir='ltr'><strong>bonum</strong></span> <span class='ocrx_word' id='word_1_380' title='bbox 1563 3550 1707 3621; x_wconf 90' lang='lat' dir='ltr'><strong>quod</strong></span> <span class='ocrx_word' id='word_1_381' title='bbox 1743 3550 1959 3620; x_wconf 79' lang='lat' dir='ltr'><strong>agnovit</strong></span> <span class='ocrx_word' id='word_1_382' title='bbox 1981 3564 2104 3604; x_wconf 89' lang='lat' dir='ltr'><strong>cum</strong></span> 
     </span>
    </p>
   </div>
   <div class='ocr_carea' id='block_1_53' title="bbox 531 3639 2105 3713">
    <p class='ocr_par' dir='ltr' id='par_1_53' title="bbox 531 3639 2105 3713">
     <span class='ocr_line' id='line_1_53' title="bbox 531 3639 2105 3713; baseline 0.002 -20"><span class='ocrx_word' id='word_1_383' title='bbox 531 3639 745 3696; x_wconf 78' lang='lat' dir='ltr'><strong>fervore</strong></span> <span class='ocrx_word' id='word_1_384' title='bbox 790 3643 1012 3711; x_wconf 87' lang='lat' dir='ltr'><strong>spiritus</strong></span> <span class='ocrx_word' id='word_1_385' title='bbox 1059 3642 1268 3713; x_wconf 90' lang='lat' dir='ltr'><strong>arripit,</strong></span> <span class='ocrx_word' id='word_1_386' title='bbox 1323 3642 1583 3712; x_wconf 85' lang='lat' dir='ltr'><strong>quidquid</strong></span> <span class='ocrx_word' id='word_1_387' title='bbox 1635 3658 1758 3697; x_wconf 90' lang='lat' dir='ltr'><strong>eum</strong></span> <span class='ocrx_word' id='word_1_388' title='bbox 1804 3641 2105 3712; x_wconf 71' lang='lat' dir='ltr'><strong>prazpedire</strong></span> 
     </span>
    </p>
   </div>
   <div class='ocr_carea' id='block_1_54' title="bbox 530 3731 2108 3803">
    <p class='ocr_par' dir='ltr' id='par_1_54' title="bbox 530 3731 2108 3803">
     <span class='ocr_line' id='line_1_54' title="bbox 530 3731 2108 3803; baseline 0.002 -17"><span class='ocrx_word' id='word_1_389' title='bbox 530 3738 746 3801; x_wconf 88' lang='lat' dir='ltr'><strong>poterat</strong></span> <span class='ocrx_word' id='word_1_390' title='bbox 773 3731 935 3787; x_wconf 90' lang='lat' dir='ltr'><strong>citius</strong></span> <span class='ocrx_word' id='word_1_391' title='bbox 962 3733 1258 3788; x_wconf 83' lang='lat' dir='ltr'><strong>evanescit.</strong></span> <span class='ocrx_word' id='word_1_392' title='bbox 1291 3732 1524 3789; x_wconf 88' lang='lat' dir='ltr'><strong>Catenas</strong></span> <span class='ocrx_word' id='word_1_393' title='bbox 1547 3732 1690 3788; x_wconf 90' lang='lat' dir='ltr'><strong>enim</strong></span> <span class='ocrx_word' id='word_1_394' title='bbox 1715 3734 1963 3803; x_wconf 88' lang='lat' dir='ltr'><strong>superius</strong></span> <span class='ocrx_word' id='word_1_395' title='bbox 1984 3747 2108 3789; x_wconf 86' lang='lat' dir='ltr'><strong>esse</strong></span> 
     </span>
    </p>
   </div>
   <div class='ocr_carea' id='block_1_55' title="bbox 532 3822 2104 3894">
    <p class='ocr_par' dir='ltr' id='par_1_55' title="bbox 532 3822 2104 3894">
     <span class='ocr_line' id='line_1_55' title="bbox 532 3822 2104 3894; baseline 0.001 -16"><span class='ocrx_word' id='word_1_396' title='bbox 532 3822 789 3886; x_wconf 81' lang='lat' dir='ltr'><strong>diximus,</strong></span> <span class='ocrx_word' id='word_1_397' title='bbox 840 3837 1059 3892; x_wconf 88' lang='lat' dir='ltr'><strong>pravam</strong></span> <span class='ocrx_word' id='word_1_398' title='bbox 1103 3825 1545 3878; x_wconf 88' lang='lat' dir='ltr'><strong>consuetudinem</strong></span> <span class='ocrx_word' id='word_1_399' title='bbox 1573 3834 1628 3879; x_wconf 91' lang='lat' dir='ltr'><strong>et</strong></span> <span class='ocrx_word' id='word_1_400' title='bbox 1651 3824 2104 3894; x_wconf 83' lang='lat' dir='ltr'><strong>desperationem,</strong></span> 
     </span>
    </p>
   </div>
   <div class='ocr_carea' id='block_1_56' title="bbox 534 3914 2105 3986">
    <p class='ocr_par' dir='ltr' id='par_1_56' title="bbox 534 3914 2105 3986">
     <span class='ocr_line' id='line_1_56' title="bbox 534 3914 2105 3986; baseline 0.003 -20"><span class='ocrx_word' id='word_1_401' title='bbox 534 3927 657 3982; x_wconf 82' lang='lat' dir='ltr'><strong>quae</strong></span> <span class='ocrx_word' id='word_1_402' title='bbox 694 3922 935 3983; x_wconf 71' lang='lat' dir='ltr'><strong>utrmque</strong></span> <span class='ocrx_word' id='word_1_403' title='bbox 967 3914 1227 3970; x_wconf 79' lang='lat' dir='ltr'><strong>velociter</strong></span> <span class='ocrx_word' id='word_1_404' title='bbox 1266 3915 1576 3986; x_wconf 79' lang='lat' dir='ltr'><strong>exsurgenti</strong></span> <span class='ocrx_word' id='word_1_405' title='bbox 1628 3915 1696 3970; x_wconf 91' lang='lat' dir='ltr'><strong>de</strong></span> <span class='ocrx_word' id='word_1_406' title='bbox 1738 3916 1987 3970; x_wconf 90' lang='lat' dir='ltr'><strong>manibus</strong></span> <span class='ocrx_word' id='word_1_407' title='bbox 2010 3929 2105 3970; x_wconf 91' lang='lat' dir='ltr'><strong>ca-</strong></span> 
     </span>
    </p>
   </div>
   <div class='ocr_carea' id='block_1_57' title="bbox 534 4003 2110 4077">
    <p class='ocr_par' dir='ltr' id='par_1_57' title="bbox 534 4003 2110 4077">
     <span class='ocr_line' id='line_1_57' title="bbox 534 4003 2110 4077; baseline 0.003 -19"><span class='ocrx_word' id='word_1_408' title='bbox 534 4003 708 4068; x_wconf 88' lang='lat' dir='ltr'><strong>dunt;</strong></span> <span class='ocrx_word' id='word_1_409' title='bbox 757 4006 906 4074; x_wconf 88' lang='lat' dir='ltr'><strong>quia,</strong></span> <span class='ocrx_word' id='word_1_410' title='bbox 944 4020 1067 4060; x_wconf 90' lang='lat' dir='ltr'><strong>cum</strong></span> <span class='ocrx_word' id='word_1_411' title='bbox 1117 4006 1297 4060; x_wconf 87' lang='lat' dir='ltr'><strong>audita</strong></span> <span class='ocrx_word' id='word_1_412' title='bbox 1333 4006 1718 4077; x_wconf 65' lang='lat' dir='ltr'><strong>praedicatione</strong></span> <span class='ocrx_word' id='word_1_413' title='bbox 1760 4004 1827 4060; x_wconf 85' lang='lat' dir='ltr'><strong>de</strong></span> <span class='ocrx_word' id='word_1_414' title='bbox 1877 4007 2110 4076; x_wconf 90' lang='lat' dir='ltr'><strong>torporis</strong></span> 
     </span>
    </p>
   </div>
   <div class='ocr_carea' id='block_1_58' title="bbox 534 4092 2107 4168">
    <p class='ocr_par' dir='ltr' id='par_1_58' title="bbox 534 4092 2107 4168">
     <span class='ocr_line' id='line_1_58' title="bbox 534 4092 2107 4168; baseline 0.003 -20"><span class='ocrx_word' id='word_1_415' title='bbox 534 4094 618 4148; x_wconf 89' lang='lat' dir='ltr'><strong>sui</strong></span> <span class='ocrx_word' id='word_1_416' title='bbox 651 4092 790 4148; x_wconf 89' lang='lat' dir='ltr'><strong>lecto</strong></span> <span class='ocrx_word' id='word_1_417' title='bbox 820 4096 937 4149; x_wconf 89' lang='lat' dir='ltr'><strong>sine</strong></span> <span class='ocrx_word' id='word_1_418' title='bbox 968 4111 1114 4149; x_wconf 88' lang='lat' dir='ltr'><strong>mora</strong></span> <span class='ocrx_word' id='word_1_419' title='bbox 1143 4108 1396 4165; x_wconf 88' lang='lat' dir='ltr'><strong>peccator</strong></span> <span class='ocrx_word' id='word_1_420' title='bbox 1424 4097 1687 4166; x_wconf 79' lang='lat' dir='ltr'><strong>exsurgit,</strong></span> <span class='ocrx_word' id='word_1_421' title='bbox 1719 4112 1819 4152; x_wconf 91' lang='lat' dir='ltr'><strong>nec</strong></span> <span class='ocrx_word' id='word_1_422' title='bbox 1850 4099 2107 4168; x_wconf 81' lang='lat' dir='ltr'><strong>peccandi</strong></span> 
     </span>
    </p>
   </div>
   <div class='ocr_carea' id='block_1_59' title="bbox 539 4185 2110 4258">
    <p class='ocr_par' dir='ltr' id='par_1_59' title="bbox 539 4185 2110 4258">
     <span class='ocr_line' id='line_1_59' title="bbox 539 4185 2110 4258; baseline 0.006 -21"><span class='ocrx_word' id='word_1_423' title='bbox 539 4186 875 4239; x_wconf 88' lang='lat' dir='ltr'><strong>consuetudo</strong></span> <span class='ocrx_word' id='word_1_424' title='bbox 900 4185 1042 4240; x_wconf 86' lang='lat' dir='ltr'><strong>valet</strong></span> <span class='ocrx_word' id='word_1_425' title='bbox 1071 4186 1217 4240; x_wconf 90' lang='lat' dir='ltr'><strong>illum</strong></span> <span class='ocrx_word' id='word_1_426' title='bbox 1257 4187 1325 4241; x_wconf 92' lang='lat' dir='ltr'><strong>ad</strong></span> <span class='ocrx_word' id='word_1_427' title='bbox 1373 4197 1651 4258; x_wconf 87' lang='lat' dir='ltr'><strong>peccatum</strong></span> <span class='ocrx_word' id='word_1_428' title='bbox 1680 4189 1978 4256; x_wconf 85' lang='lat' dir='ltr'><strong>retrahere,</strong></span> <span class='ocrx_word' id='word_1_429' title='bbox 2010 4204 2110 4247; x_wconf 84' lang='lat' dir='ltr'><strong>nec</strong></span> 
     </span>
    </p>
   </div>
   <div class='ocr_carea' id='block_1_60' title="bbox 537 4277 1861 4351">
    <p class='ocr_par' dir='ltr' id='par_1_60' title="bbox 537 4277 1861 4351">
     <span class='ocr_line' id='line_1_60' title="bbox 537 4277 1861 4351; baseline 0.001 -18"><span class='ocrx_word' id='word_1_430' title='bbox 537 4277 838 4347; x_wconf 88' lang='lat' dir='ltr'><strong>desperatio</strong></span> <span class='ocrx_word' id='word_1_431' title='bbox 865 4294 893 4332; x_wconf 92' lang='lat' dir='ltr'><strong>a</strong></span> <span class='ocrx_word' id='word_1_432' title='bbox 923 4280 1184 4349; x_wconf 86' lang='lat' dir='ltr'><strong>speranda</strong></span> <span class='ocrx_word' id='word_1_433' title='bbox 1210 4280 1538 4351; x_wconf 83' lang='lat' dir='ltr'><strong>indulgentia</strong></span> <span class='ocrx_word' id='word_1_434' title='bbox 1569 4281 1861 4337; x_wconf 87' lang='lat' dir='ltr'><strong>deterrere.</strong></span> 
     </span>
    </p>
   </div>
   <div class='ocr_carea' id='block_1_61' title="bbox 610 4368 2109 4443">
    <p class='ocr_par' dir='ltr' id='par_1_61' title="bbox 610 4368 2109 4443">
     <span class='ocr_line' id='line_1_61' title="bbox 610 4368 2109 4443; baseline 0.004 -20"><span class='ocrx_word' id='word_1_435' title='bbox 610 4368 747 4425; x_wconf 77' lang='lat' dir='ltr'><strong>XIV.</strong></span> <span class='ocrx_word' id='word_1_436' title='bbox 796 4370 1089 4439; x_wconf 75' lang='lat' dir='ltr'><strong>Sequitur:</strong></span> <span class='ocrx_word' id='word_1_437' title='bbox 1139 4373 1286 4427; x_wconf 73' lang='lat' dir='ltr'><strong>Dixit</strong></span> <span class='ocrx_word' id='word_1_438' title='bbox 1343 4385 1516 4427; x_wconf 85' lang='lat' dir='ltr'><strong>autem</strong></span> <span class='ocrx_word' id='word_1_439' title='bbox 1559 4374 1773 4443; x_wconf 77' lang='lat' dir='ltr'><strong>angelus</strong></span> <span class='ocrx_word' id='word_1_440' title='bbox 1829 4374 1899 4427; x_wconf 87' lang='lat' dir='ltr'><strong>ad</strong></span> <span class='ocrx_word' id='word_1_441' title='bbox 1948 4388 2109 4429; x_wconf 88' lang='lat' dir='ltr'><strong>eum:</strong></span> 
     </span>
    </p>
   </div>
   <div class='ocr_carea' id='block_1_62' title="bbox 2201 1912 3845 1981">
    <p class='ocr_par' dir='ltr' id='par_1_62' title="bbox 2201 1912 3845 1981">
     <span class='ocr_line' id='line_1_62' title="bbox 2201 1912 3845 1981; baseline 0.001 -15"><span class='ocrx_word' id='word_1_442' title='bbox 2201 1921 2255 1967; x_wconf 91' lang='lat' dir='ltr'><strong>et</strong></span> <span class='ocrx_word' id='word_1_443' title='bbox 2271 1920 2479 1979; x_wconf 84' lang='lat' dir='ltr'><strong>nostra,</strong></span> <span class='ocrx_word' id='word_1_444' title='bbox 2504 1927 2624 1981; x_wconf 58' lang='lat' dir='ltr'><strong>quae</strong></span> <span class='ocrx_word' id='word_1_445' title='bbox 2646 1912 2802 1966; x_wconf 89' lang='lat' dir='ltr'><strong>nobis</strong></span> <span class='ocrx_word' id='word_1_446' title='bbox 2826 1913 2893 1967; x_wconf 88' lang='lat' dir='ltr'><strong>ad</strong></span> <span class='ocrx_word' id='word_1_447' title='bbox 2922 1912 3242 1969; x_wconf 87' lang='lat' dir='ltr'><strong>imitandum</strong></span> <span class='ocrx_word' id='word_1_448' title='bbox 3269 1912 3784 1970; x_wconf 82' lang='lat' dir='ltr'><strong>relicta.Sciendum</strong></span> <span class='ocrx_word' id='word_1_449' title='bbox 3840 1935 3845 1939; x_wconf 86' lang='grc'><strong>·</strong></span> 
     </span>
    </p>
   </div>
   <div class='ocr_carea' id='block_1_63' title="bbox 2200 2005 3788 2074">
    <p class='ocr_par' dir='ltr' id='par_1_63' title="bbox 2200 2005 3788 2074">
     <span class='ocr_line' id='line_1_63' title="bbox 2200 2005 3788 2074; baseline 0.001 -16"><span class='ocrx_word' id='word_1_450' title='bbox 2200 2005 2345 2059; x_wconf 88' lang='lat' dir='ltr'><strong>enim</strong></span> <span class='ocrx_word' id='word_1_451' title='bbox 2375 2015 2459 2060; x_wconf 89' lang='lat' dir='ltr'><strong>est</strong></span> <span class='ocrx_word' id='word_1_452' title='bbox 2487 2005 2613 2074; x_wconf 89' lang='lat' dir='ltr'><strong>quia</strong></span> <span class='ocrx_word' id='word_1_453' title='bbox 2644 2006 2749 2062; x_wconf 90' lang='lat' dir='ltr'><strong>hoc</strong></span> <span class='ocrx_word' id='word_1_454' title='bbox 2775 2005 2828 2061; x_wconf 91' lang='lat' dir='ltr'><strong>in</strong></span> <span class='ocrx_word' id='word_1_455' title='bbox 2854 2006 2973 2063; x_wconf 92' lang='lat' dir='ltr'><strong>loco</strong></span> <span class='ocrx_word' id='word_1_456' title='bbox 3000 2006 3221 2064; x_wconf 73' lang='lat' dir='ltr'><strong>Gmcus</strong></span> <span class='ocrx_word' id='word_1_457' title='bbox 3244 2008 3415 2065; x_wconf 83' lang='lat' dir='ltr'><strong>codex</strong></span> <span class='ocrx_word' id='word_1_458' title='bbox 3465 2023 3572 2063; x_wconf 87' lang='lat' dir='ltr'><strong>non</strong></span> <span class='ocrx_word' id='word_1_459' title='bbox 3616 2006 3788 2063; x_wconf 84' lang='lat' dir='ltr'><strong>habet</strong></span> 
     </span>
    </p>
   </div>
   <div class='ocr_carea' id='block_1_64' title="bbox 2200 2094 3783 2167">
    <p class='ocr_par' dir='ltr' id='par_1_64' title="bbox 2200 2094 3783 2167">
     <span class='ocr_line' id='line_1_64' title="bbox 2200 2094 3783 2167; baseline 0.002 -21"><span class='ocrx_word' id='word_1_460' title='bbox 2200 2095 2423 2164; x_wconf 77' lang='lat' dir='ltr'><strong>caligas,</strong></span> <span class='ocrx_word' id='word_1_461' title='bbox 2459 2094 2555 2150; x_wconf 85' lang='lat' dir='ltr'><strong>sed</strong></span> <span class='ocrx_word' id='word_1_462' title='bbox 2596 2095 2860 2159; x_wconf 79' lang='lat' dir='ltr'><strong>sandalio,</strong></span> <span class='ocrx_word' id='word_1_463' title='bbox 2913 2111 3034 2167; x_wconf 77' lang='lat' dir='ltr'><strong>quze</strong></span> <span class='ocrx_word' id='word_1_464' title='bbox 3066 2097 3260 2152; x_wconf 89' lang='lat' dir='ltr'><strong>Latine</strong></span> <span class='ocrx_word' id='word_1_465' title='bbox 3306 2098 3557 2154; x_wconf 88' lang='lat' dir='ltr'><strong>dicuntur</strong></span> <span class='ocrx_word' id='word_1_466' title='bbox 3599 2096 3783 2152; x_wconf 62' lang='lat' dir='ltr'><strong>solete.</strong></span> 
     </span>
    </p>
   </div>
   <div class='ocr_carea' id='block_1_65' title="bbox 2202 2183 3783 2260">
    <p class='ocr_par' dir='ltr' id='par_1_65' title="bbox 2202 2183 3783 2260">
     <span class='ocr_line' id='line_1_65' title="bbox 2202 2183 3783 2260; baseline 0.004 -22"><span class='ocrx_word' id='word_1_467' title='bbox 2202 2183 2299 2238; x_wconf 88' lang='lat' dir='ltr'><strong>Est</strong></span> <span class='ocrx_word' id='word_1_468' title='bbox 2324 2193 2503 2243; x_wconf 87' lang='lat' dir='ltr'><strong>autem</strong></span> <span class='ocrx_word' id='word_1_469' title='bbox 2527 2201 2697 2258; x_wconf 85' lang='lat' dir='ltr'><strong>genus</strong></span> <span class='ocrx_word' id='word_1_470' title='bbox 2717 2185 3208 2244; x_wconf 87' lang='lat' dir='ltr'><strong>calceamentorum</strong></span> <span class='ocrx_word' id='word_1_471' title='bbox 3236 2204 3356 2259; x_wconf 77' lang='lat' dir='ltr'><strong>quze</strong></span> <span class='ocrx_word' id='word_1_472' title='bbox 3385 2197 3591 2260; x_wconf 89' lang='lat' dir='ltr'><strong>partem</strong></span> <span class='ocrx_word' id='word_1_473' title='bbox 3619 2188 3783 2259; x_wconf 83' lang='lat' dir='ltr'><strong>pedis</strong></span> 
     </span>
    </p>
   </div>
   <div class='ocr_carea' id='block_1_66' title="bbox 2204 2280 3786 2354">
    <p class='ocr_par' dir='ltr' id='par_1_66' title="bbox 2204 2280 3786 2354">
     <span class='ocr_line' id='line_1_66' title="bbox 2204 2280 3786 2354; baseline 0.001 -19"><span class='ocrx_word' id='word_1_474' title='bbox 2204 2280 2512 2337; x_wconf 89' lang='lat' dir='ltr'><strong>inferiorem</strong></span> <span class='ocrx_word' id='word_1_475' title='bbox 2541 2296 2606 2336; x_wconf 81' lang='lat' dir='ltr'><strong>ex</strong></span> <span class='ocrx_word' id='word_1_476' title='bbox 2636 2290 2750 2336; x_wconf 91' lang='lat' dir='ltr'><strong>toto</strong></span> <span class='ocrx_word' id='word_1_477' title='bbox 2774 2289 3090 2354; x_wconf 84' lang='lat' dir='ltr'><strong>contegunt,</strong></span> <span class='ocrx_word' id='word_1_478' title='bbox 3123 2282 3457 2354; x_wconf 87' lang='lat' dir='ltr'><strong>superiorem</strong></span> <span class='ocrx_word' id='word_1_479' title='bbox 3488 2290 3666 2337; x_wconf 89' lang='lat' dir='ltr'><strong>autem</strong></span> <span class='ocrx_word' id='word_1_480' title='bbox 3695 2281 3786 2337; x_wconf 73' lang='lat' dir='ltr'><strong>inr-</strong></span> 
     </span>
    </p>
   </div>
   <div class='ocr_carea' id='block_1_67' title="bbox 2205 2372 3788 2444">
    <p class='ocr_par' dir='ltr' id='par_1_67' title="bbox 2205 2372 3788 2444">
     <span class='ocr_line' id='line_1_67' title="bbox 2205 2372 3788 2444; baseline 0.003 -18"><span class='ocrx_word' id='word_1_481' title='bbox 2205 2379 2404 2426; x_wconf 87' lang='lat' dir='ltr'><strong>tectam</strong></span> <span class='ocrx_word' id='word_1_482' title='bbox 2438 2372 2753 2427; x_wconf 87' lang='lat' dir='ltr'><strong>ostendunt.</strong></span> <span class='ocrx_word' id='word_1_483' title='bbox 2778 2372 2896 2441; x_wconf 85' lang='lat' dir='ltr'><strong>Quo</strong></span> <span class='ocrx_word' id='word_1_484' title='bbox 2917 2373 3176 2429; x_wconf 88' lang='lat' dir='ltr'><strong>nimirum</strong></span> <span class='ocrx_word' id='word_1_485' title='bbox 3206 2389 3403 2444; x_wconf 90' lang='lat' dir='ltr'><strong>genere</strong></span> <span class='ocrx_word' id='word_1_486' title='bbox 3428 2373 3788 2431; x_wconf 78' lang='lat' dir='ltr'><strong>calceamenti</strong></span> 
     </span>
    </p>
   </div>
   <div class='ocr_carea' id='block_1_68' title="bbox 2201 2463 3781 2535">
    <p class='ocr_par' dir='ltr' id='par_1_68' title="bbox 2201 2463 3781 2535">
     <span class='ocr_line' id='line_1_68' title="bbox 2201 2463 3781 2535; baseline 0.004 -19"><span class='ocrx_word' id='word_1_487' title='bbox 2201 2471 2259 2517; x_wconf 92' lang='lat' dir='ltr'><strong>et</strong></span> <span class='ocrx_word' id='word_1_488' title='bbox 2291 2463 2520 2533; x_wconf 87' lang='lat' dir='ltr'><strong>apostoli</strong></span> <span class='ocrx_word' id='word_1_489' title='bbox 2556 2464 2638 2518; x_wconf 90' lang='lat' dir='ltr'><strong>usi</strong></span> <span class='ocrx_word' id='word_1_490' title='bbox 2678 2474 2829 2531; x_wconf 90' lang='lat' dir='ltr'><strong>sunt,</strong></span> <span class='ocrx_word' id='word_1_491' title='bbox 2859 2464 3000 2520; x_wconf 88' lang='lat' dir='ltr'><strong>sicut</strong></span> <span class='ocrx_word' id='word_1_492' title='bbox 3025 2466 3080 2520; x_wconf 91' lang='lat' dir='ltr'><strong>in</strong></span> <span class='ocrx_word' id='word_1_493' title='bbox 3114 2466 3368 2535; x_wconf 76' lang='lat' dir='ltr'><strong>praesenti</strong></span> <span class='ocrx_word' id='word_1_494' title='bbox 3409 2475 3781 2534; x_wconf 81' lang='lat' dir='ltr'><strong>monstratur;</strong></span> 
     </span>
    </p>
   </div>
   <div class='ocr_carea' id='block_1_69' title="bbox 2201 2553 3784 2628">
    <p class='ocr_par' dir='ltr' id='par_1_69' title="bbox 2201 2553 3784 2628">
     <span class='ocr_line' id='line_1_69' title="bbox 2201 2553 3784 2628; baseline 0.003 -21"><span class='ocrx_word' id='word_1_495' title='bbox 2201 2560 2258 2607; x_wconf 89' lang='lat' dir='ltr'><strong>et</strong></span> <span class='ocrx_word' id='word_1_496' title='bbox 2276 2553 2511 2623; x_wconf 90' lang='lat' dir='ltr'><strong>episcopi</strong></span> <span class='ocrx_word' id='word_1_497' title='bbox 2560 2553 2744 2621; x_wconf 82' lang='lat' dir='ltr'><strong>hodie,</strong></span> <span class='ocrx_word' id='word_1_498' title='bbox 2792 2569 2899 2610; x_wconf 88' lang='lat' dir='ltr'><strong>non</strong></span> <span class='ocrx_word' id='word_1_499' title='bbox 2931 2556 3050 2611; x_wconf 90' lang='lat' dir='ltr'><strong>sine</strong></span> <span class='ocrx_word' id='word_1_500' title='bbox 3106 2557 3242 2612; x_wconf 88' lang='lat' dir='ltr'><strong>certi</strong></span> <span class='ocrx_word' id='word_1_501' title='bbox 3303 2571 3464 2612; x_wconf 89' lang='lat' dir='ltr'><strong>causa</strong></span> <span class='ocrx_word' id='word_1_502' title='bbox 3512 2558 3784 2628; x_wconf 83' lang='lat' dir='ltr'><strong>mysterii,</strong></span> 
     </span>
    </p>
   </div>
   <div class='ocr_carea' id='block_1_70' title="bbox 2203 2645 3786 2720">
    <p class='ocr_par' dir='ltr' id='par_1_70' title="bbox 2203 2645 3786 2720">
     <span class='ocr_line' id='line_1_70' title="bbox 2203 2645 3786 2720; baseline 0.004 -22"><span class='ocrx_word' id='word_1_503' title='bbox 2203 2652 2449 2699; x_wconf 91' lang='lat' dir='ltr'><strong>utuntur.</strong></span> <span class='ocrx_word' id='word_1_504' title='bbox 2479 2645 2610 2701; x_wconf 89' lang='lat' dir='ltr'><strong>Pars</strong></span> <span class='ocrx_word' id='word_1_505' title='bbox 2635 2660 2766 2717; x_wconf 89' lang='lat' dir='ltr'><strong>ergo</strong></span> <span class='ocrx_word' id='word_1_506' title='bbox 2804 2645 2964 2716; x_wconf 90' lang='lat' dir='ltr'><strong>hujus</strong></span> <span class='ocrx_word' id='word_1_507' title='bbox 2999 2647 3351 2704; x_wconf 90' lang='lat' dir='ltr'><strong>calceamenti</strong></span> <span class='ocrx_word' id='word_1_508' title='bbox 3387 2664 3506 2718; x_wconf 71' lang='lat' dir='ltr'><strong>qua:</strong></span> <span class='ocrx_word' id='word_1_509' title='bbox 3538 2665 3635 2720; x_wconf 91' lang='lat' dir='ltr'><strong>per</strong></span> <span class='ocrx_word' id='word_1_510' title='bbox 3663 2659 3786 2705; x_wconf 82' lang='lat' dir='ltr'><strong>ter-</strong></span> 
     </span>
    </p>
   </div>
   <div class='ocr_carea' id='block_1_71' title="bbox 2204 2737 3784 2810">
    <p class='ocr_par' dir='ltr' id='par_1_71' title="bbox 2204 2737 3784 2810">
     <span class='ocr_line' id='line_1_71' title="bbox 2204 2737 3784 2810; baseline 0.003 -20"><span class='ocrx_word' id='word_1_511' title='bbox 2204 2751 2324 2791; x_wconf 89' lang='lat' dir='ltr'><strong>ram</strong></span> <span class='ocrx_word' id='word_1_512' title='bbox 2356 2737 2613 2802; x_wconf 88' lang='lat' dir='ltr'><strong>trahitur,</strong></span> <span class='ocrx_word' id='word_1_513' title='bbox 2646 2738 3038 2807; x_wconf 86' lang='lat' dir='ltr'><strong>providentiam</strong></span> <span class='ocrx_word' id='word_1_514' title='bbox 3084 2739 3352 2807; x_wconf 78' lang='lat' dir='ltr'><strong>significat</strong></span> <span class='ocrx_word' id='word_1_515' title='bbox 3381 2739 3784 2810; x_wconf 85' lang='lat' dir='ltr'><strong>temporalium,</strong></span> 
     </span>
    </p>
   </div>
   <div class='ocr_carea' id='block_1_72' title="bbox 2203 2828 3780 2904">
    <p class='ocr_par' dir='ltr' id='par_1_72' title="bbox 2203 2828 3780 2904">
     <span class='ocr_line' id='line_1_72' title="bbox 2203 2828 3780 2904; baseline 0.003 -24"><span class='ocrx_word' id='word_1_516' title='bbox 2203 2841 2301 2896; x_wconf 88' lang='lat' dir='ltr'><strong>per</strong></span> <span class='ocrx_word' id='word_1_517' title='bbox 2327 2843 2489 2897; x_wconf 85' lang='lat' dir='ltr'><strong>quam</strong></span> <span class='ocrx_word' id='word_1_518' title='bbox 2517 2828 2750 2904; x_wconf 81' lang='lat' dir='ltr'><strong>subditis</strong></span> <span class='ocrx_word' id='word_1_519' title='bbox 2776 2844 2806 2882; x_wconf 89' lang='lat' dir='ltr'><strong>a</strong></span> <span class='ocrx_word' id='word_1_520' title='bbox 2832 2828 3069 2897; x_wconf 84' lang='lat' dir='ltr'><strong>praelatis</strong></span> <span class='ocrx_word' id='word_1_521' title='bbox 3093 2836 3309 2884; x_wconf 88' lang='lat' dir='ltr'><strong>terrena</strong></span> <span class='ocrx_word' id='word_1_522' title='bbox 3340 2830 3580 2885; x_wconf 89' lang='lat' dir='ltr'><strong>subsidia</strong></span> <span class='ocrx_word' id='word_1_523' title='bbox 3608 2828 3780 2885; x_wconf 85' lang='lat' dir='ltr'><strong>mini—</strong></span> 
     </span>
    </p>
   </div>
   <div class='ocr_carea' id='block_1_73' title="bbox 2204 2917 3786 2990">
    <p class='ocr_par' dir='ltr' id='par_1_73' title="bbox 2204 2917 3786 2990">
     <span class='ocr_line' id='line_1_73' title="bbox 2204 2917 3786 2990; baseline 0.004 -20"><span class='ocrx_word' id='word_1_524' title='bbox 2204 2917 2606 2973; x_wconf 87' lang='lat' dir='ltr'><strong>strantur.Pars</strong></span> <span class='ocrx_word' id='word_1_525' title='bbox 2621 2927 2799 2973; x_wconf 89' lang='lat' dir='ltr'><strong>autem</strong></span> <span class='ocrx_word' id='word_1_526' title='bbox 2820 2919 3086 2989; x_wconf 83' lang='lat' dir='ltr'><strong>superior,</strong></span> <span class='ocrx_word' id='word_1_527' title='bbox 3102 2934 3222 2989; x_wconf 75' lang='lat' dir='ltr'><strong>quae</strong></span> <span class='ocrx_word' id='word_1_528' title='bbox 3236 2921 3428 2990; x_wconf 86' lang='lat' dir='ltr'><strong>pedem</strong></span> <span class='ocrx_word' id='word_1_529' title='bbox 3443 2922 3702 2976; x_wconf 87' lang='lat' dir='ltr'><strong>intectum</strong></span> <span class='ocrx_word' id='word_1_530' title='bbox 3716 2935 3786 2976; x_wconf 79' lang='lat' dir='ltr'><strong>ex</strong></span> 
     </span>
    </p>
   </div>
   <div class='ocr_carea' id='block_1_74' title="bbox 2204 3010 3790 3081">
    <p class='ocr_par' dir='ltr' id='par_1_74' title="bbox 2204 3010 3790 3081">
     <span class='ocr_line' id='line_1_74' title="bbox 2204 3010 3790 3081; baseline 0.002 -18"><span class='ocrx_word' id='word_1_531' title='bbox 2204 3017 2359 3080; x_wconf 86' lang='lat' dir='ltr'><strong>parte</strong></span> <span class='ocrx_word' id='word_1_532' title='bbox 2382 3018 2641 3076; x_wconf 77' lang='lat' dir='ltr'><strong>osrentat,</strong></span> <span class='ocrx_word' id='word_1_533' title='bbox 2678 3018 2764 3065; x_wconf 90' lang='lat' dir='ltr'><strong>est</strong></span> <span class='ocrx_word' id='word_1_534' title='bbox 2811 3010 3194 3079; x_wconf 88' lang='lat' dir='ltr'><strong>contemplatio</strong></span> <span class='ocrx_word' id='word_1_535' title='bbox 3247 3026 3637 3081; x_wconf 83' lang='lat' dir='ltr'><strong>supernorum,</strong></span> <span class='ocrx_word' id='word_1_536' title='bbox 3683 3025 3790 3081; x_wconf 86' lang='lat' dir='ltr'><strong>per</strong></span> 
     </span>
    </p>
   </div>
   <div class='ocr_carea' id='block_1_75' title="bbox 2204 3099 3789 3171">
    <p class='ocr_par' dir='ltr' id='par_1_75' title="bbox 2204 3099 3789 3171">
     <span class='ocr_line' id='line_1_75' title="bbox 2204 3099 3789 3171; baseline 0.006 -19"><span class='ocrx_word' id='word_1_537' title='bbox 2204 3113 2365 3167; x_wconf 88' lang='lat' dir='ltr'><strong>quam</strong></span> <span class='ocrx_word' id='word_1_538' title='bbox 2395 3107 2452 3153; x_wconf 88' lang='lat' dir='ltr'><strong>et</strong></span> <span class='ocrx_word' id='word_1_539' title='bbox 2485 3099 2741 3169; x_wconf 58' lang='lat' dir='ltr'><strong>pra&#39;latus</strong></span> <span class='ocrx_word' id='word_1_540' title='bbox 2781 3099 2902 3169; x_wconf 82' lang='lat' dir='ltr'><strong>ipse</strong></span> <span class='ocrx_word' id='word_1_541' title='bbox 2926 3099 3125 3155; x_wconf 89' lang='lat' dir='ltr'><strong>divinis</strong></span> <span class='ocrx_word' id='word_1_542' title='bbox 3160 3102 3580 3158; x_wconf 87' lang='lat' dir='ltr'><strong>revelatiouibus</strong></span> <span class='ocrx_word' id='word_1_543' title='bbox 3603 3103 3789 3171; x_wconf 57' lang='lat' dir='ltr'><strong>pasci6</strong></span> 
     </span>
    </p>
   </div>
   <div class='ocr_carea' id='block_1_76' title="bbox 2206 3192 3791 3263">
    <p class='ocr_par' dir='ltr' id='par_1_76' title="bbox 2206 3192 3791 3263">
     <span class='ocr_line' id='line_1_76' title="bbox 2206 3192 3791 3263; baseline 0.001 -17"><span class='ocrx_word' id='word_1_544' title='bbox 2206 3200 2313 3257; x_wconf 91' lang='lat' dir='ltr'><strong>tur,</strong></span> <span class='ocrx_word' id='word_1_545' title='bbox 2353 3202 2408 3247; x_wconf 88' lang='lat' dir='ltr'><strong>et</strong></span> <span class='ocrx_word' id='word_1_546' title='bbox 2452 3193 2539 3248; x_wconf 90' lang='lat' dir='ltr'><strong>his</strong></span> <span class='ocrx_word' id='word_1_547' title='bbox 2587 3192 2678 3262; x_wconf 92' lang='lat' dir='ltr'><strong>qui</strong></span> <span class='ocrx_word' id='word_1_548' title='bbox 2719 3192 2820 3247; x_wconf 88' lang='lat' dir='ltr'><strong>sibi</strong></span> <span class='ocrx_word' id='word_1_549' title='bbox 2853 3193 3129 3248; x_wconf 81' lang='lat' dir='ltr'><strong>commissi</strong></span> <span class='ocrx_word' id='word_1_550' title='bbox 3151 3200 3279 3248; x_wconf 63' lang='lat' dir='ltr'><strong>sunt</strong></span> <span class='ocrx_word' id='word_1_551' title='bbox 3311 3193 3643 3263; x_wconf 86' lang='lat' dir='ltr'><strong>spiritualem</strong></span> <span class='ocrx_word' id='word_1_552' title='bbox 3680 3193 3791 3249; x_wconf 86' lang='lat' dir='ltr'><strong>ali-</strong></span> 
     </span>
    </p>
   </div>
   <div class='ocr_carea' id='block_1_77' title="bbox 2203 3283 3791 3356">
    <p class='ocr_par' dir='ltr' id='par_1_77' title="bbox 2203 3283 3791 3356">
     <span class='ocr_line' id='line_1_77' title="bbox 2203 3283 3791 3356; baseline 0.001 -16"><span class='ocrx_word' id='word_1_553' title='bbox 2203 3285 2438 3340; x_wconf 88' lang='lat' dir='ltr'><strong>moniam</strong></span> <span class='ocrx_word' id='word_1_554' title='bbox 2482 3284 2813 3355; x_wconf 89' lang='lat' dir='ltr'><strong>impartitur.</strong></span> <span class='ocrx_word' id='word_1_555' title='bbox 2846 3283 2975 3341; x_wconf 67' lang='lat' dir='ltr'><strong>Haec</strong></span> <span class='ocrx_word' id='word_1_556' title='bbox 3013 3284 3255 3341; x_wconf 89' lang='lat' dir='ltr'><strong>sandalia</strong></span> <span class='ocrx_word' id='word_1_557' title='bbox 3304 3284 3523 3342; x_wconf 90' lang='lat' dir='ltr'><strong>Petrum</strong></span> <span class='ocrx_word' id='word_1_558' title='bbox 3558 3285 3791 3356; x_wconf 80' lang='lat' dir='ltr'><strong>angelus</strong></span> 
     </span>
    </p>
   </div>
   <div class='ocr_carea' id='block_1_78' title="bbox 2203 3374 3792 3447">
    <p class='ocr_par' dir='ltr' id='par_1_78' title="bbox 2203 3374 3792 3447">
     <span class='ocr_line' id='line_1_78' title="bbox 2203 3374 3792 3447; baseline 0.001 -16"><span class='ocrx_word' id='word_1_559' title='bbox 2203 3374 2453 3431; x_wconf 85' lang='lat' dir='ltr'><strong>calceare</strong></span> <span class='ocrx_word' id='word_1_560' title='bbox 2477 3376 2758 3447; x_wconf 67' lang='lat' dir='ltr'><strong>prmeepit,</strong></span> <span class='ocrx_word' id='word_1_561' title='bbox 2783 3376 2910 3446; x_wconf 89' lang='lat' dir='ltr'><strong>quia</strong></span> <span class='ocrx_word' id='word_1_562' title='bbox 2933 3385 2989 3431; x_wconf 90' lang='lat' dir='ltr'><strong>et</strong></span> <span class='ocrx_word' id='word_1_563' title='bbox 3014 3377 3234 3447; x_wconf 89' lang='lat' dir='ltr'><strong>dignum</strong></span> <span class='ocrx_word' id='word_1_564' title='bbox 3263 3376 3419 3431; x_wconf 88' lang='lat' dir='ltr'><strong>valde</strong></span> <span class='ocrx_word' id='word_1_565' title='bbox 3444 3384 3526 3433; x_wconf 87' lang='lat' dir='ltr'><strong>est</strong></span> <span class='ocrx_word' id='word_1_566' title='bbox 3555 3385 3614 3432; x_wconf 91' lang='lat' dir='ltr'><strong>ut</strong></span> <span class='ocrx_word' id='word_1_567' title='bbox 3640 3378 3692 3433; x_wconf 87' lang='lat' dir='ltr'><strong>is</strong></span> <span class='ocrx_word' id='word_1_568' title='bbox 3719 3379 3792 3432; x_wconf 88' lang='lat' dir='ltr'><strong>ad</strong></span> 
     </span>
    </p>
   </div>
   <div class='ocr_carea' id='block_1_79' title="bbox 2204 3466 3795 3537">
    <p class='ocr_par' dir='ltr' id='par_1_79' title="bbox 2204 3466 3795 3537">
     <span class='ocr_line' id='line_1_79' title="bbox 2204 3466 3795 3537; baseline 0.001 -16"><span class='ocrx_word' id='word_1_569' title='bbox 2204 3481 2365 3537; x_wconf 91' lang='lat' dir='ltr'><strong>quem</strong></span> <span class='ocrx_word' id='word_1_570' title='bbox 2394 3466 2732 3523; x_wconf 79' lang='lat' dir='ltr'><strong>liberandum</strong></span> <span class='ocrx_word' id='word_1_571' title='bbox 2761 3467 3022 3523; x_wconf 87' lang='lat' dir='ltr'><strong>Dominus</strong></span> <span class='ocrx_word' id='word_1_572' title='bbox 3045 3468 3294 3537; x_wconf 85' lang='lat' dir='ltr'><strong>angelum</strong></span> <span class='ocrx_word' id='word_1_573' title='bbox 3320 3483 3477 3523; x_wconf 88' lang='lat' dir='ltr'><strong>suum</strong></span> <span class='ocrx_word' id='word_1_574' title='bbox 3501 3468 3688 3535; x_wconf 86' lang='lat' dir='ltr'><strong>mittit,</strong></span> <span class='ocrx_word' id='word_1_575' title='bbox 3719 3469 3795 3523; x_wconf 83' lang='lat' dir='ltr'><strong>ad</strong></span> 
     </span>
    </p>
   </div>
   <div class='ocr_carea' id='block_1_80' title="bbox 2204 3558 3794 3630">
    <p class='ocr_par' dir='ltr' id='par_1_80' title="bbox 2204 3558 3794 3630">
     <span class='ocr_line' id='line_1_80' title="bbox 2204 3558 3794 3630; baseline 0 -18"><span class='ocrx_word' id='word_1_576' title='bbox 2204 3572 2324 3612; x_wconf 89' lang='lat' dir='ltr'><strong>eam</strong></span> <span class='ocrx_word' id='word_1_577' title='bbox 2361 3560 2685 3629; x_wconf 86' lang='lat' dir='ltr'><strong>quandoque</strong></span> <span class='ocrx_word' id='word_1_578' title='bbox 2721 3558 3108 3630; x_wconf 78' lang='lat' dir='ltr'><strong>perfectionem</strong></span> <span class='ocrx_word' id='word_1_579' title='bbox 3151 3558 3382 3630; x_wconf 88' lang='lat' dir='ltr'><strong>attingat</strong></span> <span class='ocrx_word' id='word_1_580' title='bbox 3418 3566 3477 3613; x_wconf 91' lang='lat' dir='ltr'><strong>ut</strong></span> <span class='ocrx_word' id='word_1_581' title='bbox 3523 3558 3794 3628; x_wconf 77' lang='lat' dir='ltr'><strong>proximis</strong></span> 
     </span>
    </p>
   </div>
   <div class='ocr_carea' id='block_1_81' title="bbox 2207 3647 3795 3720">
    <p class='ocr_par' dir='ltr' id='par_1_81' title="bbox 2207 3647 3795 3720">
     <span class='ocr_line' id='line_1_81' title="bbox 2207 3647 3795 3720; baseline -0.002 -15"><span class='ocrx_word' id='word_1_582' title='bbox 2207 3651 2276 3707; x_wconf 84' lang='lat' dir='ltr'><strong>ad</strong></span> <span class='ocrx_word' id='word_1_583' title='bbox 2299 3653 2678 3707; x_wconf 82' lang='lat' dir='ltr'><strong>necessitatem</strong></span> <span class='ocrx_word' id='word_1_584' title='bbox 2712 3660 2999 3720; x_wconf 88' lang='lat' dir='ltr'><strong>utramque</strong></span> <span class='ocrx_word' id='word_1_585' title='bbox 3047 3648 3296 3706; x_wconf 80' lang='lat' dir='ltr'><strong>sulliciat.</strong></span> <span class='ocrx_word' id='word_1_586' title='bbox 3334 3648 3391 3704; x_wconf 90' lang='lat' dir='ltr'><strong>Si</strong></span> <span class='ocrx_word' id='word_1_587' title='bbox 3420 3657 3601 3703; x_wconf 88' lang='lat' dir='ltr'><strong>autem</strong></span> <span class='ocrx_word' id='word_1_588' title='bbox 3639 3647 3795 3718; x_wconf 81' lang='lat' dir='ltr'><strong>quod</strong></span> 
     </span>
    </p>
   </div>
   <div class='ocr_carea' id='block_1_82' title="bbox 2206 3737 3799 3810">
    <p class='ocr_par' dir='ltr' id='par_1_82' title="bbox 2206 3737 3799 3810">
     <span class='ocr_line' id='line_1_82' title="bbox 2206 3737 3799 3810; baseline -0.003 -14"><span class='ocrx_word' id='word_1_589' title='bbox 2206 3740 2439 3797; x_wconf 90' lang='lat' dir='ltr'><strong>dicitur:</strong></span> <span class='ocrx_word' id='word_1_590' title='bbox 2474 3740 2803 3810; x_wconf 75' lang='lat' dir='ltr'><strong>Prwcingere</strong></span> <span class='ocrx_word' id='word_1_591' title='bbox 2828 3750 2875 3794; x_wconf 92' lang='lat' dir='ltr'><strong>et</strong></span> <span class='ocrx_word' id='word_1_592' title='bbox 2905 3740 3080 3794; x_wconf 89' lang='lat' dir='ltr'><strong>calcea</strong></span> <span class='ocrx_word' id='word_1_593' title='bbox 3111 3751 3161 3793; x_wconf 88' lang='lat' dir='ltr'><strong>te</strong></span> <span class='ocrx_word' id='word_1_594' title='bbox 3192 3737 3389 3809; x_wconf 76' lang='lat' dir='ltr'><strong>caligas</strong></span> <span class='ocrx_word' id='word_1_595' title='bbox 3410 3748 3548 3809; x_wconf 71' lang='lat' dir='ltr'><strong>tuas,</strong></span> <span class='ocrx_word' id='word_1_596' title='bbox 3574 3737 3643 3793; x_wconf 84' lang='lat' dir='ltr'><strong>ad</strong></span> <span class='ocrx_word' id='word_1_597' title='bbox 3697 3737 3799 3792; x_wconf 78' lang='lat' dir='ltr'><strong>(lo-</strong></span> 
     </span>
    </p>
   </div>
   <div class='ocr_carea' id='block_1_83' title="bbox 2208 3828 3800 3899">
    <p class='ocr_par' dir='ltr' id='par_1_83' title="bbox 2208 3828 3800 3899">
     <span class='ocr_line' id='line_1_83' title="bbox 2208 3828 3800 3899; baseline -0.001 -13"><span class='ocrx_word' id='word_1_598' title='bbox 2208 3840 2388 3887; x_wconf 88' lang='lat' dir='ltr'><strong>ctores</strong></span> <span class='ocrx_word' id='word_1_599' title='bbox 2423 3830 2822 3887; x_wconf 87' lang='lat' dir='ltr'><strong>ecclesiasticos</strong></span> <span class='ocrx_word' id='word_1_600' title='bbox 2850 3829 3157 3899; x_wconf 87' lang='lat' dir='ltr'><strong>specialiter</strong></span> <span class='ocrx_word' id='word_1_601' title='bbox 3179 3828 3486 3893; x_wconf 90' lang='lat' dir='ltr'><strong>referimus,</strong></span> <span class='ocrx_word' id='word_1_602' title='bbox 3518 3829 3721 3897; x_wconf 81' lang='lat' dir='ltr'><strong>quibus</strong></span> <span class='ocrx_word' id='word_1_603' title='bbox 3738 3836 3800 3884; x_wconf 85' lang='lat' dir='ltr'><strong>et</strong></span> 
     </span>
    </p>
   </div>
   <div class='ocr_carea' id='block_1_84' title="bbox 2210 3920 3798 3992">
    <p class='ocr_par' dir='ltr' id='par_1_84' title="bbox 2210 3920 3798 3992">
     <span class='ocr_line' id='line_1_84' title="bbox 2210 3920 3798 3992; baseline -0.003 -13"><span class='ocrx_word' id='word_1_604' title='bbox 2210 3924 2437 3979; x_wconf 89' lang='lat' dir='ltr'><strong>dicitur:</strong></span> <span class='ocrx_word' id='word_1_605' title='bbox 2463 3922 2580 3978; x_wconf 88' lang='lat' dir='ltr'><strong>Sint</strong></span> <span class='ocrx_word' id='word_1_606' title='bbox 2605 3921 2766 3975; x_wconf 82' lang='lat' dir='ltr'><strong>luntbi</strong></span> <span class='ocrx_word' id='word_1_607' title='bbox 2786 3922 2943 3976; x_wconf 82' lang='lat' dir='ltr'><strong>uestri</strong></span> <span class='ocrx_word' id='word_1_608' title='bbox 2958 3922 3227 3992; x_wconf 63' lang='lat' dir='ltr'><strong>praecincti</strong></span> <span class='ocrx_word' id='word_1_609' title='bbox 3243 3937 3258 3987; x_wconf 89' lang='lat'><strong>;</strong></span> <span class='ocrx_word' id='word_1_610' title='bbox 3277 3929 3333 3976; x_wconf 90' lang='lat' dir='ltr'><strong>et</strong></span> <span class='ocrx_word' id='word_1_611' title='bbox 3350 3938 3365 3974; x_wconf 87' lang='lat'><strong>:</strong></span> <span class='ocrx_word' id='word_1_612' title='bbox 3385 3920 3618 3976; x_wconf 79' lang='lat' dir='ltr'><strong>Calcsati</strong></span> <span class='ocrx_word' id='word_1_613' title='bbox 3635 3920 3798 3990; x_wconf 83' lang='lat' dir='ltr'><strong>pedes</strong></span> 
     </span>
    </p>
   </div>
   <div class='ocr_carea' id='block_1_85' title="bbox 2208 4011 3793 4085">
    <p class='ocr_par' dir='ltr' id='par_1_85' title="bbox 2208 4011 3793 4085">
     <span class='ocr_line' id='line_1_85' title="bbox 2208 4011 3793 4085; baseline -0.003 -16"><span class='ocrx_word' id='word_1_614' title='bbox 2208 4015 2266 4069; x_wconf 86' lang='lat' dir='ltr'><strong>in</strong></span> <span class='ocrx_word' id='word_1_615' title='bbox 2289 4015 2670 4085; x_wconf 78' lang='lat' dir='ltr'><strong>prwparatione</strong></span> <span class='ocrx_word' id='word_1_616' title='bbox 2716 4011 2989 4084; x_wconf 80' lang='lat' dir='ltr'><strong>Evangelii</strong></span> <span class='ocrx_word' id='word_1_617' title='bbox 3021 4015 3190 4083; x_wconf 83' lang='lat' dir='ltr'><strong>pacis,</strong></span> <span class='ocrx_word' id='word_1_618' title='bbox 3221 4012 3513 4067; x_wconf 91' lang='lat' dir='ltr'><strong>notandum</strong></span> <span class='ocrx_word' id='word_1_619' title='bbox 3546 4028 3793 4066; x_wconf 76' lang='lat' dir='ltr'><strong>summo-</strong></span> 
     </span>
    </p>
   </div>
   <div class='ocr_carea' id='block_1_86' title="bbox 2210 4100 3797 4175">
    <p class='ocr_par' dir='ltr' id='par_1_86' title="bbox 2210 4100 3797 4175">
     <span class='ocr_line' id='line_1_86' title="bbox 2210 4100 3797 4175; baseline -0.003 -17"><span class='ocrx_word' id='word_1_620' title='bbox 2210 4116 2339 4175; x_wconf 86' lang='lat' dir='ltr'><strong>pere</strong></span> <span class='ocrx_word' id='word_1_621' title='bbox 2365 4112 2450 4158; x_wconf 90' lang='lat' dir='ltr'><strong>est</strong></span> <span class='ocrx_word' id='word_1_622' title='bbox 2477 4102 2619 4170; x_wconf 89' lang='lat' dir='ltr'><strong>quod</strong></span> <span class='ocrx_word' id='word_1_623' title='bbox 2650 4101 2802 4171; x_wconf 84' lang='lat' dir='ltr'><strong>prius</strong></span> <span class='ocrx_word' id='word_1_624' title='bbox 2827 4103 3076 4171; x_wconf 77' lang='lat' dir='ltr'><strong>prtecingi</strong></span> <span class='ocrx_word' id='word_1_625' title='bbox 3114 4110 3170 4157; x_wconf 92' lang='lat' dir='ltr'><strong>et</strong></span> <span class='ocrx_word' id='word_1_626' title='bbox 3197 4102 3537 4170; x_wconf 88' lang='lat' dir='ltr'><strong>postmodum</strong></span> <span class='ocrx_word' id='word_1_627' title='bbox 3558 4100 3797 4156; x_wconf 63' lang='grc' dir='ltr'><strong>πίεραι-ἰ</strong></span> 
     </span>
    </p>
   </div>
   <div class='ocr_carea' id='block_1_87' title="bbox 2211 4193 3799 4263">
    <p class='ocr_par' dir='ltr' id='par_1_87' title="bbox 2211 4193 3799 4263">
     <span class='ocr_line' id='line_1_87' title="bbox 2211 4193 3799 4263; baseline 0 -16"><span class='ocrx_word' id='word_1_628' title='bbox 2211 4194 2545 4263; x_wconf 63' lang='lat' dir='ltr'><strong>praccipitur,</strong></span> <span class='ocrx_word' id='word_1_629' title='bbox 2581 4193 2707 4261; x_wconf 90' lang='lat' dir='ltr'><strong>quia</strong></span> <span class='ocrx_word' id='word_1_630' title='bbox 2757 4193 3011 4248; x_wconf 91' lang='lat' dir='ltr'><strong>nimirum</strong></span> <span class='ocrx_word' id='word_1_631' title='bbox 3055 4202 3262 4248; x_wconf 89' lang='lat' dir='ltr'><strong>rectum</strong></span> <span class='ocrx_word' id='word_1_632' title='bbox 3301 4193 3546 4248; x_wconf 91' lang='lat' dir='ltr'><strong>ordinem</strong></span> <span class='ocrx_word' id='word_1_633' title='bbox 3594 4193 3647 4247; x_wconf 91' lang='lat' dir='ltr'><strong>in</strong></span> <span class='ocrx_word' id='word_1_634' title='bbox 3696 4208 3799 4248; x_wconf 80' lang='lat' dir='ltr'><strong>sua</strong></span> 
     </span>
    </p>
   </div>
   <div class='ocr_carea' id='block_1_88' title="bbox 2213 4282 3805 4353">
    <p class='ocr_par' dir='ltr' id='par_1_88' title="bbox 2213 4282 3805 4353">
     <span class='ocr_line' id='line_1_88' title="bbox 2213 4282 3805 4353; baseline 0.001 -15"><span class='ocrx_word' id='word_1_635' title='bbox 2213 4285 2427 4339; x_wconf 87' lang='lat' dir='ltr'><strong>actione</strong></span> <span class='ocrx_word' id='word_1_636' title='bbox 2455 4297 2563 4337; x_wconf 92' lang='lat' dir='ltr'><strong>non</strong></span> <span class='ocrx_word' id='word_1_637' title='bbox 2596 4294 2780 4337; x_wconf 85' lang='lat' dir='ltr'><strong>servat</strong></span> <span class='ocrx_word' id='word_1_638' title='bbox 2809 4282 2900 4353; x_wconf 90' lang='lat' dir='ltr'><strong>qui</strong></span> <span class='ocrx_word' id='word_1_639' title='bbox 2933 4283 3085 4353; x_wconf 88' lang='lat' dir='ltr'><strong>prius</strong></span> <span class='ocrx_word' id='word_1_640' title='bbox 3110 4284 3274 4353; x_wconf 89' lang='lat' dir='ltr'><strong>pedes</strong></span> <span class='ocrx_word' id='word_1_641' title='bbox 3300 4299 3429 4338; x_wconf 90' lang='lat' dir='ltr'><strong>suos</strong></span> <span class='ocrx_word' id='word_1_642' title='bbox 3465 4282 3532 4337; x_wconf 90' lang='lat' dir='ltr'><strong>ad</strong></span> <span class='ocrx_word' id='word_1_643' title='bbox 3562 4298 3805 4352; x_wconf 83' lang='lat' dir='ltr'><strong>evange-</strong></span> 
     </span>
    </p>
   </div>
   <div class='ocr_carea' id='block_1_89' title="bbox 2213 4371 3805 4442">
    <p class='ocr_par' dir='ltr' id='par_1_89' title="bbox 2213 4371 3805 4442">
     <span class='ocr_line' id='line_1_89' title="bbox 2213 4371 3805 4442; baseline 0 -15"><span class='ocrx_word' id='word_1_644' title='bbox 2213 4373 2490 4428; x_wconf 78' lang='lat' dir='ltr'><strong>lizandum</strong></span> <span class='ocrx_word' id='word_1_645' title='bbox 2521 4373 2752 4438; x_wconf 88' lang='lat' dir='ltr'><strong>calceat,</strong></span> <span class='ocrx_word' id='word_1_646' title='bbox 2787 4387 2949 4442; x_wconf 90' lang='lat' dir='ltr'><strong>quam</strong></span> <span class='ocrx_word' id='word_1_647' title='bbox 2985 4387 3142 4427; x_wconf 86' lang='lat' dir='ltr'><strong>renes</strong></span> <span class='ocrx_word' id='word_1_648' title='bbox 3170 4386 3297 4427; x_wconf 85' lang='lat' dir='ltr'><strong>suos</strong></span> <span class='ocrx_word' id='word_1_649' title='bbox 3325 4371 3502 4427; x_wconf 86' lang='lat' dir='ltr'><strong>balteo</strong></span> <span class='ocrx_word' id='word_1_650' title='bbox 3528 4372 3805 4428; x_wconf 77' lang='lat' dir='ltr'><strong>castitatis</strong></span> 
     </span>
    </p>
   </div>
   <div class='ocr_carea' id='block_1_90' title="bbox 539 4461 3803 4548">
    <p class='ocr_par' dir='ltr' id='par_1_90' title="bbox 539 4461 3803 4548">
     <span class='ocr_line' id='line_1_90' title="bbox 539 4461 3803 4548; baseline -0.002 -29"><span class='ocrx_word' id='word_1_651' title='bbox 539 4464 885 4548; x_wconf 68' lang='lat' dir='ltr'><strong>I’rtvcingcre,</strong></span> <span class='ocrx_word' id='word_1_652' title='bbox 922 4476 970 4520; x_wconf 85' lang='lat' dir='ltr'><strong>et</strong></span> <span class='ocrx_word' id='word_1_653' title='bbox 1012 4466 1185 4521; x_wconf 82' lang='lat' dir='ltr'><strong>mlcea</strong></span> <span class='ocrx_word' id='word_1_654' title='bbox 1232 4477 1280 4521; x_wconf 88' lang='lat' dir='ltr'><strong>te</strong></span> <span class='ocrx_word' id='word_1_655' title='bbox 1314 4467 1511 4537; x_wconf 81' lang='lat' dir='ltr'><strong>caligas</strong></span> <span class='ocrx_word' id='word_1_656' title='bbox 1557 4476 1696 4520; x_wconf 83' lang='lat' dir='ltr'><strong>tuas.</strong></span> <span class='ocrx_word' id='word_1_657' title='bbox 1740 4463 1805 4518; x_wconf 85' lang='lat' dir='ltr'><strong>Et</strong></span> <span class='ocrx_word' id='word_1_658' title='bbox 1848 4466 1967 4535; x_wconf 77' lang='lat' dir='ltr'><strong>fecit</strong></span> <span class='ocrx_word' id='word_1_659' title='bbox 2014 4469 2109 4520; x_wconf 82' lang='lat' dir='ltr'><strong>sic.</strong></span> <span class='ocrx_word' id='word_1_660' title='bbox 2142 4462 2525 4548; x_wconf 80' lang='lat' dir='ltr'><strong>Drestriugat.</strong></span> <span class='ocrx_word' id='word_1_661' title='bbox 2575 4463 2681 4517; x_wconf 83' lang='lat' dir='ltr'><strong>Sed</strong></span> <span class='ocrx_word' id='word_1_662' title='bbox 2726 4462 2877 4531; x_wconf 89' lang='lat' dir='ltr'><strong>prius</strong></span> <span class='ocrx_word' id='word_1_663' title='bbox 2926 4461 3308 4548; x_wconf 48' lang='lat' dir='ltr'><strong>praeﬁngatur,</strong></span> <span class='ocrx_word' id='word_1_664' title='bbox 3348 4470 3406 4515; x_wconf 90' lang='lat' dir='ltr'><strong>et</strong></span> <span class='ocrx_word' id='word_1_665' title='bbox 3451 4461 3803 4529; x_wconf 83' lang='lat' dir='ltr'><strong>postmodum</strong></span> 
     </span>
    </p>
   </div>
   <div class='ocr_carea' id='block_1_91' title="bbox 538 4538 2112 4627">
    <p class='ocr_par' dir='ltr' id='par_1_91' title="bbox 538 4538 2112 4627">
     <span class='ocr_line' id='line_1_91' title="bbox 538 4538 2112 4627; baseline -0.001 -15"><span class='ocrx_word' id='word_1_666' title='bbox 538 4538 639 4612; x_wconf 77' lang='lat' dir='ltr'><strong>Hic</strong></span> <span class='ocrx_word' id='word_1_667' title='bbox 665 4557 850 4621; x_wconf 85' lang='lat' dir='ltr'><strong>etiam,</strong></span> <span class='ocrx_word' id='word_1_668' title='bbox 893 4556 1049 4627; x_wconf 80' lang='lat' dir='ltr'><strong>juxta</strong></span> <span class='ocrx_word' id='word_1_669' title='bbox 1097 4557 1354 4619; x_wconf 82' lang='lat' dir='ltr'><strong>litteram,</strong></span> <span class='ocrx_word' id='word_1_670' title='bbox 1404 4558 1471 4612; x_wconf 90' lang='lat' dir='ltr'><strong>de</strong></span> <span class='ocrx_word' id='word_1_671' title='bbox 1521 4557 1722 4611; x_wconf 86' lang='lat' dir='ltr'><strong>virtute</strong></span> <span class='ocrx_word' id='word_1_672' title='bbox 1770 4556 2112 4612; x_wconf 84' lang='lat' dir='ltr'><strong>discretionis</strong></span> 
     </span>
    </p>
   </div>
   <div class='ocr_carea' id='block_1_92' title="bbox 539 4646 2115 4717">
    <p class='ocr_par' dir='ltr' id='par_1_92' title="bbox 539 4646 2115 4717">
     <span class='ocr_line' id='line_1_92' title="bbox 539 4646 2115 4717; baseline -0.001 -16"><span class='ocrx_word' id='word_1_673' title='bbox 539 4646 885 4702; x_wconf 89' lang='lat' dir='ltr'><strong>instruimur.</strong></span> <span class='ocrx_word' id='word_1_674' title='bbox 924 4648 1113 4702; x_wconf 85' lang='lat' dir='ltr'><strong>Petrus</strong></span> <span class='ocrx_word' id='word_1_675' title='bbox 1137 4648 1304 4713; x_wconf 88' lang='lat' dir='ltr'><strong>enim,</strong></span> <span class='ocrx_word' id='word_1_676' title='bbox 1338 4657 1394 4701; x_wconf 90' lang='lat' dir='ltr'><strong>ut.</strong></span> <span class='ocrx_word' id='word_1_677' title='bbox 1441 4647 1608 4717; x_wconf 78' lang='lat' dir='ltr'><strong>frigus</strong></span> <span class='ocrx_word' id='word_1_678' title='bbox 1653 4646 1826 4702; x_wconf 86' lang='lat' dir='ltr'><strong>noctis</strong></span> <span class='ocrx_word' id='word_1_679' title='bbox 1867 4646 1967 4700; x_wconf 87' lang='lat' dir='ltr'><strong>sibi</strong></span> <span class='ocrx_word' id='word_1_680' title='bbox 2014 4646 2115 4700; x_wconf 89' lang='lat' dir='ltr'><strong>ali-</strong></span> 
     </span>
    </p>
   </div>
   <div class='ocr_carea' id='block_1_93' title="bbox 539 4738 2113 4808">
    <p class='ocr_par' dir='ltr' id='par_1_93' title="bbox 539 4738 2113 4808">
     <span class='ocr_line' id='line_1_93' title="bbox 539 4738 2113 4808; baseline 0.001 -17"><span class='ocrx_word' id='word_1_681' title='bbox 539 4738 857 4808; x_wconf 83' lang='lat' dir='ltr'><strong>quantulum</strong></span> <span class='ocrx_word' id='word_1_682' title='bbox 886 4748 1233 4807; x_wconf 87' lang='lat' dir='ltr'><strong>temperaret,</strong></span> <span class='ocrx_word' id='word_1_683' title='bbox 1284 4739 1664 4794; x_wconf 83' lang='lat' dir='ltr'><strong>vestimentum</strong></span> <span class='ocrx_word' id='word_1_684' title='bbox 1704 4753 1809 4806; x_wconf 86' lang='lat' dir='ltr'><strong>quo</strong></span> <span class='ocrx_word' id='word_1_685' title='bbox 1856 4738 2113 4792; x_wconf 75' lang='lat' dir='ltr'><strong>indueba-</strong></span> 
     </span>
    </p>
   </div>
   <div class='ocr_carea' id='block_1_94' title="bbox 541 4827 2109 4899">
    <p class='ocr_par' dir='ltr' id='par_1_94' title="bbox 541 4827 2109 4899">
     <span class='ocr_line' id='line_1_94' title="bbox 541 4827 2109 4899; baseline -0.001 -17"><span class='ocrx_word' id='word_1_686' title='bbox 541 4836 650 4894; x_wconf 64' lang='lat' dir='ltr'><strong>tur,</strong></span> <span class='ocrx_word' id='word_1_687' title='bbox 680 4829 855 4884; x_wconf 89' lang='lat' dir='ltr'><strong>soluto</strong></span> <span class='ocrx_word' id='word_1_688' title='bbox 884 4829 1119 4899; x_wconf 85' lang='lat' dir='ltr'><strong>cingulo,</strong></span> <span class='ocrx_word' id='word_1_689' title='bbox 1151 4830 1296 4883; x_wconf 86' lang='lat' dir='ltr'><strong>circa</strong></span> <span class='ocrx_word' id='word_1_690' title='bbox 1339 4829 1503 4897; x_wconf 87' lang='lat' dir='ltr'><strong>pedes</strong></span> <span class='ocrx_word' id='word_1_691' title='bbox 1531 4828 1756 4882; x_wconf 88' lang='lat' dir='ltr'><strong>dimisit.</strong></span> <span class='ocrx_word' id='word_1_692' title='bbox 1794 4827 2109 4896; x_wconf 75' lang='lat' dir='ltr'><strong>EXcmplum</strong></span> 
     </span>
    </p>
   </div>
   <div class='ocr_carea' id='block_1_95' title="bbox 543 4917 2114 4990">
    <p class='ocr_par' dir='ltr' id='par_1_95' title="bbox 543 4917 2114 4990">
     <span class='ocr_line' id='line_1_95' title="bbox 543 4917 2114 4990; baseline -0.004 -13"><span class='ocrx_word' id='word_1_693' title='bbox 543 4922 698 4989; x_wconf 69' lang='lat' dir='ltr'><strong>nobis</strong></span> <span class='ocrx_word' id='word_1_694' title='bbox 743 4921 969 4976; x_wconf 73' lang='lat' dir='ltr'><strong>infirmis</strong></span> <span class='ocrx_word' id='word_1_695' title='bbox 1018 4921 1283 4990; x_wconf 68' lang='lat' dir='ltr'><strong>praebens,</strong></span> <span class='ocrx_word' id='word_1_696' title='bbox 1334 4933 1454 4973; x_wconf 91' lang='lat' dir='ltr'><strong>cum</strong></span> <span class='ocrx_word' id='word_1_697' title='bbox 1499 4919 1583 4973; x_wconf 86' lang='lat' dir='ltr'><strong>vel</strong></span> <span class='ocrx_word' id='word_1_698' title='bbox 1638 4919 1870 4972; x_wconf 84' lang='lat' dir='ltr'><strong>humana</strong></span> <span class='ocrx_word' id='word_1_699' title='bbox 1910 4917 2114 4971; x_wconf 67' lang='lat' dir='ltr'><strong>saivitia</strong></span> 
     </span>
    </p>
   </div>
   <div class='ocr_carea' id='block_1_96' title="bbox 547 5007 2114 5079">
    <p class='ocr_par' dir='ltr' id='par_1_96' title="bbox 547 5007 2114 5079">
     <span class='ocr_line' id='line_1_96' title="bbox 547 5007 2114 5079; baseline -0.003 -11"><span class='ocrx_word' id='word_1_700' title='bbox 547 5011 827 5075; x_wconf 68' lang='lat' dir='ltr'><strong>allicimur,</strong></span> <span class='ocrx_word' id='word_1_701' title='bbox 869 5011 953 5065; x_wconf 88' lang='lat' dir='ltr'><strong>vel</strong></span> <span class='ocrx_word' id='word_1_702' title='bbox 983 5010 1225 5079; x_wconf 86' lang='lat' dir='ltr'><strong>corporis</strong></span> <span class='ocrx_word' id='word_1_703' title='bbox 1256 5008 1571 5064; x_wconf 77' lang='lat' dir='ltr'><strong>inﬁrmitate</strong></span> <span class='ocrx_word' id='word_1_704' title='bbox 1600 5024 1913 5075; x_wconf 81' lang='lat' dir='ltr'><strong>gravamur,</strong></span> <span class='ocrx_word' id='word_1_705' title='bbox 1949 5007 2114 5063; x_wconf 91' lang='lat' dir='ltr'><strong>licere</strong></span> 
     </span>
    </p>
   </div>
   <div class='ocr_carea' id='block_1_97' title="bbox 544 5098 2111 5171">
    <p class='ocr_par' dir='ltr' id='par_1_97' title="bbox 544 5098 2111 5171">
     <span class='ocr_line' id='line_1_97' title="bbox 544 5098 2111 5171; baseline -0.003 -16"><span class='ocrx_word' id='word_1_706' title='bbox 544 5101 699 5156; x_wconf 88' lang='lat' dir='ltr'><strong>nobis</strong></span> <span class='ocrx_word' id='word_1_707' title='bbox 727 5102 929 5170; x_wconf 87' lang='lat' dir='ltr'><strong>aliquid</strong></span> <span class='ocrx_word' id='word_1_708' title='bbox 973 5103 1039 5156; x_wconf 87' lang='lat' dir='ltr'><strong>de</strong></span> <span class='ocrx_word' id='word_1_709' title='bbox 1089 5099 1349 5171; x_wconf 89' lang='lat' dir='ltr'><strong>propositi</strong></span> <span class='ocrx_word' id='word_1_710' title='bbox 1393 5099 1571 5170; x_wconf 83' lang='lat' dir='ltr'><strong>rigore</strong></span> <span class='ocrx_word' id='word_1_711' title='bbox 1600 5099 1822 5152; x_wconf 81' lang='lat' dir='ltr'><strong>laxare:</strong></span> <span class='ocrx_word' id='word_1_712' title='bbox 1876 5107 1956 5165; x_wconf 91' lang='lat' dir='ltr'><strong>ut,</strong></span> <span class='ocrx_word' id='word_1_713' title='bbox 1987 5098 2111 5152; x_wconf 89' lang='lat' dir='ltr'><strong>dum</strong></span> 
     </span>
    </p>
   </div>
   <div class='ocr_carea' id='block_1_98' title="bbox 545 5188 2113 5259">
    <p class='ocr_par' dir='ltr' id='par_1_98' title="bbox 545 5188 2113 5259">
     <span class='ocr_line' id='line_1_98' title="bbox 545 5188 2113 5259; baseline 0 -16"><span class='ocrx_word' id='word_1_714' title='bbox 545 5188 823 5259; x_wconf 88' lang='lat' dir='ltr'><strong>fragilitati</strong></span> <span class='ocrx_word' id='word_1_715' title='bbox 867 5189 1110 5258; x_wconf 83' lang='lat' dir='ltr'><strong>corporis</strong></span> <span class='ocrx_word' id='word_1_716' title='bbox 1138 5191 1191 5244; x_wconf 90' lang='lat' dir='ltr'><strong>in</strong></span> <span class='ocrx_word' id='word_1_717' title='bbox 1220 5189 1458 5244; x_wconf 87' lang='lat' dir='ltr'><strong>minimis</strong></span> <span class='ocrx_word' id='word_1_718' title='bbox 1497 5188 2000 5250; x_wconf 85' lang='lat' dir='ltr'><strong>condesceudimus,</strong></span> <span class='ocrx_word' id='word_1_719' title='bbox 2030 5188 2113 5243; x_wconf 85' lang='lat' dir='ltr'><strong>vi-</strong></span> 
     </span>
    </p>
   </div>
   <div class='ocr_carea' id='block_1_99' title="bbox 545 5272 2113 5349">
    <p class='ocr_par' dir='ltr' id='par_1_99' title="bbox 545 5272 2113 5349">
     <span class='ocr_line' id='line_1_99' title="bbox 545 5272 2113 5349; baseline -0.001 -14"><span class='ocrx_word' id='word_1_720' title='bbox 545 5293 637 5335; x_wconf 88' lang='lat' dir='ltr'><strong>res</strong></span> <span class='ocrx_word' id='word_1_721' title='bbox 674 5277 822 5334; x_wconf 90' lang='lat' dir='ltr'><strong>illinc</strong></span> <span class='ocrx_word' id='word_1_722' title='bbox 862 5272 1096 5349; x_wconf 76' lang='lat' dir='ltr'><strong>m&#39;ajores</strong></span> <span class='ocrx_word' id='word_1_723' title='bbox 1151 5279 1217 5333; x_wconf 85' lang='lat' dir='ltr'><strong>ad</strong></span> <span class='ocrx_word' id='word_1_724' title='bbox 1261 5281 1619 5334; x_wconf 79' lang='lat' dir='ltr'><strong>exercendqu</strong></span> <span class='ocrx_word' id='word_1_725' title='bbox 1676 5287 1950 5333; x_wconf 87' lang='lat' dir='ltr'><strong>certamen</strong></span> <span class='ocrx_word' id='word_1_726' title='bbox 1991 5277 2113 5334; x_wconf 83' lang='lat' dir='ltr'><strong>fidei</strong></span> 
     </span>
    </p>
   </div>
   <div class='ocr_carea' id='block_1_100' title="bbox 545 5366 2114 5439">
    <p class='ocr_par' dir='ltr' id='par_1_100' title="bbox 545 5366 2114 5439">
     <span class='ocr_line' id='line_1_100' title="bbox 545 5366 2114 5439; baseline -0.001 -15"><span class='ocrx_word' id='word_1_727' title='bbox 545 5383 878 5439; x_wconf 83' lang='lat' dir='ltr'><strong>reparemus.</strong></span> <span class='ocrx_word' id='word_1_728' title='bbox 909 5366 1069 5422; x_wconf 84' lang='lat' dir='ltr'><strong>Juxta</strong></span> <span class='ocrx_word' id='word_1_729' title='bbox 1100 5369 1369 5423; x_wconf 89' lang='lat' dir='ltr'><strong>internam</strong></span> <span class='ocrx_word' id='word_1_730' title='bbox 1398 5382 1526 5423; x_wconf 87' lang='lat' dir='ltr'><strong>vero</strong></span> <span class='ocrx_word' id='word_1_731' title='bbox 1554 5367 1958 5438; x_wconf 88' lang='lat' dir='ltr'><strong>intelligentiam</strong></span> <span class='ocrx_word' id='word_1_732' title='bbox 1984 5381 2114 5436; x_wconf 75' lang='lat' dir='ltr'><strong>prte-</strong></span> 
     </span>
    </p>
   </div>
   <div class='ocr_carea' id='block_1_101' title="bbox 546 5456 2116 5529">
    <p class='ocr_par' dir='ltr' id='par_1_101' title="bbox 546 5456 2116 5529">
     <span class='ocr_line' id='line_1_101' title="bbox 546 5456 2116 5529; baseline 0 -16"><span class='ocrx_word' id='word_1_733' title='bbox 546 5458 758 5514; x_wconf 85' lang='lat' dir='ltr'><strong>dicatur</strong></span> <span class='ocrx_word' id='word_1_734' title='bbox 808 5470 1146 5528; x_wconf 88' lang='lat' dir='ltr'><strong>peccatorem</strong></span> <span class='ocrx_word' id='word_1_735' title='bbox 1196 5458 1449 5529; x_wconf 65' lang='lat' dir='ltr'><strong>praecingi</strong></span> <span class='ocrx_word' id='word_1_736' title='bbox 1492 5459 1746 5527; x_wconf 89' lang='lat' dir='ltr'><strong>imperat,</strong></span> <span class='ocrx_word' id='word_1_737' title='bbox 1785 5473 1909 5514; x_wconf 91' lang='lat' dir='ltr'><strong>cum</strong></span> <span class='ocrx_word' id='word_1_738' title='bbox 1962 5456 2116 5513; x_wconf 88' lang='lat' dir='ltr'><strong>illum</strong></span> 
     </span>
    </p>
   </div>
   <div class='ocr_carea' id='block_1_102' title="bbox 546 5547 2117 5619">
    <p class='ocr_par' dir='ltr' id='par_1_102' title="bbox 546 5547 2117 5619">
     <span class='ocr_line' id='line_1_102' title="bbox 546 5547 2117 5619; baseline -0.003 -15"><span class='ocrx_word' id='word_1_739' title='bbox 546 5550 797 5604; x_wconf 89' lang='lat' dir='ltr'><strong>hortatur</strong></span> <span class='ocrx_word' id='word_1_740' title='bbox 824 5558 882 5603; x_wconf 92' lang='lat' dir='ltr'><strong>ut</strong></span> <span class='ocrx_word' id='word_1_741' title='bbox 907 5548 1135 5605; x_wconf 64' lang='lat' dir='ltr'><strong>luxuria:</strong></span> <span class='ocrx_word' id='word_1_742' title='bbox 1174 5548 1319 5604; x_wconf 80' lang='lat' dir='ltr'><strong>ﬂuxa</strong></span> <span class='ocrx_word' id='word_1_743' title='bbox 1344 5548 1561 5619; x_wconf 85' lang='lat' dir='ltr'><strong>cingulo</strong></span> <span class='ocrx_word' id='word_1_744' title='bbox 1587 5547 1855 5603; x_wconf 82' lang='lat' dir='ltr'><strong>castitatis</strong></span> <span class='ocrx_word' id='word_1_745' title='bbox 1889 5547 2117 5602; x_wconf 89' lang='lat' dir='ltr'><strong>restrin-</strong></span> 
     </span>
    </p>
   </div>
   <div class='ocr_carea' id='block_1_103' title="bbox 547 5637 2117 5711">
    <p class='ocr_par' dir='ltr' id='par_1_103' title="bbox 547 5637 2117 5711">
     <span class='ocr_line' id='line_1_103' title="bbox 547 5637 2117 5711; baseline 0 -20"><span class='ocrx_word' id='word_1_746' title='bbox 547 5646 657 5709; x_wconf 84' lang='lat' dir='ltr'><strong>gat.</strong></span> <span class='ocrx_word' id='word_1_747' title='bbox 687 5637 799 5695; x_wconf 87' lang='lat' dir='ltr'><strong>lluc</strong></span> <span class='ocrx_word' id='word_1_748' title='bbox 825 5639 1041 5711; x_wconf 90' lang='lat' dir='ltr'><strong>cingulo</strong></span> <span class='ocrx_word' id='word_1_749' title='bbox 1065 5639 1356 5710; x_wconf 87' lang='lat' dir='ltr'><strong>discipulos</strong></span> <span class='ocrx_word' id='word_1_750' title='bbox 1403 5654 1530 5695; x_wconf 85' lang='lat' dir='ltr'><strong>suos</strong></span> <span class='ocrx_word' id='word_1_751' title='bbox 1556 5638 1823 5694; x_wconf 86' lang='lat' dir='ltr'><strong>castitatis</strong></span> <span class='ocrx_word' id='word_1_752' title='bbox 1861 5637 2117 5707; x_wconf 85' lang='lat' dir='ltr'><strong>magister</strong></span> 
     </span>
    </p>
   </div>
   <div class='ocr_carea' id='block_1_104' title="bbox 544 5730 2115 5805">
    <p class='ocr_par' dir='ltr' id='par_1_104' title="bbox 544 5730 2115 5805">
     <span class='ocr_line' id='line_1_104' title="bbox 544 5730 2115 5805; baseline -0.002 -16"><span class='ocrx_word' id='word_1_753' title='bbox 544 5731 926 5805; x_wconf 74' lang='lat' dir='ltr'><strong>prtccingebat,</strong></span> <span class='ocrx_word' id='word_1_754' title='bbox 964 5749 1086 5790; x_wconf 88' lang='lat' dir='ltr'><strong>cum</strong></span> <span class='ocrx_word' id='word_1_755' title='bbox 1132 5733 1372 5790; x_wconf 86' lang='lat' dir='ltr'><strong>diceret:</strong></span> <span class='ocrx_word' id='word_1_756' title='bbox 1428 5731 1548 5786; x_wconf 85' lang='lat' dir='ltr'><strong>Sint</strong></span> <span class='ocrx_word' id='word_1_757' title='bbox 1593 5730 1757 5786; x_wconf 77' lang='lat' dir='ltr'><strong>lunibi</strong></span> <span class='ocrx_word' id='word_1_758' title='bbox 1799 5730 1955 5786; x_wconf 74' lang='lat' dir='ltr'><strong>vestri</strong></span> <span class='ocrx_word' id='word_1_759' title='bbox 1981 5745 2115 5786; x_wconf 73' lang='lat' dir='ltr'><strong>orte-</strong></span> 
     </span>
    </p>
   </div>
   <div class='ocr_carea' id='block_1_105' title="bbox 2215 4546 3805 4619">
    <p class='ocr_par' dir='ltr' id='par_1_105' title="bbox 2215 4546 3805 4619">
     <span class='ocr_line' id='line_1_105' title="bbox 2215 4546 3805 4619; baseline -0.004 -13"><span class='ocrx_word' id='word_1_760' title='bbox 2215 4552 2516 4606; x_wconf 86' lang='lat' dir='ltr'><strong>calceetnr:</strong></span> <span class='ocrx_word' id='word_1_761' title='bbox 2563 4558 2621 4604; x_wconf 92' lang='lat' dir='ltr'><strong>ut</strong></span> <span class='ocrx_word' id='word_1_762' title='bbox 2657 4549 2806 4619; x_wconf 90' lang='lat' dir='ltr'><strong>prius</strong></span> <span class='ocrx_word' id='word_1_763' title='bbox 2835 4548 2887 4604; x_wconf 91' lang='lat' dir='ltr'><strong>in</strong></span> <span class='ocrx_word' id='word_1_764' title='bbox 2928 4563 2988 4603; x_wconf 90' lang='lat' dir='ltr'><strong>se</strong></span> <span class='ocrx_word' id='word_1_765' title='bbox 3015 4549 3242 4603; x_wconf 67' lang='lat' dir='ltr'><strong>luxuriae</strong></span> <span class='ocrx_word' id='word_1_766' title='bbox 3268 4546 3473 4601; x_wconf 79' lang='lat' dir='ltr'><strong>fluxum</strong></span> <span class='ocrx_word' id='word_1_767' title='bbox 3520 4548 3805 4618; x_wconf 64' lang='lat' dir='ltr'><strong>pudicitiae</strong></span> 
     </span>
    </p>
   </div>
   <div class='ocr_carea' id='block_1_106' title="bbox 2212 4637 3845 4713">
    <p class='ocr_par' dir='ltr' id='par_1_106' title="bbox 2212 4637 3845 4713">
     <span class='ocr_line' id='line_1_106' title="bbox 2212 4637 3845 4713; baseline -0.004 -18"><span class='ocrx_word' id='word_1_768' title='bbox 2212 4642 2391 4713; x_wconf 87' lang='lat' dir='ltr'><strong>rigore</strong></span> <span class='ocrx_word' id='word_1_769' title='bbox 2436 4641 2749 4710; x_wconf 72' lang='lat' dir='ltr'><strong>restringat,</strong></span> <span class='ocrx_word' id='word_1_770' title='bbox 2786 4647 2839 4693; x_wconf 90' lang='lat' dir='ltr'><strong>et</strong></span> <span class='ocrx_word' id='word_1_771' title='bbox 2874 4650 3085 4709; x_wconf 88' lang='lat' dir='ltr'><strong>postea,</strong></span> <span class='ocrx_word' id='word_1_772' title='bbox 3125 4639 3179 4693; x_wconf 90' lang='lat' dir='ltr'><strong>in</strong></span> <span class='ocrx_word' id='word_1_773' title='bbox 3213 4640 3388 4708; x_wconf 90' lang='lat' dir='ltr'><strong>seipso</strong></span> <span class='ocrx_word' id='word_1_774' title='bbox 3407 4637 3521 4705; x_wconf 83' lang='lat' dir='ltr'><strong>jam</strong></span> <span class='ocrx_word' id='word_1_775' title='bbox 3550 4647 3800 4708; x_wconf 79' lang='lat' dir='ltr'><strong>pacatus,</strong></span> <span class='ocrx_word' id='word_1_776' title='bbox 3820 4683 3845 4711; x_wconf 32' lang='grc' dir='ltr'>,η</span> 
     </span>
    </p>
   </div>
   <div class='ocr_carea' id='block_1_107' title="bbox 2214 4726 3804 4802">
    <p class='ocr_par' dir='ltr' id='par_1_107' title="bbox 2214 4726 3804 4802">
     <span class='ocr_line' id='line_1_107' title="bbox 2214 4726 3804 4802; baseline -0.004 -15"><span class='ocrx_word' id='word_1_777' title='bbox 2214 4734 2266 4787; x_wconf 91' lang='lat' dir='ltr'><strong>in</strong></span> <span class='ocrx_word' id='word_1_778' title='bbox 2303 4731 2698 4802; x_wconf 72' lang='lat' dir='ltr'><strong>praeparatione</strong></span> <span class='ocrx_word' id='word_1_779' title='bbox 2748 4730 3021 4799; x_wconf 84' lang='lat' dir='ltr'><strong>Evangelii</strong></span> <span class='ocrx_word' id='word_1_780' title='bbox 3074 4731 3225 4801; x_wconf 87' lang='lat' dir='ltr'><strong>pacis</strong></span> <span class='ocrx_word' id='word_1_781' title='bbox 3277 4727 3528 4784; x_wconf 86' lang='lat' dir='ltr'><strong>calceatis</strong></span> <span class='ocrx_word' id='word_1_782' title='bbox 3570 4726 3804 4797; x_wconf 81' lang='lat' dir='ltr'><strong>pedibus</strong></span> 
     </span>
    </p>
   </div>
   <div class='ocr_carea' id='block_1_108' title="bbox 2215 4821 3805 4891">
    <p class='ocr_par' dir='ltr' id='par_1_108' title="bbox 2215 4821 3805 4891">
     <span class='ocr_line' id='line_1_108' title="bbox 2215 4821 3805 4891; baseline -0.003 -12"><span class='ocrx_word' id='word_1_783' title='bbox 2215 4826 2447 4879; x_wconf 85' lang='lat' dir='ltr'><strong>incedat.</strong></span> <span class='ocrx_word' id='word_1_784' title='bbox 2474 4823 2755 4880; x_wconf 86' lang='lat' dir='ltr'><strong>Calceatos</strong></span> <span class='ocrx_word' id='word_1_785' title='bbox 2784 4833 2963 4878; x_wconf 89' lang='lat' dir='ltr'><strong>autem</strong></span> <span class='ocrx_word' id='word_1_786' title='bbox 2996 4824 3159 4891; x_wconf 88' lang='lat' dir='ltr'><strong>pedes</strong></span> <span class='ocrx_word' id='word_1_787' title='bbox 3190 4823 3390 4877; x_wconf 83' lang='lat' dir='ltr'><strong>habere</strong></span> <span class='ocrx_word' id='word_1_788' title='bbox 3418 4821 3805 4891; x_wconf 63' lang='lat' dir='ltr'><strong>praedicatores</strong></span> 
     </span>
    </p>
   </div>
   <div class='ocr_carea' id='block_1_109' title="bbox 2208 4911 3806 4982">
    <p class='ocr_par' dir='ltr' id='par_1_109' title="bbox 2208 4911 3806 4982">
     <span class='ocr_line' id='line_1_109' title="bbox 2208 4911 3806 4982; baseline -0.003 -13"><span class='ocrx_word' id='word_1_789' title='bbox 2208 4913 2488 4982; x_wconf 90' lang='lat' dir='ltr'><strong>jubentur,</strong></span> <span class='ocrx_word' id='word_1_790' title='bbox 2534 4923 2595 4968; x_wconf 89' lang='lat' dir='ltr'><strong>ut</strong></span> <span class='ocrx_word' id='word_1_791' title='bbox 2637 4913 2704 4968; x_wconf 91' lang='lat' dir='ltr'><strong>ad</strong></span> <span class='ocrx_word' id='word_1_792' title='bbox 2748 4912 3148 4982; x_wconf 69' lang='lat' dir='ltr'><strong>praedicandum</strong></span> <span class='ocrx_word' id='word_1_793' title='bbox 3191 4911 3365 4981; x_wconf 89' lang='lat' dir='ltr'><strong>parati</strong></span> <span class='ocrx_word' id='word_1_794' title='bbox 3414 4926 3628 4980; x_wconf 87' lang='lat' dir='ltr'><strong>semper</strong></span> <span class='ocrx_word' id='word_1_795' title='bbox 3676 4923 3806 4965; x_wconf 74' lang='lat' dir='ltr'><strong>esse</strong></span> 
     </span>
    </p>
   </div>
   <div class='ocr_carea' id='block_1_110' title="bbox 2215 5002 3801 5072">
    <p class='ocr_par' dir='ltr' id='par_1_110' title="bbox 2215 5002 3801 5072">
     <span class='ocr_line' id='line_1_110' title="bbox 2215 5002 3801 5072; baseline -0.003 -11"><span class='ocrx_word' id='word_1_796' title='bbox 2215 5005 2413 5061; x_wconf 86' lang='lat' dir='ltr'><strong>debere</strong></span> <span class='ocrx_word' id='word_1_797' title='bbox 2438 5014 2825 5059; x_wconf 88' lang='lat' dir='ltr'><strong>monstrentur.</strong></span> <span class='ocrx_word' id='word_1_798' title='bbox 2858 5002 2991 5057; x_wconf 86' lang='lat' dir='ltr'><strong>Nam</strong></span> <span class='ocrx_word' id='word_1_799' title='bbox 3027 5004 3181 5072; x_wconf 79' lang='lat' dir='ltr'><strong>quasi</strong></span> <span class='ocrx_word' id='word_1_800' title='bbox 3219 5003 3573 5058; x_wconf 85' lang='lat' dir='ltr'><strong>discalceatus</strong></span> <span class='ocrx_word' id='word_1_801' title='bbox 3597 5003 3801 5072; x_wconf 63' lang='lat' dir='ltr'><strong>praedio</strong></span> 
     </span>
    </p>
   </div>
   <div class='ocr_carea' id='block_1_111' title="bbox 2215 5092 3799 5165">
    <p class='ocr_par' dir='ltr' id='par_1_111' title="bbox 2215 5092 3799 5165">
     <span class='ocr_line' id='line_1_111' title="bbox 2215 5092 3799 5165; baseline -0.003 -14"><span class='ocrx_word' id='word_1_802' title='bbox 2215 5106 2367 5152; x_wconf 84' lang='lat' dir='ltr'><strong>calor</strong></span> <span class='ocrx_word' id='word_1_803' title='bbox 2389 5105 2472 5152; x_wconf 87' lang='lat' dir='ltr'><strong>est</strong></span> <span class='ocrx_word' id='word_1_804' title='bbox 2502 5095 2593 5165; x_wconf 91' lang='lat' dir='ltr'><strong>qui</strong></span> <span class='ocrx_word' id='word_1_805' title='bbox 2622 5109 2726 5149; x_wconf 91' lang='lat' dir='ltr'><strong>non</strong></span> <span class='ocrx_word' id='word_1_806' title='bbox 2758 5108 2971 5163; x_wconf 88' lang='lat' dir='ltr'><strong>semper</strong></span> <span class='ocrx_word' id='word_1_807' title='bbox 2997 5102 3082 5147; x_wconf 90' lang='lat' dir='ltr'><strong>est</strong></span> <span class='ocrx_word' id='word_1_808' title='bbox 3115 5093 3183 5147; x_wconf 89' lang='lat' dir='ltr'><strong>ad</strong></span> <span class='ocrx_word' id='word_1_809' title='bbox 3211 5092 3511 5147; x_wconf 90' lang='lat' dir='ltr'><strong>docendum</strong></span> <span class='ocrx_word' id='word_1_810' title='bbox 3538 5101 3799 5162; x_wconf 81' lang='lat' dir='ltr'><strong>paratus;</strong></span> 
     </span>
    </p>
   </div>
   <div class='ocr_carea' id='block_1_112' title="bbox 2215 5187 3806 5259">
    <p class='ocr_par' dir='ltr' id='par_1_112' title="bbox 2215 5187 3806 5259">
     <span class='ocr_line' id='line_1_112' title="bbox 2215 5187 3806 5259; baseline 0 -16"><span class='ocrx_word' id='word_1_811' title='bbox 2215 5202 2373 5259; x_wconf 88' lang='lat' dir='ltr'><strong>quem</strong></span> <span class='ocrx_word' id='word_1_812' title='bbox 2398 5205 2520 5244; x_wconf 91' lang='lat' dir='ltr'><strong>cum</strong></span> <span class='ocrx_word' id='word_1_813' title='bbox 2544 5189 2788 5244; x_wconf 88' lang='lat' dir='ltr'><strong>subditus</strong></span> <span class='ocrx_word' id='word_1_814' title='bbox 2823 5190 2890 5243; x_wconf 90' lang='lat' dir='ltr'><strong>de</strong></span> <span class='ocrx_word' id='word_1_815' title='bbox 2924 5187 3104 5256; x_wconf 88' lang='lat' dir='ltr'><strong>aliqua</strong></span> <span class='ocrx_word' id='word_1_816' title='bbox 3145 5187 3453 5243; x_wconf 87' lang='lat' dir='ltr'><strong>necessaria</strong></span> <span class='ocrx_word' id='word_1_817' title='bbox 3499 5188 3806 5257; x_wconf 73' lang='lat' dir='ltr'><strong>quaestian</strong></span> 
     </span>
    </p>
   </div>
   <div class='ocr_carea' id='block_1_113' title="bbox 2216 5277 3803 5349">
    <p class='ocr_par' dir='ltr' id='par_1_113' title="bbox 2216 5277 3803 5349">
     <span class='ocr_line' id='line_1_113' title="bbox 2216 5277 3803 5349; baseline -0.001 -15"><span class='ocrx_word' id='word_1_818' title='bbox 2216 5280 2533 5349; x_wconf 88' lang='lat' dir='ltr'><strong>interrogat,</strong></span> <span class='ocrx_word' id='word_1_819' title='bbox 2583 5279 2710 5334; x_wconf 90' lang='lat' dir='ltr'><strong>hinc</strong></span> <span class='ocrx_word' id='word_1_820' title='bbox 2747 5278 2980 5347; x_wconf 90' lang='lat' dir='ltr'><strong>primum</strong></span> <span class='ocrx_word' id='word_1_821' title='bbox 3014 5277 3207 5348; x_wconf 89' lang='lat' dir='ltr'><strong>incipit</strong></span> <span class='ocrx_word' id='word_1_822' title='bbox 3240 5292 3513 5347; x_wconf 66' lang='lat' dir='ltr'><strong>quaerere,</strong></span> <span class='ocrx_word' id='word_1_823' title='bbox 3545 5292 3671 5332; x_wconf 83' lang='lat' dir='ltr'><strong>cum</strong></span> <span class='ocrx_word' id='word_1_824' title='bbox 3701 5277 3803 5333; x_wconf 58' lang='lat' dir='ltr'><strong>de-</strong></span> 
     </span>
    </p>
   </div>
   <div class='ocr_carea' id='block_1_114' title="bbox 2214 5370 3807 5440">
    <p class='ocr_par' dir='ltr' id='par_1_114' title="bbox 2214 5370 3807 5440">
     <span class='ocr_line' id='line_1_114' title="bbox 2214 5370 3807 5440; baseline -0.002 -12"><span class='ocrx_word' id='word_1_825' title='bbox 2214 5372 2341 5428; x_wconf 86' lang='lat' dir='ltr'><strong>beat</strong></span> <span class='ocrx_word' id='word_1_826' title='bbox 2366 5371 2712 5440; x_wconf 88' lang='lat' dir='ltr'><strong>respondere.</strong></span> <span class='ocrx_word' id='word_1_827' title='bbox 2743 5370 2855 5427; x_wconf 85' lang='lat' dir='ltr'><strong>Hoc</strong></span> <span class='ocrx_word' id='word_1_828' title='bbox 2883 5370 3286 5440; x_wconf 68' lang='lat' dir='ltr'><strong>praxiicationis</strong></span> <span class='ocrx_word' id='word_1_829' title='bbox 3303 5370 3671 5425; x_wconf 86' lang='lat' dir='ltr'><strong>calceamento</strong></span> <span class='ocrx_word' id='word_1_830' title='bbox 3690 5382 3807 5424; x_wconf 75' lang='lat' dir='ltr'><strong>ma~</strong></span> 
     </span>
    </p>
   </div>
   <div class='ocr_carea' id='block_1_115' title="bbox 2214 5458 3802 5532">
    <p class='ocr_par' dir='ltr' id='par_1_115' title="bbox 2214 5458 3802 5532">
     <span class='ocr_line' id='line_1_115' title="bbox 2214 5458 3802 5532; baseline 0 -19"><span class='ocrx_word' id='word_1_831' title='bbox 2214 5462 2414 5532; x_wconf 87' lang='lat' dir='ltr'><strong>gistros</strong></span> <span class='ocrx_word' id='word_1_832' title='bbox 2441 5460 2697 5516; x_wconf 70' lang='lat' dir='ltr'><strong>Ecclesiae</strong></span> <span class='ocrx_word' id='word_1_833' title='bbox 2722 5460 2919 5516; x_wconf 88' lang='lat' dir='ltr'><strong>Petrus</strong></span> <span class='ocrx_word' id='word_1_834' title='bbox 2945 5460 3243 5523; x_wconf 87' lang='lat' dir='ltr'><strong>calceabat,</strong></span> <span class='ocrx_word' id='word_1_835' title='bbox 3265 5474 3389 5514; x_wconf 89' lang='lat' dir='ltr'><strong>cum</strong></span> <span class='ocrx_word' id='word_1_836' title='bbox 3415 5460 3649 5515; x_wconf 83' lang='lat' dir='ltr'><strong>diceret:</strong></span> <span class='ocrx_word' id='word_1_837' title='bbox 3683 5458 3802 5514; x_wconf 83' lang='lat' dir='ltr'><strong>Pa-</strong></span> 
     </span>
    </p>
   </div>
   <div class='ocr_carea' id='block_1_116' title="bbox 2216 5552 3803 5623">
    <p class='ocr_par' dir='ltr' id='par_1_116' title="bbox 2216 5552 3803 5623">
     <span class='ocr_line' id='line_1_116' title="bbox 2216 5552 3803 5623; baseline 0 -16"><span class='ocrx_word' id='word_1_838' title='bbox 2216 5554 2318 5607; x_wconf 84' lang='lat' dir='ltr'><strong>rati</strong></span> <span class='ocrx_word' id='word_1_839' title='bbox 2354 5568 2557 5623; x_wconf 86' lang='lat' dir='ltr'><strong>semper</strong></span> <span class='ocrx_word' id='word_1_840' title='bbox 2598 5552 2668 5607; x_wconf 84' lang='lat' dir='ltr'><strong>ad</strong></span> <span class='ocrx_word' id='word_1_841' title='bbox 2705 5552 3118 5623; x_wconf 77' lang='lat' dir='ltr'><strong>satisfactionem</strong></span> <span class='ocrx_word' id='word_1_842' title='bbox 3152 5553 3294 5606; x_wconf 85' lang='lat' dir='ltr'><strong>omni</strong></span> <span class='ocrx_word' id='word_1_843' title='bbox 3335 5552 3564 5622; x_wconf 81' lang='lat' dir='ltr'><strong>poscenti</strong></span> <span class='ocrx_word' id='word_1_844' title='bbox 3596 5567 3688 5606; x_wconf 76' lang='lat' dir='ltr'><strong>eos</strong></span> <span class='ocrx_word' id='word_1_845' title='bbox 3717 5568 3803 5607; x_wconf 63' lang='lat' dir='ltr'><strong>re.</strong></span> 
     </span>
    </p>
   </div>
   <div class='ocr_carea' id='block_1_117' title="bbox 2214 5639 3804 5713">
    <p class='ocr_par' dir='ltr' id='par_1_117' title="bbox 2214 5639 3804 5713">
     <span class='ocr_line' id='line_1_117' title="bbox 2214 5639 3804 5713; baseline 0 -17"><span class='ocrx_word' id='word_1_846' title='bbox 2214 5643 2407 5697; x_wconf 86' lang='lat' dir='ltr'><strong>tionem</strong></span> <span class='ocrx_word' id='word_1_847' title='bbox 2445 5643 2591 5712; x_wconf 80' lang='lat' dir='ltr'><strong>ﬁdei,</strong></span> <span class='ocrx_word' id='word_1_848' title='bbox 2614 5643 2677 5697; x_wconf 83' lang='lat' dir='ltr'><strong>de</strong></span> <span class='ocrx_word' id='word_1_849' title='bbox 2704 5659 2765 5697; x_wconf 90' lang='lat' dir='ltr'><strong>ea</strong></span> <span class='ocrx_word' id='word_1_850' title='bbox 2790 5658 2907 5713; x_wconf 66' lang='lat' dir='ltr'><strong>qua</strong></span> <span class='ocrx_word' id='word_1_851' title='bbox 2939 5642 2995 5697; x_wconf 83' lang='lat' dir='ltr'><strong>in</strong></span> <span class='ocrx_word' id='word_1_852' title='bbox 3022 5641 3164 5696; x_wconf 75' lang='lat' dir='ltr'><strong>vobis</strong></span> <span class='ocrx_word' id='word_1_853' title='bbox 3190 5651 3265 5696; x_wconf 77' lang='lat' dir='ltr'><strong>est</strong></span> <span class='ocrx_word' id='word_1_854' title='bbox 3291 5658 3398 5711; x_wconf 79' lang='lat' dir='ltr'><strong>spe.</strong></span> <span class='ocrx_word' id='word_1_855' title='bbox 3430 5639 3540 5696; x_wconf 86' lang='lat' dir='ltr'><strong>Sed</strong></span> <span class='ocrx_word' id='word_1_856' title='bbox 3567 5641 3633 5695; x_wconf 85' lang='lat' dir='ltr'><strong>ad</strong></span> <span class='ocrx_word' id='word_1_857' title='bbox 3662 5641 3804 5696; x_wconf 75' lang='lat' dir='ltr'><strong>hanc</strong></span> 
     </span>
    </p>
   </div>
   <div class='ocr_carea' id='block_1_118' title="bbox 2214 5731 3809 5815">
    <p class='ocr_par' dir='ltr' id='par_1_118' title="bbox 2214 5731 3809 5815">
     <span class='ocr_line' id='line_1_118' title="bbox 2214 5731 3809 5815; baseline 0.001 -28"><span class='ocrx_word' id='word_1_858' title='bbox 2214 5731 2598 5815; x_wconf 66' lang='lat' dir='ltr'><strong>perfectionem</strong></span> <span class='ocrx_word' id='word_1_859' title='bbox 2640 5733 2729 5789; x_wconf 82' lang='lat' dir='ltr'><strong>ille</strong></span> <span class='ocrx_word' id='word_1_860' title='bbox 2760 5732 3081 5815; x_wconf 63' lang='lat' dir='ltr'><strong>quapdoquc</strong></span> <span class='ocrx_word' id='word_1_861' title='bbox 3124 5732 3376 5804; x_wconf 79' lang='lat' dir='ltr'><strong>pertingit</strong></span> <span class='ocrx_word' id='word_1_862' title='bbox 3408 5731 3522 5803; x_wconf 85' lang='lat' dir='ltr'><strong>qui,</strong></span> <span class='ocrx_word' id='word_1_863' title='bbox 3570 5747 3699 5788; x_wconf 81' lang='lat' dir='ltr'><strong>cum</strong></span> <span class='ocrx_word' id='word_1_864' title='bbox 3734 5731 3809 5793; x_wconf 77' lang='lat' dir='ltr'><strong>ad</strong></span> 
     </span>
    </p>
   </div>
  </div>
