4018 6422
166 374 265 430 2ξῖ

1004 362 1419 419 TltACTATUS
1443 362 1508 415 1N
1551 349 1821 417 mnsit
1850 358 2005 414 CAP.
2048 358 2137 411 xu
2170 358 2325 411 ACT.
2366 355 2606 412 APOST.

3318 355 3424 410 298

165 492 370 545 bonum
399 486 703 545 instruitur,
737 480 1066 536 institutoris
1093 478 1176 533 sui
1196 476 1414 532 monitis
1438 484 1748 530 reverenter
1777 485 1820 542 Α
1848 471 2195 527 Circumdato
2244 482 2422 524 autem
2475 469 2636 523 Petro
2690 470 3008 525 vestimento
3062 485 3180 533 suo,
3234 470 3427 526 Petrus

166 579 407 638 obaudit.
458 576 613 632 Unde
664 584 785 643 post
838 577 1165 640 praeceptum
1214 568 1391 638 angeli
1445 566 1747 621 obcdientia

168 669 313 724 l‘ctri
366 666 723 725 subittfertur,
775 677 898 715 cum
950 658 1178 713 dicitur:
1235 656 1299 709 Et
1352 655 1470 723 fecit
1520 654 1615 707 sic.
1668 651 1750 708 Ad

166 775 356 816 vocem
408 759 554 813 enim
609 751 973 826 prmeipientis
1021 748 1196 819 angeli
1232 748 1426 802 Petrus
1475 749 1554 800 sic
1601 744 1747 805 facit,

163 869 288 907 cum
328 850 543 906 auditor
591 844 934 918 praedicatori
984 857 1084 898 suo
1133 850 1279 896 tanta
1325 840 1607 895 devotione
1654 837 1751 891 ob-

162 952 454 1015 temperat,
513 950 572 994 ut
617 940 683 994 ad
735 936 1099 1007 peragendum
1151 932 1294 1003 quod
1355 931 1405 986 ei
1454 929 1752 1001 iniungitur

164 1047 350 1090 moras
382 1029 558 1085 nullas
595 1029 852 1083 innectat.
890 1024 1025 1079 Cum
1076 1037 1206 1077 vero
1258 1020 1558 1075 auditorem
1594 1034 1749 1073 suum

156 1124 514 1195 praedicator,
541 1136 604 1175 ea
656 1133 774 1187 qua:
818 1116 929 1185 jam
986 1114 1192 1177 didicit,
1241 1111 1482 1167 studiose
1529 1110 1752 1179 implere

156 1214 495 1275 considerat,
521 1211 693 1279 magis
718 1207 996 1277 magisque
1029 1212 1353 1275 provocatur
1383 1211 1439 1256 ut
1465 1200 1644 1257 omnia
1676 1198 1749 1254 illi

161 1320 285 1375 qua:
324 1304 393 1359 ad
434 1300 823 1373 perfectionem
871 1298 1074 1353 ducunt
1123 1295 1447 1350 innotescat.
1504 1291 1655 1347 Unde
1698 1295 1753 1345 et

158 1395 447 1464 sequitur:

232 1484 355 1539 XV.
395 1482 543 1538 Dixit
576 1489 749 1536 autem
776 1478 992 1551 angelus
1043 1478 1112 1533 ad
1160 1493 1277 1531 eum
1302 1493 1323 1530 :
1349 1474 1628 1531 Circumda
1660 1474 1750 1527 tibi

150 1577 528 1630 restimentnm
558 1584 728 1637 tuum,
753 1582 800 1626 et
831 1587 1041 1641 sequere
1068 1587 1168 1624 me.
1196 1569 1349 1636 Quod
1372 1568 1748 1622 vestimentum

158 1667 229 1719 ad
261 1680 483 1735 corpus,
518 1664 620 1717 hoc
647 1673 732 1718 est
750 1661 960 1730 iustitia
993 1661 1059 1714 ad
1090 1660 1331 1714 animan.
1362 1652 1749 1713 Vestimentimt

158 1761 309 1814 enim
340 1756 470 1828 tegit
507 1765 562 1811 et
591 1752 866 1819 calefacit,
891 1748 1101 1823 justitia
1138 1764 1355 1822 quoque
1383 1750 1450 1805 ab
1493 1749 1669 1803 anima
1696 1756 1752 1801 et

1851 569 1972 631 post
1995 561 2244 631 angelum
2276 561 2439 624 vadit,
2467 576 2588 615 cum
2615 575 2906 633 conversus
2935 574 3185 632 peccator
3223 565 3300 620 sic
3336 580 3427 620 ve-

1851 653 2027 724 SIigiis
2056 662 2256 708 sancta).
2298 654 2692 724 praedicationis
2720 656 2962 719 inhzcret,
3008 666 3062 711 et
3109 657 3179 711 ab
3235 657 3427 712 itinere

1845 743 2069 812 iustitiae
2092 744 2236 799 nullo
2262 745 2580 800 diverticulo
2612 748 2934 801 transitoria!
2959 749 3273 805 intentionis
3299 752 3425 804 abs-

1855 834 2008 888 tinet.
2059 833 2189 889 Post
2226 834 2702 891 circumdationem
2749 839 2946 893 etenim
2989 840 3292 896 vestimenti
3347 843 3429 896 sui

1852 926 2101 997 angelum
2144 927 2366 982 minime
2404 929 2646 998 sequitur
2687 931 2950 1001 quisquis,
2996 944 3120 1002 post
3169 935 3429 1004 adimpch

1854 1018 2053 1073 tionem
2083 1019 2206 1074 boni
2235 1022 2435 1089 operis,
2457 1021 2507 1075 in
2531 1037 2587 1076 se
2612 1032 2667 1076 et
2693 1039 2796 1078 non
2828 1026 2878 1078 in
2903 1024 3125 1080 Domino
3147 1026 3426 1097 gloriatur.

1852 1107 2033 1181 Longe
2062 1109 2259 1180 quippe
2279 1127 2307 1164 a
2338 1120 2650 1167 consectata
2682 1129 2763 1168 Sili
2793 1114 2966 1186 angeli
2991 1116 3171 1171 deviat
3196 1119 3312 1189 qui,
3333 1134 3432 1189 per

1851 1200 2050 1255 bonum
2080 1202 2222 1269 quod
2251 1201 2380 1273 agit,
2417 1202 2560 1258 aliud
2585 1203 2814 1259 intendit
2833 1221 2994 1276 quam
3021 1207 3258 1263 est‘illud
3285 1210 3431 1281 quod

1852 1290 2201 1361 singulariter
2249 1293 2610 1362 appetendum
2664 1310 2727 1349 ex
2780 1310 2874 1352 ore
2931 1298 3014 1352 sui
3064 1299 3432 1368 praedicatoris

1852 1380 2076 1435 audivit.
2103 1380 2414 1451 Opportune
2443 1383 2605 1453 igitur
2638 1384 2857 1457 angelus
2893 1386 3109 1443 Petrum
3147 1399 3206 1445 ttt
3233 1406 3431 1462 seque-

1853 1479 2005 1525 retur
2049 1472 2349 1537 admonuit,
2382 1473 2506 1543 quia
2552 1489 2733 1532 sermo
2777 1477 3009 1544 divinus,
3039 1490 3322 1551 postquam
3364 1484 3434 1538 do

1851 1562 2102 1617 Omnibus
2127 1578 2244 1632 quae
2269 1565 2539 1633 pertinent
2562 1567 2629 1621 ad
2659 1577 2898 1625 nostram
2933 1572 3160 1628 salutem
3190 1575 3430 1641 instruit,

1852 1652 2014 1707 etiam
2051 1654 2281 1723 qualiter
2334 1656 2630 1725 appetitum
2688 1657 2865 1715 inanis
2916 1661 3100 1731 gloriae
3153 1665 3435 1721 nraaterire

1853 1745 2145 1803 debeamus
2171 1750 2427 1803 ostendit.
2462 1749 2568 1805 Sed
2596 1766 2719 1806 cum
2752 1768 2814 1808 ea
2846 1770 2964 1822 qua:
2994 1755 3213 1811 Petrum
3250 1757 3433 1813 facere

161 1852 340 1922 frigus
371 1827 596 1905 malitiae
622 1834 859 1918 expellit,
886 1857 936 1902 et
967 1860 1088 1916 quae
1120 1845 1174 1899 in
1222 1858 1287 1899 ea
1329 1858 1426 1912 per
1467 1849 1747 1911 peccatum
1783 1827 1823 1885 Β
1851 1839 2074 1910 angelus
2119 1842 2326 1895 monuit
2354 1842 2419 1896 ad
2452 1851 2655 1897 tantam
2691 1845 3073 1912 perfectionem
3096 1830 3431 1919 pertineant,

158 1951 291 1997 sunt
321 1939 582 2004 verenda,
616 1932 798 1995 divino
821 1936 1027 2008 judicio
1051 1933 1352 1991 abscondit.
1383 1933 1438 1988 Si
1469 1932 1611 1987 enim
1638 1945 1752 1984 ma-

158 2036 277 2090 litia
305 2033 480 2106 frigus
519 2048 625 2090 non
659 2037 834 2095 esset,
875 2030 1137 2103 propheta
1182 2029 1368 2099 utique
1416 2027 1518 2082 sub
1558 2025 1752 2082 Iudaea:

155 2125 348 2197 specie
398 2126 465 2181 de
509 2133 691 2179 mente
723 2120 952 2193 reproba
1010 2136 1117 2175 non
1169 2120 1430 2175 dixisset:
1480 2116 1751 2188 Frigidam

157 2219 292 2287 facit
342 2217 572 2271 cisterna
623 2231 845 2287 aquam,
900 2215 977 2269 sic
1026 2213 1276 2283 frigidam
1328 2211 1449 2282 fecit
1497 2209 1752 2265 malitiam

156 2327 337 2364 suam.
366 2310 435 2364 Et
461 2325 675 2364 rursum
704 2310 749 2363 si
774 2306 988 2376 justitia
1025 2306 1402 2361 vestimentum
1433 2319 1537 2359 non
1588 2310 1749 2366 esset,

161 2402 456 2459 Psolmista
493 2402 681 2471 utique
731 2415 839 2456 non
892 2399 1151 2455 dixisset:
1205 2396 1512 2453 Sacerdotes
1557 2396 1635 2448 tui
1676 2395 1754 2449 inc

158 2497 405 2548 ditantur
439 2494 727 2565 justitiam.
778 2491 890 2548 Nos
934 2491 1134 2565 quippe
1183 2491 1495 2545 Sacerdotes
1540 2485 1751 2540 Domini

158 2601 383 2648 sumus,
414 2585 538 2655 quia
575 2585 814 2639 membra
843 2584 1037 2639 summi
1070 2580 1377 2637 sacerdotis
1420 2580 1751 2643 exsistimus,

156 2691 216 2733 ct
256 2695 357 2747 per
405 2678 874 2733 mortilicationem
927 2677 1110 2731 carnis
1159 2691 1258 2732 nos
1322 2676 1467 2746 ipsos
1520 2673 1753 2729 hostiam

160 2771 341 2826 vivam
373 2771 598 2825 Domino
628 2769 988 2825 immolamus.
1021 2769 1123 2837 Qui
1155 2768 1407 2823 nimirum
1442 2776 1566 2822 tunc
1600 2781 1755 2821 vera-

158 2865 281 2918 cins
308 2863 520 2932 iustitia
553 2865 840 2920 induimur.
886 2878 1007 2918 cum
1041 2862 1187 2917 nulla
1218 2877 1337 2930 quae
1361 2870 1486 2916 sunt
1513 2858 1754 2913 facienda

160 2960 656 3029 prmtermittimus.
679 2957 832 3013 Unde
855 2956 943 3012 hic
964 2970 1179 3027 quoque
1192 2954 1486 3008 notandum
1508 2961 1593 3006 est
1613 2952 1756 3021 quod

161 3048 393 3118 angelus
436 3046 601 3104 Petro
646 3062 986 3119 nequaquam
1042 3047 1145 3102 ait:
1203 3044 1348 3100 Vesti
1395 3044 1755 3099 vestimentum

163 3155 339 3207 tuum,
373 3141 469 3196 sed
503 3139 787 3196 Circumda
819 3140 1173 3195 vestimentum
1212 3147 1380 3190 tuum.
1421 3134 1565 3190 Fieri
1611 3134 1754 3189 enim

163 3240 348 3302 potest
392 3232 447 3286 in
493 3230 675 3300 aliquo
710 3245 907 3303 genere
956 3227 1261 3284 vestimenti
1291 3227 1334 3282 si
1366 3242 1431 3282 ex
1461 3241 1563 3280 una
1602 3233 1756 3296 parte

163 3332 451 3397 tegantur,
479 3333 539 3379 ut
566 3339 628 3380 ex
654 3334 805 3396 parte
832 3324 935 3378 alia
974 3322 1160 3378 intecti
1206 3320 1502 3376 videamur.
1533 3320 1756 3388 Quando

165 3424 356 3470 autem
388 3415 471 3469 sic
496 3416 761 3469 vestimur
788 3423 846 3467 ut
876 3412 1021 3467 nulla
1044 3426 1107 3467 ex
1138 3419 1292 3482 parte
1318 3410 1446 3465 nudi
1476 3425 1757 3464 remanea-

164 3521 312 3569 mus,
343 3504 476 3560 bine
504 3518 611 3560 non
643 3513 850 3559 tantum
882 3502 1207 3559 vestimento
1238 3502 1436 3567 vestiti,
1471 3500 1567 3556 sed
1592 3500 1755 3557 etiam

163 3596 495 3652 circumdati
525 3611 731 3652 sumus.
764 3596 864 3662 Qui
894 3596 1058 3665 igitur
1085 3595 1163 3650 sic
1194 3594 1438 3665 qruedam
1480 3593 1620 3647 bona
1649 3593 1761 3663 agit

164 3698 229 3743 ut
258 3688 369 3743 alia
394 3688 651 3758 negligat,
694 3697 756 3741 ‘ct
778 3703 841 3742 ex
871 3698 1025 3758 parte
1051 3687 1279 3742 vestitus
1309 3694 1391 3741 est
1419 3695 1471 3740 et
1500 3700 1568 3740 ex
1607 3696 1757 3755 parte

169 3778 383 3842 nudus;
417 3778 541 3847 quia
574 3775 816 3847 profecto
840 3791 962 3831 eam
1002 3784 1212 3846 partem
1251 3776 1333 3830 sui
1367 3774 1623 3829 inlectam
1676 3789 1758 3829 re-

166 3867 389 3938 linquit,
418 3882 580 3937 quam
610 3867 915 3922 velamento
960 3865 1186 3936 iustitiae
1233 3866 1449 3936 operire
1499 3865 1755 3934 neglexit.

170 3960 335 4014 Petro
358 3960 541 4030 itaque
558 3958 626 4014 de
648 3974 870 4014 carcere
890 3960 1170 4015 educendo
1191 3959 1506 4030 praecipitur
1527 3967 1585 4013 ut
1602 3959 1760 4014 vesti-

167 4061 417 4106 mentum
446 4065 602 4105 suum
625 4050 725 4105 sibi
753 4050 1076 4117 circumdet;
1107 4051 1232 4121 quia
1257 4050 1512 4104 nimirum
1540 4066 1760 4107 necesse

167 4154 257 4198 est
280 4154 344 4198 ut
370 4141 462 4212 qui
489 4140 727 4211 perfecte
756 4157 785 4195 a
816 4155 1037 4196 carcere
1064 4148 1410 4211 peccatorum
1444 4141 1595 4196 exire
1621 4142 1761 4197 desi-

169 4236 350 4295 derat,
376 4233 457 4293 sic
479 4246 536 4287 se
554 4231 789 4301 undique
812 4232 1132 4286 vestimento
1156 4229 1381 4300 iustitia:
1409 4236 1761 4304 eireumtegat

170 4332 237 4377 ut
278 4321 429 4376 nulla
478 4335 599 4391 quae
638 4321 706 4375 ad
743 4334 866 4374 eum
900 4322 1176 4391 pertinent
1203 4326 1600 4393 praatermittat.
1655 4325 1760 4381 Sed

169 4427 305 4468 ecce
336 4425 610 4467 carcerem
640 4410 750 4480 jam
786 4426 893 4481 quo
933 4412 1236 4476 tenebatur,
1273 4404 1516 4472 adstans
1543 4416 1762 4488 angelus

1851 1934 2045 2002 quaerit
2081 1933 2310 1990 fortasse
2337 1934 2531 2005 aliquis
2560 1938 2828 2005 quomodo
2853 1942 3123 2009 peccatori
3153 1942 3328 1997 adhuc
3354 1957 3435 1996 re-

1855 2033 2001 2079 truso
2057 2025 2109 2080 in
2161 2040 2383 2082 carcere
2434 2027 2548 2082 lucc
2580 2035 2745 2082 tanta:
2800 2028 3151 2099 perfectionis
3190 2032 3434 2089 instituta

1852 2118 2217 2173 conveniant?
2247 2118 2399 2186 Quod
2427 2128 2573 2178 recte
2612 2120 2838 2177 forsitan
2877 2133 3226 2193 qurererctur,
3262 2127 3306 2179 si
3336 2143 3434 2181 nos

1853 2208 2011 2263 modo
2049 2224 2334 2278 ageremus
2368 2210 2761 2291 deipeccatore
2792 2212 2968 2270 adhuc
3008 2214 3059 2271 in
3103 2216 3307 2288 peccati
3342 2218 3433 2275 svi

1854 2316 2073 2357 carcere
2100 2302 2421 2369 dormiente,
2451 2315 2507 2359 et
2550 2292 2766 2363 non'de
2795 2308 2888 2365 illo
2911 2310 3087 2380 potius
3130 2309 3282 2380 cujus
3319 2311 3435 2381 iam

1855 2408 2126 2448 carcerem
2149 2396 2370 2466 angelus
2394 2395 2703 2463 illustravit,
2734 2416 2893 2471 quem
2913 2400 3026 2471 jam
3054 2403 3310 2459 Dominus
3332 2420 3436 2474 per

1855 2477 2284 2553 compunctionis
2324 2486 2571 2556 spiritum
2612 2490 2888 2546 excitavit.
2928 2491 3025 2547 Cui
3079 2500 3227 2548 certe
3270 2510 3436 2549 omne

1855 2578 1995 2647 quod
2023 2576 2089 2630 de
2124 2575 2455 2646 perfectione
2497 2578 2711 2644 dicitur,
2756 2589 2906 2638 tanto
2944 2582 3122 2639 verius
3167 2586 3433 2656 congruit,

1855 2678 2058 2738 quanto
2099 2668 2212 2737 ipse
2242 2683 2299 2723 se
2327 2670 2571 2726 devotius
2599 2687 2683 2742 per
2722 2672 3026 2744 Oppositum
3079 2675 3436 2733 confessionis

1857 2757 2108 2827 accingit.
2132 2756 2327 2814 Petrus
2360 2759 2562 2830 itaque,
2595 2762 2773 2818 adlmc
2817 2763 2872 2818 in
2918 2766 3167 2835 captione
3205 2766 3433 2837 positus,

1856 2856 2121 2916 prtcccpta
2151 2846 2415 2904 libertatis
2444 2850 2658 2920 accipit,
2688 2852 2813 2922 quia
2841 2864 3094 2923 peccator
3119 2864 3244 2912 tunc
3271 2856 3436 2912 etiam

1857 2952 1954 3007 per
1977 2951 2039 2993 os
2067 2938 2437 3008 praedicatoris
2485 2956 2713 3013 quicque
2754 2943 2856 3000 sibi
2899 2946 3104 3017 agenda
3138 2948 3434 3019 cognoscit,

1859 3045 1980 3083 cum
2011 3031 2188 3085 adhuc
2218 3046 2313 3102 per
2338 3032 2573 3103 aliquam
2619 3038 2817 3092 mentis
2853 3037 3182 3095 debilitatem
3229 3042 3281 3096 in
3323 3059 3436 3099 sure

1860 3124 2204 3180 conscientia:
2259 3125 2480 3182 latebris
2532 3128 2817 3184 delitescit.
2890 3130 2995 3186 Sed
3040 3130 3154 3199 jam
3220 3134 3437 3190 tandem

1858 3209 2075 3268 omnem
2120 3216 2318 3271 nodum
2357 3217 2648 3274 debilitatis
2683 3220 2989 3293 abrumpat,
3026 3224 3140 3294 jam
3188 3227 3438 3299 angelum

1858 3305 2253 3375 prtecedentem
2305 3316 2580 3378 sequatur,
2611 3310 2724 3381 jam
2772 3324 3038 3384 praecepta
3090 3316 3438 3387 perfectionis

1860 3413 1964 3453 non
1993 3413 2052 3454 se
2080 3397 2280 3453 frustra
2310 3400 2525 3455 audisse
2558 3411 2802 3457 testetur.
2835 3402 2970 3472 Quid
3010 3404 3185 3461 adhuc
3228 3407 3280 3463 in
3313 3424 3437 3464 car-

1859 3505 1984 3545 cere
2013 3490 2162 3556 facit,
2192 3492 2261 3546 ad
2291 3507 2451 3563 quem
2483 3493 2817 3551 liberandum
2846 3495 2957 3566 iam
2988 3500 3236 3570 angelum
3279 3516 3437 3556 suum

1860 3583 2117 3640 Dominus
2141 3585 2324 3639 misit?

1930 3674 2066 3730 XVl.
2094 3673 2381 3746 Sequitur:
2416 3676 2477 3729 Et
2506 3681 2680 3731 exiens
2716 3680 3029 3749 sequebatur
3074 3699 3188 3736 eum
3210 3723 3223 3746 ,
3260 3693 3307 3736 et
3337 3701 3435 3738 ne-
3526 3673 3529 3675 ’

1860 3767 2051 3821 sciebat
2078 3768 2201 3837 quia
2222 3783 2393 3819 verum
2411 3778 2484 3821 est
2507 3769 2645 3838 quod
2671 3768 2828 3837 ﬁebat
2845 3788 2937 3839 per
2962 3772 3234 3842 angelum;
3260 3775 3443 3829 existi-

1863 3858 2037 3911 mabat
2062 3868 2235 3912 autem
2266 3874 2321 3911 se
2347 3859 2509 3913 visum
2541 3859 2728 3913 videre.
2770 3858 2939 3916 Tanta
2986 3860 3161 3917 fuerat
3190 3866 3436 3920 custodia

1862 3950 2276 4021 circumseptus,
2316 3961 2372 4004 ut
2406 3954 2575 4006 visum
2607 3968 2664 4007 se
2695 3954 2878 4009 videre
2923 3958 3237 4019 aestimaret,
3274 3958 3439 4013 etiam

1862 4058 1983 4096 cuin
2015 4058 2137 4098 cum
2171 4044 2222 4096 in
2248 4044 2474 4099 veritate
2500 4045 2721 4116 angelus
2748 4046 3021 4106 liberaret.
3045 4049 3193 4105 Solet
3215 4052 3361 4106 enim
3387 4052 3440 4106 iu

1862 4138 2044 4193 animo
2068 4137 2325 4197 imumno,
2363 4152 2426 4191 ex
2466 4139 2899 4195 consideratione
2939 4141 3225 4209 praeterita:
3270 4144 3441 4197 tribu-

1867 4228 2106 4290 lationis,
2158 4227 2254 4280 ista
2294 4226 2629 4283 liberationis
2681 4230 2948 4285 haesitatio
2995 4233 3271 4302 generari;
3316 4232 3445 4302 quia

1863 4335 1986 4375 cum
2021 4319 2437 4375 immensitatem
2480 4312 2837 4390 periculOrum
2881 4337 2979 4387 per
3005 4338 3164 4392 quam
3196 4325 3447 4379 transivit

1868 4409 2255 4476 reminiscitur,
2303 4411 2572 4480 quomodo
2620 4414 2857 4482 potuerit
2900 4414 3150 4477 evadere,
3199 4416 3338 4485 apud
3385 4432 3446 4471 se

170 4503 500 4583 illustravit.
553 4503 679 4573 quia
735 4502 819 4556 in:
871 4513 1072 4559 sanctae
1119 4507 1517 4575 praedicationis
1561 4510 1612 4563 in
1634 4524 1761 4565 con-
1794 4517 1840 4575 ι)
1869 4506 1981 4572 ipso
2029 4503 2184 4574 quasi
2231 4503 2523 4560 dubitando
2577 4506 2825 4561 miratur.
2864 4508 3016 4564 Unde
3062 4518 3145 4564 est
3198 4508 3283 4562 illa
3342 4526 3445 4564 vox

170 4596 409 4652 scientia
455 4595 757 4665 peccatoris
784 4595 1026 4651 emicuit.
1053 4597 1192 4652 Ecce
1216 4598 1327 4668 jam
1355 4601 1608 4667 surrexit,
1639 4601 1762 4670 quia

169 4697 411 4744 stratum
438 4686 648 4757 peccati
684 4686 737 4739 in
773 4701 881 4755 quo
914 4685 1128 4755 jacebat
1173 4688 1426 4760 reliquit;
1478 4704 1605 4746 ecce
1653 4690 1764 4760 jam

171 4779 395 4834 lumbos
439 4778 746 4848 pmcittxit,
797 4777 920 4846 quia
978 4780 1204 4833 luxuriat
1250 4778 1391 4833 ﬂuxa
1445 4780 1762 4835 restrinxit:

172 4888 310 4928 ecce
335 4871 448 4940 jam
480 4888 537 4928 se
568 4871 785 4936 calciat,
825 4872 951 4941 quia
994 4873 1254 4942 exemplis
1294 4873 1515 4929 Patrum
1552 4891 1769 4948 gressus

172 4976 462 5018 sacrorum
490 4976 712 5031 operum
741 4962 1126 5026 communivit;
1163 4978 1291 5019 ecce
1327 4963 1439 5032 jam
1482 4966 1769 5021 vestimen-

176 5065 292 5108 tum
324 5067 481 5106 suum
510 5053 615 5107 sibi
642 5053 1019 5113 circumdedit,
1045 5054 1170 5122 quia
1228 5054 1369 5108 nulla
1416 5070 1537 5123 quae
1588 5057 1772 5112 didicit

175 5143 551 5217 prastermisit.
585 5142 718 5210 Quis
756 5144 870 5214 jam
909 5143 1254 5213 imperfectus
1302 5160 1421 5199 esse
1471 5146 1771 5200 censendus

176 5246 285 5301 est,
315 5236 409 5305 qui
439 5243 644 5290 tantum
671 5236 940 5309 profecit?
967 5236 1072 5291 Sed
1105 5238 1228 5291 huic
1257 5238 1446 5309 angelo
1471 5236 1646 5293 adhuc
1673 5255 1773 5293 nec

178 5331 283 5384 ista
344 5324 668 5382 sufficiunt:
728 5326 905 5382 adhuc
967 5327 1160 5394 instat,
1220 5328 1395 5384 adhuc
1440 5345 1559 5399 quas
1624 5325 1774 5385 novit

176 5435 492 5492 superesse,
522 5417 786 5483 inculcat;
818 5427 876 5472 ut
912 5433 1033 5474 eum
1073 5434 1231 5488 quem
1268 5419 1603 5477 liberandum
1657 5438 1773 5477 sus-

178 5516 350 5581 cepit,
374 5519 467 5565 aut
493 5510 831 5565 obedientem
866 5510 1103 5580 perfecte
1131 5512 1384 5581 excipiat,
1419 5523 1513 5568 aut
1556 5514 1600 5568 s'i
1640 5515 1771 5568 obe-

190 5604 299 5658 Jire
341 5600 656 5671 neglexerit,
695 5602 762 5654 ab
796 5599 940 5655 illius
980 5601 1323 5658 damnatione
1369 5620 1428 5658 se
1480 5603 1773 5657 immunem

180 5691 398 5745 reddat.
460 5689 613 5743 Unde
656 5704 777 5743 cum
831 5689 1086 5744 dixisset:
1147 5690 1429 5745 Circumda
1481 5692 1572 5745 tibi
1625 5686 1784 5746 vesti-’

180 5792 418 5836 utentum
443 5790 616 5839 tuum,
642 5780 888 5849 protinus
912 5780 1092 5855 intulit
1122 5781 1333 5838 dicens:
1361 5781 1426 5835 El
1447 5788 1767 5853 sequereme.

393 5870 664 5929 Ριτηυι.
699 5868 913 5929 CXLI.

1868 4595 2150 4650 beatorum
2217 4604 2515 4667 martyrum
2574 4612 2670 4666 per
2724 4598 3060 4653 Psalmistam
3117 4599 3440 4654 dicentium:

1873 4686 2168 4740 Torrentem
2196 4689 2528 4756 pertransivit
2577 4690 2753 4741 anima
2804 4700 3004 4753 nostra,
3058 4690 3280 4759 forsitan
3324 4707 3446 4761 rer-

1870 4788 2138 4831 transisset
2179 4778 2355 4831 anima
2400 4788 2580 4832 nostra
2638 4796 2829 4848 aquam
2880 4780 3275 4836 intolerabilem.
3329 4780 3447 4838 Non

1871 4869 2012 4921 enim
2046 4868 2248 4922 idcirco
2274 4869 2472 4922 dicitur
2502 4869 2727 4936 forsitan
2755 4870 2908 4940 quasi
2936 4885 3063 4926 vere
3093 4873 3159 4927 de
3185 4887 3280 4927 sua
3311 4872 3455 4941 libe-I

1873 4960 2083 5013 ratione
2108 4960 2384 5023 dubitent;
2418 4961 2533 5022 sed,
2567 4961 2732 5015 verbo
2764 4963 3119 5019 liaesitationis
3158 4964 3299 5019 illius
3353 4979 3449 5034 per

1872 5068 2031 5121 quam
2059 5051 2418 5115 transierunt,
2452 5053 2744 5116 insiimant,
2793 5055 2934 5124 quod
2969 5055 3101 5110 bene
3129 5055 3291 5110 etiam
3332 5071 3450 5128 my-

1874 5144 2036 5197 sterio
2066 5143 2476 5213 significationis
2501 5155 2801 5215 cooptatur.
2821 5146 2949 5200 Nam
2977 5147 3099 5216 quia
3119 5147 3171 5201 in
3194 5146 3281 5203 die
3306 5147 3452 5204 clare

1874 5233 2140 5298 videmus,
2173 5234 2225 5286 in
2253 5242 2414 5288 nocte
2449 5250 2572 5289 vero
2618 5235 2718 5290 sub
2766 5236 2881 5289 visu
2928 5236 3090 5290 dubio
3132 5235 3449 5307 caligamus.

1873 5322 2002 5392 quid
2032 5338 2128 5392 per
2157 5323 2421 5379 visionem
2464 5324 2700 5379 divinam
2746 5325 2856 5380 nisi
2900 5324 3185 5383 manifesta
3227 5329 3450 5392 veritas,

1875 5416 2003 5485 quid
2032 5431 2128 5485 per
2155 5426 2496 5482 nocturnam,
2533 5416 2633 5470 nisi
2661 5417 2821 5471 dubia
2862 5417 3211 5493 designatur?
3260 5419 3317 5473 ln
3366 5420 3456 5475 die

1877 5502 2056 5577 itaque
2078 5523 2192 5562 non
2224 5509 2495 5564 immerito
2519 5508 2631 5579 jam
2658 5524 2779 5564 esse
2822 5510 3074 5566 dicuntur
3100 5512 3210 5582 qui,
3247 5521 3455 5567 remota

1876 5601 2053 5677 omnis
2096 5598 2459 5672 corruptionis
2487 5598 2736 5670 caligine,
2765 5601 3068 5657 claritatem
3099 5603 3343 5657 veritatis
3376 5604 3458 5655 in-

1877 5693 2332 5749 commutabiliter
2360 5701 2703 5749 contuentur.
2736 5693 2867 5762 Nos,
2891 5696 2982 5766 qui
3013 5697 3189 5750 adhuc
3217 5697 3267 5749 in
3298 5693 3456 5763 liujus

1876 5786 2050 5841 exsilii
2079 5788 2318 5841 cari-State
2345 5788 2666 5853 detinentur,
2700 5790 2837 5845 sicut
2865 5790 3069 5845 scilicet
3091 5806 3154 5841 ea:
3180 5800 3325 5857 parte
3354 5789 3455 5842 sri-

3028 5885 3101 5942 ll)

2442 5940 2513 5955 om
3038 5940 3045 5941 ί
3078 5940 3089 5942 Ὗ
3308 5946 3348 5953 οη·
