  <div class='ocr_page' id='page_1' title='image "/cluster/home/n/w/nwhite01/storage/ocr_20150623/141/hvd.32044015471790/155.png"; bbox 0 0 3974 5374; ppageno 0'>
   <div class='ocr_carea' id='block_1_1' title="bbox 566 161 667 215">
    <p class='ocr_par' dir='ltr' id='par_1_1' title="bbox 566 161 667 215">
     <span class='ocr_line' id='line_1_1' title="bbox 566 161 667 215; baseline 0.01 -1"><span class='ocrx_word' id='word_1_1' title='bbox 566 161 667 215; x_wconf 64' lang='grc' dir='ltr'><strong>ἓϋῧ</strong></span> 
     </span>
    </p>
   </div>
   <div class='ocr_carea' id='block_1_2' title="bbox 1579 144 2868 208">
    <p class='ocr_par' dir='ltr' id='par_1_2' title="bbox 1579 144 2868 208">
     <span class='ocr_line' id='line_1_2' title="bbox 1579 144 2868 208; baseline -0.002 -1"><span class='ocrx_word' id='word_1_2' title='bbox 1579 152 1636 208; x_wconf 88' lang='lat' dir='ltr'><strong>S.</strong></span> <span class='ocrx_word' id='word_1_3' title='bbox 1676 144 2013 207; x_wconf 73' lang='lat' dir='ltr'><strong>FULBEIITI</strong></span> <span class='ocrx_word' id='word_1_4' title='bbox 2050 149 2528 207; x_wconf 70' lang='lat' dir='ltr'><strong>CAIINOTENSIS</strong></span> <span class='ocrx_word' id='word_1_5' title='bbox 2568 150 2868 207; x_wconf 85' lang='lat' dir='ltr'><strong>EPISCOPl</strong></span> 
     </span>
    </p>
   </div>
   <div class='ocr_carea' id='block_1_3' title="bbox 3707 159 3813 214">
    <p class='ocr_par' dir='ltr' id='par_1_3' title="bbox 3707 159 3813 214">
     <span class='ocr_line' id='line_1_3' title="bbox 3707 159 3813 214; baseline 0 -2"><span class='ocrx_word' id='word_1_6' title='bbox 3707 159 3813 214; x_wconf 75' lang='lat'><strong>300</strong></span> 
     </span>
    </p>
   </div>
   <div class='ocr_carea' id='block_1_4' title="bbox 566 259 3812 339">
    <p class='ocr_par' dir='ltr' id='par_1_4' title="bbox 566 259 3812 339">
     <span class='ocr_line' id='line_1_4' title="bbox 566 259 3812 339; baseline 0.002 -22"><span class='ocrx_word' id='word_1_7' title='bbox 566 291 680 329; x_wconf 64' lang='lat' dir='ltr'><strong>mu,-</strong></span> <span class='ocrx_word' id='word_1_8' title='bbox 723 280 769 326; x_wconf 70' lang='grc' dir='ltr'><strong>ει</strong></span> <span class='ocrx_word' id='word_1_9' title='bbox 818 286 881 325; x_wconf 70' lang='lat' dir='ltr'><strong>ex</strong></span> <span class='ocrx_word' id='word_1_10' title='bbox 914 279 1057 339; x_wconf 77' lang='lat' dir='ltr'><strong>parte</strong></span> <span class='ocrx_word' id='word_1_11' title='bbox 1105 269 1491 339; x_wconf 79' lang='lat' dir='ltr'><strong>prophetamus,</strong></span> <span class='ocrx_word' id='word_1_12' title='bbox 1529 266 1607 320; x_wconf 86' lang='lat' dir='ltr'><strong>sic</strong></span> <span class='ocrx_word' id='word_1_13' title='bbox 1659 266 1821 321; x_wconf 86' lang='lat' dir='ltr'><strong>etiam</strong></span> <span class='ocrx_word' id='word_1_14' title='bbox 1865 280 1926 319; x_wconf 79' lang='lat' dir='ltr'><strong>ev</strong></span> <span class='ocrx_word' id='word_1_15' title='bbox 1987 272 2138 335; x_wconf 89' lang='lat' dir='ltr'><strong>parte</strong></span> <span class='ocrx_word' id='word_1_16' title='bbox 2168 270 2210 326; x_wconf 78' lang='grc' dir='ltr'><strong>Α</strong></span> <span class='ocrx_word' id='word_1_17' title='bbox 2244 276 2338 328; x_wconf 79' lang='lat' dir='ltr'><strong>pro</strong></span> <span class='ocrx_word' id='word_1_18' title='bbox 2368 261 2594 330; x_wconf 80' lang='lat' dir='ltr'><strong>peccatis</strong></span> <span class='ocrx_word' id='word_1_19' title='bbox 2617 262 2785 314; x_wconf 83' lang='lat' dir='ltr'><strong>hostia</strong></span> <span class='ocrx_word' id='word_1_20' title='bbox 2809 259 3002 331; x_wconf 80' lang='lat' dir='ltr'><strong>(Hebr,</strong></span> <span class='ocrx_word' id='word_1_21' title='bbox 3034 277 3084 325; x_wconf 71' lang='grc' dir='ltr'><strong>χ,</strong></span> <span class='ocrx_word' id='word_1_22' title='bbox 3122 261 3240 329; x_wconf 42' lang='grc' dir='ltr'><strong>ἓϐλ</strong></span> <span class='ocrx_word' id='word_1_23' title='bbox 3267 261 3404 329; x_wconf 80' lang='lat' dir='ltr'><strong>Quid</strong></span> <span class='ocrx_word' id='word_1_24' title='bbox 3434 263 3580 319; x_wconf 89' lang='lat' dir='ltr'><strong>enim</strong></span> <span class='ocrx_word' id='word_1_25' title='bbox 3613 276 3695 321; x_wconf 86' lang='lat' dir='ltr'><strong>est</strong></span> <span class='ocrx_word' id='word_1_26' title='bbox 3725 285 3812 322; x_wconf 76' lang='lat' dir='ltr'><strong>vo-</strong></span> 
     </span>
    </p>
   </div>
   <div class='ocr_carea' id='block_1_5' title="bbox 564 357 2142 430">
    <p class='ocr_par' dir='ltr' id='par_1_5' title="bbox 564 357 2142 430">
     <span class='ocr_line' id='line_1_5' title="bbox 564 357 2142 430; baseline -0.006 -11"><span class='ocrx_word' id='word_1_27' title='bbox 564 367 826 421; x_wconf 85' lang='lat' dir='ltr'><strong>videmus.</strong></span> <span class='ocrx_word' id='word_1_28' title='bbox 843 361 976 428; x_wconf 84' lang='lat' dir='ltr'><strong>Quia</strong></span> <span class='ocrx_word' id='word_1_29' title='bbox 990 362 1090 416; x_wconf 89' lang='lat' dir='ltr'><strong>etsi</strong></span> <span class='ocrx_word' id='word_1_30' title='bbox 1116 361 1226 430; x_wconf 88' lang='lat' dir='ltr'><strong>jam</strong></span> <span class='ocrx_word' id='word_1_31' title='bbox 1246 359 1487 413; x_wconf 91' lang='lat' dir='ltr'><strong>videmus</strong></span> <span class='ocrx_word' id='word_1_32' title='bbox 1502 374 1598 428; x_wconf 87' lang='lat' dir='ltr'><strong>per</strong></span> <span class='ocrx_word' id='word_1_33' title='bbox 1614 357 1795 422; x_wconf 81' lang='lat' dir='ltr'><strong>(idem,</strong></span> <span class='ocrx_word' id='word_1_34' title='bbox 1815 357 2046 412; x_wconf 91' lang='lat' dir='ltr'><strong>nondum</strong></span> <span class='ocrx_word' id='word_1_35' title='bbox 2063 364 2142 410; x_wconf 91' lang='lat' dir='ltr'><strong>ta-</strong></span> 
     </span>
    </p>
   </div>
   <div class='ocr_carea' id='block_1_6' title="bbox 565 448 2140 524">
    <p class='ocr_par' dir='ltr' id='par_1_6' title="bbox 565 448 2140 524">
     <span class='ocr_line' id='line_1_6' title="bbox 565 448 2140 524; baseline -0.005 -14"><span class='ocrx_word' id='word_1_36' title='bbox 565 472 683 510; x_wconf 93' lang='lat' dir='ltr'><strong>men</strong></span> <span class='ocrx_word' id='word_1_37' title='bbox 700 470 794 524; x_wconf 90' lang='lat' dir='ltr'><strong>per</strong></span> <span class='ocrx_word' id='word_1_38' title='bbox 815 453 1068 524; x_wconf 91' lang='lat' dir='ltr'><strong>speciem.</strong></span> <span class='ocrx_word' id='word_1_39' title='bbox 1092 451 1191 507; x_wconf 91' lang='lat' dir='ltr'><strong>Per</strong></span> <span class='ocrx_word' id='word_1_40' title='bbox 1202 465 1361 520; x_wconf 88' lang='lat' dir='ltr'><strong>quam</strong></span> <span class='ocrx_word' id='word_1_41' title='bbox 1387 449 1634 505; x_wconf 93' lang='lat' dir='ltr'><strong>videlicet</strong></span> <span class='ocrx_word' id='word_1_42' title='bbox 1658 448 1777 503; x_wconf 84' lang='lat' dir='ltr'><strong>fidei</strong></span> <span class='ocrx_word' id='word_1_43' title='bbox 1792 448 2049 503; x_wconf 90' lang='lat' dir='ltr'><strong>visionem</strong></span> <span class='ocrx_word' id='word_1_44' title='bbox 2064 448 2140 503; x_wconf 92' lang='lat' dir='ltr'><strong>sic</strong></span> 
     </span>
    </p>
   </div>
   <div class='ocr_carea' id='block_1_7' title="bbox 557 537 2136 613">
    <p class='ocr_par' dir='ltr' id='par_1_7' title="bbox 557 537 2136 613">
     <span class='ocr_line' id='line_1_7' title="bbox 557 537 2136 613; baseline -0.004 -17"><span class='ocrx_word' id='word_1_45' title='bbox 557 543 671 613; x_wconf 89' lang='lat' dir='ltr'><strong>jam</strong></span> <span class='ocrx_word' id='word_1_46' title='bbox 697 543 746 596; x_wconf 89' lang='lat' dir='ltr'><strong>in</strong></span> <span class='ocrx_word' id='word_1_47' title='bbox 770 556 865 612; x_wconf 88' lang='lat' dir='ltr'><strong>spe</strong></span> <span class='ocrx_word' id='word_1_48' title='bbox 887 542 950 595; x_wconf 86' lang='lat' dir='ltr'><strong>de</strong></span> <span class='ocrx_word' id='word_1_49' title='bbox 980 539 1488 595; x_wconf 86' lang='lat' dir='ltr'><strong>nostraliberationc</strong></span> <span class='ocrx_word' id='word_1_50' title='bbox 1506 537 1818 607; x_wconf 82' lang='lat' dir='ltr'><strong>gaudemus,</strong></span> <span class='ocrx_word' id='word_1_51' title='bbox 1849 545 1905 591; x_wconf 89' lang='lat' dir='ltr'><strong>ut</strong></span> <span class='ocrx_word' id='word_1_52' title='bbox 1933 545 2136 602; x_wconf 90' lang='lat' dir='ltr'><strong>tamen,</strong></span> 
     </span>
    </p>
   </div>
   <div class='ocr_carea' id='block_1_8' title="bbox 564 630 2139 703">
    <p class='ocr_par' dir='ltr' id='par_1_8' title="bbox 564 630 2139 703">
     <span class='ocr_line' id='line_1_8' title="bbox 564 630 2139 703; baseline -0.003 -16"><span class='ocrx_word' id='word_1_53' title='bbox 564 634 629 688; x_wconf 92' lang='lat' dir='ltr'><strong>de</strong></span> <span class='ocrx_word' id='word_1_54' title='bbox 652 633 862 689; x_wconf 88' lang='lat' dir='ltr'><strong>occulta</strong></span> <span class='ocrx_word' id='word_1_55' title='bbox 885 648 1047 703; x_wconf 86' lang='lat' dir='ltr'><strong>super</strong></span> <span class='ocrx_word' id='word_1_56' title='bbox 1077 647 1173 687; x_wconf 91' lang='lat' dir='ltr'><strong>nos</strong></span> <span class='ocrx_word' id='word_1_57' title='bbox 1198 633 1389 688; x_wconf 90' lang='lat' dir='ltr'><strong>interni</strong></span> <span class='ocrx_word' id='word_1_58' title='bbox 1406 632 1599 702; x_wconf 87' lang='lat' dir='ltr'><strong>judicis</strong></span> <span class='ocrx_word' id='word_1_59' title='bbox 1619 632 1969 702; x_wconf 72' lang='lat' dir='ltr'><strong>dispositione</strong></span> <span class='ocrx_word' id='word_1_60' title='bbox 1990 630 2139 686; x_wconf 60' lang='lat' dir='ltr'><strong>solli.</strong></span> 
     </span>
    </p>
   </div>
   <div class='ocr_carea' id='block_1_9' title="bbox 565 721 2140 790">
    <p class='ocr_par' dir='ltr' id='par_1_9' title="bbox 565 721 2140 790">
     <span class='ocr_line' id='line_1_9' title="bbox 565 721 2140 790; baseline -0.002 -12"><span class='ocrx_word' id='word_1_61' title='bbox 565 722 1067 790; x_wconf 79' lang='lat' dir='ltr'><strong>c2ti,liberationem</strong></span> <span class='ocrx_word' id='word_1_62' title='bbox 1092 731 1328 776; x_wconf 87' lang='lat' dir='ltr'><strong>nostram</strong></span> <span class='ocrx_word' id='word_1_63' title='bbox 1353 721 1496 775; x_wconf 87' lang='lat' dir='ltr'><strong>clare</strong></span> <span class='ocrx_word' id='word_1_64' title='bbox 1536 721 1847 790; x_wconf 84' lang='lat' dir='ltr'><strong>conspicere</strong></span> <span class='ocrx_word' id='word_1_65' title='bbox 1882 736 1983 774; x_wconf 91' lang='lat' dir='ltr'><strong>non</strong></span> <span class='ocrx_word' id='word_1_66' title='bbox 2016 736 2140 790; x_wconf 85' lang='lat' dir='ltr'><strong>pos-</strong></span> 
     </span>
    </p>
   </div>
   <div class='ocr_carea' id='block_1_10' title="bbox 561 802 2140 885">
    <p class='ocr_par' dir='ltr' id='par_1_10' title="bbox 561 802 2140 885">
     <span class='ocr_line' id='line_1_10' title="bbox 561 802 2140 885; baseline -0.003 -14"><span class='ocrx_word' id='word_1_67' title='bbox 561 802 748 871; x_wconf 81' lang='lat' dir='ltr'><strong>simus.</strong></span> <span class='ocrx_word' id='word_1_68' title='bbox 776 815 930 882; x_wconf 85' lang='lat' dir='ltr'><strong>Nam,</strong></span> <span class='ocrx_word' id='word_1_69' title='bbox 946 818 1269 885; x_wconf 88' lang='lat' dir='ltr'><strong>utscriptum</strong></span> <span class='ocrx_word' id='word_1_70' title='bbox 1285 822 1367 869; x_wconf 86' lang='lat' dir='ltr'><strong>est</strong></span> <span class='ocrx_word' id='word_1_71' title='bbox 1384 832 1397 868; x_wconf 87' lang='lat'><strong>:</strong></span> <span class='ocrx_word' id='word_1_72' title='bbox 1415 813 1603 868; x_wconf 81' lang='lat' dir='ltr'><strong>Omnia</strong></span> <span class='ocrx_word' id='word_1_73' title='bbox 1625 814 1676 866; x_wconf 86' lang='lat' dir='ltr'><strong>in</strong></span> <span class='ocrx_word' id='word_1_74' title='bbox 1691 813 1922 883; x_wconf 81' lang='lat' dir='ltr'><strong>futurum</strong></span> <span class='ocrx_word' id='word_1_75' title='bbox 1938 828 2140 866; x_wconf 79' lang='lat' dir='ltr'><strong>serran-</strong></span> 
     </span>
    </p>
   </div>
   <div class='ocr_carea' id='block_1_11' title="bbox 561 902 2138 974">
    <p class='ocr_par' dir='ltr' id='par_1_11' title="bbox 561 902 2138 974">
     <span class='ocr_line' id='line_1_11' title="bbox 561 902 2138 974; baseline -0.004 -12"><span class='ocrx_word' id='word_1_76' title='bbox 561 919 647 962; x_wconf 87' lang='lat' dir='ltr'><strong>tur</strong></span> <span class='ocrx_word' id='word_1_77' title='bbox 672 910 889 974; x_wconf 84' lang='lat' dir='ltr'><strong>incerta,</strong></span> <span class='ocrx_word' id='word_1_78' title='bbox 912 920 962 971; x_wconf 86' lang='lat' dir='ltr'><strong>et</strong></span> <span class='ocrx_word' id='word_1_79' title='bbox 979 909 1135 963; x_wconf 87' lang='lat' dir='ltr'><strong>nescit</strong></span> <span class='ocrx_word' id='word_1_80' title='bbox 1151 909 1303 961; x_wconf 83' lang='lat' dir='ltr'><strong>homo</strong></span> <span class='ocrx_word' id='word_1_81' title='bbox 1326 915 1501 960; x_wconf 85' lang='lat' dir='ltr'><strong>utrum</strong></span> <span class='ocrx_word' id='word_1_82' title='bbox 1523 920 1700 958; x_wconf 87' lang='lat' dir='ltr'><strong>amore</strong></span> <span class='ocrx_word' id='word_1_83' title='bbox 1722 920 1788 956; x_wconf 88' lang='lat' dir='ltr'><strong>an</strong></span> <span class='ocrx_word' id='word_1_84' title='bbox 1812 903 1926 955; x_wconf 84' lang='lat' dir='ltr'><strong>odio</strong></span> <span class='ocrx_word' id='word_1_85' title='bbox 1951 902 2138 971; x_wconf 81' lang='lat' dir='ltr'><strong>dignus</strong></span> 
     </span>
    </p>
   </div>
   <div class='ocr_carea' id='block_1_12' title="bbox 559 993 2135 1067">
    <p class='ocr_par' dir='ltr' id='par_1_12' title="bbox 559 993 2135 1067">
     <span class='ocr_line' id='line_1_12' title="bbox 559 993 2135 1067; baseline -0.003 -16"><span class='ocrx_word' id='word_1_86' title='bbox 559 999 646 1052; x_wconf 84' lang='lat' dir='ltr'><strong>sit.</strong></span> <span class='ocrx_word' id='word_1_87' title='bbox 680 998 872 1054; x_wconf 88' lang='lat' dir='ltr'><strong>Petrus</strong></span> <span class='ocrx_word' id='word_1_88' title='bbox 896 998 1100 1067; x_wconf 85' lang='lat' dir='ltr'><strong>itaque,</strong></span> <span class='ocrx_word' id='word_1_89' title='bbox 1130 1006 1183 1052; x_wconf 91' lang='lat' dir='ltr'><strong>et</strong></span> <span class='ocrx_word' id='word_1_90' title='bbox 1211 1012 1331 1051; x_wconf 92' lang='lat' dir='ltr'><strong>cum</strong></span> <span class='ocrx_word' id='word_1_91' title='bbox 1361 994 1607 1067; x_wconf 84' lang='lat' dir='ltr'><strong>angelum</strong></span> <span class='ocrx_word' id='word_1_92' title='bbox 1656 993 1918 1062; x_wconf 79' lang='lat' dir='ltr'><strong>sequitur,</strong></span> <span class='ocrx_word' id='word_1_93' title='bbox 1963 993 2135 1047; x_wconf 87' lang='lat' dir='ltr'><strong>visum</strong></span> 
     </span>
    </p>
   </div>
   <div class='ocr_carea' id='block_1_13' title="bbox 561 1083 2136 1158">
    <p class='ocr_par' dir='ltr' id='par_1_13' title="bbox 561 1083 2136 1158">
     <span class='ocr_line' id='line_1_13' title="bbox 561 1083 2136 1158; baseline -0.004 -14"><span class='ocrx_word' id='word_1_94' title='bbox 561 1106 620 1144; x_wconf 87' lang='lat' dir='ltr'><strong>se</strong></span> <span class='ocrx_word' id='word_1_95' title='bbox 646 1090 829 1144; x_wconf 87' lang='lat' dir='ltr'><strong>videre</strong></span> <span class='ocrx_word' id='word_1_96' title='bbox 862 1090 1184 1154; x_wconf 84' lang='lat' dir='ltr'><strong>arbitratur;</strong></span> <span class='ocrx_word' id='word_1_97' title='bbox 1218 1087 1345 1158; x_wconf 87' lang='lat' dir='ltr'><strong>quia</strong></span> <span class='ocrx_word' id='word_1_98' title='bbox 1392 1094 1644 1157; x_wconf 84' lang='lat' dir='ltr'><strong>peccator</strong></span> <span class='ocrx_word' id='word_1_99' title='bbox 1693 1098 1989 1140; x_wconf 89' lang='lat' dir='ltr'><strong>conversus</strong></span> <span class='ocrx_word' id='word_1_100' title='bbox 2034 1083 2136 1138; x_wconf 86' lang='lat' dir='ltr'><strong>etsi</strong></span> 
     </span>
    </p>
   </div>
   <div class='ocr_carea' id='block_1_14' title="bbox 553 1173 2133 1249">
    <p class='ocr_par' dir='ltr' id='par_1_14' title="bbox 553 1173 2133 1249">
     <span class='ocr_line' id='line_1_14' title="bbox 553 1173 2133 1249; baseline -0.004 -16"><span class='ocrx_word' id='word_1_101' title='bbox 553 1180 668 1249; x_wconf 85' lang='lat' dir='ltr'><strong>jam</strong></span> <span class='ocrx_word' id='word_1_102' title='bbox 696 1195 970 1236; x_wconf 88' lang='lat' dir='ltr'><strong>carcerem</strong></span> <span class='ocrx_word' id='word_1_103' title='bbox 1012 1178 1195 1241; x_wconf 81' lang='lat' dir='ltr'><strong>exivit,</strong></span> <span class='ocrx_word' id='word_1_104' title='bbox 1228 1178 1352 1249; x_wconf 85' lang='lat' dir='ltr'><strong>quia</strong></span> <span class='ocrx_word' id='word_1_105' title='bbox 1380 1177 1563 1246; x_wconf 82' lang='lat' dir='ltr'><strong>culpas</strong></span> <span class='ocrx_word' id='word_1_106' title='bbox 1603 1190 1731 1230; x_wconf 81' lang='lat' dir='ltr'><strong>snas</strong></span> <span class='ocrx_word' id='word_1_107' title='bbox 1762 1173 2000 1237; x_wconf 77' lang='lat' dir='ltr'><strong>detexit,</strong></span> <span class='ocrx_word' id='word_1_108' title='bbox 2033 1173 2133 1228; x_wconf 90' lang='lat' dir='ltr'><strong>etsi</strong></span> 
     </span>
    </p>
   </div>
   <div class='ocr_carea' id='block_1_15' title="bbox 550 1265 2133 1341">
    <p class='ocr_par' dir='ltr' id='par_1_15' title="bbox 550 1265 2133 1341">
     <span class='ocr_line' id='line_1_15' title="bbox 550 1265 2133 1341; baseline -0.003 -17"><span class='ocrx_word' id='word_1_109' title='bbox 550 1285 664 1340; x_wconf 66' lang='lat' dir='ltr'><strong>1am</strong></span> <span class='ocrx_word' id='word_1_110' title='bbox 698 1285 945 1341; x_wconf 71' lang='lat' dir='ltr'><strong>angelum</strong></span> <span class='ocrx_word' id='word_1_111' title='bbox 986 1270 1253 1338; x_wconf 87' lang='lat' dir='ltr'><strong>sequitur,</strong></span> <span class='ocrx_word' id='word_1_112' title='bbox 1284 1267 1410 1333; x_wconf 87' lang='lat' dir='ltr'><strong>quia</strong></span> <span class='ocrx_word' id='word_1_113' title='bbox 1460 1267 1599 1321; x_wconf 89' lang='lat' dir='ltr'><strong>bona</strong></span> <span class='ocrx_word' id='word_1_114' title='bbox 1629 1280 1748 1336; x_wconf 66' lang='lat' dir='ltr'><strong>qua:</strong></span> <span class='ocrx_word' id='word_1_115' title='bbox 1798 1280 1893 1335; x_wconf 88' lang='lat' dir='ltr'><strong>per</strong></span> <span class='ocrx_word' id='word_1_116' title='bbox 1937 1265 2133 1334; x_wconf 70' lang='lat' dir='ltr'><strong>prmdi-</strong></span> 
     </span>
    </p>
   </div>
   <div class='ocr_carea' id='block_1_16' title="bbox 556 1361 2133 1430">
    <p class='ocr_par' dir='ltr' id='par_1_16' title="bbox 556 1361 2133 1430">
     <span class='ocr_line' id='line_1_16' title="bbox 556 1361 2133 1430; baseline -0.003 -14"><span class='ocrx_word' id='word_1_117' title='bbox 556 1372 797 1418; x_wconf 90' lang='lat' dir='ltr'><strong>catorem</strong></span> <span class='ocrx_word' id='word_1_118' title='bbox 829 1361 1015 1415; x_wconf 76' lang='lat' dir='ltr'><strong>didicit</strong></span> <span class='ocrx_word' id='word_1_119' title='bbox 1060 1369 1344 1430; x_wconf 86' lang='lat' dir='ltr'><strong>operatur:</strong></span> <span class='ocrx_word' id='word_1_120' title='bbox 1378 1363 1589 1428; x_wconf 82' lang='lat' dir='ltr'><strong>oportet</strong></span> <span class='ocrx_word' id='word_1_121' title='bbox 1621 1366 1796 1411; x_wconf 88' lang='lat' dir='ltr'><strong>tamen</strong></span> <span class='ocrx_word' id='word_1_122' title='bbox 1837 1364 1897 1410; x_wconf 92' lang='lat' dir='ltr'><strong>ut</strong></span> <span class='ocrx_word' id='word_1_123' title='bbox 1946 1370 2133 1411; x_wconf 88' lang='lat' dir='ltr'><strong>omnes</strong></span> 
     </span>
    </p>
   </div>
   <div class='ocr_carea' id='block_1_17' title="bbox 553 1447 2133 1522">
    <p class='ocr_par' dir='ltr' id='par_1_17' title="bbox 553 1447 2133 1522">
     <span class='ocr_line' id='line_1_17' title="bbox 553 1447 2133 1522; baseline -0.004 -17"><span class='ocrx_word' id='word_1_124' title='bbox 553 1453 889 1522; x_wconf 83' lang='lat' dir='ltr'><strong>prolectuum</strong></span> <span class='ocrx_word' id='word_1_125' title='bbox 921 1465 1139 1505; x_wconf 90' lang='lat' dir='ltr'><strong>suorum</strong></span> <span class='ocrx_word' id='word_1_126' title='bbox 1172 1448 1369 1520; x_wconf 84' lang='lat' dir='ltr'><strong>gradus</strong></span> <span class='ocrx_word' id='word_1_127' title='bbox 1415 1447 1567 1516; x_wconf 89' lang='lat' dir='ltr'><strong>quasi</strong></span> <span class='ocrx_word' id='word_1_128' title='bbox 1608 1447 1870 1502; x_wconf 81' lang='lat' dir='ltr'><strong>visionem</strong></span> <span class='ocrx_word' id='word_1_129' title='bbox 1915 1456 2133 1501; x_wconf 89' lang='lat' dir='ltr'><strong>noctur-</strong></span> 
     </span>
    </p>
   </div>
   <div class='ocr_carea' id='block_1_18' title="bbox 554 1535 2132 1609">
    <p class='ocr_par' dir='ltr' id='par_1_18' title="bbox 554 1535 2132 1609">
     <span class='ocr_line' id='line_1_18' title="bbox 554 1535 2132 1609; baseline -0.004 -12"><span class='ocrx_word' id='word_1_130' title='bbox 554 1559 676 1597; x_wconf 85' lang='lat' dir='ltr'><strong>nam</strong></span> <span class='ocrx_word' id='word_1_131' title='bbox 730 1541 1034 1603; x_wconf 82' lang='lat' dir='ltr'><strong>existimet;</strong></span> <span class='ocrx_word' id='word_1_132' title='bbox 1089 1541 1235 1609; x_wconf 87' lang='lat' dir='ltr'><strong>quia,</strong></span> <span class='ocrx_word' id='word_1_133' title='bbox 1282 1539 1384 1593; x_wconf 87' lang='lat' dir='ltr'><strong>etsi</strong></span> <span class='ocrx_word' id='word_1_134' title='bbox 1432 1538 1545 1607; x_wconf 90' lang='lat' dir='ltr'><strong>ipse</strong></span> <span class='ocrx_word' id='word_1_135' title='bbox 1589 1535 1702 1608; x_wconf 86' lang='lat' dir='ltr'><strong>jam</strong></span> <span class='ocrx_word' id='word_1_136' title='bbox 1756 1536 1942 1607; x_wconf 86' lang='lat' dir='ltr'><strong>utique</strong></span> <span class='ocrx_word' id='word_1_137' title='bbox 1990 1536 2132 1592; x_wconf 88' lang='lat' dir='ltr'><strong>videt</strong></span> 
     </span>
    </p>
   </div>
   <div class='ocr_carea' id='block_1_19' title="bbox 2244 351 3810 422">
    <p class='ocr_par' dir='ltr' id='par_1_19' title="bbox 2244 351 3810 422">
     <span class='ocr_line' id='line_1_19' title="bbox 2244 351 3810 422; baseline 0.007 -19"><span class='ocrx_word' id='word_1_138' title='bbox 2244 351 2467 405; x_wconf 82' lang='lat' dir='ltr'><strong>lantarie</strong></span> <span class='ocrx_word' id='word_1_139' title='bbox 2491 367 2703 421; x_wconf 81' lang='lat' dir='ltr'><strong>peccare</strong></span> <span class='ocrx_word' id='word_1_140' title='bbox 2724 392 2738 415; x_wconf 97' lang='lat'><strong>,</strong></span> <span class='ocrx_word' id='word_1_141' title='bbox 2782 351 2881 405; x_wconf 86' lang='lat' dir='ltr'><strong>nisi</strong></span> <span class='ocrx_word' id='word_1_142' title='bbox 2911 354 3165 422; x_wconf 76' lang='lat' dir='ltr'><strong>peccandi</strong></span> <span class='ocrx_word' id='word_1_143' title='bbox 3208 354 3537 411; x_wconf 79' lang='lat' dir='ltr'><strong>voluntatem</strong></span> <span class='ocrx_word' id='word_1_144' title='bbox 3564 356 3810 414; x_wconf 76' lang='lat' dir='ltr'><strong>habere!</strong></span> 
     </span>
    </p>
   </div>
   <div class='ocr_carea' id='block_1_20' title="bbox 2243 440 3812 518">
    <p class='ocr_par' dir='ltr' id='par_1_20' title="bbox 2243 440 3812 518">
     <span class='ocr_line' id='line_1_20' title="bbox 2243 440 3812 518; baseline 0.006 -25"><span class='ocrx_word' id='word_1_145' title='bbox 2243 440 2370 508; x_wconf 69' lang='lat' dir='ltr'><strong>Qum</strong></span> <span class='ocrx_word' id='word_1_146' title='bbox 2392 442 2639 497; x_wconf 80' lang='lat' dir='ltr'><strong>videlicet</strong></span> <span class='ocrx_word' id='word_1_147' title='bbox 2660 443 2911 512; x_wconf 88' lang='lat' dir='ltr'><strong>peccandi</strong></span> <span class='ocrx_word' id='word_1_148' title='bbox 2939 442 3182 498; x_wconf 87' lang='lat' dir='ltr'><strong>voluntas</strong></span> <span class='ocrx_word' id='word_1_149' title='bbox 3202 458 3296 513; x_wconf 91' lang='lat' dir='ltr'><strong>per</strong></span> <span class='ocrx_word' id='word_1_150' title='bbox 3317 446 3662 516; x_wconf 88' lang='lat' dir='ltr'><strong>participium</strong></span> <span class='ocrx_word' id='word_1_151' title='bbox 3682 464 3812 518; x_wconf 79' lang='lat' dir='ltr'><strong>prae-</strong></span> 
     </span>
    </p>
   </div>
   <div class='ocr_carea' id='block_1_21' title="bbox 2242 533 3812 611">
    <p class='ocr_par' dir='ltr' id='par_1_21' title="bbox 2242 533 3812 611">
     <span class='ocr_line' id='line_1_21' title="bbox 2242 533 3812 611; baseline 0.006 -25"><span class='ocrx_word' id='word_1_152' title='bbox 2242 533 2410 587; x_wconf 88' lang='lat' dir='ltr'><strong>sentis</strong></span> <span class='ocrx_word' id='word_1_153' title='bbox 2440 535 2695 604; x_wconf 91' lang='lat' dir='ltr'><strong>temporis</strong></span> <span class='ocrx_word' id='word_1_154' title='bbox 2737 544 2977 590; x_wconf 89' lang='lat' dir='ltr'><strong>notatur.</strong></span> <span class='ocrx_word' id='word_1_155' title='bbox 3019 534 3122 590; x_wconf 87' lang='lat' dir='ltr'><strong>Sed</strong></span> <span class='ocrx_word' id='word_1_156' title='bbox 3163 537 3210 591; x_wconf 92' lang='lat' dir='ltr'><strong>ei</strong></span> <span class='ocrx_word' id='word_1_157' title='bbox 3239 536 3330 605; x_wconf 91' lang='lat' dir='ltr'><strong>qui</strong></span> <span class='ocrx_word' id='word_1_158' title='bbox 3360 538 3667 594; x_wconf 87' lang='lat' dir='ltr'><strong>voluntarie</strong></span> <span class='ocrx_word' id='word_1_159' title='bbox 3694 556 3812 611; x_wconf 83' lang='lat' dir='ltr'><strong>pec-</strong></span> 
     </span>
    </p>
   </div>
   <div class='ocr_carea' id='block_1_22' title="bbox 2241 626 3811 700">
    <p class='ocr_par' dir='ltr' id='par_1_22' title="bbox 2241 626 3811 700">
     <span class='ocr_line' id='line_1_22' title="bbox 2241 626 3811 700; baseline 0.003 -21"><span class='ocrx_word' id='word_1_160' title='bbox 2241 640 2369 680; x_wconf 87' lang='lat' dir='ltr'><strong>cans</strong></span> <span class='ocrx_word' id='word_1_161' title='bbox 2412 634 2509 689; x_wconf 93' lang='lat' dir='ltr'><strong>est,</strong></span> <span class='ocrx_word' id='word_1_162' title='bbox 2536 626 2587 679; x_wconf 90' lang='lat' dir='ltr'><strong>id</strong></span> <span class='ocrx_word' id='word_1_163' title='bbox 2603 634 2709 690; x_wconf 73' lang='lat' dir='ltr'><strong>est,</strong></span> <span class='ocrx_word' id='word_1_164' title='bbox 2734 627 2817 680; x_wconf 91' lang='lat' dir='ltr'><strong>cui</strong></span> <span class='ocrx_word' id='word_1_165' title='bbox 2840 626 3093 696; x_wconf 86' lang='lat' dir='ltr'><strong>peccandi</strong></span> <span class='ocrx_word' id='word_1_166' title='bbox 3119 626 3364 682; x_wconf 85' lang='lat' dir='ltr'><strong>voluntas</strong></span> <span class='ocrx_word' id='word_1_167' title='bbox 3378 629 3662 698; x_wconf 89' lang='lat' dir='ltr'><strong>semperin</strong></span> <span class='ocrx_word' id='word_1_168' title='bbox 3678 646 3811 700; x_wconf 68' lang='lat' dir='ltr'><strong>prte-</strong></span> 
     </span>
    </p>
   </div>
   <div class='ocr_carea' id='block_1_23' title="bbox 2241 717 3810 792">
    <p class='ocr_par' dir='ltr' id='par_1_23' title="bbox 2241 717 3810 792">
     <span class='ocr_line' id='line_1_23' title="bbox 2241 717 3810 792; baseline 0.004 -21"><span class='ocrx_word' id='word_1_169' title='bbox 2241 717 2377 771; x_wconf 91' lang='lat' dir='ltr'><strong>scnti</strong></span> <span class='ocrx_word' id='word_1_170' title='bbox 2400 726 2510 781; x_wconf 91' lang='lat' dir='ltr'><strong>est,</strong></span> <span class='ocrx_word' id='word_1_171' title='bbox 2545 733 2641 787; x_wconf 86' lang='lat' dir='ltr'><strong>pro</strong></span> <span class='ocrx_word' id='word_1_172' title='bbox 2670 719 2909 788; x_wconf 83' lang='lat' dir='ltr'><strong>peccatis</strong></span> <span class='ocrx_word' id='word_1_173' title='bbox 2948 717 3120 771; x_wconf 89' lang='lat' dir='ltr'><strong>hostia</strong></span> <span class='ocrx_word' id='word_1_174' title='bbox 3159 734 3263 773; x_wconf 94' lang='lat' dir='ltr'><strong>non</strong></span> <span class='ocrx_word' id='word_1_175' title='bbox 3293 718 3646 789; x_wconf 87' lang='lat' dir='ltr'><strong>relinquitur;</strong></span> <span class='ocrx_word' id='word_1_176' title='bbox 3688 723 3810 792; x_wconf 74' lang='lat' dir='ltr'><strong>quia</strong></span> 
     </span>
    </p>
   </div>
   <div class='ocr_carea' id='block_1_24' title="bbox 2239 808 3809 880">
    <p class='ocr_par' dir='ltr' id='par_1_24' title="bbox 2239 808 3809 880">
     <span class='ocr_line' id='line_1_24' title="bbox 2239 808 3809 880; baseline 0.004 -18"><span class='ocrx_word' id='word_1_177' title='bbox 2239 823 2336 878; x_wconf 86' lang='lat' dir='ltr'><strong>per</strong></span> <span class='ocrx_word' id='word_1_178' title='bbox 2376 808 2701 864; x_wconf 80' lang='lat' dir='ltr'><strong>oblationem</strong></span> <span class='ocrx_word' id='word_1_179' title='bbox 2750 809 2991 879; x_wconf 91' lang='lat' dir='ltr'><strong>corporis</strong></span> <span class='ocrx_word' id='word_1_180' title='bbox 3040 808 3242 865; x_wconf 88' lang='lat' dir='ltr'><strong>Christi</strong></span> <span class='ocrx_word' id='word_1_181' title='bbox 3271 812 3508 880; x_wconf 83' lang='lat' dir='ltr'><strong>peccatis</strong></span> <span class='ocrx_word' id='word_1_182' title='bbox 3551 812 3670 880; x_wconf 85' lang='lat' dir='ltr'><strong>ejus</strong></span> <span class='ocrx_word' id='word_1_183' title='bbox 3704 829 3809 868; x_wconf 41' lang='lat' dir='ltr'><strong>mes</strong></span> 
     </span>
    </p>
   </div>
   <div class='ocr_carea' id='block_1_25' title="bbox 2239 899 3809 974">
    <p class='ocr_par' dir='ltr' id='par_1_25' title="bbox 2239 899 3809 974">
     <span class='ocr_line' id='line_1_25' title="bbox 2239 899 3809 974; baseline 0.004 -22"><span class='ocrx_word' id='word_1_184' title='bbox 2239 899 2415 953; x_wconf 88' lang='lat' dir='ltr'><strong>dicina</strong></span> <span class='ocrx_word' id='word_1_185' title='bbox 2459 900 2604 955; x_wconf 90' lang='lat' dir='ltr'><strong>nulla</strong></span> <span class='ocrx_word' id='word_1_186' title='bbox 2650 900 2945 957; x_wconf 82' lang='lat' dir='ltr'><strong>confertur.</strong></span> <span class='ocrx_word' id='word_1_187' title='bbox 2976 901 3109 956; x_wconf 90' lang='lat' dir='ltr'><strong>Item</strong></span> <span class='ocrx_word' id='word_1_188' title='bbox 3156 918 3225 957; x_wconf 91' lang='lat' dir='ltr'><strong>ne</strong></span> <span class='ocrx_word' id='word_1_189' title='bbox 3251 918 3347 973; x_wconf 92' lang='lat' dir='ltr'><strong>per</strong></span> <span class='ocrx_word' id='word_1_190' title='bbox 3380 907 3647 974; x_wconf 88' lang='lat' dir='ltr'><strong>pudorem</strong></span> <span class='ocrx_word' id='word_1_191' title='bbox 3684 921 3809 961; x_wconf 90' lang='lat' dir='ltr'><strong>con-</strong></span> 
     </span>
    </p>
   </div>
   <div class='ocr_carea' id='block_1_26' title="bbox 2239 988 3809 1061">
    <p class='ocr_par' dir='ltr' id='par_1_26' title="bbox 2239 988 3809 1061">
     <span class='ocr_line' id='line_1_26' title="bbox 2239 988 3809 1061; baseline 0.006 -19"><span class='ocrx_word' id='word_1_192' title='bbox 2239 988 2489 1045; x_wconf 72' lang='lat' dir='ltr'><strong>fessionis</strong></span> <span class='ocrx_word' id='word_1_193' title='bbox 2512 1000 2733 1060; x_wconf 86' lang='lat' dir='ltr'><strong>peccata</strong></span> <span class='ocrx_word' id='word_1_194' title='bbox 2763 1008 2857 1047; x_wconf 88' lang='lat' dir='ltr'><strong>sua</strong></span> <span class='ocrx_word' id='word_1_195' title='bbox 2885 990 3484 1061; x_wconf 75' lang='lat' dir='ltr'><strong>peccator&#39;abscondat,</strong></span> <span class='ocrx_word' id='word_1_196' title='bbox 3512 998 3809 1052; x_wconf 81' lang='lat' dir='ltr'><strong>sententias</strong></span> 
     </span>
    </p>
   </div>
   <div class='ocr_carea' id='block_1_27' title="bbox 2240 1080 3808 1156">
    <p class='ocr_par' dir='ltr' id='par_1_27' title="bbox 2240 1080 3808 1156">
     <span class='ocr_line' id='line_1_27' title="bbox 2240 1080 3808 1156; baseline 0.006 -23"><span class='ocrx_word' id='word_1_197' title='bbox 2240 1080 2313 1134; x_wconf 92' lang='lat' dir='ltr'><strong>illi</strong></span> <span class='ocrx_word' id='word_1_198' title='bbox 2336 1094 2401 1134; x_wconf 87' lang='lat' dir='ltr'><strong>ex</strong></span> <span class='ocrx_word' id='word_1_199' title='bbox 2431 1080 2725 1153; x_wconf 90' lang='lat' dir='ltr'><strong>Scripturis</strong></span> <span class='ocrx_word' id='word_1_200' title='bbox 2771 1084 3086 1154; x_wconf 81' lang='lat' dir='ltr'><strong>praedicator</strong></span> <span class='ocrx_word' id='word_1_201' title='bbox 3110 1095 3381 1156; x_wconf 89' lang='lat' dir='ltr'><strong>opponat:</strong></span> <span class='ocrx_word' id='word_1_202' title='bbox 3415 1085 3548 1154; x_wconf 83' lang='lat' dir='ltr'><strong>Fili,</strong></span> <span class='ocrx_word' id='word_1_203' title='bbox 3586 1105 3651 1143; x_wconf 87' lang='lat' dir='ltr'><strong>ne</strong></span> <span class='ocrx_word' id='word_1_204' title='bbox 3685 1105 3808 1143; x_wconf 83' lang='lat' dir='ltr'><strong>cun-</strong></span> 
     </span>
    </p>
   </div>
   <div class='ocr_carea' id='block_1_28' title="bbox 2237 1170 3811 1247">
    <p class='ocr_par' dir='ltr' id='par_1_28' title="bbox 2237 1170 3811 1247">
     <span class='ocr_line' id='line_1_28' title="bbox 2237 1170 3811 1247; baseline 0.007 -25"><span class='ocrx_word' id='word_1_205' title='bbox 2237 1170 2478 1239; x_wconf 78' lang='lat' dir='ltr'><strong>[undaris</strong></span> <span class='ocrx_word' id='word_1_206' title='bbox 2511 1172 2746 1241; x_wconf 84' lang='lat' dir='ltr'><strong>con/iteri</strong></span> <span class='ocrx_word' id='word_1_207' title='bbox 2782 1183 2990 1242; x_wconf 81' lang='lat' dir='ltr'><strong>peccata</strong></span> <span class='ocrx_word' id='word_1_208' title='bbox 3029 1184 3118 1227; x_wconf 87' lang='lat' dir='ltr'><strong>tua</strong></span> <span class='ocrx_word' id='word_1_209' title='bbox 3138 1215 3153 1237; x_wconf 90' lang='lat'><strong>,</strong></span> <span class='ocrx_word' id='word_1_210' title='bbox 3181 1188 3254 1229; x_wconf 84' lang='lat' dir='ltr'><strong>est</strong></span> <span class='ocrx_word' id='word_1_211' title='bbox 3279 1176 3417 1230; x_wconf 82' lang='lat' dir='ltr'><strong>enim</strong></span> <span class='ocrx_word' id='word_1_212' title='bbox 3445 1181 3688 1247; x_wconf 73' lang='lat' dir='ltr'><strong>confusio</strong></span> <span class='ocrx_word' id='word_1_213' title='bbox 3718 1181 3811 1233; x_wconf 87' lang='lat' dir='ltr'><strong>ad-</strong></span> 
     </span>
    </p>
   </div>
   <div class='ocr_carea' id='block_1_29' title="bbox 2235 1262 3803 1342">
    <p class='ocr_par' dir='ltr' id='par_1_29' title="bbox 2235 1262 3803 1342">
     <span class='ocr_line' id='line_1_29' title="bbox 2235 1262 3803 1342; baseline 0.007 -27"><span class='ocrx_word' id='word_1_214' title='bbox 2235 1262 2427 1317; x_wconf 83' lang='lat' dir='ltr'><strong>ducens</strong></span> <span class='ocrx_word' id='word_1_215' title='bbox 2465 1273 2732 1334; x_wconf 82' lang='lat' dir='ltr'><strong>peccatum</strong></span> <span class='ocrx_word' id='word_1_216' title='bbox 2753 1304 2768 1331; x_wconf 95' lang='lat'><strong>,</strong></span> <span class='ocrx_word' id='word_1_217' title='bbox 2800 1277 2846 1319; x_wconf 89' lang='lat' dir='ltr'><strong>et</strong></span> <span class='ocrx_word' id='word_1_218' title='bbox 2871 1276 2944 1319; x_wconf 84' lang='lat' dir='ltr'><strong>est</strong></span> <span class='ocrx_word' id='word_1_219' title='bbox 2971 1266 3209 1336; x_wconf 77' lang='lat' dir='ltr'><strong>confusio</strong></span> <span class='ocrx_word' id='word_1_220' title='bbox 3240 1268 3505 1324; x_wconf 76' lang='lat' dir='ltr'><strong>adducens</strong></span> <span class='ocrx_word' id='word_1_221' title='bbox 3535 1271 3760 1342; x_wconf 78' lang='lat' dir='ltr'><strong>gloriam</strong></span> <span class='ocrx_word' id='word_1_222' title='bbox 3785 1291 3803 1337; x_wconf 87' lang='lat'><strong>;</strong></span> 
     </span>
    </p>
   </div>
   <div class='ocr_carea' id='block_1_30' title="bbox 2238 1351 3809 1431">
    <p class='ocr_par' dir='ltr' id='par_1_30' title="bbox 2238 1351 3809 1431">
     <span class='ocr_line' id='line_1_30' title="bbox 2238 1351 3809 1431; baseline 0.006 -26"><span class='ocrx_word' id='word_1_223' title='bbox 2238 1351 2303 1406; x_wconf 83' lang='lat' dir='ltr'><strong>Et</strong></span> <span class='ocrx_word' id='word_1_224' title='bbox 2334 1353 2566 1407; x_wconf 91' lang='lat' dir='ltr'><strong>iterum:</strong></span> <span class='ocrx_word' id='word_1_225' title='bbox 2595 1352 2699 1420; x_wconf 82' lang='lat' dir='ltr'><strong>Qui</strong></span> <span class='ocrx_word' id='word_1_226' title='bbox 2738 1354 3011 1409; x_wconf 85' lang='lat' dir='ltr'><strong>abscondit</strong></span> <span class='ocrx_word' id='word_1_227' title='bbox 3058 1355 3252 1410; x_wconf 80' lang='lat' dir='ltr'><strong>s‘eelera</strong></span> <span class='ocrx_word' id='word_1_228' title='bbox 3281 1373 3376 1411; x_wconf 88' lang='lat' dir='ltr'><strong>sua</strong></span> <span class='ocrx_word' id='word_1_229' title='bbox 3402 1399 3419 1424; x_wconf 92' lang='lat'><strong>,</strong></span> <span class='ocrx_word' id='word_1_230' title='bbox 3465 1375 3569 1414; x_wconf 89' lang='lat' dir='ltr'><strong>non</strong></span> <span class='ocrx_word' id='word_1_231' title='bbox 3618 1361 3809 1431; x_wconf 79' lang='lat' dir='ltr'><strong>dirige-</strong></span> 
     </span>
    </p>
   </div>
   <div class='ocr_carea' id='block_1_31' title="bbox 2235 1445 3806 1523">
    <p class='ocr_par' dir='ltr' id='par_1_31' title="bbox 2235 1445 3806 1523">
     <span class='ocr_line' id='line_1_31' title="bbox 2235 1445 3806 1523; baseline 0.007 -27"><span class='ocrx_word' id='word_1_232' title='bbox 2235 1453 2363 1509; x_wconf 87' lang='lat' dir='ltr'><strong>tur;</strong></span> <span class='ocrx_word' id='word_1_233' title='bbox 2396 1445 2485 1515; x_wconf 86' lang='lat' dir='ltr'><strong>qui</strong></span> <span class='ocrx_word' id='word_1_234' title='bbox 2542 1460 2715 1500; x_wconf 86' lang='lat' dir='ltr'><strong>autem</strong></span> <span class='ocrx_word' id='word_1_235' title='bbox 2779 1446 3045 1516; x_wconf 78' lang='lat' dir='ltr'><strong>confessus</strong></span> <span class='ocrx_word' id='word_1_236' title='bbox 3100 1449 3260 1518; x_wconf 79' lang='lat' dir='ltr'><strong>fuerit</strong></span> <span class='ocrx_word' id='word_1_237' title='bbox 3309 1459 3356 1503; x_wconf 86' lang='lat' dir='ltr'><strong>et</strong></span> <span class='ocrx_word' id='word_1_238' title='bbox 3399 1451 3665 1523; x_wconf 78' lang='lat' dir='ltr'><strong>reliquerit</strong></span> <span class='ocrx_word' id='word_1_239' title='bbox 3708 1470 3806 1517; x_wconf 87' lang='lat' dir='ltr'><strong>ea,</strong></span> 
     </span>
    </p>
   </div>
   <div class='ocr_carea' id='block_1_32' title="bbox 2232 1535 3806 1615">
    <p class='ocr_par' dir='ltr' id='par_1_32' title="bbox 2232 1535 3806 1615">
     <span class='ocr_line' id='line_1_32' title="bbox 2232 1535 3806 1615; baseline 0.005 -26"><span class='ocrx_word' id='word_1_240' title='bbox 2232 1535 2646 1591; x_wconf 86' lang='lat' dir='ltr'><strong>misericordiam</strong></span> <span class='ocrx_word' id='word_1_241' title='bbox 2696 1548 3054 1615; x_wconf 73' lang='lat' dir='ltr'><strong>consequetur.</strong></span> <span class='ocrx_word' id='word_1_242' title='bbox 3114 1540 3180 1594; x_wconf 89' lang='lat' dir='ltr'><strong>Et</strong></span> <span class='ocrx_word' id='word_1_243' title='bbox 3227 1540 3557 1599; x_wconf 89' lang='lat' dir='ltr'><strong>Psalmista:</strong></span> <span class='ocrx_word' id='word_1_244' title='bbox 3620 1543 3806 1599; x_wconf 70' lang='lat' dir='ltr'><strong>Revela</strong></span> 
     </span>
    </p>
   </div>
   <div class='ocr_carea' id='block_1_33' title="bbox 457 1607 3808 1704">
    <p class='ocr_par' dir='ltr' id='par_1_33' title="bbox 457 1607 3808 1704">
     <span class='ocr_line' id='line_1_33' title="bbox 457 1607 3808 1704; baseline 0.001 -17"><span class='ocrx_word' id='word_1_245' title='bbox 457 1682 465 1693; x_wconf 89' lang='grc'><em>,</em></span> <span class='ocrx_word' id='word_1_246' title='bbox 552 1635 693 1703; x_wconf 83' lang='lat' dir='ltr'><strong>quod</strong></span> <span class='ocrx_word' id='word_1_247' title='bbox 722 1642 864 1704; x_wconf 83' lang='lat' dir='ltr'><strong>agat,</strong></span> <span class='ocrx_word' id='word_1_248' title='bbox 896 1640 1075 1685; x_wconf 89' lang='lat' dir='ltr'><strong>utrum</strong></span> <span class='ocrx_word' id='word_1_249' title='bbox 1110 1632 1160 1684; x_wconf 92' lang='lat' dir='ltr'><strong>in</strong></span> <span class='ocrx_word' id='word_1_250' title='bbox 1193 1630 1277 1685; x_wconf 86' lang='lat' dir='ltr'><strong>his</strong></span> <span class='ocrx_word' id='word_1_251' title='bbox 1328 1637 1507 1684; x_wconf 91' lang='lat' dir='ltr'><strong>tamen</strong></span> <span class='ocrx_word' id='word_1_252' title='bbox 1549 1637 1997 1699; x_wconf 89' lang='lat' dir='ltr'><strong>perseveraturus</strong></span> <span class='ocrx_word' id='word_1_253' title='bbox 2040 1629 2128 1695; x_wconf 88' lang='lat' dir='ltr'><strong>sit,</strong></span> <span class='ocrx_word' id='word_1_254' title='bbox 2168 1607 2208 1667; x_wconf 75' lang='grc' dir='ltr'><strong>Β</strong></span> <span class='ocrx_word' id='word_1_255' title='bbox 2240 1626 2469 1683; x_wconf 89' lang='lat' dir='ltr'><strong>Domino</strong></span> <span class='ocrx_word' id='word_1_256' title='bbox 2503 1629 2637 1684; x_wconf 84' lang='lat' dir='ltr'><strong>viam</strong></span> <span class='ocrx_word' id='word_1_257' title='bbox 2672 1637 2817 1684; x_wconf 85' lang='lat' dir='ltr'><strong>tuam</strong></span> <span class='ocrx_word' id='word_1_258' title='bbox 2844 1670 2860 1697; x_wconf 95' lang='lat'><strong>,</strong></span> <span class='ocrx_word' id='word_1_259' title='bbox 2900 1612 2959 1685; x_wconf 80' lang='lat' dir='ltr'><strong>et</strong></span> <span class='ocrx_word' id='word_1_260' title='bbox 3012 1647 3163 1702; x_wconf 86' lang='lat' dir='ltr'><strong>spera</strong></span> <span class='ocrx_word' id='word_1_261' title='bbox 3209 1634 3264 1687; x_wconf 86' lang='lat' dir='ltr'><strong>in</strong></span> <span class='ocrx_word' id='word_1_262' title='bbox 3303 1651 3382 1689; x_wconf 83' lang='lat' dir='ltr'><strong>eo.</strong></span> <span class='ocrx_word' id='word_1_263' title='bbox 3416 1634 3553 1691; x_wconf 85' lang='lat' dir='ltr'><strong>Hinc</strong></span> <span class='ocrx_word' id='word_1_264' title='bbox 3576 1634 3808 1692; x_wconf 88' lang='lat' dir='ltr'><strong>Jacobus</strong></span> 
     </span>
    </p>
   </div>
   <div class='ocr_carea' id='block_1_34' title="bbox 552 1721 1822 1793">
    <p class='ocr_par' dir='ltr' id='par_1_34' title="bbox 552 1721 1822 1793">
     <span class='ocr_line' id='line_1_34' title="bbox 552 1721 1822 1793; baseline -0.002 -15"><span class='ocrx_word' id='word_1_265' title='bbox 552 1726 633 1780; x_wconf 87' lang='lat' dir='ltr'><strong>vel</strong></span> <span class='ocrx_word' id='word_1_266' title='bbox 657 1726 722 1780; x_wconf 86' lang='lat' dir='ltr'><strong>ab</strong></span> <span class='ocrx_word' id='word_1_267' title='bbox 747 1726 957 1780; x_wconf 86' lang='lat' dir='ltr'><strong>interno</strong></span> <span class='ocrx_word' id='word_1_268' title='bbox 985 1723 1214 1793; x_wconf 88' lang='lat' dir='ltr'><strong>qualiter</strong></span> <span class='ocrx_word' id='word_1_269' title='bbox 1237 1722 1558 1788; x_wconf 84' lang='lat' dir='ltr'><strong>aestimetur,</strong></span> <span class='ocrx_word' id='word_1_270' title='bbox 1589 1721 1822 1793; x_wconf 83' lang='lat' dir='ltr'><strong>ignorat.</strong></span> 
     </span>
    </p>
   </div>
   <div class='ocr_carea' id='block_1_35' title="bbox 624 1809 2130 1882">
    <p class='ocr_par' dir='ltr' id='par_1_35' title="bbox 624 1809 2130 1882">
     <span class='ocr_line' id='line_1_35' title="bbox 624 1809 2130 1882; baseline -0.001 -16"><span class='ocrx_word' id='word_1_271' title='bbox 624 1812 785 1867; x_wconf 77' lang='lat' dir='ltr'><strong>XVII.</strong></span> <span class='ocrx_word' id='word_1_272' title='bbox 841 1811 1129 1882; x_wconf 84' lang='lat' dir='ltr'><strong>Sequitur:</strong></span> <span class='ocrx_word' id='word_1_273' title='bbox 1193 1809 1537 1866; x_wconf 81' lang='lat' dir='ltr'><strong>Transeuntes</strong></span> <span class='ocrx_word' id='word_1_274' title='bbox 1589 1820 1762 1865; x_wconf 86' lang='lat' dir='ltr'><strong>autem</strong></span> <span class='ocrx_word' id='word_1_275' title='bbox 1809 1812 2031 1881; x_wconf 74' lang='lat' dir='ltr'><strong>primani</strong></span> <span class='ocrx_word' id='word_1_276' title='bbox 2083 1820 2130 1864; x_wconf 89' lang='lat' dir='ltr'><strong>et</strong></span> 
     </span>
    </p>
   </div>
   <div class='ocr_carea' id='block_1_36' title="bbox 552 1901 2128 1972">
    <p class='ocr_par' dir='ltr' id='par_1_36' title="bbox 552 1901 2128 1972">
     <span class='ocr_line' id='line_1_36' title="bbox 552 1901 2128 1972; baseline -0.004 -11"><span class='ocrx_word' id='word_1_277' title='bbox 552 1908 834 1962; x_wconf 71' lang='lat' dir='ltr'><strong>secun&#39;lant</strong></span> <span class='ocrx_word' id='word_1_278' title='bbox 880 1904 1196 1971; x_wconf 83' lang='lat' dir='ltr'><strong>custodiam,</strong></span> <span class='ocrx_word' id='word_1_279' title='bbox 1227 1912 1471 1959; x_wconf 80' lang='lat' dir='ltr'><strong>uenerunt</strong></span> <span class='ocrx_word' id='word_1_280' title='bbox 1519 1901 1589 1955; x_wconf 89' lang='lat' dir='ltr'><strong>ad</strong></span> <span class='ocrx_word' id='word_1_281' title='bbox 1640 1911 1846 1972; x_wconf 86' lang='lat' dir='ltr'><strong>portam</strong></span> <span class='ocrx_word' id='word_1_282' title='bbox 1886 1902 2128 1971; x_wconf 77' lang='lat' dir='ltr'><strong>ferream,</strong></span> 
     </span>
    </p>
   </div>
   <div class='ocr_carea' id='block_1_37' title="bbox 549 1985 2127 2069">
    <p class='ocr_par' dir='ltr' id='par_1_37' title="bbox 549 1985 2127 2069">
     <span class='ocr_line' id='line_1_37' title="bbox 549 1985 2127 2069; baseline -0.003 -18"><span class='ocrx_word' id='word_1_283' title='bbox 549 2014 666 2069; x_wconf 69' lang='lat' dir='ltr'><strong>quin</strong></span> <span class='ocrx_word' id='word_1_284' title='bbox 715 1996 858 2050; x_wconf 86' lang='lat' dir='ltr'><strong>ducit</strong></span> <span class='ocrx_word' id='word_1_285' title='bbox 904 1997 974 2049; x_wconf 89' lang='lat' dir='ltr'><strong>ad</strong></span> <span class='ocrx_word' id='word_1_286' title='bbox 1021 1996 1298 2062; x_wconf 86' lang='lat' dir='ltr'><strong>civitatem,</strong></span> <span class='ocrx_word' id='word_1_287' title='bbox 1353 1985 1468 2065; x_wconf 77' lang='lat' dir='ltr'><strong>qua:</strong></span> <span class='ocrx_word' id='word_1_288' title='bbox 1522 1993 1661 2048; x_wconf 86' lang='lat' dir='ltr'><strong>ultro</strong></span> <span class='ocrx_word' id='word_1_289' title='bbox 1692 2005 1872 2065; x_wconf 82' lang='lat' dir='ltr'><strong>aperta</strong></span> <span class='ocrx_word' id='word_1_290' title='bbox 1914 2002 1987 2048; x_wconf 88' lang='lat' dir='ltr'><strong>est</strong></span> <span class='ocrx_word' id='word_1_291' title='bbox 2033 1998 2127 2048; x_wconf 76' lang='lat' dir='ltr'><strong>eis.</strong></span> 
     </span>
    </p>
   </div>
   <div class='ocr_carea' id='block_1_38' title="bbox 550 2086 2131 2159">
    <p class='ocr_par' dir='ltr' id='par_1_38' title="bbox 550 2086 2131 2159">
     <span class='ocr_line' id='line_1_38' title="bbox 550 2086 2131 2159; baseline -0.001 -16"><span class='ocrx_word' id='word_1_292' title='bbox 550 2090 725 2159; x_wconf 82' lang='lat' dir='ltr'><strong>Supra</strong></span> <span class='ocrx_word' id='word_1_293' title='bbox 756 2088 984 2158; x_wconf 86' lang='lat' dir='ltr'><strong>legimus</strong></span> <span class='ocrx_word' id='word_1_294' title='bbox 1024 2088 1169 2157; x_wconf 87' lang='lat' dir='ltr'><strong>quod</strong></span> <span class='ocrx_word' id='word_1_295' title='bbox 1208 2088 1628 2156; x_wconf 89' lang='lat' dir='ltr'><strong>comprehensus</strong></span> <span class='ocrx_word' id='word_1_296' title='bbox 1661 2086 1852 2141; x_wconf 89' lang='lat' dir='ltr'><strong>Petrus</strong></span> <span class='ocrx_word' id='word_1_297' title='bbox 1903 2087 2131 2142; x_wconf 89' lang='lat' dir='ltr'><strong>traditus</strong></span> 
     </span>
    </p>
   </div>
   <div class='ocr_carea' id='block_1_39' title="bbox 549 2177 2130 2250">
    <p class='ocr_par' dir='ltr' id='par_1_39' title="bbox 549 2177 2130 2250">
     <span class='ocr_line' id='line_1_39' title="bbox 549 2177 2130 2250; baseline -0.001 -17"><span class='ocrx_word' id='word_1_298' title='bbox 549 2180 712 2235; x_wconf 85' lang='lat' dir='ltr'><strong>fuerit</strong></span> <span class='ocrx_word' id='word_1_299' title='bbox 740 2187 972 2247; x_wconf 81' lang='lat' dir='ltr'><strong>quatuor</strong></span> <span class='ocrx_word' id='word_1_300' title='bbox 1001 2178 1470 2250; x_wconf 84' lang='lat' dir='ltr'><strong>quaternionibus,</strong></span> <span class='ocrx_word' id='word_1_301' title='bbox 1510 2178 1563 2231; x_wconf 93' lang='lat' dir='ltr'><strong>id</strong></span> <span class='ocrx_word' id='word_1_302' title='bbox 1593 2185 1696 2245; x_wconf 91' lang='lat' dir='ltr'><strong>est,</strong></span> <span class='ocrx_word' id='word_1_303' title='bbox 1746 2178 1904 2233; x_wconf 86' lang='lat' dir='ltr'><strong>simul</strong></span> <span class='ocrx_word' id='word_1_304' title='bbox 1944 2177 2130 2248; x_wconf 81' lang='lat' dir='ltr'><strong>viginti</strong></span> 
     </span>
    </p>
   </div>
   <div class='ocr_carea' id='block_1_40' title="bbox 552 2266 2131 2338">
    <p class='ocr_par' dir='ltr' id='par_1_40' title="bbox 552 2266 2131 2338">
     <span class='ocr_line' id='line_1_40' title="bbox 552 2266 2131 2338; baseline -0.004 -12"><span class='ocrx_word' id='word_1_305' title='bbox 552 2271 835 2327; x_wconf 85' lang='lat' dir='ltr'><strong>militibus.</strong></span> <span class='ocrx_word' id='word_1_306' title='bbox 867 2269 1020 2325; x_wconf 89' lang='lat' dir='ltr'><strong>Unde</strong></span> <span class='ocrx_word' id='word_1_307' title='bbox 1050 2268 1208 2322; x_wconf 89' lang='lat' dir='ltr'><strong>datur</strong></span> <span class='ocrx_word' id='word_1_308' title='bbox 1235 2267 1458 2338; x_wconf 79' lang='lat' dir='ltr'><strong>intelligi</strong></span> <span class='ocrx_word' id='word_1_309' title='bbox 1501 2267 1642 2337; x_wconf 90' lang='lat' dir='ltr'><strong>quod</strong></span> <span class='ocrx_word' id='word_1_310' title='bbox 1686 2267 1844 2322; x_wconf 85' lang='lat' dir='ltr'><strong>iidem</strong></span> <span class='ocrx_word' id='word_1_311' title='bbox 1896 2266 1992 2336; x_wconf 90' lang='lat' dir='ltr'><strong>ipsi</strong></span> <span class='ocrx_word' id='word_1_312' title='bbox 2039 2268 2131 2336; x_wconf 92' lang='lat' dir='ltr'><strong>qui</strong></span> 
     </span>
    </p>
   </div>
   <div class='ocr_carea' id='block_1_41' title="bbox 548 2356 2129 2428">
    <p class='ocr_par' dir='ltr' id='par_1_41' title="bbox 548 2356 2129 2428">
     <span class='ocr_line' id='line_1_41' title="bbox 548 2356 2129 2428; baseline -0.003 -13"><span class='ocrx_word' id='word_1_313' title='bbox 548 2360 961 2418; x_wconf 82' lang='lat' dir='ltr'><strong>custodiendum</strong></span> <span class='ocrx_word' id='word_1_314' title='bbox 1010 2367 1382 2428; x_wconf 87' lang='lat' dir='ltr'><strong>susceperant,</strong></span> <span class='ocrx_word' id='word_1_315' title='bbox 1410 2366 1470 2411; x_wconf 94' lang='lat' dir='ltr'><strong>ut</strong></span> <span class='ocrx_word' id='word_1_316' title='bbox 1515 2372 1636 2412; x_wconf 90' lang='lat' dir='ltr'><strong>eum</strong></span> <span class='ocrx_word' id='word_1_317' title='bbox 1684 2356 1897 2411; x_wconf 87' lang='lat' dir='ltr'><strong>cautius</strong></span> <span class='ocrx_word' id='word_1_318' title='bbox 1940 2358 2129 2412; x_wconf 89' lang='lat' dir='ltr'><strong>obser-</strong></span> 
     </span>
    </p>
   </div>
   <div class='ocr_carea' id='block_1_42' title="bbox 552 2442 2131 2518">
    <p class='ocr_par' dir='ltr' id='par_1_42' title="bbox 552 2442 2131 2518">
     <span class='ocr_line' id='line_1_42' title="bbox 552 2442 2131 2518; baseline -0.003 -11"><span class='ocrx_word' id='word_1_319' title='bbox 552 2454 868 2518; x_wconf 9' lang='lat' dir='ltr'><strong>varent,pin</strong></span> <span class='ocrx_word' id='word_1_320' title='bbox 920 2442 1099 2508; x_wconf 55' lang='lat' dir='ltr'><strong>binas&#39;</strong></span> <span class='ocrx_word' id='word_1_321' title='bbox 1130 2465 1190 2505; x_wconf 92' lang='lat' dir='ltr'><strong>se</strong></span> <span class='ocrx_word' id='word_1_322' title='bbox 1239 2448 1540 2504; x_wconf 86' lang='lat' dir='ltr'><strong>diviserunt</strong></span> <span class='ocrx_word' id='word_1_323' title='bbox 1597 2449 1889 2505; x_wconf 86' lang='lat' dir='ltr'><strong>custodias.</strong></span> <span class='ocrx_word' id='word_1_324' title='bbox 1929 2448 2131 2505; x_wconf 67' lang='lat' dir='ltr'><strong>Prmter</strong></span> 
     </span>
    </p>
   </div>
   <div class='ocr_carea' id='block_1_43' title="bbox 548 2541 2129 2612">
    <p class='ocr_par' dir='ltr' id='par_1_43' title="bbox 548 2541 2129 2612">
     <span class='ocr_line' id='line_1_43' title="bbox 548 2541 2129 2612; baseline -0.001 -14"><span class='ocrx_word' id='word_1_325' title='bbox 548 2546 681 2600; x_wconf 88' lang='lat' dir='ltr'><strong>istos</strong></span> <span class='ocrx_word' id='word_1_326' title='bbox 705 2544 871 2609; x_wconf 91' lang='lat' dir='ltr'><strong>enim,</strong></span> <span class='ocrx_word' id='word_1_327' title='bbox 918 2543 1050 2597; x_wconf 90' lang='lat' dir='ltr'><strong>alios</strong></span> <span class='ocrx_word' id='word_1_328' title='bbox 1086 2542 1164 2597; x_wconf 89' lang='lat' dir='ltr'><strong>illi</strong></span> <span class='ocrx_word' id='word_1_329' title='bbox 1211 2542 1461 2597; x_wconf 90' lang='lat' dir='ltr'><strong>custodes</strong></span> <span class='ocrx_word' id='word_1_330' title='bbox 1503 2541 1784 2610; x_wconf 88' lang='lat' dir='ltr'><strong>deputatos</strong></span> <span class='ocrx_word' id='word_1_331' title='bbox 1834 2556 1940 2596; x_wconf 92' lang='lat' dir='ltr'><strong>non</strong></span> <span class='ocrx_word' id='word_1_332' title='bbox 1996 2541 2129 2612; x_wconf 87' lang='lat' dir='ltr'><strong>legi-</strong></span> 
     </span>
    </p>
   </div>
   <div class='ocr_carea' id='block_1_44' title="bbox 548 2632 2129 2705">
    <p class='ocr_par' dir='ltr' id='par_1_44' title="bbox 548 2632 2129 2705">
     <span class='ocr_line' id='line_1_44' title="bbox 548 2632 2129 2705; baseline -0.004 -12"><span class='ocrx_word' id='word_1_333' title='bbox 548 2650 687 2693; x_wconf 86' lang='lat' dir='ltr'><strong>mus.</strong></span> <span class='ocrx_word' id='word_1_334' title='bbox 722 2633 855 2703; x_wconf 86' lang='lat' dir='ltr'><strong>Quia</strong></span> <span class='ocrx_word' id='word_1_335' title='bbox 888 2649 1014 2705; x_wconf 86' lang='lat' dir='ltr'><strong>crgo</strong></span> <span class='ocrx_word' id='word_1_336' title='bbox 1064 2633 1226 2687; x_wconf 87' lang='lat' dir='ltr'><strong>iidem</strong></span> <span class='ocrx_word' id='word_1_337' title='bbox 1266 2632 1368 2704; x_wconf 88' lang='lat' dir='ltr'><strong>ipsi</strong></span> <span class='ocrx_word' id='word_1_338' title='bbox 1400 2633 1454 2687; x_wconf 91' lang='lat' dir='ltr'><strong>in</strong></span> <span class='ocrx_word' id='word_1_339' title='bbox 1499 2632 1728 2703; x_wconf 82' lang='lat' dir='ltr'><strong>primatu</strong></span> <span class='ocrx_word' id='word_1_340' title='bbox 1753 2640 1808 2687; x_wconf 90' lang='lat' dir='ltr'><strong>et</strong></span> <span class='ocrx_word' id='word_1_341' title='bbox 1840 2633 2129 2688; x_wconf 90' lang='lat' dir='ltr'><strong>secundam</strong></span> 
     </span>
    </p>
   </div>
   <div class='ocr_carea' id='block_1_45' title="bbox 550 2722 2128 2795">
    <p class='ocr_par' dir='ltr' id='par_1_45' title="bbox 550 2722 2128 2795">
     <span class='ocr_line' id='line_1_45' title="bbox 550 2722 2128 2795; baseline -0.001 -15"><span class='ocrx_word' id='word_1_342' title='bbox 550 2725 848 2782; x_wconf 84' lang='lat' dir='ltr'><strong>custodiam</strong></span> <span class='ocrx_word' id='word_1_343' title='bbox 876 2725 1297 2795; x_wconf 82' lang='lat' dir='ltr'><strong>distinguuntur,</strong></span> <span class='ocrx_word' id='word_1_344' title='bbox 1339 2739 1437 2780; x_wconf 91' lang='lat' dir='ltr'><strong>nos</strong></span> <span class='ocrx_word' id='word_1_345' title='bbox 1482 2737 1698 2794; x_wconf 87' lang='lat' dir='ltr'><strong>quoque</strong></span> <span class='ocrx_word' id='word_1_346' title='bbox 1730 2722 1884 2792; x_wconf 86' lang='lat' dir='ltr'><strong>juxta</strong></span> <span class='ocrx_word' id='word_1_347' title='bbox 1912 2738 2128 2779; x_wconf 89' lang='lat' dir='ltr'><strong>sensum</strong></span> 
     </span>
    </p>
   </div>
   <div class='ocr_carea' id='block_1_46' title="bbox 546 2814 2132 2873">
    <p class='ocr_par' dir='ltr' id='par_1_46' title="bbox 546 2814 2132 2873">
     <span class='ocr_line' id='line_1_46' title="bbox 546 2814 2132 2873; baseline -0.002 0"><span class='ocrx_word' id='word_1_348' title='bbox 546 2818 861 2873; x_wconf 89' lang='lat' dir='ltr'><strong>interiorem</strong></span> <span class='ocrx_word' id='word_1_349' title='bbox 900 2817 1118 2872; x_wconf 88' lang='lat' dir='ltr'><strong>easdem</strong></span> <span class='ocrx_word' id='word_1_350' title='bbox 1152 2816 1424 2873; x_wconf 87' lang='lat' dir='ltr'><strong>custodias</strong></span> <span class='ocrx_word' id='word_1_351' title='bbox 1447 2815 1764 2871; x_wconf 85' lang='lat' dir='ltr'><strong>dividamus.</strong></span> <span class='ocrx_word' id='word_1_352' title='bbox 1797 2814 1902 2871; x_wconf 90' lang='lat' dir='ltr'><strong>Sed</strong></span> <span class='ocrx_word' id='word_1_353' title='bbox 1927 2816 1996 2872; x_wconf 89' lang='lat' dir='ltr'><strong>ab</strong></span> <span class='ocrx_word' id='word_1_354' title='bbox 2029 2816 2132 2871; x_wconf 89' lang='lat' dir='ltr'><strong>hac</strong></span> 
     </span>
    </p>
   </div>
   <div class='ocr_carea' id='block_1_47' title="bbox 544 2906 2128 2977">
    <p class='ocr_par' dir='ltr' id='par_1_47' title="bbox 544 2906 2128 2977">
     <span class='ocr_line' id='line_1_47' title="bbox 544 2906 2128 2977; baseline -0.001 -13"><span class='ocrx_word' id='word_1_355' title='bbox 544 2909 809 2965; x_wconf 85' lang='lat' dir='ltr'><strong>’divisione</strong></span> <span class='ocrx_word' id='word_1_356' title='bbox 838 2908 957 2963; x_wconf 91' lang='lat' dir='ltr'><strong>illos</strong></span> <span class='ocrx_word' id='word_1_357' title='bbox 986 2908 1117 2964; x_wconf 90' lang='lat' dir='ltr'><strong>duos</strong></span> <span class='ocrx_word' id='word_1_358' title='bbox 1148 2907 1346 2963; x_wconf 89' lang='lat' dir='ltr'><strong>milites</strong></span> <span class='ocrx_word' id='word_1_359' title='bbox 1371 2916 1794 2977; x_wconf 90' lang='lat' dir='ltr'><strong>sequestrcmus,</strong></span> <span class='ocrx_word' id='word_1_360' title='bbox 1826 2906 1967 2961; x_wconf 91' lang='lat' dir='ltr'><strong>inter</strong></span> <span class='ocrx_word' id='word_1_361' title='bbox 1993 2922 2128 2977; x_wconf 89' lang='lat' dir='ltr'><strong>quos</strong></span> 
     </span>
    </p>
   </div>
   <div class='ocr_carea' id='block_1_48' title="bbox 552 2996 2129 3069">
    <p class='ocr_par' dir='ltr' id='par_1_48' title="bbox 552 2996 2129 3069">
     <span class='ocr_line' id='line_1_48' title="bbox 552 2996 2129 3069; baseline -0.001 -14"><span class='ocrx_word' id='word_1_362' title='bbox 552 3015 676 3055; x_wconf 89' lang='lat' dir='ltr'><strong>eum</strong></span> <span class='ocrx_word' id='word_1_363' title='bbox 710 2998 945 3054; x_wconf 89' lang='lat' dir='ltr'><strong>dormire</strong></span> <span class='ocrx_word' id='word_1_364' title='bbox 993 3012 1153 3068; x_wconf 88' lang='lat' dir='ltr'><strong>supra</strong></span> <span class='ocrx_word' id='word_1_365' title='bbox 1199 2998 1551 3054; x_wconf 88' lang='lat' dir='ltr'><strong>ostendimus.</strong></span> <span class='ocrx_word' id='word_1_366' title='bbox 1602 2996 1710 3055; x_wconf 90' lang='lat' dir='ltr'><strong>Illis</strong></span> <span class='ocrx_word' id='word_1_367' title='bbox 1747 3011 1877 3069; x_wconf 83' lang='lat' dir='ltr'><strong>ergo</strong></span> <span class='ocrx_word' id='word_1_368' title='bbox 1920 2996 2129 3054; x_wconf 91' lang='lat' dir='ltr'><strong>duobus</strong></span> 
     </span>
    </p>
   </div>
   <div class='ocr_carea' id='block_1_49' title="bbox 543 3086 2130 3159">
    <p class='ocr_par' dir='ltr' id='par_1_49' title="bbox 543 3086 2130 3159">
     <span class='ocr_line' id='line_1_49' title="bbox 543 3086 2130 3159; baseline 0 -15"><span class='ocrx_word' id='word_1_369' title='bbox 543 3087 808 3157; x_wconf 82' lang='lat' dir='ltr'><strong>exceptis,</strong></span> <span class='ocrx_word' id='word_1_370' title='bbox 839 3087 1108 3158; x_wconf 89' lang='lat' dir='ltr'><strong>quomodo</strong></span> <span class='ocrx_word' id='word_1_371' title='bbox 1139 3086 1335 3159; x_wconf 88' lang='lat' dir='ltr'><strong>reliqui</strong></span> <span class='ocrx_word' id='word_1_372' title='bbox 1386 3087 1442 3142; x_wconf 90' lang='lat' dir='ltr'><strong>in</strong></span> <span class='ocrx_word' id='word_1_373' title='bbox 1474 3086 1704 3158; x_wconf 87' lang='lat' dir='ltr'><strong>primam</strong></span> <span class='ocrx_word' id='word_1_374' title='bbox 1751 3095 1806 3142; x_wconf 88' lang='lat' dir='ltr'><strong>et</strong></span> <span class='ocrx_word' id='word_1_375' title='bbox 1835 3087 2130 3144; x_wconf 89' lang='lat' dir='ltr'><strong>secundam</strong></span> 
     </span>
    </p>
   </div>
   <div class='ocr_carea' id='block_1_50' title="bbox 544 3176 2132 3248">
    <p class='ocr_par' dir='ltr' id='par_1_50' title="bbox 544 3176 2132 3248">
     <span class='ocr_line' id='line_1_50' title="bbox 544 3176 2132 3248; baseline 0 -14"><span class='ocrx_word' id='word_1_376' title='bbox 544 3177 842 3234; x_wconf 88' lang='lat' dir='ltr'><strong>custodiam</strong></span> <span class='ocrx_word' id='word_1_377' title='bbox 872 3176 1034 3233; x_wconf 88' lang='lat' dir='ltr'><strong>dividi</strong></span> <span class='ocrx_word' id='word_1_378' title='bbox 1062 3177 1278 3232; x_wconf 85' lang='lat' dir='ltr'><strong>valeant</strong></span> <span class='ocrx_word' id='word_1_379' title='bbox 1318 3177 1616 3234; x_wconf 88' lang='lat' dir='ltr'><strong>videamus.</strong></span> <span class='ocrx_word' id='word_1_380' title='bbox 1665 3176 1908 3235; x_wconf 89' lang='lat' dir='ltr'><strong>Primum</strong></span> <span class='ocrx_word' id='word_1_381' title='bbox 1949 3177 2132 3248; x_wconf 85' lang='lat' dir='ltr'><strong>itaque</strong></span> 
     </span>
    </p>
   </div>
   <div class='ocr_carea' id='block_1_51' title="bbox 544 3268 2132 3340">
    <p class='ocr_par' dir='ltr' id='par_1_51' title="bbox 544 3268 2132 3340">
     <span class='ocr_line' id='line_1_51' title="bbox 544 3268 2132 3340; baseline 0.001 -17"><span class='ocrx_word' id='word_1_382' title='bbox 544 3268 997 3339; x_wconf 71' lang='lat' dir='ltr'><strong>quaternionem,</strong></span> <span class='ocrx_word' id='word_1_383' title='bbox 1047 3284 1207 3339; x_wconf 89' lang='lat' dir='ltr'><strong>quem</strong></span> <span class='ocrx_word' id='word_1_384' title='bbox 1259 3268 1512 3326; x_wconf 77' lang='lat' dir='ltr'><strong>allectum</strong></span> <span class='ocrx_word' id='word_1_385' title='bbox 1565 3270 1827 3340; x_wconf 87' lang='lat' dir='ltr'><strong>peccandi</strong></span> <span class='ocrx_word' id='word_1_386' title='bbox 1888 3271 2132 3329; x_wconf 88' lang='lat' dir='ltr'><strong>nomina-</strong></span> 
     </span>
    </p>
   </div>
   <div class='ocr_carea' id='block_1_52' title="bbox 544 3362 2128 3433">
    <p class='ocr_par' dir='ltr' id='par_1_52' title="bbox 544 3362 2128 3433">
     <span class='ocr_line' id='line_1_52' title="bbox 544 3362 2128 3433; baseline 0.001 -18"><span class='ocrx_word' id='word_1_387' title='bbox 544 3362 742 3425; x_wconf 83' lang='lat' dir='ltr'><strong>vimus,</strong></span> <span class='ocrx_word' id='word_1_388' title='bbox 773 3376 893 3415; x_wconf 88' lang='lat' dir='ltr'><strong>cum</strong></span> <span class='ocrx_word' id='word_1_389' title='bbox 940 3375 1037 3417; x_wconf 93' lang='lat' dir='ltr'><strong>suo</strong></span> <span class='ocrx_word' id='word_1_390' title='bbox 1064 3362 1275 3433; x_wconf 81' lang='lat' dir='ltr'><strong>agmine</strong></span> <span class='ocrx_word' id='word_1_391' title='bbox 1305 3378 1402 3433; x_wconf 90' lang='lat' dir='ltr'><strong>pro</strong></span> <span class='ocrx_word' id='word_1_392' title='bbox 1432 3362 1604 3432; x_wconf 89' lang='lat' dir='ltr'><strong>prima</strong></span> <span class='ocrx_word' id='word_1_393' title='bbox 1650 3364 1891 3419; x_wconf 86' lang='lat' dir='ltr'><strong>custodia</strong></span> <span class='ocrx_word' id='word_1_394' title='bbox 1931 3364 2128 3419; x_wconf 81' lang='lat' dir='ltr'><strong>habea-</strong></span> 
     </span>
    </p>
   </div>
   <div class='ocr_carea' id='block_1_53' title="bbox 544 3452 2128 3524">
    <p class='ocr_par' dir='ltr' id='par_1_53' title="bbox 544 3452 2128 3524">
     <span class='ocr_line' id='line_1_53' title="bbox 544 3452 2128 3524; baseline 0.001 -17"><span class='ocrx_word' id='word_1_395' title='bbox 544 3468 685 3507; x_wconf 90' lang='lat' dir='ltr'><strong>mus.</strong></span> <span class='ocrx_word' id='word_1_396' title='bbox 717 3452 883 3509; x_wconf 83' lang='lat' dir='ltr'><strong>Recte</strong></span> <span class='ocrx_word' id='word_1_397' title='bbox 926 3454 1125 3508; x_wconf 90' lang='lat' dir='ltr'><strong>etenim</strong></span> <span class='ocrx_word' id='word_1_398' title='bbox 1177 3453 1290 3523; x_wconf 81' lang='lat' dir='ltr'><strong>ipse</strong></span> <span class='ocrx_word' id='word_1_399' title='bbox 1333 3461 1385 3507; x_wconf 92' lang='lat' dir='ltr'><strong>et</strong></span> <span class='ocrx_word' id='word_1_400' title='bbox 1435 3452 1632 3508; x_wconf 90' lang='lat' dir='ltr'><strong>milites</strong></span> <span class='ocrx_word' id='word_1_401' title='bbox 1680 3453 1763 3509; x_wconf 91' lang='lat' dir='ltr'><strong>sui</strong></span> <span class='ocrx_word' id='word_1_402' title='bbox 1816 3468 1913 3524; x_wconf 90' lang='lat' dir='ltr'><strong>pro</strong></span> <span class='ocrx_word' id='word_1_403' title='bbox 1957 3454 2128 3524; x_wconf 89' lang='lat' dir='ltr'><strong>prima</strong></span> 
     </span>
    </p>
   </div>
   <div class='ocr_carea' id='block_1_54' title="bbox 543 3542 2127 3614">
    <p class='ocr_par' dir='ltr' id='par_1_54' title="bbox 543 3542 2127 3614">
     <span class='ocr_line' id='line_1_54' title="bbox 543 3542 2127 3614; baseline 0.002 -19"><span class='ocrx_word' id='word_1_404' title='bbox 543 3542 784 3597; x_wconf 89' lang='lat' dir='ltr'><strong>custodia</strong></span> <span class='ocrx_word' id='word_1_405' title='bbox 821 3543 1161 3612; x_wconf 88' lang='lat' dir='ltr'><strong>deputantur.</strong></span> <span class='ocrx_word' id='word_1_406' title='bbox 1193 3542 1318 3611; x_wconf 86' lang='lat' dir='ltr'><strong>quia</strong></span> <span class='ocrx_word' id='word_1_407' title='bbox 1354 3542 1580 3607; x_wconf 89' lang='lat' dir='ltr'><strong>scilicet,</strong></span> <span class='ocrx_word' id='word_1_408' title='bbox 1612 3550 1673 3598; x_wconf 88' lang='lat' dir='ltr'><strong>ut</strong></span> <span class='ocrx_word' id='word_1_409' title='bbox 1723 3558 1882 3614; x_wconf 86' lang='lat' dir='ltr'><strong>supra</strong></span> <span class='ocrx_word' id='word_1_410' title='bbox 1927 3544 2127 3599; x_wconf 90' lang='lat' dir='ltr'><strong>dictum</strong></span> 
     </span>
    </p>
   </div>
   <div class='ocr_carea' id='block_1_55' title="bbox 544 3630 2124 3700">
    <p class='ocr_par' dir='ltr' id='par_1_55' title="bbox 544 3630 2124 3700">
     <span class='ocr_line' id='line_1_55' title="bbox 544 3630 2124 3700; baseline -0.002 -13"><span class='ocrx_word' id='word_1_411' title='bbox 544 3640 648 3697; x_wconf 88' lang='lat' dir='ltr'><strong>est,</strong></span> <span class='ocrx_word' id='word_1_412' title='bbox 682 3632 882 3686; x_wconf 76' lang='lat' dir='ltr'><strong>ideirco</strong></span> <span class='ocrx_word' id='word_1_413' title='bbox 903 3638 1155 3700; x_wconf 88' lang='lat' dir='ltr'><strong>peccator</strong></span> <span class='ocrx_word' id='word_1_414' title='bbox 1183 3631 1247 3685; x_wconf 87' lang='lat' dir='ltr'><strong>de</strong></span> <span class='ocrx_word' id='word_1_415' title='bbox 1286 3643 1503 3685; x_wconf 87' lang='lat' dir='ltr'><strong>carcere</strong></span> <span class='ocrx_word' id='word_1_416' title='bbox 1533 3644 1631 3685; x_wconf 90' lang='lat' dir='ltr'><strong>suo</strong></span> <span class='ocrx_word' id='word_1_417' title='bbox 1661 3630 1813 3686; x_wconf 81' lang='lat' dir='ltr'><strong>exire</strong></span> <span class='ocrx_word' id='word_1_418' title='bbox 1841 3630 2124 3695; x_wconf 88' lang='lat' dir='ltr'><strong>detrectat,</strong></span> 
     </span>
    </p>
   </div>
   <div class='ocr_carea' id='block_1_56' title="bbox 548 3719 2126 3791">
    <p class='ocr_par' dir='ltr' id='par_1_56' title="bbox 548 3719 2126 3791">
     <span class='ocr_line' id='line_1_56' title="bbox 548 3719 2126 3791; baseline 0.001 -18"><span class='ocrx_word' id='word_1_419' title='bbox 548 3723 672 3791; x_wconf 81' lang='lat' dir='ltr'><strong>quia</strong></span> <span class='ocrx_word' id='word_1_420' title='bbox 729 3736 849 3775; x_wconf 91' lang='lat' dir='ltr'><strong>eum</strong></span> <span class='ocrx_word' id='word_1_421' title='bbox 912 3726 1137 3789; x_wconf 83' lang='lat' dir='ltr'><strong>peccare</strong></span> <span class='ocrx_word' id='word_1_422' title='bbox 1193 3720 1389 3774; x_wconf 87' lang='lat' dir='ltr'><strong>iterum</strong></span> <span class='ocrx_word' id='word_1_423' title='bbox 1440 3719 1693 3774; x_wconf 90' lang='lat' dir='ltr'><strong>delectat.</strong></span> <span class='ocrx_word' id='word_1_424' title='bbox 1733 3719 1836 3775; x_wconf 89' lang='lat' dir='ltr'><strong>Pro</strong></span> <span class='ocrx_word' id='word_1_425' title='bbox 1891 3721 2126 3776; x_wconf 88' lang='lat' dir='ltr'><strong>secunda</strong></span> 
     </span>
    </p>
   </div>
   <div class='ocr_carea' id='block_1_57' title="bbox 544 3809 2131 3881">
    <p class='ocr_par' dir='ltr' id='par_1_57' title="bbox 544 3809 2131 3881">
     <span class='ocr_line' id='line_1_57' title="bbox 544 3809 2131 3881; baseline 0 -18"><span class='ocrx_word' id='word_1_426' title='bbox 544 3826 756 3880; x_wconf 88' lang='lat' dir='ltr'><strong>quoque</strong></span> <span class='ocrx_word' id='word_1_427' title='bbox 786 3811 1048 3875; x_wconf 88' lang='lat' dir='ltr'><strong>custodia,</strong></span> <span class='ocrx_word' id='word_1_428' title='bbox 1086 3809 1380 3864; x_wconf 90' lang='lat' dir='ltr'><strong>secundum</strong></span> <span class='ocrx_word' id='word_1_429' title='bbox 1412 3809 1844 3880; x_wconf 89' lang='lat' dir='ltr'><strong>quaternionem,</strong></span> <span class='ocrx_word' id='word_1_430' title='bbox 1887 3810 1978 3880; x_wconf 90' lang='lat' dir='ltr'><strong>qui</strong></span> <span class='ocrx_word' id='word_1_431' title='bbox 2030 3826 2131 3881; x_wconf 85' lang='lat' dir='ltr'><strong>pu-</strong></span> 
     </span>
    </p>
   </div>
   <div class='ocr_carea' id='block_1_58' title="bbox 544 3897 2123 3968">
    <p class='ocr_par' dir='ltr' id='par_1_58' title="bbox 544 3897 2123 3968">
     <span class='ocr_line' id='line_1_58' title="bbox 544 3897 2123 3968; baseline 0.001 -15"><span class='ocrx_word' id='word_1_432' title='bbox 544 3899 643 3953; x_wconf 85' lang='lat' dir='ltr'><strong>dor</strong></span> <span class='ocrx_word' id='word_1_433' title='bbox 672 3897 1024 3954; x_wconf 87' lang='lat' dir='ltr'><strong>confessionis</strong></span> <span class='ocrx_word' id='word_1_434' title='bbox 1051 3905 1156 3963; x_wconf 90' lang='lat' dir='ltr'><strong>est,</strong></span> <span class='ocrx_word' id='word_1_435' title='bbox 1195 3912 1317 3952; x_wconf 90' lang='lat' dir='ltr'><strong>cum</strong></span> <span class='ocrx_word' id='word_1_436' title='bbox 1351 3897 1462 3954; x_wconf 88' lang='lat' dir='ltr'><strong>suis</strong></span> <span class='ocrx_word' id='word_1_437' title='bbox 1486 3897 1749 3954; x_wconf 87' lang='lat' dir='ltr'><strong>militibus</strong></span> <span class='ocrx_word' id='word_1_438' title='bbox 1789 3898 2123 3968; x_wconf 87' lang='lat' dir='ltr'><strong>deputemus.</strong></span> 
     </span>
    </p>
   </div>
   <div class='ocr_carea' id='block_1_59' title="bbox 543 3991 2125 4062">
    <p class='ocr_par' dir='ltr' id='par_1_59' title="bbox 543 3991 2125 4062">
     <span class='ocr_line' id='line_1_59' title="bbox 543 3991 2125 4062; baseline 0.002 -17"><span class='ocrx_word' id='word_1_439' title='bbox 543 3992 918 4062; x_wconf 86' lang='lat' dir='ltr'><strong>Congruenter</strong></span> <span class='ocrx_word' id='word_1_440' title='bbox 944 4003 1119 4047; x_wconf 89' lang='lat' dir='ltr'><strong>autem</strong></span> <span class='ocrx_word' id='word_1_441' title='bbox 1151 4000 1204 4047; x_wconf 90' lang='lat' dir='ltr'><strong>et</strong></span> <span class='ocrx_word' id='word_1_442' title='bbox 1225 3992 1338 4062; x_wconf 88' lang='lat' dir='ltr'><strong>ipse</strong></span> <span class='ocrx_word' id='word_1_443' title='bbox 1358 4006 1456 4062; x_wconf 90' lang='lat' dir='ltr'><strong>pro</strong></span> <span class='ocrx_word' id='word_1_444' title='bbox 1484 3991 1719 4053; x_wconf 86' lang='lat' dir='ltr'><strong>secunda</strong></span> <span class='ocrx_word' id='word_1_445' title='bbox 1742 3993 1989 4049; x_wconf 87' lang='lat' dir='ltr'><strong>custodia</strong></span> <span class='ocrx_word' id='word_1_446' title='bbox 2011 3994 2125 4050; x_wconf 86' lang='lat' dir='ltr'><strong>col-</strong></span> 
     </span>
    </p>
   </div>
   <div class='ocr_carea' id='block_1_60' title="bbox 542 4080 2127 4154">
    <p class='ocr_par' dir='ltr' id='par_1_60' title="bbox 542 4080 2127 4154">
     <span class='ocr_line' id='line_1_60' title="bbox 542 4080 2127 4154; baseline 0.004 -21"><span class='ocrx_word' id='word_1_447' title='bbox 542 4080 774 4152; x_wconf 81' lang='lat' dir='ltr'><strong>locatur,</strong></span> <span class='ocrx_word' id='word_1_448' title='bbox 823 4081 948 4151; x_wconf 87' lang='lat' dir='ltr'><strong>quia</strong></span> <span class='ocrx_word' id='word_1_449' title='bbox 995 4090 1051 4138; x_wconf 90' lang='lat' dir='ltr'><strong>et</strong></span> <span class='ocrx_word' id='word_1_450' title='bbox 1098 4082 1244 4152; x_wconf 89' lang='lat' dir='ltr'><strong>prius</strong></span> <span class='ocrx_word' id='word_1_451' title='bbox 1293 4097 1391 4138; x_wconf 90' lang='lat' dir='ltr'><strong>nos</strong></span> <span class='ocrx_word' id='word_1_452' title='bbox 1435 4082 1488 4137; x_wconf 92' lang='lat' dir='ltr'><strong>in</strong></span> <span class='ocrx_word' id='word_1_453' title='bbox 1514 4092 1797 4152; x_wconf 90' lang='lat' dir='ltr'><strong>peccatum</strong></span> <span class='ocrx_word' id='word_1_454' title='bbox 1826 4084 2127 4154; x_wconf 85' lang='lat' dir='ltr'><strong>praecipitat</strong></span> 
     </span>
    </p>
   </div>
   <div class='ocr_carea' id='block_1_61' title="bbox 545 4172 2125 4245">
    <p class='ocr_par' dir='ltr' id='par_1_61' title="bbox 545 4172 2125 4245">
     <span class='ocr_line' id='line_1_61' title="bbox 545 4172 2125 4245; baseline 0.002 -19"><span class='ocrx_word' id='word_1_455' title='bbox 545 4172 769 4228; x_wconf 77' lang='lat' dir='ltr'><strong>allectus</strong></span> <span class='ocrx_word' id='word_1_456' title='bbox 791 4173 1069 4243; x_wconf 86' lang='lat' dir='ltr'><strong>peccandi,</strong></span> <span class='ocrx_word' id='word_1_457' title='bbox 1098 4182 1153 4227; x_wconf 90' lang='lat' dir='ltr'><strong>et</strong></span> <span class='ocrx_word' id='word_1_458' title='bbox 1200 4174 1591 4243; x_wconf 89' lang='lat' dir='ltr'><strong>subsequenter</strong></span> <span class='ocrx_word' id='word_1_459' title='bbox 1633 4174 1805 4245; x_wconf 90' lang='lat' dir='ltr'><strong>pudor</strong></span> <span class='ocrx_word' id='word_1_460' title='bbox 1830 4174 2125 4232; x_wconf 85' lang='lat' dir='ltr'><strong>confessio-</strong></span> 
     </span>
    </p>
   </div>
   <div class='ocr_carea' id='block_1_62' title="bbox 2233 1718 3803 1793">
    <p class='ocr_par' dir='ltr' id='par_1_62' title="bbox 2233 1718 3803 1793">
     <span class='ocr_line' id='line_1_62' title="bbox 2233 1718 3803 1793; baseline 0.006 -20"><span class='ocrx_word' id='word_1_461' title='bbox 2233 1718 2509 1790; x_wconf 88' lang='lat' dir='ltr'><strong>apostolus</strong></span> <span class='ocrx_word' id='word_1_462' title='bbox 2558 1737 2571 1774; x_wconf 92' lang='lat'><strong>:</strong></span> <span class='ocrx_word' id='word_1_463' title='bbox 2622 1719 2955 1789; x_wconf 77' lang='lat' dir='ltr'><strong>Canﬁtemini</strong></span> <span class='ocrx_word' id='word_1_464' title='bbox 2996 1722 3305 1779; x_wconf 86' lang='lat' dir='ltr'><strong>alterutrum</strong></span> <span class='ocrx_word' id='word_1_465' title='bbox 3357 1736 3568 1793; x_wconf 85' lang='lat' dir='ltr'><strong>peccata</strong></span> <span class='ocrx_word' id='word_1_466' title='bbox 3605 1738 3803 1793; x_wconf 75' lang='lat' dir='ltr'><strong>uestra,</strong></span> 
     </span>
    </p>
   </div>
   <div class='ocr_carea' id='block_1_63' title="bbox 2231 1812 3806 1891">
    <p class='ocr_par' dir='ltr' id='par_1_63' title="bbox 2231 1812 3806 1891">
     <span class='ocr_line' id='line_1_63' title="bbox 2231 1812 3806 1891; baseline 0.005 -25"><span class='ocrx_word' id='word_1_467' title='bbox 2231 1820 2279 1866; x_wconf 83' lang='lat' dir='ltr'><strong>et</strong></span> <span class='ocrx_word' id='word_1_468' title='bbox 2303 1820 2448 1866; x_wconf 88' lang='lat' dir='ltr'><strong>orate</strong></span> <span class='ocrx_word' id='word_1_469' title='bbox 2483 1828 2578 1882; x_wconf 82' lang='lat' dir='ltr'><strong>pro</strong></span> <span class='ocrx_word' id='word_1_470' title='bbox 2623 1812 2870 1878; x_wconf 86' lang='lat' dir='ltr'><strong>invicem,</strong></span> <span class='ocrx_word' id='word_1_471' title='bbox 2920 1822 2975 1867; x_wconf 85' lang='lat' dir='ltr'><strong>ut</strong></span> <span class='ocrx_word' id='word_1_472' title='bbox 3026 1813 3319 1870; x_wconf 85' lang='lat' dir='ltr'><strong>salvcmini.</strong></span> <span class='ocrx_word' id='word_1_473' title='bbox 3349 1816 3484 1873; x_wconf 86' lang='lat' dir='ltr'><strong>Cum</strong></span> <span class='ocrx_word' id='word_1_474' title='bbox 3531 1834 3660 1891; x_wconf 88' lang='lat' dir='ltr'><strong>ergo</strong></span> <span class='ocrx_word' id='word_1_475' title='bbox 3693 1820 3806 1874; x_wconf 65' lang='lat' dir='ltr'><strong>hcce</strong></span> 
     </span>
    </p>
   </div>
   <div class='ocr_carea' id='block_1_64' title="bbox 2232 1902 3807 1977">
    <p class='ocr_par' dir='ltr' id='par_1_64' title="bbox 2232 1902 3807 1977">
     <span class='ocr_line' id='line_1_64' title="bbox 2232 1902 3807 1977; baseline 0.005 -21"><span class='ocrx_word' id='word_1_476' title='bbox 2232 1911 2288 1956; x_wconf 91' lang='lat' dir='ltr'><strong>et</strong></span> <span class='ocrx_word' id='word_1_477' title='bbox 2312 1902 2576 1971; x_wconf 86' lang='lat' dir='ltr'><strong>ejusmodi</strong></span> <span class='ocrx_word' id='word_1_478' title='bbox 2623 1903 3031 1958; x_wconf 84' lang='lat' dir='ltr'><strong>exbortamenta</strong></span> <span class='ocrx_word' id='word_1_479' title='bbox 3079 1904 3315 1960; x_wconf 88' lang='lat' dir='ltr'><strong>auditori</strong></span> <span class='ocrx_word' id='word_1_480' title='bbox 3362 1922 3461 1963; x_wconf 89' lang='lat' dir='ltr'><strong>suo</strong></span> <span class='ocrx_word' id='word_1_481' title='bbox 3483 1908 3807 1977; x_wconf 61' lang='lat' dir='ltr'><strong>praedicator</strong></span> 
     </span>
    </p>
   </div>
   <div class='ocr_carea' id='block_1_65' title="bbox 2233 1992 3805 2066">
    <p class='ocr_par' dir='ltr' id='par_1_65' title="bbox 2233 1992 3805 2066">
     <span class='ocr_line' id='line_1_65' title="bbox 2233 1992 3805 2066; baseline 0.004 -20"><span class='ocrx_word' id='word_1_482' title='bbox 2233 1992 2486 2058; x_wconf 86' lang='lat' dir='ltr'><strong>adhibet,</strong></span> <span class='ocrx_word' id='word_1_483' title='bbox 2518 1992 2646 2062; x_wconf 90' lang='lat' dir='ltr'><strong>quid</strong></span> <span class='ocrx_word' id='word_1_484' title='bbox 2682 1992 2832 2046; x_wconf 90' lang='lat' dir='ltr'><strong>illum</strong></span> <span class='ocrx_word' id='word_1_485' title='bbox 2856 1994 2959 2048; x_wconf 89' lang='lat' dir='ltr'><strong>nisi</strong></span> <span class='ocrx_word' id='word_1_486' title='bbox 2991 2001 3045 2060; x_wconf 77' lang='lat' dir='ltr'><strong>et</strong></span> <span class='ocrx_word' id='word_1_487' title='bbox 3077 1994 3293 2051; x_wconf 73' lang='lat' dir='ltr'><strong>allectui</strong></span> <span class='ocrx_word' id='word_1_488' title='bbox 3324 1999 3581 2066; x_wconf 90' lang='lat' dir='ltr'><strong>peccandi</strong></span> <span class='ocrx_word' id='word_1_489' title='bbox 3602 2010 3656 2053; x_wconf 87' lang='lat' dir='ltr'><strong>et</strong></span> <span class='ocrx_word' id='word_1_490' title='bbox 3676 2015 3805 2053; x_wconf 84' lang='lat' dir='ltr'><strong>con-</strong></span> 
     </span>
    </p>
   </div>
   <div class='ocr_carea' id='block_1_66' title="bbox 2232 2082 3805 2160">
    <p class='ocr_par' dir='ltr' id='par_1_66' title="bbox 2232 2082 3805 2160">
     <span class='ocr_line' id='line_1_66' title="bbox 2232 2082 3805 2160; baseline 0.005 -23"><span class='ocrx_word' id='word_1_491' title='bbox 2232 2082 2427 2138; x_wconf 83' lang='lat' dir='ltr'><strong>fusioni</strong></span> <span class='ocrx_word' id='word_1_492' title='bbox 2456 2085 2745 2140; x_wconf 82' lang='lat' dir='ltr'><strong>confitendi</strong></span> <span class='ocrx_word' id='word_1_493' title='bbox 2771 2086 3021 2141; x_wconf 89' lang='lat' dir='ltr'><strong>resistere</strong></span> <span class='ocrx_word' id='word_1_494' title='bbox 3047 2087 3328 2155; x_wconf 86' lang='lat' dir='ltr'><strong>admonet,</strong></span> <span class='ocrx_word' id='word_1_495' title='bbox 3356 2089 3409 2144; x_wconf 90' lang='lat' dir='ltr'><strong>id</strong></span> <span class='ocrx_word' id='word_1_496' title='bbox 3436 2098 3544 2158; x_wconf 89' lang='lat' dir='ltr'><strong>est,</strong></span> <span class='ocrx_word' id='word_1_497' title='bbox 3572 2090 3805 2160; x_wconf 87' lang='lat' dir='ltr'><strong>qualiter</strong></span> 
     </span>
    </p>
   </div>
   <div class='ocr_carea' id='block_1_67' title="bbox 2232 2176 3801 2245">
    <p class='ocr_par' dir='ltr' id='par_1_67' title="bbox 2232 2176 3801 2245">
     <span class='ocr_line' id='line_1_67' title="bbox 2232 2176 3801 2245; baseline 0.004 -16"><span class='ocrx_word' id='word_1_498' title='bbox 2232 2189 2329 2244; x_wconf 84' lang='lat' dir='ltr'><strong>per</strong></span> <span class='ocrx_word' id='word_1_499' title='bbox 2350 2176 2580 2245; x_wconf 89' lang='lat' dir='ltr'><strong>primam</strong></span> <span class='ocrx_word' id='word_1_500' title='bbox 2624 2185 2678 2232; x_wconf 89' lang='lat' dir='ltr'><strong>et</strong></span> <span class='ocrx_word' id='word_1_501' title='bbox 2700 2176 2990 2232; x_wconf 87' lang='lat' dir='ltr'><strong>secundam</strong></span> <span class='ocrx_word' id='word_1_502' title='bbox 3014 2178 3318 2234; x_wconf 89' lang='lat' dir='ltr'><strong>custodiam</strong></span> <span class='ocrx_word' id='word_1_503' title='bbox 3351 2181 3584 2236; x_wconf 89' lang='lat' dir='ltr'><strong>transire</strong></span> <span class='ocrx_word' id='word_1_504' title='bbox 3606 2181 3801 2237; x_wconf 83' lang='lat' dir='ltr'><strong>debeat</strong></span> 
     </span>
    </p>
   </div>
   <div class='ocr_carea' id='block_1_68' title="bbox 2232 2266 2438 2321">
    <p class='ocr_par' dir='ltr' id='par_1_68' title="bbox 2232 2266 2438 2321">
     <span class='ocr_line' id='line_1_68' title="bbox 2232 2266 2438 2321; baseline 0.015 -2"><span class='ocrx_word' id='word_1_505' title='bbox 2232 2266 2388 2321; x_wconf 84' lang='lat' dir='ltr'><strong>decet</strong></span> <span class='ocrx_word' id='word_1_506' title='bbox 2414 2268 2438 2321; x_wconf 81' lang='lat'><strong>?</strong></span> 
     </span>
    </p>
   </div>
   <div class='ocr_carea' id='block_1_69' title="bbox 2303 2358 3805 2433">
    <p class='ocr_par' dir='ltr' id='par_1_69' title="bbox 2303 2358 3805 2433">
     <span class='ocr_line' id='line_1_69' title="bbox 2303 2358 3805 2433; baseline 0.006 -22"><span class='ocrx_word' id='word_1_507' title='bbox 2303 2358 2407 2412; x_wconf 87' lang='lat' dir='ltr'><strong>Sed</strong></span> <span class='ocrx_word' id='word_1_508' title='bbox 2449 2359 2536 2414; x_wconf 91' lang='lat' dir='ltr'><strong>hic</strong></span> <span class='ocrx_word' id='word_1_509' title='bbox 2594 2361 2730 2414; x_wconf 83' lang='lat' dir='ltr'><strong>forte</strong></span> <span class='ocrx_word' id='word_1_510' title='bbox 2755 2361 3043 2431; x_wconf 90' lang='lat' dir='ltr'><strong>opponitur</strong></span> <span class='ocrx_word' id='word_1_511' title='bbox 3094 2364 3392 2433; x_wconf 90' lang='lat' dir='ltr'><strong>quomodo,</strong></span> <span class='ocrx_word' id='word_1_512' title='bbox 3431 2380 3554 2420; x_wconf 90' lang='lat' dir='ltr'><strong>cum</strong></span> <span class='ocrx_word' id='word_1_513' title='bbox 3577 2376 3805 2421; x_wconf 83' lang='lat' dir='ltr'><strong>eatenus</strong></span> 
     </span>
    </p>
   </div>
   <div class='ocr_carea' id='block_1_70' title="bbox 2232 2446 3804 2521">
    <p class='ocr_par' dir='ltr' id='par_1_70' title="bbox 2232 2446 3804 2521">
     <span class='ocr_line' id='line_1_70' title="bbox 2232 2446 3804 2521; baseline 0.007 -21"><span class='ocrx_word' id='word_1_514' title='bbox 2232 2446 2301 2502; x_wconf 91' lang='lat' dir='ltr'><strong>de</strong></span> <span class='ocrx_word' id='word_1_515' title='bbox 2348 2446 2413 2500; x_wconf 88' lang='lat' dir='ltr'><strong>IV</strong></span> <span class='ocrx_word' id='word_1_516' title='bbox 2444 2450 2891 2518; x_wconf 90' lang='lat' dir='ltr'><strong>quaternionibus</strong></span> <span class='ocrx_word' id='word_1_517' title='bbox 2932 2455 3376 2521; x_wconf 88' lang='lat' dir='ltr'><strong>tractaverimus,</strong></span> <span class='ocrx_word' id='word_1_518' title='bbox 3414 2470 3560 2510; x_wconf 91' lang='lat' dir='ltr'><strong>nunc</strong></span> <span class='ocrx_word' id='word_1_519' title='bbox 3581 2457 3645 2511; x_wconf 87' lang='lat' dir='ltr'><strong>de</strong></span> <span class='ocrx_word' id='word_1_520' title='bbox 3670 2457 3804 2511; x_wconf 86' lang='lat' dir='ltr'><strong>duo-</strong></span> 
     </span>
    </p>
   </div>
   <div class='ocr_carea' id='block_1_71' title="bbox 2231 2540 3800 2608">
    <p class='ocr_par' dir='ltr' id='par_1_71' title="bbox 2231 2540 3800 2608">
     <span class='ocr_line' id='line_1_71' title="bbox 2231 2540 3800 2608; baseline 0.008 -13"><span class='ocrx_word' id='word_1_521' title='bbox 2231 2540 2329 2596; x_wconf 90' lang='lat' dir='ltr'><strong>bus</strong></span> <span class='ocrx_word' id='word_1_522' title='bbox 2366 2544 2736 2599; x_wconf 90' lang='lat' dir='ltr'><strong>tantummodo</strong></span> <span class='ocrx_word' id='word_1_523' title='bbox 2782 2554 3014 2605; x_wconf 64' lang='lat' dir='ltr'><strong>tracta‘e</strong></span> <span class='ocrx_word' id='word_1_524' title='bbox 3062 2546 3373 2605; x_wconf 78' lang='lat' dir='ltr'><strong>videamur?</strong></span> <span class='ocrx_word' id='word_1_525' title='bbox 3426 2550 3581 2607; x_wconf 89' lang='lat' dir='ltr'><strong>Unde</strong></span> <span class='ocrx_word' id='word_1_526' title='bbox 3626 2554 3800 2608; x_wconf 88' lang='lat' dir='ltr'><strong>scien-</strong></span> 
     </span>
    </p>
   </div>
   <div class='ocr_carea' id='block_1_72' title="bbox 2232 2633 3801 2709">
    <p class='ocr_par' dir='ltr' id='par_1_72' title="bbox 2232 2633 3801 2709">
     <span class='ocr_line' id='line_1_72' title="bbox 2232 2633 3801 2709; baseline 0.008 -23"><span class='ocrx_word' id='word_1_527' title='bbox 2232 2633 2357 2687; x_wconf 90' lang='lat' dir='ltr'><strong>dum</strong></span> <span class='ocrx_word' id='word_1_528' title='bbox 2380 2633 2540 2704; x_wconf 92' lang='lat' dir='ltr'><strong>quia,</strong></span> <span class='ocrx_word' id='word_1_529' title='bbox 2582 2636 2627 2690; x_wconf 89' lang='lat' dir='ltr'><strong>si</strong></span> <span class='ocrx_word' id='word_1_530' title='bbox 2657 2636 2931 2693; x_wconf 86' lang='lat' dir='ltr'><strong>subtiliter</strong></span> <span class='ocrx_word' id='word_1_531' title='bbox 2956 2638 3302 2709; x_wconf 85' lang='lat' dir='ltr'><strong>inspicimus,</strong></span> <span class='ocrx_word' id='word_1_532' title='bbox 3354 2640 3407 2696; x_wconf 90' lang='lat' dir='ltr'><strong>in</strong></span> <span class='ocrx_word' id='word_1_533' title='bbox 3451 2642 3659 2698; x_wconf 88' lang='lat' dir='ltr'><strong>duobus</strong></span> <span class='ocrx_word' id='word_1_534' title='bbox 3685 2643 3801 2698; x_wconf 88' lang='lat' dir='ltr'><strong>istis</strong></span> 
     </span>
    </p>
   </div>
   <div class='ocr_carea' id='block_1_73' title="bbox 2231 2722 3802 2802">
    <p class='ocr_par' dir='ltr' id='par_1_73' title="bbox 2231 2722 3802 2802">
     <span class='ocr_line' id='line_1_73' title="bbox 2231 2722 3802 2802; baseline 0.007 -25"><span class='ocrx_word' id='word_1_535' title='bbox 2231 2722 2296 2778; x_wconf 89' lang='lat' dir='ltr'><strong>de</strong></span> <span class='ocrx_word' id='word_1_536' title='bbox 2319 2724 2515 2794; x_wconf 89' lang='lat' dir='ltr'><strong>quibus</strong></span> <span class='ocrx_word' id='word_1_537' title='bbox 2560 2726 2673 2780; x_wconf 64' lang='lat' dir='ltr'><strong>haec</strong></span> <span class='ocrx_word' id='word_1_538' title='bbox 2701 2727 2963 2795; x_wconf 79' lang='lat' dir='ltr'><strong>diximus,</strong></span> <span class='ocrx_word' id='word_1_539' title='bbox 3005 2731 3111 2786; x_wconf 89' lang='lat' dir='ltr'><strong>duo</strong></span> <span class='ocrx_word' id='word_1_540' title='bbox 3152 2745 3370 2802; x_wconf 89' lang='lat' dir='ltr'><strong>quoque</strong></span> <span class='ocrx_word' id='word_1_541' title='bbox 3395 2732 3488 2788; x_wconf 89' lang='lat' dir='ltr'><strong>alii</strong></span> <span class='ocrx_word' id='word_1_542' title='bbox 3519 2734 3802 2788; x_wconf 86' lang='lat' dir='ltr'><strong>continen-</strong></span> 
     </span>
    </p>
   </div>
   <div class='ocr_carea' id='block_1_74' title="bbox 2234 2813 3801 2895">
    <p class='ocr_par' dir='ltr' id='par_1_74' title="bbox 2234 2813 3801 2895">
     <span class='ocr_line' id='line_1_74' title="bbox 2234 2813 3801 2895; baseline 0.009 -30"><span class='ocrx_word' id='word_1_543' title='bbox 2234 2821 2343 2867; x_wconf 90' lang='lat' dir='ltr'><strong>tur.</strong></span> <span class='ocrx_word' id='word_1_544' title='bbox 2377 2813 2445 2869; x_wconf 82' lang='lat' dir='ltr'><strong>Et</strong></span> <span class='ocrx_word' id='word_1_545' title='bbox 2488 2815 2615 2885; x_wconf 89' lang='lat' dir='ltr'><strong>quia</strong></span> <span class='ocrx_word' id='word_1_546' title='bbox 2661 2815 3000 2890; x_wconf 88' lang='lat' dir='ltr'><strong>Scripturam</strong></span> <span class='ocrx_word' id='word_1_547' title='bbox 3041 2835 3253 2877; x_wconf 88' lang='lat' dir='ltr'><strong>sacram</strong></span> <span class='ocrx_word' id='word_1_548' title='bbox 3300 2822 3392 2878; x_wconf 89' lang='lat' dir='ltr'><strong>ille</strong></span> <span class='ocrx_word' id='word_1_549' title='bbox 3444 2834 3801 2895; x_wconf 84' lang='lat' dir='ltr'><strong>congruenter</strong></span> 
     </span>
    </p>
   </div>
   <div class='ocr_carea' id='block_1_75' title="bbox 2230 2907 3802 2988">
    <p class='ocr_par' dir='ltr' id='par_1_75' title="bbox 2230 2907 3802 2988">
     <span class='ocr_line' id='line_1_75' title="bbox 2230 2907 3802 2988; baseline 0.007 -27"><span class='ocrx_word' id='word_1_550' title='bbox 2230 2907 2450 2975; x_wconf 83' lang='lat' dir='ltr'><strong>exponit</strong></span> <span class='ocrx_word' id='word_1_551' title='bbox 2497 2908 2588 2977; x_wconf 93' lang='lat' dir='ltr'><strong>qui</strong></span> <span class='ocrx_word' id='word_1_552' title='bbox 2634 2910 2885 2967; x_wconf 87' lang='lat' dir='ltr'><strong>omnibus</strong></span> <span class='ocrx_word' id='word_1_553' title='bbox 2938 2928 3058 2983; x_wconf 62' lang='lat' dir='ltr'><strong>quae</strong></span> <span class='ocrx_word' id='word_1_554' title='bbox 3119 2914 3373 2971; x_wconf 90' lang='lat' dir='ltr'><strong>lectorem</strong></span> <span class='ocrx_word' id='word_1_555' title='bbox 3428 2926 3660 2988; x_wconf 82' lang='lat' dir='ltr'><strong>possunt</strong></span> <span class='ocrx_word' id='word_1_556' title='bbox 3690 2933 3802 2972; x_wconf 83' lang='lat' dir='ltr'><strong>mo-</strong></span> 
     </span>
    </p>
   </div>
   <div class='ocr_carea' id='block_1_76' title="bbox 2236 2992 3800 3079">
    <p class='ocr_par' dir='ltr' id='par_1_76' title="bbox 2236 2992 3800 3079">
     <span class='ocr_line' id='line_1_76' title="bbox 2236 2992 3800 3079; baseline 0.008 -27"><span class='ocrx_word' id='word_1_557' title='bbox 2236 2992 2379 3064; x_wconf 88' lang='lat' dir='ltr'><strong>vere,</strong></span> <span class='ocrx_word' id='word_1_558' title='bbox 2399 2999 2747 3069; x_wconf 89' lang='lat' dir='ltr'><strong>providenter</strong></span> <span class='ocrx_word' id='word_1_559' title='bbox 2764 3004 3402 3073; x_wconf 86' lang='lat' dir='ltr'><strong>occurrit,ostendamus,</strong></span> <span class='ocrx_word' id='word_1_560' title='bbox 3419 3009 3464 3065; x_wconf 92' lang='lat' dir='ltr'><strong>si</strong></span> <span class='ocrx_word' id='word_1_561' title='bbox 3488 3023 3769 3079; x_wconf 88' lang='lat' dir='ltr'><strong>possumus</strong></span> <span class='ocrx_word' id='word_1_562' title='bbox 3784 3048 3800 3072; x_wconf 90' lang='lat'><strong>,</strong></span> 
     </span>
    </p>
   </div>
   <div class='ocr_carea' id='block_1_77' title="bbox 2229 3088 3797 3172">
    <p class='ocr_par' dir='ltr' id='par_1_77' title="bbox 2229 3088 3797 3172">
     <span class='ocr_line' id='line_1_77' title="bbox 2229 3088 3797 3172; baseline 0.01 -32"><span class='ocrx_word' id='word_1_563' title='bbox 2229 3089 2496 3157; x_wconf 90' lang='lat' dir='ltr'><strong>quomodo</strong></span> <span class='ocrx_word' id='word_1_564' title='bbox 2539 3088 2592 3144; x_wconf 92' lang='lat' dir='ltr'><strong>in</strong></span> <span class='ocrx_word' id='word_1_565' title='bbox 2616 3090 2718 3146; x_wconf 89' lang='lat' dir='ltr'><strong>hac</strong></span> <span class='ocrx_word' id='word_1_566' title='bbox 2742 3092 2917 3162; x_wconf 89' lang='lat' dir='ltr'><strong>prima</strong></span> <span class='ocrx_word' id='word_1_567' title='bbox 2942 3104 2997 3149; x_wconf 91' lang='lat' dir='ltr'><strong>et</strong></span> <span class='ocrx_word' id='word_1_568' title='bbox 3027 3097 3263 3153; x_wconf 89' lang='lat' dir='ltr'><strong>secunda</strong></span> <span class='ocrx_word' id='word_1_569' title='bbox 3298 3101 3544 3155; x_wconf 90' lang='lat' dir='ltr'><strong>custodia</strong></span> <span class='ocrx_word' id='word_1_570' title='bbox 3570 3141 3587 3169; x_wconf 94' lang='lat'><strong>,</strong></span> <span class='ocrx_word' id='word_1_571' title='bbox 3637 3117 3797 3172; x_wconf 87' lang='lat' dir='ltr'><strong>quam</strong></span> 
     </span>
    </p>
   </div>
   <div class='ocr_carea' id='block_1_78' title="bbox 2219 3162 3800 3258">
    <p class='ocr_par' dir='ltr' id='par_1_78' title="bbox 2219 3162 3800 3258">
     <span class='ocr_line' id='line_1_78' title="bbox 2219 3162 3800 3258; baseline 0.009 -27"><span class='ocrx_word' id='word_1_572' title='bbox 2219 3162 2297 3257; x_wconf 30' lang='lat' dir='ltr'><strong>fde</strong></span> <span class='ocrx_word' id='word_1_573' title='bbox 2320 3178 2495 3249; x_wconf 90' lang='lat' dir='ltr'><strong>primo</strong></span> <span class='ocrx_word' id='word_1_574' title='bbox 2546 3189 2602 3236; x_wconf 90' lang='lat' dir='ltr'><strong>et</strong></span> <span class='ocrx_word' id='word_1_575' title='bbox 2648 3184 2885 3240; x_wconf 88' lang='lat' dir='ltr'><strong>secundo</strong></span> <span class='ocrx_word' id='word_1_576' title='bbox 2910 3187 3266 3255; x_wconf 89' lang='lat' dir='ltr'><strong>quaternionc</strong></span> <span class='ocrx_word' id='word_1_577' title='bbox 3307 3162 3675 3258; x_wconf 62' lang='lat' dir='ltr'><strong>confecimus,</strong></span> <span class='ocrx_word' id='word_1_578' title='bbox 3698 3193 3800 3246; x_wconf 89' lang='lat' dir='ltr'><strong>duo</strong></span> 
     </span>
    </p>
   </div>
   <div class='ocr_carea' id='block_1_79' title="bbox 2229 3273 3800 3348">
    <p class='ocr_par' dir='ltr' id='par_1_79' title="bbox 2229 3273 3800 3348">
     <span class='ocr_line' id='line_1_79' title="bbox 2229 3273 3800 3348; baseline 0.012 -30"><span class='ocrx_word' id='word_1_579' title='bbox 2229 3282 2444 3338; x_wconf 89' lang='lat' dir='ltr'><strong>quoque</strong></span> <span class='ocrx_word' id='word_1_580' title='bbox 2466 3273 2851 3341; x_wconf 88' lang='lat' dir='ltr'><strong>quaterniones</strong></span> <span class='ocrx_word' id='word_1_581' title='bbox 2880 3275 2971 3329; x_wconf 90' lang='lat' dir='ltr'><strong>alii</strong></span> <span class='ocrx_word' id='word_1_582' title='bbox 3021 3279 3553 3347; x_wconf 86' lang='lat' dir='ltr'><strong>comprehendantur</strong></span> <span class='ocrx_word' id='word_1_583' title='bbox 3577 3298 3593 3348; x_wconf 89' lang='lat'><strong>;</strong></span> <span class='ocrx_word' id='word_1_584' title='bbox 3646 3282 3716 3337; x_wconf 90' lang='lat' dir='ltr'><strong>ita</strong></span> <span class='ocrx_word' id='word_1_585' title='bbox 3745 3292 3800 3337; x_wconf 90' lang='lat' dir='ltr'><strong>ut</strong></span> 
     </span>
    </p>
   </div>
   <div class='ocr_carea' id='block_1_80' title="bbox 2230 3357 3796 3441">
    <p class='ocr_par' dir='ltr' id='par_1_80' title="bbox 2230 3357 3796 3441">
     <span class='ocr_line' id='line_1_80' title="bbox 2230 3357 3796 3441; baseline 0.009 -30"><span class='ocrx_word' id='word_1_586' title='bbox 2230 3357 2438 3414; x_wconf 88' lang='lat' dir='ltr'><strong>duobus</strong></span> <span class='ocrx_word' id='word_1_587' title='bbox 2476 3360 2581 3416; x_wconf 85' lang='lat' dir='ltr'><strong>illis</strong></span> <span class='ocrx_word' id='word_1_588' title='bbox 2623 3365 2894 3431; x_wconf 87' lang='lat' dir='ltr'><strong>transitis,</strong></span> <span class='ocrx_word' id='word_1_589' title='bbox 2946 3367 3051 3423; x_wconf 91' lang='lat' dir='ltr'><strong>duo</strong></span> <span class='ocrx_word' id='word_1_590' title='bbox 3072 3382 3288 3441; x_wconf 90' lang='lat' dir='ltr'><strong>quoque</strong></span> <span class='ocrx_word' id='word_1_591' title='bbox 3311 3370 3401 3424; x_wconf 90' lang='lat' dir='ltr'><strong>alii</strong></span> <span class='ocrx_word' id='word_1_592' title='bbox 3429 3380 3796 3428; x_wconf 87' lang='lat' dir='ltr'><strong>transeantur.</strong></span> 
     </span>
    </p>
   </div>
   <div class='ocr_carea' id='block_1_81' title="bbox 2231 3447 3798 3532">
    <p class='ocr_par' dir='ltr' id='par_1_81' title="bbox 2231 3447 3798 3532">
     <span class='ocr_line' id='line_1_81' title="bbox 2231 3447 3798 3532; baseline 0.012 -30"><span class='ocrx_word' id='word_1_593' title='bbox 2231 3447 2368 3504; x_wconf 88' lang='lat' dir='ltr'><strong>Ecce</strong></span> <span class='ocrx_word' id='word_1_594' title='bbox 2426 3452 2571 3506; x_wconf 91' lang='lat' dir='ltr'><strong>enim</strong></span> <span class='ocrx_word' id='word_1_595' title='bbox 2622 3455 2855 3524; x_wconf 90' lang='lat' dir='ltr'><strong>primum</strong></span> <span class='ocrx_word' id='word_1_596' title='bbox 2905 3452 3319 3532; x_wconf 84' lang='lat' dir='ltr'><strong>quaternionem</strong></span> <span class='ocrx_word' id='word_1_597' title='bbox 3373 3466 3638 3532; x_wconf 85' lang='lat' dir='ltr'><strong>peccandi</strong></span> <span class='ocrx_word' id='word_1_598' title='bbox 3677 3465 3798 3521; x_wconf 75' lang='lat' dir='ltr'><strong>alle-</strong></span> 
     </span>
    </p>
   </div>
   <div class='ocr_carea' id='block_1_82' title="bbox 2229 3540 3796 3612">
    <p class='ocr_par' dir='ltr' id='par_1_82' title="bbox 2229 3540 3796 3612">
     <span class='ocr_line' id='line_1_82' title="bbox 2229 3540 3796 3612; baseline 0.011 -21"><span class='ocrx_word' id='word_1_599' title='bbox 2229 3548 2374 3594; x_wconf 88' lang='lat' dir='ltr'><strong>ctum</strong></span> <span class='ocrx_word' id='word_1_600' title='bbox 2406 3540 2668 3610; x_wconf 85' lang='lat' dir='ltr'><strong>diximus,</strong></span> <span class='ocrx_word' id='word_1_601' title='bbox 2718 3554 2773 3601; x_wconf 88' lang='lat' dir='ltr'><strong>ct</strong></span> <span class='ocrx_word' id='word_1_602' title='bbox 2821 3548 3068 3604; x_wconf 86' lang='lat' dir='ltr'><strong>eumdem</strong></span> <span class='ocrx_word' id='word_1_603' title='bbox 3123 3566 3245 3607; x_wconf 89' lang='lat' dir='ltr'><strong>cum</strong></span> <span class='ocrx_word' id='word_1_604' title='bbox 3282 3554 3394 3608; x_wconf 91' lang='lat' dir='ltr'><strong>suis</strong></span> <span class='ocrx_word' id='word_1_605' title='bbox 3440 3554 3796 3612; x_wconf 88' lang='lat' dir='ltr'><strong>militibusin</strong></span> 
     </span>
    </p>
   </div>
   <div class='ocr_carea' id='block_1_83' title="bbox 2229 3634 3799 3718">
    <p class='ocr_par' dir='ltr' id='par_1_83' title="bbox 2229 3634 3799 3718">
     <span class='ocr_line' id='line_1_83' title="bbox 2229 3634 3799 3718; baseline 0.011 -34"><span class='ocrx_word' id='word_1_606' title='bbox 2229 3634 2402 3701; x_wconf 88' lang='lat' dir='ltr'><strong>prima</strong></span> <span class='ocrx_word' id='word_1_607' title='bbox 2430 3636 2674 3691; x_wconf 87' lang='lat' dir='ltr'><strong>custodia</strong></span> <span class='ocrx_word' id='word_1_608' title='bbox 2697 3638 3100 3697; x_wconf 89' lang='lat' dir='ltr'><strong>collocavimus.</strong></span> <span class='ocrx_word' id='word_1_609' title='bbox 3130 3641 3224 3698; x_wconf 84' lang='lat' dir='ltr'><strong>Est</strong></span> <span class='ocrx_word' id='word_1_610' title='bbox 3249 3653 3428 3700; x_wconf 89' lang='lat' dir='ltr'><strong>autem</strong></span> <span class='ocrx_word' id='word_1_611' title='bbox 3452 3685 3469 3712; x_wconf 90' lang='lat'><strong>,</strong></span> <span class='ocrx_word' id='word_1_612' title='bbox 3501 3654 3561 3700; x_wconf 91' lang='lat' dir='ltr'><strong>ut</strong></span> <span class='ocrx_word' id='word_1_613' title='bbox 3593 3648 3799 3718; x_wconf 73' lang='lat' dir='ltr'><strong>praemi-</strong></span> 
     </span>
    </p>
   </div>
   <div class='ocr_carea' id='block_1_84' title="bbox 2228 3724 3796 3807">
    <p class='ocr_par' dir='ltr' id='par_1_84' title="bbox 2228 3724 3796 3807">
     <span class='ocr_line' id='line_1_84' title="bbox 2228 3724 3796 3807; baseline 0.01 -28"><span class='ocrx_word' id='word_1_614' title='bbox 2228 3724 2396 3781; x_wconf 89' lang='lat' dir='ltr'><strong>simus</strong></span> <span class='ocrx_word' id='word_1_615' title='bbox 2417 3765 2433 3791; x_wconf 95' lang='lat'><strong>,</strong></span> <span class='ocrx_word' id='word_1_616' title='bbox 2482 3727 2712 3783; x_wconf 91' lang='lat' dir='ltr'><strong>militum</strong></span> <span class='ocrx_word' id='word_1_617' title='bbox 2745 3730 2860 3801; x_wconf 82' lang='lat' dir='ltr'><strong>ejus</strong></span> <span class='ocrx_word' id='word_1_618' title='bbox 2898 3733 3137 3801; x_wconf 89' lang='lat' dir='ltr'><strong>primus,</strong></span> <span class='ocrx_word' id='word_1_619' title='bbox 3165 3735 3475 3792; x_wconf 81' lang='lat' dir='ltr'><strong>recordatio</strong></span> <span class='ocrx_word' id='word_1_620' title='bbox 3511 3739 3796 3807; x_wconf 61' lang='lat' dir='ltr'><strong>praeterita:</strong></span> 
     </span>
    </p>
   </div>
   <div class='ocr_carea' id='block_1_85' title="bbox 2226 3818 3792 3898">
    <p class='ocr_par' dir='ltr' id='par_1_85' title="bbox 2226 3818 3792 3898">
     <span class='ocr_line' id='line_1_85' title="bbox 2226 3818 3792 3898; baseline 0.011 -28"><span class='ocrx_word' id='word_1_621' title='bbox 2226 3818 2551 3889; x_wconf 87' lang='lat' dir='ltr'><strong>voluptatis;</strong></span> <span class='ocrx_word' id='word_1_622' title='bbox 2602 3820 2646 3875; x_wconf 90' lang='lat' dir='ltr'><strong>Il</strong></span> <span class='ocrx_word' id='word_1_623' title='bbox 2698 3825 2976 3880; x_wconf 85' lang='lat' dir='ltr'><strong>excusatio</strong></span> <span class='ocrx_word' id='word_1_624' title='bbox 3050 3825 3389 3898; x_wconf 79' lang='lat' dir='ltr'><strong>fragilitatis;</strong></span> <span class='ocrx_word' id='word_1_625' title='bbox 3445 3828 3515 3884; x_wconf 93' lang='lat' dir='ltr'><strong>lll</strong></span> <span class='ocrx_word' id='word_1_626' title='bbox 3564 3831 3792 3888; x_wconf 87' lang='lat' dir='ltr'><strong>imitatio</strong></span> 
     </span>
    </p>
   </div>
   <div class='ocr_carea' id='block_1_86' title="bbox 2226 3913 3792 3989">
    <p class='ocr_par' dir='ltr' id='par_1_86' title="bbox 2226 3913 3792 3989">
     <span class='ocr_line' id='line_1_86' title="bbox 2226 3913 3792 3989; baseline 0.007 -22"><span class='ocrx_word' id='word_1_627' title='bbox 2226 3913 2548 3983; x_wconf 86' lang='lat' dir='ltr'><strong>pravitatis;</strong></span> <span class='ocrx_word' id='word_1_628' title='bbox 2605 3914 2671 3972; x_wconf 91' lang='lat' dir='ltr'><strong>IV</strong></span> <span class='ocrx_word' id='word_1_629' title='bbox 2729 3918 3068 3973; x_wconf 87' lang='lat' dir='ltr'><strong>ratiocinatio</strong></span> <span class='ocrx_word' id='word_1_630' title='bbox 3114 3921 3464 3977; x_wconf 91' lang='lat' dir='ltr'><strong>conditionis.</strong></span> <span class='ocrx_word' id='word_1_631' title='bbox 3531 3922 3792 3989; x_wconf 86' lang='lat' dir='ltr'><strong>Quartum</strong></span> 
     </span>
    </p>
   </div>
   <div class='ocr_carea' id='block_1_87' title="bbox 2226 4007 3795 4081">
    <p class='ocr_par' dir='ltr' id='par_1_87' title="bbox 2226 4007 3795 4081">
     <span class='ocr_line' id='line_1_87' title="bbox 2226 4007 3795 4081; baseline 0.006 -23"><span class='ocrx_word' id='word_1_632' title='bbox 2226 4018 2438 4073; x_wconf 89' lang='lat' dir='ltr'><strong>quoque</strong></span> <span class='ocrx_word' id='word_1_633' title='bbox 2467 4007 2880 4075; x_wconf 91' lang='lat' dir='ltr'><strong>quaternionem</strong></span> <span class='ocrx_word' id='word_1_634' title='bbox 2910 4009 3308 4066; x_wconf 88' lang='lat' dir='ltr'><strong>nominavimus</strong></span> <span class='ocrx_word' id='word_1_635' title='bbox 3331 4010 3659 4081; x_wconf 87' lang='lat' dir='ltr'><strong>profundum</strong></span> <span class='ocrx_word' id='word_1_636' title='bbox 3691 4030 3795 4067; x_wconf 84' lang='lat' dir='ltr'><strong>ma-</strong></span> 
     </span>
    </p>
   </div>
   <div class='ocr_carea' id='block_1_88' title="bbox 2227 4091 3789 4170">
    <p class='ocr_par' dir='ltr' id='par_1_88' title="bbox 2227 4091 3789 4170">
     <span class='ocr_line' id='line_1_88' title="bbox 2227 4091 3789 4170; baseline 0.007 -25"><span class='ocrx_word' id='word_1_637' title='bbox 2227 4091 2429 4161; x_wconf 89' lang='lat' dir='ltr'><strong>lorum,</strong></span> <span class='ocrx_word' id='word_1_638' title='bbox 2482 4095 2535 4149; x_wconf 91' lang='lat' dir='ltr'><strong>in</strong></span> <span class='ocrx_word' id='word_1_639' title='bbox 2571 4096 2713 4166; x_wconf 90' lang='lat' dir='ltr'><strong>quod</strong></span> <span class='ocrx_word' id='word_1_640' title='bbox 2758 4112 2877 4152; x_wconf 91' lang='lat' dir='ltr'><strong>cum</strong></span> <span class='ocrx_word' id='word_1_641' title='bbox 2912 4098 3121 4154; x_wconf 82' lang='lat' dir='ltr'><strong>venerit</strong></span> <span class='ocrx_word' id='word_1_642' title='bbox 3160 4110 3446 4170; x_wconf 89' lang='lat' dir='ltr'><strong>peccator,</strong></span> <span class='ocrx_word' id='word_1_643' title='bbox 3470 4106 3789 4169; x_wconf 87' lang='lat' dir='ltr'><strong>contemnit,</strong></span> 
     </span>
    </p>
   </div>
   <div class='ocr_carea' id='block_1_89' title="bbox 2227 4184 3793 4258">
    <p class='ocr_par' dir='ltr' id='par_1_89' title="bbox 2227 4184 3793 4258">
     <span class='ocr_line' id='line_1_89' title="bbox 2227 4184 3793 4258; baseline 0.007 -20"><span class='ocrx_word' id='word_1_644' title='bbox 2227 4184 2549 4253; x_wconf 88' lang='lat' dir='ltr'><strong>obduratur,</strong></span> <span class='ocrx_word' id='word_1_645' title='bbox 2583 4186 2930 4256; x_wconf 70' lang='lat' dir='ltr'><strong>impmnitcns</strong></span> <span class='ocrx_word' id='word_1_646' title='bbox 2950 4190 3209 4258; x_wconf 84' lang='lat' dir='ltr'><strong>ellicitur,</strong></span> <span class='ocrx_word' id='word_1_647' title='bbox 3240 4203 3566 4253; x_wconf 64' lang='lat' dir='ltr'><strong>excaecatur.</strong></span> <span class='ocrx_word' id='word_1_648' title='bbox 3607 4195 3793 4251; x_wconf 85' lang='lat' dir='ltr'><strong>Videa-</strong></span> 
     </span>
    </p>
   </div>
   <div class='ocr_carea' id='block_1_90' title="bbox 545 4258 3793 4353">
    <p class='ocr_par' dir='ltr' id='par_1_90' title="bbox 545 4258 3793 4353">
     <span class='ocr_line' id='line_1_90' title="bbox 545 4258 3793 4353; baseline 0.008 -38"><span class='ocrx_word' id='word_1_649' title='bbox 545 4258 628 4319; x_wconf 79' lang='lat' dir='ltr'><strong>nis</strong></span> <span class='ocrx_word' id='word_1_650' title='bbox 681 4265 733 4319; x_wconf 89' lang='lat' dir='ltr'><strong>in</strong></span> <span class='ocrx_word' id='word_1_651' title='bbox 762 4273 984 4337; x_wconf 89' lang='lat' dir='ltr'><strong>peccato</strong></span> <span class='ocrx_word' id='word_1_652' title='bbox 1026 4273 1280 4319; x_wconf 84' lang='lat' dir='ltr'><strong>retentat.</strong></span> <span class='ocrx_word' id='word_1_653' title='bbox 1333 4262 1440 4321; x_wconf 79' lang='lat' dir='ltr'><strong>Sed</strong></span> <span class='ocrx_word' id='word_1_654' title='bbox 1482 4265 1610 4335; x_wconf 87' lang='lat' dir='ltr'><strong>quia</strong></span> <span class='ocrx_word' id='word_1_655' title='bbox 1657 4265 1905 4336; x_wconf 79' lang='lat' dir='ltr'><strong>angelum</strong></span> <span class='ocrx_word' id='word_1_656' title='bbox 1946 4265 2123 4335; x_wconf 70' lang='grc' dir='ltr'><strong>εοαυῑ·</strong></span> <span class='ocrx_word' id='word_1_657' title='bbox 2153 4284 2200 4344; x_wconf 80' lang='grc' dir='ltr'>ο</span> <span class='ocrx_word' id='word_1_658' title='bbox 2227 4291 2346 4330; x_wconf 90' lang='lat' dir='ltr'><strong>mus</strong></span> <span class='ocrx_word' id='word_1_659' title='bbox 2395 4293 2522 4349; x_wconf 81' lang='lat' dir='ltr'><strong>ergo</strong></span> <span class='ocrx_word' id='word_1_660' title='bbox 2549 4281 2821 4349; x_wconf 90' lang='lat' dir='ltr'><strong>quomodo</strong></span> <span class='ocrx_word' id='word_1_661' title='bbox 2851 4282 2958 4336; x_wconf 91' lang='lat' dir='ltr'><strong>duo</strong></span> <span class='ocrx_word' id='word_1_662' title='bbox 3001 4284 3088 4337; x_wconf 90' lang='lat' dir='ltr'><strong>isti</strong></span> <span class='ocrx_word' id='word_1_663' title='bbox 3118 4286 3502 4353; x_wconf 90' lang='lat' dir='ltr'><strong>quaterniones</strong></span> <span class='ocrx_word' id='word_1_664' title='bbox 3521 4296 3578 4342; x_wconf 89' lang='lat' dir='ltr'><strong>et</strong></span> <span class='ocrx_word' id='word_1_665' title='bbox 3613 4304 3793 4344; x_wconf 76' lang='lat' dir='ltr'><strong>eorum</strong></span> 
     </span>
    </p>
   </div>
   <div class='ocr_carea' id='block_1_91' title="bbox 545 4354 2124 4425">
    <p class='ocr_par' dir='ltr' id='par_1_91' title="bbox 545 4354 2124 4425">
     <span class='ocr_line' id='line_1_91' title="bbox 545 4354 2124 4425; baseline 0.003 -17"><span class='ocrx_word' id='word_1_666' title='bbox 545 4364 652 4416; x_wconf 85' lang='lat' dir='ltr'><strong>tur,</strong></span> <span class='ocrx_word' id='word_1_667' title='bbox 698 4370 729 4408; x_wconf 90' lang='lat' dir='ltr'><strong>a</strong></span> <span class='ocrx_word' id='word_1_668' title='bbox 767 4364 955 4409; x_wconf 89' lang='lat' dir='ltr'><strong>neutra</strong></span> <span class='ocrx_word' id='word_1_669' title='bbox 999 4354 1187 4409; x_wconf 86' lang='lat' dir='ltr'><strong>harum</strong></span> <span class='ocrx_word' id='word_1_670' title='bbox 1216 4355 1456 4409; x_wconf 86' lang='lat' dir='ltr'><strong>custodia</strong></span> <span class='ocrx_word' id='word_1_671' title='bbox 1500 4354 1809 4420; x_wconf 89' lang='lat' dir='ltr'><strong>detinetur;</strong></span> <span class='ocrx_word' id='word_1_672' title='bbox 1864 4355 1989 4425; x_wconf 90' lang='lat' dir='ltr'><strong>quia</strong></span> <span class='ocrx_word' id='word_1_673' title='bbox 2033 4356 2124 4425; x_wconf 91' lang='lat' dir='ltr'><strong>qui</strong></span> 
     </span>
    </p>
   </div>
   <div class='ocr_carea' id='block_1_92' title="bbox 542 4444 2126 4517">
    <p class='ocr_par' dir='ltr' id='par_1_92' title="bbox 542 4444 2126 4517">
     <span class='ocr_line' id='line_1_92' title="bbox 542 4444 2126 4517; baseline 0.003 -17"><span class='ocrx_word' id='word_1_674' title='bbox 542 4446 949 4515; x_wconf 69' lang='lat' dir='ltr'><strong>prmdicatorem</strong></span> <span class='ocrx_word' id='word_1_675' title='bbox 980 4445 1219 4500; x_wconf 87' lang='lat' dir='ltr'><strong>veritatis</strong></span> <span class='ocrx_word' id='word_1_676' title='bbox 1257 4444 1571 4502; x_wconf 89' lang='lat' dir='ltr'><strong>obcdienter</strong></span> <span class='ocrx_word' id='word_1_677' title='bbox 1590 4446 1878 4513; x_wconf 89' lang='lat' dir='ltr'><strong>auscultat,</strong></span> <span class='ocrx_word' id='word_1_678' title='bbox 1902 4460 2001 4501; x_wconf 90' lang='lat' dir='ltr'><strong>nec</strong></span> <span class='ocrx_word' id='word_1_679' title='bbox 2030 4462 2126 4517; x_wconf 84' lang='lat' dir='ltr'><strong>per</strong></span> 
     </span>
    </p>
   </div>
   <div class='ocr_carea' id='block_1_93' title="bbox 540 4534 2122 4608">
    <p class='ocr_par' dir='ltr' id='par_1_93' title="bbox 540 4534 2122 4608">
     <span class='ocr_line' id='line_1_93' title="bbox 540 4534 2122 4608; baseline 0.003 -19"><span class='ocrx_word' id='word_1_680' title='bbox 540 4537 797 4604; x_wconf 84' lang='lat' dir='ltr'><strong>peccandi</strong></span> <span class='ocrx_word' id='word_1_681' title='bbox 842 4534 1090 4592; x_wconf 70' lang='lat' dir='ltr'><strong>allectum</strong></span> <span class='ocrx_word' id='word_1_682' title='bbox 1134 4544 1415 4605; x_wconf 87' lang='lat' dir='ltr'><strong>peccatum</strong></span> <span class='ocrx_word' id='word_1_683' title='bbox 1444 4535 1624 4603; x_wconf 88' lang='lat' dir='ltr'><strong>iterat,</strong></span> <span class='ocrx_word' id='word_1_684' title='bbox 1676 4552 1775 4592; x_wconf 91' lang='lat' dir='ltr'><strong>nec</strong></span> <span class='ocrx_word' id='word_1_685' title='bbox 1819 4553 1915 4608; x_wconf 90' lang='lat' dir='ltr'><strong>per</strong></span> <span class='ocrx_word' id='word_1_686' title='bbox 1952 4539 2122 4606; x_wconf 87' lang='lat' dir='ltr'><strong>pudo-</strong></span> 
     </span>
    </p>
   </div>
   <div class='ocr_carea' id='block_1_94' title="bbox 544 4621 2122 4697">
    <p class='ocr_par' dir='ltr' id='par_1_94' title="bbox 544 4621 2122 4697">
     <span class='ocr_line' id='line_1_94' title="bbox 544 4621 2122 4697; baseline 0.003 -19"><span class='ocrx_word' id='word_1_687' title='bbox 544 4642 657 4680; x_wconf 87' lang='lat' dir='ltr'><strong>rem</strong></span> <span class='ocrx_word' id='word_1_688' title='bbox 705 4621 1059 4682; x_wconf 81' lang='lat' dir='ltr'><strong>confessionis</strong></span> <span class='ocrx_word' id='word_1_689' title='bbox 1103 4642 1167 4681; x_wconf 90' lang='lat' dir='ltr'><strong>ea</strong></span> <span class='ocrx_word' id='word_1_690' title='bbox 1205 4642 1326 4697; x_wconf 76' lang='lat' dir='ltr'><strong>quae</strong></span> <span class='ocrx_word' id='word_1_691' title='bbox 1356 4626 1625 4683; x_wconf 89' lang='lat' dir='ltr'><strong>commisit</strong></span> <span class='ocrx_word' id='word_1_692' title='bbox 1678 4626 1932 4682; x_wconf 89' lang='lat' dir='ltr'><strong>occultat.</strong></span> <span class='ocrx_word' id='word_1_693' title='bbox 1988 4628 2122 4682; x_wconf 88' lang='lat' dir='ltr'><strong>Cum</strong></span> 
     </span>
    </p>
   </div>
   <div class='ocr_carea' id='block_1_95' title="bbox 540 4714 2123 4789">
    <p class='ocr_par' dir='ltr' id='par_1_95' title="bbox 540 4714 2123 4789">
     <span class='ocr_line' id='line_1_95' title="bbox 540 4714 2123 4789; baseline 0.003 -22"><span class='ocrx_word' id='word_1_694' title='bbox 540 4728 669 4786; x_wconf 81' lang='lat' dir='ltr'><strong>ergo</strong></span> <span class='ocrx_word' id='word_1_695' title='bbox 698 4725 818 4783; x_wconf 89' lang='lat' dir='ltr'><strong>post</strong></span> <span class='ocrx_word' id='word_1_696' title='bbox 844 4715 1093 4785; x_wconf 85' lang='lat' dir='ltr'><strong>angelum</strong></span> <span class='ocrx_word' id='word_1_697' title='bbox 1126 4714 1297 4789; x_wconf 85' lang='lat' dir='ltr'><strong>vadit,</strong></span> <span class='ocrx_word' id='word_1_698' title='bbox 1330 4724 1616 4785; x_wconf 90' lang='lat' dir='ltr'><strong>utramque</strong></span> <span class='ocrx_word' id='word_1_699' title='bbox 1657 4715 1956 4771; x_wconf 83' lang='lat' dir='ltr'><strong>custodiam</strong></span> <span class='ocrx_word' id='word_1_700' title='bbox 2004 4716 2123 4771; x_wconf 89' lang='lat' dir='ltr'><strong>sine</strong></span> 
     </span>
    </p>
   </div>
   <div class='ocr_carea' id='block_1_96' title="bbox 542 4804 2121 4876">
    <p class='ocr_par' dir='ltr' id='par_1_96' title="bbox 542 4804 2121 4876">
     <span class='ocr_line' id='line_1_96' title="bbox 542 4804 2121 4876; baseline 0.001 -18"><span class='ocrx_word' id='word_1_701' title='bbox 542 4807 758 4859; x_wconf 70' lang='lat' dir='ltr'><strong>larssitme</strong></span> <span class='ocrx_word' id='word_1_702' title='bbox 787 4806 1105 4873; x_wconf 86' lang='lat' dir='ltr'><strong>pertransit;</strong></span> <span class='ocrx_word' id='word_1_703' title='bbox 1134 4805 1261 4874; x_wconf 88' lang='lat' dir='ltr'><strong>quia</strong></span> <span class='ocrx_word' id='word_1_704' title='bbox 1284 4806 1602 4874; x_wconf 74' lang='lat' dir='ltr'><strong>prmdicator</strong></span> <span class='ocrx_word' id='word_1_705' title='bbox 1625 4821 1753 4861; x_wconf 89' lang='lat' dir='ltr'><strong>suus</strong></span> <span class='ocrx_word' id='word_1_706' title='bbox 1782 4820 1846 4859; x_wconf 89' lang='lat' dir='ltr'><strong>cx</strong></span> <span class='ocrx_word' id='word_1_707' title='bbox 1878 4804 2121 4876; x_wconf 88' lang='lat' dir='ltr'><strong>Scriptu-</strong></span> 
     </span>
    </p>
   </div>
   <div class='ocr_carea' id='block_1_97' title="bbox 544 4893 2121 4963">
    <p class='ocr_par' dir='ltr' id='par_1_97' title="bbox 544 4893 2121 4963">
     <span class='ocr_line' id='line_1_97' title="bbox 544 4893 2121 4963; baseline 0.003 -18"><span class='ocrx_word' id='word_1_708' title='bbox 544 4895 616 4948; x_wconf 84' lang='lat' dir='ltr'><strong>ris</strong></span> <span class='ocrx_word' id='word_1_709' title='bbox 644 4895 845 4948; x_wconf 85' lang='lat' dir='ltr'><strong>sanctis</strong></span> <span class='ocrx_word' id='word_1_710' title='bbox 889 4896 936 4950; x_wconf 92' lang='lat' dir='ltr'><strong>ei</strong></span> <span class='ocrx_word' id='word_1_711' title='bbox 969 4895 1185 4949; x_wconf 89' lang='lat' dir='ltr'><strong>assidue</strong></span> <span class='ocrx_word' id='word_1_712' title='bbox 1228 4909 1377 4947; x_wconf 89' lang='lat' dir='ltr'><strong>arma</strong></span> <span class='ocrx_word' id='word_1_713' title='bbox 1423 4893 1801 4949; x_wconf 82' lang='lat' dir='ltr'><strong>subministrat</strong></span> <span class='ocrx_word' id='word_1_714' title='bbox 1826 4895 2018 4963; x_wconf 89' lang='lat' dir='ltr'><strong>quibus</strong></span> <span class='ocrx_word' id='word_1_715' title='bbox 2062 4909 2121 4950; x_wconf 88' lang='lat' dir='ltr'><strong>se</strong></span> 
     </span>
    </p>
   </div>
   <div class='ocr_carea' id='block_1_98' title="bbox 542 4981 2118 5053">
    <p class='ocr_par' dir='ltr' id='par_1_98' title="bbox 542 4981 2118 5053">
     <span class='ocr_line' id='line_1_98' title="bbox 542 4981 2118 5053; baseline 0.003 -18"><span class='ocrx_word' id='word_1_716' title='bbox 542 4993 729 5039; x_wconf 80' lang='lat' dir='ltr'><strong>contra</strong></span> <span class='ocrx_word' id='word_1_717' title='bbox 782 4985 1017 5053; x_wconf 83' lang='lat' dir='ltr'><strong>pericula</strong></span> <span class='ocrx_word' id='word_1_718' title='bbox 1096 4984 1439 5052; x_wconf 83' lang='lat' dir='ltr'><strong>circumjccta</strong></span> <span class='ocrx_word' id='word_1_719' title='bbox 1501 4983 1769 5039; x_wconf 84' lang='lat' dir='ltr'><strong>defendat.</strong></span> <span class='ocrx_word' id='word_1_720' title='bbox 1834 4981 1913 5040; x_wconf 81' lang='lat' dir='ltr'><strong>Ne</strong></span> <span class='ocrx_word' id='word_1_721' title='bbox 1973 4986 2118 5040; x_wconf 87' lang='lat' dir='ltr'><strong>enim</strong></span> 
     </span>
    </p>
   </div>
   <div class='ocr_carea' id='block_1_99' title="bbox 544 5075 2117 5152">
    <p class='ocr_par' dir='ltr' id='par_1_99' title="bbox 544 5075 2117 5152">
     <span class='ocr_line' id='line_1_99' title="bbox 544 5075 2117 5152; baseline -0.003 -23"><span class='ocrx_word' id='word_1_722' title='bbox 544 5078 691 5152; x_wconf 76' lang='lat' dir='ltr'><strong>nlum</strong></span> <span class='ocrx_word' id='word_1_723' title='bbox 721 5077 974 5144; x_wconf 90' lang='lat' dir='ltr'><strong>peccandi</strong></span> <span class='ocrx_word' id='word_1_724' title='bbox 1006 5076 1229 5131; x_wconf 75' lang='lat' dir='ltr'><strong>allectus</strong></span> <span class='ocrx_word' id='word_1_725' title='bbox 1252 5076 1315 5130; x_wconf 88' lang='lat' dir='ltr'><strong>ad</strong></span> <span class='ocrx_word' id='word_1_726' title='bbox 1342 5075 1641 5135; x_wconf 88' lang='lat' dir='ltr'><strong>iterandum</strong></span> <span class='ocrx_word' id='word_1_727' title='bbox 1673 5083 1951 5145; x_wconf 74' lang='lat' dir='ltr'><strong>peccatum</strong></span> <span class='ocrx_word' id='word_1_728' title='bbox 1989 5089 2117 5146; x_wconf 48' lang='lat' dir='ltr'><strong>per,</strong></span> 
     </span>
    </p>
   </div>
   <div class='ocr_carea' id='block_1_100' title="bbox 547 5158 2123 5235">
    <p class='ocr_par' dir='ltr' id='par_1_100' title="bbox 547 5158 2123 5235">
     <span class='ocr_line' id='line_1_100' title="bbox 547 5158 2123 5235; baseline -0.001 -15"><span class='ocrx_word' id='word_1_729' title='bbox 547 5168 746 5229; x_wconf 80' lang='lat' dir='ltr'><strong>trahat,</strong></span> <span class='ocrx_word' id='word_1_730' title='bbox 776 5167 1040 5219; x_wconf 87' lang='lat' dir='ltr'><strong>sententia</strong></span> <span class='ocrx_word' id='word_1_731' title='bbox 1070 5181 1194 5220; x_wconf 88' lang='lat' dir='ltr'><strong>eum</strong></span> <span class='ocrx_word' id='word_1_732' title='bbox 1233 5167 1298 5221; x_wconf 87' lang='lat' dir='ltr'><strong>de</strong></span> <span class='ocrx_word' id='word_1_733' title='bbox 1338 5165 1632 5235; x_wconf 82' lang='lat' dir='ltr'><strong>Scripturis</strong></span> <span class='ocrx_word' id='word_1_734' title='bbox 1678 5179 1776 5235; x_wconf 90' lang='lat' dir='ltr'><strong>per</strong></span> <span class='ocrx_word' id='word_1_735' title='bbox 1799 5158 2123 5234; x_wconf 55' lang='lat' dir='ltr'><strong>prmtﬁcato4</strong></span> 
     </span>
    </p>
   </div>
   <div class='ocr_carea' id='block_1_101' title="bbox 546 5245 2125 5330">
    <p class='ocr_par' dir='ltr' id='par_1_101' title="bbox 546 5245 2125 5330">
     <span class='ocr_line' id='line_1_101' title="bbox 546 5245 2125 5330; baseline 0.004 -21"><span class='ocrx_word' id='word_1_736' title='bbox 546 5262 657 5313; x_wconf 69' lang='lat' dir='ltr'><strong>rein</strong></span> <span class='ocrx_word' id='word_1_737' title='bbox 716 5256 949 5313; x_wconf 87' lang='lat' dir='ltr'><strong>adhibita</strong></span> <span class='ocrx_word' id='word_1_738' title='bbox 996 5260 1266 5330; x_wconf 80' lang='lat' dir='ltr'><strong>castigat:</strong></span> <span class='ocrx_word' id='word_1_739' title='bbox 1302 5258 1433 5324; x_wconf 82' lang='lat' dir='ltr'><strong>Fili,</strong></span> <span class='ocrx_word' id='word_1_740' title='bbox 1484 5261 1750 5330; x_wconf 79' lang='lat' dir='ltr'><strong>peccasti?</strong></span> <span class='ocrx_word' id='word_1_741' title='bbox 1796 5275 1859 5313; x_wconf 76' lang='lat' dir='ltr'><strong>na</strong></span> <span class='ocrx_word' id='word_1_742' title='bbox 1896 5245 2125 5329; x_wconf 74' lang='lat' dir='ltr'><strong>adjicias,</strong></span> 
     </span>
    </p>
   </div>
   <div class='ocr_carea' id='block_1_102' title="bbox 697 5349 2093 5374">
    <p class='ocr_par' dir='ltr' id='par_1_102' title="bbox 697 5349 2093 5374">
     <span class='ocr_line' id='line_1_102' title="bbox 697 5349 2093 5374; baseline 0 0"><span class='ocrx_word' id='word_1_743' title='bbox 697 5365 727 5374; x_wconf 59' lang='grc' dir='ltr'><strong>ι.</strong></span> <span class='ocrx_word' id='word_1_744' title='bbox 807 5349 890 5372; x_wconf 72' lang='grc' dir='ltr'><strong>--.Ι</strong></span> <span class='ocrx_word' id='word_1_745' title='bbox 925 5358 957 5370; x_wconf 70' lang='lat'><strong>-4</strong></span> <span class='ocrx_word' id='word_1_746' title='bbox 996 5350 1052 5374; x_wconf 68' lang='grc'><strong>,1,-</strong></span> <span class='ocrx_word' id='word_1_747' title='bbox 1083 5352 1355 5374; x_wconf 60' lang='grc' dir='ltr'><strong>......ΑΑ-.2Α2-</strong></span> <span class='ocrx_word' id='word_1_748' title='bbox 1407 5351 1677 5374; x_wconf 54' lang='grc' dir='ltr'><strong>1-.--Αμ-</strong></span> <span class='ocrx_word' id='word_1_749' title='bbox 1745 5360 1800 5374; x_wconf 73' lang='grc' dir='ltr'><strong>-.ο</strong></span> <span class='ocrx_word' id='word_1_750' title='bbox 1831 5349 1919 5374; x_wconf 60' lang='grc' dir='ltr'><strong><em>,ἐι-Σ</em></strong></span> <span class='ocrx_word' id='word_1_751' title='bbox 1949 5349 2093 5374; x_wconf 66' lang='lat' dir='ltr'><strong>J2--..’a</strong></span> 
     </span>
    </p>
   </div>
   <div class='ocr_carea' id='block_1_103' title="bbox 2227 4367 3793 4441">
    <p class='ocr_par' dir='ltr' id='par_1_103' title="bbox 2227 4367 3793 4441">
     <span class='ocr_line' id='line_1_103' title="bbox 2227 4367 3793 4441; baseline 0.01 -21"><span class='ocrx_word' id='word_1_752' title='bbox 2227 4367 2426 4423; x_wconf 90' lang='lat' dir='ltr'><strong>milites</strong></span> <span class='ocrx_word' id='word_1_753' title='bbox 2457 4371 2593 4423; x_wconf 85' lang='lat' dir='ltr'><strong>inter</strong></span> <span class='ocrx_word' id='word_1_754' title='bbox 2638 4385 2697 4426; x_wconf 91' lang='lat' dir='ltr'><strong>se</strong></span> <span class='ocrx_word' id='word_1_755' title='bbox 2735 4372 2973 4427; x_wconf 89' lang='lat' dir='ltr'><strong>vicissim</strong></span> <span class='ocrx_word' id='word_1_756' title='bbox 3018 4374 3428 4441; x_wconf 88' lang='lat' dir='ltr'><strong>contineantur,</strong></span> <span class='ocrx_word' id='word_1_757' title='bbox 3476 4378 3550 4432; x_wconf 90' lang='lat' dir='ltr'><strong>ita</strong></span> <span class='ocrx_word' id='word_1_758' title='bbox 3584 4389 3645 4435; x_wconf 90' lang='lat' dir='ltr'><strong>ut</strong></span> <span class='ocrx_word' id='word_1_759' title='bbox 3665 4396 3793 4435; x_wconf 88' lang='lat' dir='ltr'><strong>unus</strong></span> 
     </span>
    </p>
   </div>
   <div class='ocr_carea' id='block_1_104' title="bbox 2225 4457 3789 4537">
    <p class='ocr_par' dir='ltr' id='par_1_104' title="bbox 2225 4457 3789 4537">
     <span class='ocr_line' id='line_1_104' title="bbox 2225 4457 3789 4537; baseline 0.008 -29"><span class='ocrx_word' id='word_1_760' title='bbox 2225 4471 2347 4510; x_wconf 89' lang='lat' dir='ltr'><strong>cum</strong></span> <span class='ocrx_word' id='word_1_761' title='bbox 2378 4457 2489 4513; x_wconf 90' lang='lat' dir='ltr'><strong>suis</strong></span> <span class='ocrx_word' id='word_1_762' title='bbox 2513 4499 2529 4524; x_wconf 94' lang='lat'><strong>,</strong></span> <span class='ocrx_word' id='word_1_763' title='bbox 2562 4459 2700 4514; x_wconf 90' lang='lat' dir='ltr'><strong>alter</strong></span> <span class='ocrx_word' id='word_1_764' title='bbox 2720 4477 2935 4531; x_wconf 89' lang='lat' dir='ltr'><strong>quoque</strong></span> <span class='ocrx_word' id='word_1_765' title='bbox 2961 4477 3083 4517; x_wconf 91' lang='lat' dir='ltr'><strong>cum</strong></span> <span class='ocrx_word' id='word_1_766' title='bbox 3114 4464 3226 4521; x_wconf 88' lang='lat' dir='ltr'><strong>suis</strong></span> <span class='ocrx_word' id='word_1_767' title='bbox 3257 4466 3464 4533; x_wconf 83' lang='lat' dir='ltr'><strong>pariter</strong></span> <span class='ocrx_word' id='word_1_768' title='bbox 3490 4479 3789 4537; x_wconf 81' lang='lat' dir='ltr'><strong>superetur.</strong></span> 
     </span>
    </p>
   </div>
   <div class='ocr_carea' id='block_1_105' title="bbox 2224 4547 3785 4628">
    <p class='ocr_par' dir='ltr' id='par_1_105' title="bbox 2224 4547 3785 4628">
     <span class='ocr_line' id='line_1_105' title="bbox 2224 4547 3785 4628; baseline 0.005 -26"><span class='ocrx_word' id='word_1_769' title='bbox 2224 4547 2382 4602; x_wconf 85' lang='lat' dir='ltr'><strong>Certe</strong></span> <span class='ocrx_word' id='word_1_770' title='bbox 2433 4550 2576 4603; x_wconf 91' lang='lat' dir='ltr'><strong>enim</strong></span> <span class='ocrx_word' id='word_1_771' title='bbox 2631 4550 2755 4619; x_wconf 89' lang='lat' dir='ltr'><strong>quia</strong></span> <span class='ocrx_word' id='word_1_772' title='bbox 2788 4566 2886 4620; x_wconf 89' lang='lat' dir='ltr'><strong>per</strong></span> <span class='ocrx_word' id='word_1_773' title='bbox 2910 4552 3162 4607; x_wconf 72' lang='lat' dir='ltr'><strong>allectum</strong></span> <span class='ocrx_word' id='word_1_774' title='bbox 3221 4557 3485 4622; x_wconf 89' lang='lat' dir='ltr'><strong>peccandi</strong></span> <span class='ocrx_word' id='word_1_775' title='bbox 3536 4569 3785 4628; x_wconf 86' lang='lat' dir='ltr'><strong>peccator</strong></span> 
     </span>
    </p>
   </div>
   <div class='ocr_carea' id='block_1_106' title="bbox 2224 4641 3789 4713">
    <p class='ocr_par' dir='ltr' id='par_1_106' title="bbox 2224 4641 3789 4713">
     <span class='ocr_line' id='line_1_106' title="bbox 2224 4641 3789 4713; baseline 0.007 -21"><span class='ocrx_word' id='word_1_776' title='bbox 2224 4648 2506 4708; x_wconf 88' lang='lat' dir='ltr'><strong>peccatum</strong></span> <span class='ocrx_word' id='word_1_777' title='bbox 2544 4642 2772 4709; x_wconf 89' lang='lat' dir='ltr'><strong>repetit,</strong></span> <span class='ocrx_word' id='word_1_778' title='bbox 2814 4643 2867 4695; x_wconf 91' lang='lat' dir='ltr'><strong>in</strong></span> <span class='ocrx_word' id='word_1_779' title='bbox 2897 4641 3219 4713; x_wconf 79' lang='lat' dir='ltr'><strong>profundum</strong></span> <span class='ocrx_word' id='word_1_780' title='bbox 3261 4647 3531 4702; x_wconf 89' lang='lat' dir='ltr'><strong>malorum</strong></span> <span class='ocrx_word' id='word_1_781' title='bbox 3568 4651 3789 4705; x_wconf 87' lang='lat' dir='ltr'><strong>descen-</strong></span> 
     </span>
    </p>
   </div>
   <div class='ocr_carea' id='block_1_107' title="bbox 2224 4729 3790 4812">
    <p class='ocr_par' dir='ltr' id='par_1_107' title="bbox 2224 4729 3790 4812">
     <span class='ocr_line' id='line_1_107' title="bbox 2224 4729 3790 4812; baseline 0.009 -30"><span class='ocrx_word' id='word_1_782' title='bbox 2224 4729 2333 4797; x_wconf 91' lang='lat' dir='ltr'><strong>dit;</strong></span> <span class='ocrx_word' id='word_1_783' title='bbox 2366 4731 2511 4805; x_wconf 82' lang='lat' dir='ltr'><strong>quia</strong></span> <span class='ocrx_word' id='word_1_784' title='bbox 2557 4747 2655 4803; x_wconf 86' lang='lat' dir='ltr'><strong>per</strong></span> <span class='ocrx_word' id='word_1_785' title='bbox 2700 4734 3128 4790; x_wconf 89' lang='lat' dir='ltr'><strong>recordationem</strong></span> <span class='ocrx_word' id='word_1_786' title='bbox 3166 4734 3456 4805; x_wconf 63' lang='lat' dir='ltr'><strong>praeteritae</strong></span> <span class='ocrx_word' id='word_1_787' title='bbox 3504 4741 3790 4812; x_wconf 85' lang='lat' dir='ltr'><strong>voluptatis</strong></span> 
     </span>
    </p>
   </div>
   <div class='ocr_carea' id='block_1_108' title="bbox 2224 4824 3789 4897">
    <p class='ocr_par' dir='ltr' id='par_1_108' title="bbox 2224 4824 3789 4897">
     <span class='ocr_line' id='line_1_108' title="bbox 2224 4824 3789 4897; baseline 0.007 -20"><span class='ocrx_word' id='word_1_788' title='bbox 2224 4824 2480 4893; x_wconf 90' lang='lat' dir='ltr'><strong>iniquitas</strong></span> <span class='ocrx_word' id='word_1_789' title='bbox 2530 4825 2606 4879; x_wconf 89' lang='lat' dir='ltr'><strong>illi</strong></span> <span class='ocrx_word' id='word_1_790' title='bbox 2659 4826 2712 4881; x_wconf 90' lang='lat' dir='ltr'><strong>in</strong></span> <span class='ocrx_word' id='word_1_791' title='bbox 2750 4828 2913 4883; x_wconf 90' lang='lat' dir='ltr'><strong>corde</strong></span> <span class='ocrx_word' id='word_1_792' title='bbox 2943 4828 3231 4897; x_wconf 89' lang='lat' dir='ltr'><strong>dulcescit,</strong></span> <span class='ocrx_word' id='word_1_793' title='bbox 3266 4832 3334 4886; x_wconf 90' lang='lat' dir='ltr'><strong>de</strong></span> <span class='ocrx_word' id='word_1_794' title='bbox 3380 4832 3649 4888; x_wconf 86' lang='lat' dir='ltr'><strong>malorum</strong></span> <span class='ocrx_word' id='word_1_795' title='bbox 3673 4849 3789 4890; x_wconf 86' lang='lat' dir='ltr'><strong>suo-</strong></span> 
     </span>
    </p>
   </div>
   <div class='ocr_carea' id='block_1_109' title="bbox 2222 4912 3786 4995">
    <p class='ocr_par' dir='ltr' id='par_1_109' title="bbox 2222 4912 3786 4995">
     <span class='ocr_line' id='line_1_109' title="bbox 2222 4912 3786 4995; baseline 0.006 -27"><span class='ocrx_word' id='word_1_796' title='bbox 2222 4912 2339 4969; x_wconf 86' lang='lat' dir='ltr'><strong>rum</strong></span> <span class='ocrx_word' id='word_1_797' title='bbox 2364 4914 2629 4984; x_wconf 87' lang='lat' dir='ltr'><strong>profundo</strong></span> <span class='ocrx_word' id='word_1_798' title='bbox 2655 4916 2833 4973; x_wconf 88' lang='lat' dir='ltr'><strong>redire</strong></span> <span class='ocrx_word' id='word_1_799' title='bbox 2854 4922 3186 4988; x_wconf 89' lang='lat' dir='ltr'><strong>contemnit;</strong></span> <span class='ocrx_word' id='word_1_800' title='bbox 3213 4925 3337 4993; x_wconf 91' lang='lat' dir='ltr'><strong>quia</strong></span> <span class='ocrx_word' id='word_1_801' title='bbox 3365 4926 3542 4995; x_wconf 89' lang='lat' dir='ltr'><strong>culpis</strong></span> <span class='ocrx_word' id='word_1_802' title='bbox 3566 4929 3680 4980; x_wconf 90' lang='lat' dir='ltr'><strong>suis</strong></span> <span class='ocrx_word' id='word_1_803' title='bbox 3697 4940 3786 4979; x_wconf 76' lang='lat' dir='ltr'><strong>ex-</strong></span> 
     </span>
    </p>
   </div>
   <div class='ocr_carea' id='block_1_110' title="bbox 2220 5006 3787 5087">
    <p class='ocr_par' dir='ltr' id='par_1_110' title="bbox 2220 5006 3787 5087">
     <span class='ocr_line' id='line_1_110' title="bbox 2220 5006 3787 5087; baseline 0.002 -25"><span class='ocrx_word' id='word_1_804' title='bbox 2220 5007 2557 5087; x_wconf 85' lang='lat' dir='ltr'><strong>cusationem</strong></span> <span class='ocrx_word' id='word_1_805' title='bbox 2604 5006 2910 5078; x_wconf 83' lang='lat' dir='ltr'><strong>fragilitatis</strong></span> <span class='ocrx_word' id='word_1_806' title='bbox 2936 5012 3212 5078; x_wconf 87' lang='lat' dir='ltr'><strong>obtendit,</strong></span> <span class='ocrx_word' id='word_1_807' title='bbox 3243 5013 3504 5082; x_wconf 86' lang='lat' dir='ltr'><strong>paulatim</strong></span> <span class='ocrx_word' id='word_1_808' title='bbox 3535 5016 3787 5069; x_wconf 80' lang='lat' dir='ltr'><strong>adversus</strong></span> 
     </span>
    </p>
   </div>
   <div class='ocr_carea' id='block_1_111' title="bbox 2218 5096 3785 5175">
    <p class='ocr_par' dir='ltr' id='par_1_111' title="bbox 2218 5096 3785 5175">
     <span class='ocr_line' id='line_1_111' title="bbox 2218 5096 3785 5175; baseline 0.004 -25"><span class='ocrx_word' id='word_1_809' title='bbox 2218 5096 2425 5166; x_wconf 81' lang='lat' dir='ltr'><strong>viscera</strong></span> <span class='ocrx_word' id='word_1_810' title='bbox 2469 5096 2661 5150; x_wconf 77' lang='lat' dir='ltr'><strong>divinze</strong></span> <span class='ocrx_word' id='word_1_811' title='bbox 2706 5097 3092 5155; x_wconf 66' lang='lat' dir='ltr'><strong>misericordiae</strong></span> <span class='ocrx_word' id='word_1_812' title='bbox 3144 5103 3487 5170; x_wconf 88' lang='lat' dir='ltr'><strong>obdurescit;</strong></span> <span class='ocrx_word' id='word_1_813' title='bbox 3530 5108 3657 5175; x_wconf 86' lang='lat' dir='ltr'><strong>quia</strong></span> <span class='ocrx_word' id='word_1_814' title='bbox 3698 5121 3785 5173; x_wconf 88' lang='lat' dir='ltr'><strong>per</strong></span> 
     </span>
    </p>
   </div>
   <div class='ocr_carea' id='block_1_112' title="bbox 2220 5183 3786 5263">
    <p class='ocr_par' dir='ltr' id='par_1_112' title="bbox 2220 5183 3786 5263">
     <span class='ocr_line' id='line_1_112' title="bbox 2220 5183 3786 5263; baseline 0.005 -25"><span class='ocrx_word' id='word_1_815' title='bbox 2220 5183 2572 5239; x_wconf 87' lang='lat' dir='ltr'><strong>imitationem</strong></span> <span class='ocrx_word' id='word_1_816' title='bbox 2590 5187 2874 5255; x_wconf 85' lang='lat' dir='ltr'><strong>pravitatis</strong></span> <span class='ocrx_word' id='word_1_817' title='bbox 2910 5190 3153 5261; x_wconf 76' lang='lat' dir='ltr'><strong>exempla</strong></span> <span class='ocrx_word' id='word_1_818' title='bbox 3175 5192 3363 5247; x_wconf 60' lang='lat' dir='ltr'><strong>alienae</strong></span> <span class='ocrx_word' id='word_1_819' title='bbox 3385 5194 3689 5263; x_wconf 90' lang='lat' dir='ltr'><strong>iniquitatis</strong></span> <span class='ocrx_word' id='word_1_820' title='bbox 3716 5204 3786 5247; x_wconf 86' lang='lat' dir='ltr'><strong>at-</strong></span> 
     </span>
    </p>
   </div>
   <div class='ocr_carea' id='block_1_113' title="bbox 2222 5266 3781 5351">
    <p class='ocr_par' dir='ltr' id='par_1_113' title="bbox 2222 5266 3781 5351">
     <span class='ocr_line' id='line_1_113' title="bbox 2222 5266 3781 5351; baseline 0.003 -20"><span class='ocrx_word' id='word_1_821' title='bbox 2222 5277 2428 5338; x_wconf 81' lang='lat' dir='ltr'><strong>tendit.</strong></span> <span class='ocrx_word' id='word_1_822' title='bbox 2485 5292 2591 5332; x_wconf 91' lang='lat' dir='ltr'><strong>non</strong></span> <span class='ocrx_word' id='word_1_823' title='bbox 2644 5266 2799 5332; x_wconf 80' lang='lat' dir='ltr'><strong>curat</strong></span> <span class='ocrx_word' id='word_1_824' title='bbox 2862 5295 2960 5349; x_wconf 87' lang='lat' dir='ltr'><strong>per</strong></span> <span class='ocrx_word' id='word_1_825' title='bbox 3015 5283 3348 5351; x_wconf 60' lang='lat' dir='ltr'><strong>paenitentia:</strong></span> <span class='ocrx_word' id='word_1_826' title='bbox 3396 5274 3781 5341; x_wconf 79' lang='lat' dir='ltr'><strong>correctionem</strong></span> 
     </span>
    </p>
   </div>
  </div>
