4018 6398
143 301 241 356 δει

949 292 1359 350 TRACTATUS
1397 290 1463 346 IN
1507 291 1703 385 VEIiS.
1747 291 1770 346 I
1812 291 1964 348 CAP.
2005 289 2092 347 XII
2128 289 2283 346 ACT.
2324 287 2569 346 APOST.

3283 288 3396 344 5’33

141 423 194 472 et
216 409 504 470 secundum
543 405 984 479 quaternionem,
1027 412 1384 474 utrorumque
1413 394 1714 457 militesin-
1742 409 1788 465 Α
1817 415 1960 456 nunc
2004 399 2275 470 quomodo
2322 397 2676 453 nihilominus
2723 403 3086 453 transeantur.
3141 397 3396 454 Transito

145 505 316 561 vicem
343 500 668 558 contulimus
689 539 704 566 ,
744 507 804 552 ttt
833 496 1066 568 qualiter
1090 496 1144 550 in
1183 495 1322 550 hanc
1343 495 1572 566 primaut
1609 509 1706 548 cu-

141 594 371 650 stediam
417 592 627 664 pariter
675 588 1033 656 conveniant,
1066 595 1512 642 monstraremus.
1559 583 1710 640 Nunc

141 685 302 740 etiam
343 696 439 753 per
481 679 622 736 hanc
651 678 880 749 primam
930 677 1230 732 custodiam
1269 675 1531 746 qualiter,
1575 675 1712 730 duce

143 775 332 846 angelo
351 813 366 839 ,
395 781 654 843 peccator
677 777 915 826 transeat
931 768 1296 824 ostendamus.
1322 766 1504 836 Itaque
1535 774 1714 820 trans-

143 868 217 921 ito
236 862 493 937 peecandi
527 862 751 925 aII‘ectu,
784 861 1108 932 profundum
1131 860 1393 914 malorum
1419 859 1707 924 transitur;

135 957 258 1028 quia
291 954 776 1026 profectopeccata
821 951 1182 1023 multiplicare
1208 951 1453 1006 iterando
1477 966 1582 1005 non
1613 965 1708 1021 po-

137 1057 240 1102 test
273 1047 363 1116 qui
409 1045 670 1116 peccandi
721 1043 1050 1099 voluntatem
1092 1059 1200 1100 non
1246 1043 1427 1099 habet.
1462 1041 1712 1098 Transita

137 1140 506 1196 recordatione
533 1139 822 1210 prmteritze
859 1138 1171 1210 voluptatis,
1216 1147 1556 1209 contemptus
1582 1154 1714 1208 quo-

135 1245 233 1300 que
263 1229 470 1300 pariter
502 1231 892 1301 pertransitur;
919 1231 1071 1300 quia,
1117 1231 1244 1284 dum
1273 1245 1369 1300 per
1393 1229 1713 1286 laudabilem

135 1321 456 1376 oblivionem
509 1330 810 1378 transactas
863 1321 1251 1384 delectationes
1301 1338 1331 1376 a
1386 1337 1482 1377 sua
1537 1331 1716 1377 mente

135 1411 407 1478 obliterat,
438 1412 506 1468 ad
551 1427 673 1469 eum
701 1415 794 1484 qui
823 1429 882 1470 se
909 1414 1000 1469 diu
1030 1414 1299 1480 toleravit,
1332 1415 1494 1470 citius
1535 1403 1731 1471 redire.

135 1511 426 1572 postposrto
451 1511 762 1574 contemptu
791 1501 1032 1560 festinat.
1063 1505 1313 1561 Transita
1367 1507 1718 1564 excusatione

135 1592 454 1664 fragilitatis.
477 1594 763 1650 obduratio
786 1609 1000 1666 quoque
1019 1597 1198 1652 cordis
1219 1598 1422 1669 pariter
1437 1607 1716 1670 pertrans-

136 1683 271 1748 itur;
331 1683 462 1754 quia
509 1700 668 1750 cum,
714 1686 978 1742 subducto
1025 1687 1392 1743 excusationis
1428 1688 1712 1754 velamine,

135 1774 476 1845 semetipsum
519 1763 778 1832 accusare
811 1777 1025 1848 incipit,
1061 1779 1372 1846 confestim,
1407 1795 1504 1850 per
1533 1796 1717 1852 respe-
1746 1757 1792 1817 Β

135 1875 266 1918 ctum
298 1864 500 1920 divina:
521 1866 730 1938 gratiae,
763 1867 943 1923 cordis
973 1869 1055 1923 sui
1087 1870 1344 1924 duritiam
1375 1871 1428 1925 in
1461 1871 1717 1944 lacrymis

134 1952 422 2022 liquefacit.
470 1956 722 2014 Transita
768 1957 1071 2015 imitatione
1115 1960 1420 2031 pravitatis,
1471 1961 1718 2031 impaeni-

135 2047 288 2100 tentia
345 2063 566 2119 quoque
613 2051 1018 2121 pertransitur;
1074 2053 1198 2122 quia
1257 2068 1596 2124 nequaquam
1648 2053 1718 2110 ad

136 2138 323 2193 malum
359 2139 552 2194 alienae
603 2141 862 2210 nequitiae
903 2142 1148 2212 exemplo
1199 2143 1542 2210 informatur,
1590 2146 1716 2201 dum

135 2229 414 2298 diligenter
459 2245 581 2300 quze
623 2223 952 2301 pmnitentcs
996 2242 1248 2288 maneant
1279 2235 1558 2290 intuetur:
1587 2235 1716 2305 quin

135 2323 234 2379 into
260 2325 326 2378 ad
378 2324 756 2394 paenitentiam
803 2335 955 2380 tanto
1016 2325 1245 2382 celerius
1291 2328 1484 2393 currit,
1516 2336 1718 2398 quanto

135 2429 196 2468 ne
238 2414 292 2468 in
338 2415 506 2471 malis
533 2415 647 2471 suis
684 2415 1142 2486 deprehendatur,
1173 2415 1556 2476 formidolosus
1595 2435 1718 2490 per-

131 2503 382 2560 timescit.
415 2503 666 2560 Transita
688 2505 1104 2561 ratiocinatione
1122 2507 1471 2574 conditionis,
1503 2511 1718 2576 catcitas

135 2610 337 2665 quoque
385 2597 585 2652 mentis
614 2597 820 2668 pariter
862 2595 1253 2668 pertransitur;
1299 2600 1425 2670 quia
1465 2601 1591 2656 dum
1638 2601 1718 2657 lu-

138 2695 248 2738 men
281 2685 516 2740 rationis
541 2685 609 2741 ad
639 2685 810 2756 culpat
839 2685 1207 2742 defensionem
1246 2704 1588 2758 nequaquam
1630 2685 1743 2745 in?

137 2781 363 2844 torquet,
411 2774 746 2832 illuminatus
773 2791 872 2846 per
916 2777 1170 2848 gratiam,
1221 2780 1349 2848 quid
1385 2780 1556 2850 sequi,
1590 2781 1720 2852 quid

118 2875 314 2918 cavere
333 2861 558 2930 debeat,
574 2863 806 2918 lucidius
822 2865 988 2920 videt.
1015 2865 1153 2922 Ecce
1177 2866 1285 2922 duo
1311 2869 1714 2939 quaterniones,

137 2970 246 3010 eum
283 2955 402 3010 suis
429 2955 692 3012 militibus
719 2957 771 3012 itt
798 2958 1031 3028 primam
1063 2959 1365 3016 custodiam
1392 2961 1719 3017 convenien-

139 3058 227 3116 tes,
252 3049 490 3120 qualiter
521 3057 866 3105 transeantur
893 3051 1230 3108 ostendimus
1255 3071 1266 3106 :
1303 3067 1447 3107 nunc
1470 3053 1576 3108 duo
1604 3054 1716 3121 alii,

141 3141 360 3210 qualiter
405 3141 464 3196 in
496 3143 791 3199 secundam
834 3145 1178 3212 conveniant,
1221 3146 1593 3202 ostendamus.
1623 3147 1722 3204 Se-

139 3235 356 3288 cundum
379 3234 566 3305 itaque
587 3237 1024 3306 quaternionem,
1048 3238 1140 3308 qui
1165 3238 1339 3308 pudor
1359 3238 1716 3294 confessionis

139 3322 343 3391 dicitur,
372 3333 433 3380 et
466 3326 706 3393 tertium,
744 3341 906 3397 quem
951 3344 1191 3384 antorem
1239 3329 1512 3400 privatum
1545 3331 1718 3386 nomi-

141 3414 393 3482 navimus,
422 3431 546 3471 cum
573 3417 686 3472 suis
723 3417 985 3475 militibus
1025 3421 1229 3490 pariter
1253 3419 1620 3483 conferamus.
1668 3432 1722 3476 et

141 3518 224 3561 eos
259 3506 312 3560 in
351 3507 651 3562 secundam
699 3509 1020 3576 custodiam,
1053 3521 1209 3580 prout
1249 3511 1387 3568 ratio
1417 3511 1719 3578 dictaverit,

140 3597 464 3652 ordinemus.
497 3597 628 3665 Sed,
659 3600 785 3670 quia
817 3600 883 3656 de
909 3601 1138 3657 istorum
1167 3603 1583 3674 quaternionum
1625 3620 1720 3677 ag-

140 3687 274 3744 mine
309 3698 444 3744 sunt
480 3689 556 3744 illi
584 3691 690 3746 duo
737 3691 937 3750 milites
977 3693 1122 3754 inter
1149 3709 1286 3766 quos
1323 3711 1423 3765 per
1453 3696 1722 3768 signiﬁca-

142 3779 329 3835 tionem
379 3780 628 3851 capiints
673 3781 912 3838 dormire
959 3785 1210 3855 superius
1249 3787 1425 3842 dictus
1473 3795 1576 3854 est,
1619 3787 1722 3844 illis

141 3872 336 3928 duobus
365 3875 772 3946 prtetermissis,
801 3877 868 3934 de
905 3878 1030 3934 aliis
1069 3880 1366 3936 videamus.
1400 3881 1476 3938 De
1502 3883 1722 3953 agmine

143 3967 309 4039 itaque
362 3971 591 4026 secundi
647 3974 1022 4042 quaterniouis
1086 3992 1195 4032 uno
1243 3989 1395 4032 extra
1445 3993 1719 4035 carcerem

141 4062 458 4128 exeubante,
489 4063 682 4134 reliqui
708 4074 820 4122 tres
849 4075 974 4122 sunt
1013 4067 1268 4139 levigatio
1313 4069 1503 4141 eulprc,
1543 4071 1718 4141 longi-

143 4149 364 4206 turnitas
411 4150 560 4218 vitm,
617 4161 804 4224 torpor
839 4155 1198 4228 negligentiae.
1252 4157 1384 4214 Item
1415 4159 1481 4214 de
1506 4161 1720 4230 agmine

145 4240 272 4294 tertii
295 4241 694 4312 quaternionis,
717 4259 824 4300 uno
853 4247 1022 4302 milite
1047 4247 1186 4301 intra
1209 4263 1484 4304 carcerem
1511 4250 1716 4314 relicto,

145 4331 329 4388 residui
354 4342 472 4389 tres
501 4344 629 4390 sunt
669 4339 938 4407 appetitus
976 4338 1152 4405 fanne,
1185 4341 1332 4411 rigor
1364 4342 1716 4410 poenitentiae,

145 4432 304 4480 metus
351 4429 792 4497 perseverantiae.
840 4428 954 4484 Duo
998 4429 1178 4500 itaque
1223 4431 1309 4486 isti
1338 4433 1719 4502 quaterniones
1752 4464 1797 4522 ι)

145 4517 208 4570 ita
245 4519 350 4575 sibi
401 4520 750 4576 conveniunt.
781 4521 905 4577 Ideo
929 4538 1160 4592 namque
1190 4523 1374 4594 culpas
1397 4539 1520 4580 suas
1545 4526 1709 4582 conli-

145 4609 234 4662 teri
273 4611 575 4676 erubescit,
615 4613 740 4682 quia
786 4614 1000 4684 privato
1047 4629 1233 4676 amore
1253 4630 1312 4670 se
1353 4616 1552 4688 diligit;
1599 4617 1722 4672 ideo

143 4713 419 4767 peccatum
467 4719 625 4759 suum
671 4706 1116 4762 excusationibus
1163 4705 1381 4778 levigat,
1433 4724 1522 4772 ne,
1579 4709 1720 4778 apud

143 4793 549 4851 mstimatiénem
575 4795 802 4851 aliormn
831 4796 1270 4866 reprehensibilis
1295 4797 1593 4864 convictus,
1625 4814 1724 4855 no-

145 4899 255 4939 men
310 4885 496 4951 fanne,
555 4888 699 4957 quod
747 4889 974 4960 appetit,
1033 4890 1256 4958 perdat;
1317 4891 1438 4946 ideo
1491 4891 1718 4964 rigorem

145 4973 471 5043 poenitentite
503 4977 931 5052 subire’refugit,
961 4979 1086 5050 quia
1123 4980 1284 5053 longa
1323 4980 1424 5036 sibi
1450 4981 1572 5036 vita:
1601 4996 1722 5050 spa—

148 5065 212 5118 tia
259 5069 620 5138 repromittit;
670 5069 790 5124 ideo
832 5083 956 5124 eum
1010 5079 1198 5140 torpor
1250 5071 1589 5141 negligentia:
1637 5085 1724 5125 as-

149 5157 349 5226 tringit,
393 5160 518 5232 quia
572 5167 747 5217 metus
790 5175 914 5220 eum
964 5162 1032 5217 ad
1091 5163 1261 5232 frigus
1309 5161 1724 5230 perseverantiae

149 5261 450 5320 suspectum
482 5252 676 5308 reddit.
709 5253 776 5312 Et
805 5255 926 5310 ideo
950 5269 1018 5312 ne
1045 5257 1323 5326 contingat
1351 5256 1419 5310 ab
1441 5255 1724 5326 iniquitate

150 5338 342 5402 udire,
365 5340 515 5412 eligit
537 5341 715 5410 potius
743 5358 958 5416 semper
987 5345 1040 5400 in
1068 5355 1290 5414 peccato
1319 5355 1532 5416 torpere
1558 5361 1722 5414 quam

149 5430 340 5486 beuum
387 5433 610 5502 aliquid,
663 5433 718 5488 in
767 5450 879 5506 quo
933 5444 1300 5506 perseverare'
1335 5447 1590 5508 nequeat,
1645 5455 1724 5492 nt—

151 5517 342 5576 cltoare
373 5537 388 5575 :
421 5537 543 5578 cum
565 5525 785 5580 deberet
809 5535 866 5580 et
893 5526 961 5580 de
985 5542 1080 5581 sua
1110 5528 1252 5581 bona
1281 5527 1559 5582 voluntate
1587 5527 1724 5581 inci-

151 5621 293 5676 pere,
323 5621 381 5668 et
401 5615 466 5669 de
499 5614 606 5672 Deo
635 5616 1018 5686 perfectionem
1041 5617 1458 5688 perseverantia:
1485 5615 1721 5688 sperare.

155 5699 252 5760 Sed
283 5703 406 5775 jam
436 5707 578 5790 quia
623 5709 755 5764 istos
805 5709 1011 5783 pariter
1058 5711 1401 5776 contulimus,
1449 5711 1724 5766 videamus

1811 491 1992 562 itaque
2031 489 2236 560 pudore
2283 489 2660 554 confessionis,
2711 504 2865 546 amor
2909 505 3122 562 quoque
3153 491 3396 561 privatus

1810 583 2015 659 pariter
2042 587 2432 658 pertransitur;
2463 585 2586 657 quia
2617 585 2868 641 nimirum
2901 587 2980 640 sui
3009 585 3178 656 ipsius
3201 587 3396 642 adver-

1811 681 1988 737 sarius
2029 679 2280 745 eﬂicitur,
2325 680 2450 734 dum
2489 677 2674 749 culpas
2700 691 2824 733 suas
2873 677 3148 748 detegens,
3193 676 3397 732 salubri

1811 770 1936 825 odio
1965 770 2282 826 insectatur.
2311 769 2562 824 Transila
2607 768 2926 838 levigatione
2962 767 3153 838 eulpre,
3187 768 3400 839 appeti-

1813 872 1901 918 tus
1944 877 2156 934 quoque
2207 861 2365 932 fama:
2411 861 2614 930 pariter
2654 847 3044 931 pertransitur;
3094 861 3244 930 quia,
3271 861 3396 916 dum

1813 966 2019 1012 reatum
2067 971 2222 1012 suum
2255 955 2369 1026 ipse
2414 951 2516 1010 sibi
2559 962 2836 1024 aggravat,
2881 953 2991 1008 Deo
3032 952 3132 1008 soli
3184 953 3401 1023 placere

1813 1048 2070 1120 gestiens,
2101 1047 2165 1102 de
2185 1047 2338 1100 fama
2385 1045 2640 1100 exteriori
2687 1059 2792 1099 non
2835 1052 3009 1100 curat.
3041 1043 3296 1098 Transito
3325 1042 3402 1097 ri-

1813 1152 1942 1209 gore
1995 1135 2366 1208 poenitentiae,
2435 1133 2792 1205 Iongrevilatis
2844 1147 3058 1204 quoque
3110 1132 3401 1202 promissio

1815 1229 2024 1298 pariter
2067 1217 2460 1298 pertransitur;
2503 1226 2652 1295 quia,
2685 1225 2810 1280 dum
2843 1225 2992 1280 illum
3023 1240 3186 1295 quem
3223 1224 3399 1282 offert-

1815 1318 1895 1374 dit
1923 1317 2138 1389 placare
2177 1316 2338 1373 citius
2367 1316 2720 1386 concupiscit,
2765 1314 3086 1371 seductoriae
3126 1315 3402 1372 dilationis

1817 1409 2064 1467 inducias
2091 1424 2198 1466 non
2221 1409 2482 1466 admittit.
2514 1399 2768 1465 Transito
2799 1418 3015 1480 torpore
3042 1409 3401 1480 negligentiae,

1816 1510 1994 1558 metus
2030 1517 2243 1572 quoque
2289 1501 2710 1572 perseverantiae
2751 1503 2960 1571 pariter
2984 1500 3400 1572 'pertransitur;

1817 1595 1969 1666 quia,
2013 1593 2138 1650 dum
2170 1593 2400 1648 ferventi
2445 1593 2638 1662 spiritu
2666 1592 2781 1663 ipse
2812 1592 3014 1648 bonum
3048 1591 3224 1646 Iacere
3267 1590 3406 1646 inci.

1817 1685 1918 1756 pit,
1949 1699 2016 1740 ex
2046 1684 2229 1740 divino
2272 1683 2542 1756 adjutorio
2588 1683 2690 1739 hoc
2731 1698 2890 1754 posse
2917 1697 3299 1738 consummare
3343 1697 3407 1737 se

1819 1776 2115 1847 praesumit.
2149 1775 2262 1832 IIoc
2308 1775 2492 1846 itaque
2532 1774 2692 1830 modo
2745 1764 2856 1830 isti'
2885 1773 2990 1830 duo
3019 1773 3406 1846 quaterniones

1818 1882 1941 1923 eum
1969 1868 2084 1924 suis
2118 1865 2440 1923 satellitibus
2479 1867 2532 1922 in
2585 1865 2875 1923 secundam
2925 1865 3226 1921 custodiam
3259 1865 3406 1921 redi-

1817 1970 2051 2032 guntur;
2103 1961 2208 2016 hoc
2251 1960 2413 2017 etiam
2460 1961 2622 2016 modo
2675 1975 2707 2015 a
2760 1967 3050 2031 peccatore
3093 1973 3404 2024 converso,

1817 2053 1956 2109 duce
1983 2052 2196 2123 angelo,
2226 2061 2601 2108 transeuntur.
2635 2051 2744 2108 Sed
2795 2051 2920 2122 quia
2943 2050 3058 2123 jam
3088 2049 3157 2106 de
3183 2064 3408 2105 carcere

1817 2147 1970 2214 exiit,
2001 2147 2128 2216 quia
2175 2147 2406 2216 primam
2434 2155 2489 2202 et
2521 2147 2817 2201 secundant
2862 2143 3163 2200 custodiam
3191 2141 3410 2198 transiit

1817 2237 2094 2294 duetorem
2119 2253 2276 2294 suum
2307 2237 2606 2308 sequendo,
2626 2237 2906 2294 videamus
2929 2252 3037 2308 quo
3059 2235 3292 2292 venerit.

1889 2327 2072 2383 XVIII.
2117 2326 2400 2394 Venerunt,
2433 2327 2634 2398 inquit,
2663 2327 2733 2381 ad
2768 2336 2972 2398 portam
3015 2325 3258 2396 ferream,
3289 2340 3408 2396 qua:

1817 2423 1959 2477 ducit
2003 2422 2073 2476 ad
2102 2421 2381 2477 civitatem.
2411 2421 2705 2492 Postquam
2738 2421 2806 2476 de
2845 2434 3067 2474 carcere
3107 2417 3408 2474 tenebrosae

1817 2517 2165 2573 conscientia:
2209 2525 2470 2586 peccator
2517 2515 2686 2582 exiit,
2735 2523 3018 2586 postquam
3073 2511 3302 2580 primam
3353 2517 3408 2565 et

1819 2609 2114 2663 secundam
2145 2606 2446 2662 custodiant
2480 2605 2718 2671 transiit,
2760 2603 2812 2659 id
2857 2613 2960 2668 est,
3002 2599 3284 2658 obstacula
3327 2599 3408 2654 vi-

1821 2700 2017 2755 tiorum
2071 2713 2192 2768 qua:
2229 2713 2304 2755 se
2349 2700 2402 2754 in
2451 2705 2677 2770 peccato
2706 2685 3048 2752 detinebant
3089 2695 3289 2758 evadit,
3339 2689 3432 2746 ad'

1820 2795 2030 2856 portam
2075 2786 2307 2842 ferream
2353 2787 2539 2854 venit;
2587 2786 2714 2856 quia
2763 2786 2874 2842 sola
2905 2794 3250 2856 peccatorum
3280 2797 3410 2837 cono

1817 2875 1984 2934 fessio
2008 2879 2077 2933 ad
2105 2877 2334 2933 salutent
2381 2893 2488 2933 non
2523 2877 2736 2944 suliicit,
2762 2877 2806 2932 si
2835 2893 2942 2933 non
2972 2878 3162 2943 etiam,
3196 2891 3296 2948 pro
3321 2877 3437 2962 his.

1819 2983 1940 3039 qua:
1980 2969 2275 3035 commisit,
2323 2985 2421 3040 per
2450 2970 2840 3029 satisfactionis
2868 2973 3120 3030 duritiam
3171 2991 3230 3030 se
3271 2977 3410 3033 ami-

1749 3107 1791 3159 Γ
1823 3061 1920 3134 git.
1953 3061 2248 3120 Videamus
2308 3063 2476 3118 David
2528 3063 2596 3120 de
2637 3079 2856 3122 carcere
2900 3077 3210 3136 exeuntem,
3238 3080 3294 3125 et
3338 3071 3408 3125 ad

1820 3160 2035 3222 portam
2081 3152 2312 3209 ferream
2345 3163 2748 3226 properantem,
2789 3157 2881 3226 qui
2908 3157 2984 3213 ait
3017 3176 3029 3212 :
3065 3157 3408 3230 lniquitntem

1821 3259 1992 3298 meam
2019 3245 2361 3311 annuntiabo,
2389 3255 2436 3300 et
2461 3247 2698 3316 cogitabo
2725 3264 2820 3318 pro
2853 3259 3065 3320 peccato
3110 3267 3242 3305 meo.
3274 3241 3435 3308 Pcc?

1823 3345 1976 3391 calor
2001 3335 2235 3403 etenim,
2264 3351 2386 3392 cum
2417 3338 2756 3408 iniquitatem
2780 3356 2934 3396 suam
2963 3343 3272 3400 confitendo
3311 3360 3410 3399 an-

1823 3425 2057 3492 nuntiat,
2081 3426 2147 3482 de
2187 3442 2412 3484 carcere
2447 3430 2595 3497 exit;
2641 3447 2766 3487 cum
2793 3447 2922 3489 vero
2947 3435 3148 3504 cogitat
3175 3437 3409 3506 qualiter

1823 3517 1934 3572 Deo
1971 3532 2070 3586 pro
2116 3533 2442 3590 unoquoque
2486 3532 2712 3590 peccato
2740 3524 3066 3590 satisfaciat,
3094 3528 3160 3580 ad
3191 3539 3406 3598 portam

1822 3607 2054 3664 ferream
2110 3610 2300 3664 tendit.
2351 3610 2471 3682 Ipsa
2505 3612 2710 3682 itaque
2767 3616 3086 3681 satisfactio,
3135 3635 3240 3688 qua
3299 3622 3408 3676 Deo

1823 3715 1922 3771 pro
1967 3702 2206 3772 peccatis
2232 3703 2435 3758 nostris
2463 3703 2850 3774 satisfacimus,
2901 3719 3056 3776 porta
3102 3705 3271 3764 ferrea
3300 3729 3407 3770 non

1823 3791 2265 3848 inconvenienter
2291 3793 2590 3863 accipitur;
2622 3796 2748 3866 quia
2790 3799 2994 3853 homini
3043 3800 3290 3855 mull:bus
3313 3802 3408 3856 (ιρι

1821 3882 2040 3938 sideriis
2058 3882 2186 3954 olim
2209 3883 2387 3940 dedito
2419 3884 2571 3941 valde
2606 3887 2798 3942 durum
2823 3898 2927 3956 est,
2957 3891 3083 3945 dum
3114 3905 3409 3948 conversus

1821 3975 1888 4030 ad
1919 3975 2291 4046 paenitentiam
2320 3976 2551 4047 cogitur,
2573 3979 2760 4035 eadem
2783 3981 3049 4038 desideria
3083 3982 3406 4054 relinquere,

1821 4081 2038 4122 carnem
2082 4081 2380 4134 macerare,
2414 4069 2791 4140 ingemiscere,
2821 4071 2970 4137 ﬂere,
2997 4073 3258 4145 jejunare,
3303 4093 3408 4132 sre-
3439 4073 3456 4082 ’

1822 4157 1943 4212 culo
1984 4158 2226 4215 funditus
2253 4160 2586 4226 renuntiare,
2611 4173 2896 4230 remotam
2940 4165 3102 4220 vitam
3132 4177 3408 4236 expetere,

1821 4257 1874 4304 et
1925 4249 2176 4320 deinceps
2215 4251 2282 4304 ad
2337 4251 2559 4307 alterius
2607 4253 2890 4310 arbitrium
2945 4257 3142 4312 virere.
3194 4258 3411 4317 Peccati

1821 4352 1950 4409 ergo
1993 4337 2292 4396 satisfactio
2343 4349 2490 4395 recte
2537 4353 2688 4412 porta
2740 4343 2914 4400 ferrea
2953 4338 3284 4414 nominatur,
3317 4365 3413 4418 per

1823 4444 1984 4498 quam
2035 4429 2216 4494 homo,
2265 4439 2325 4484 ut
2366 4429 2532 4486 Deum
2577 4434 2678 4487 sibi
2718 4433 2986 4502 placatum
3017 4435 3228 4500 reddat,
3255 4438 3414 4506 quid-

1823 4519 1950 4590 quid
1999 4520 2052 4574 itt
2083 4535 2140 4575 se
2163 4521 2458 4576 carnaliter
2487 4523 2640 4588 vixit,
2689 4523 2834 4579 ferro
2883 4525 3033 4580 durae
3074 4528 3412 4597 pmnitentize

1824 4619 1998 4669 necat.
2047 4611 2197 4668 Unde
2241 4621 2297 4668 et
2341 4611 2580 4686 Joannes
2624 4613 2864 4686 Baptista
2907 4628 3218 4686 peccatores
3249 4621 3315 4673 ad
3351 4635 3412 4674 se

1822 4699 2148 4758 continentes
2216 4703 2282 4758 ad
2327 4712 2534 4774 portant
2581 4705 2812 4759 ferream
2855 4705 3138 4772 inritabat,
3182 4709 3406 4763 dicens:

1823 4793 2098 4848 Genimina
2152 4793 2470 4861 viperarum,
2528 4795 2644 4860 quis
2693 4796 2915 4849 ostendit
2975 4797 3112 4852 robis
3163 4797 3341 4868 fauere
3376 4817 3409 4854 (ι

1823 4895 2035 4940 ventura
2078 4883 2196 4938 ira?
2241 4881 2424 4939 Facite
2447 4901 2567 4956 ergo
2613 4887 2816 4956 [ructus
2853 4887 3038 4958 dignos
3070 4890 3406 4958 pcenilenliw.

1825 4977 2023 5048 Dignos
2066 4976 2212 5031 enim
2264 4973 2480 5031 fructus
2523 4977 2854 5048 ptenitenlite
2907 4979 3122 5046 facere,
3172 4980 3273 5036 Itoe
3327 4989 3412 5036 est

1824 5069 1892 5123 ad
1924 5077 2134 5139 portam
2160 5066 2394 5122 ferream
2416 5081 2734 5138 properare,
2766 5071 2868 5126 hoc
2893 5080 2978 5124 est
3005 5071 3078 5125 ita
3109 5072 3406 5140 plenariam

1827 5161 1934 5214 Deo
1987 5158 2412 5214 satislactionem
2451 5159 2646 5214 oﬂ‘erre
2685 5170 2796 5214 uta
2824 5161 2986 5216 licitis
3021 5162 3182 5216 etiam
3213 5161 3412 5218 de‘eeat

1825 5243 2234 5320 abstinet-equi
2277 5263 2338 5303 se
2385 5249 2630 5304 meminit
2676 5248 2856 5304 illicita
2906 5262 3268 5322 perpetrasse.
3326 5253 3410 5309 Ad

1827 5337 1967 5392 ltattc
2022 5326 2202 5406 itaque
2245 5347 2458 5405 portam
2495 5336 2723 5392 ferream
2775 5337 2992 5393 Petrum
3041 5339 3290 5396 eductum
3341 5341 3410 5396 de

1827 5443 2045 5494 carcere
2068 5423 2293 5498 angelus
2319 5429 2487 5492 ducit,
2511 5428 2636 5498 quia
2656 5442 2832 5482 sermo
2859 5429 3090 5488 divinus.
3121 5437 3408 5500 postquam

1827 5539 1926 5576 nos
1975 5523 2044 5576 de
2095 5509 2314 5576 carcere
2373 5513 2578 5589 peccati
2639 5536 2732 5589 per
2769 5519 3000 5574 ofﬁciunt
3052 5521 3453 5576 confessiottis‘

1827 5609 2294 5684 extrahitn'quant
2339 5611 2579 5686 districta
2627 5611 2995 5668 satisfactione
3048 5612 3211 5667 Deum
3253 5614 3405 5669 nobis

1827 5707 2040 5778 placare
2075 5699 2361 5760 debeamus
2394 5704 2646 5760 ostendit;
2687 5705 2818 5774 Qua:
2848 5706 3096 5760 nimii-am
3119 5715 3274 5778 porta
3300 5705 3407 5763 fcr-
3445 5705 3451 5713 ’
