  <div class='ocr_page' id='page_1' title='image "/cluster/home/n/w/nwhite01/storage/ocr_20150623/141/hvd.32044015471790/157.png"; bbox 0 0 3974 5374; ppageno 0'>
   <div class='ocr_carea' id='block_1_1' title="bbox 590 278 693 331">
    <p class='ocr_par' dir='ltr' id='par_1_1' title="bbox 590 278 693 331">
     <span class='ocr_line' id='line_1_1' title="bbox 590 278 693 331; baseline 0 0"><span class='ocrx_word' id='word_1_1' title='bbox 590 278 693 331; x_wconf 70' lang='grc' dir='ltr'><strong>5Ἧὶ</strong></span> 
     </span>
    </p>
   </div>
   <div class='ocr_carea' id='block_1_2' title="bbox 1556 276 2829 334">
    <p class='ocr_par' dir='ltr' id='par_1_2' title="bbox 1556 276 2829 334">
     <span class='ocr_line' id='line_1_2' title="bbox 1556 276 2829 334; baseline 0.001 -2"><span class='ocrx_word' id='word_1_2' title='bbox 1556 279 1609 332; x_wconf 91' lang='lat' dir='ltr'><strong>S.</strong></span> <span class='ocrx_word' id='word_1_3' title='bbox 1654 277 1995 334; x_wconf 73' lang='lat' dir='ltr'><strong>FULBEllTI</strong></span> <span class='ocrx_word' id='word_1_4' title='bbox 2017 276 2501 333; x_wconf 71' lang='lat' dir='ltr'><strong>CARNOTENSIS</strong></span> <span class='ocrx_word' id='word_1_5' title='bbox 2533 277 2829 334; x_wconf 81' lang='lat' dir='ltr'><strong>EPISCOPI</strong></span> 
     </span>
    </p>
   </div>
   <div class='ocr_carea' id='block_1_3' title="bbox 3750 286 3848 343">
    <p class='ocr_par' dir='ltr' id='par_1_3' title="bbox 3750 286 3848 343">
     <span class='ocr_line' id='line_1_3' title="bbox 3750 286 3848 343; baseline 0.02 -2"><span class='ocrx_word' id='word_1_6' title='bbox 3750 286 3848 343; x_wconf 64' lang='lat'><strong>50$</strong></span> 
     </span>
    </p>
   </div>
   <div class='ocr_carea' id='block_1_4' title="bbox 591 387 3855 464">
    <p class='ocr_par' dir='ltr' id='par_1_4' title="bbox 591 387 3855 464">
     <span class='ocr_line' id='line_1_4' title="bbox 591 387 3855 464; baseline 0.004 -23"><span class='ocrx_word' id='word_1_7' title='bbox 591 404 678 442; x_wconf 84' lang='lat' dir='ltr'><strong>rea</strong></span> <span class='ocrx_word' id='word_1_8' title='bbox 714 387 864 444; x_wconf 99' lang='lat' dir='ltr'><strong>ducit</strong></span> <span class='ocrx_word' id='word_1_9' title='bbox 889 387 954 444; x_wconf 88' lang='lat' dir='ltr'><strong>ad</strong></span> <span class='ocrx_word' id='word_1_10' title='bbox 986 388 1284 456; x_wconf 81' lang='lat' dir='ltr'><strong>civitatem,</strong></span> <span class='ocrx_word' id='word_1_11' title='bbox 1336 390 1461 460; x_wconf 87' lang='lat' dir='ltr'><strong>quia</strong></span> <span class='ocrx_word' id='word_1_12' title='bbox 1510 388 1899 445; x_wconf 84' lang='lat' dir='ltr'><strong>satisfactinnis</strong></span> <span class='ocrx_word' id='word_1_13' title='bbox 1927 390 2175 461; x_wconf 77' lang='lat' dir='ltr'><strong>angustia</strong></span> <span class='ocrx_word' id='word_1_14' title='bbox 2207 405 2248 457; x_wconf 76' lang='grc' dir='ltr'><strong>Α</strong></span> <span class='ocrx_word' id='word_1_15' title='bbox 2281 406 2376 460; x_wconf 86' lang='lat' dir='ltr'><strong>per</strong></span> <span class='ocrx_word' id='word_1_16' title='bbox 2396 389 2644 460; x_wconf 78' lang='lat' dir='ltr'><strong>angelum</strong></span> <span class='ocrx_word' id='word_1_17' title='bbox 2680 390 2904 461; x_wconf 89' lang='lat' dir='ltr'><strong>quilibet</strong></span> <span class='ocrx_word' id='word_1_18' title='bbox 2940 392 3267 464; x_wconf 79' lang='lat' dir='ltr'><strong>praedicator</strong></span> <span class='ocrx_word' id='word_1_19' title='bbox 3293 396 3697 453; x_wconf 73' lang='lat' dir='ltr'><strong>demonstratur</strong></span> <span class='ocrx_word' id='word_1_20' title='bbox 3724 393 3855 456; x_wconf 80' lang='lat' dir='ltr'><strong>veri-</strong></span> 
     </span>
    </p>
   </div>
   <div class='ocr_carea' id='block_1_5' title="bbox 588 482 2173 554">
    <p class='ocr_par' dir='ltr' id='par_1_5' title="bbox 588 482 2173 554">
     <span class='ocr_line' id='line_1_5' title="bbox 588 482 2173 554; baseline 0.001 -19"><span class='ocrx_word' id='word_1_21' title='bbox 588 487 653 537; x_wconf 89' lang='lat' dir='ltr'><strong>ad</strong></span> <span class='ocrx_word' id='word_1_22' title='bbox 674 483 1021 538; x_wconf 35' lang='lat' dir='ltr'><strong>‘tatitudinem</strong></span> <span class='ocrx_word' id='word_1_23' title='bbox 1051 499 1148 539; x_wconf 89' lang='lat' dir='ltr'><strong>nos</strong></span> <span class='ocrx_word' id='word_1_24' title='bbox 1185 499 1426 554; x_wconf 87' lang='lat' dir='ltr'><strong>supernae</strong></span> <span class='ocrx_word' id='word_1_25' title='bbox 1460 483 1696 538; x_wconf 71' lang='lat' dir='ltr'><strong>civitatis</strong></span> <span class='ocrx_word' id='word_1_26' title='bbox 1735 483 2063 537; x_wconf 91' lang='lat' dir='ltr'><strong>intromittit.</strong></span> <span class='ocrx_word' id='word_1_27' title='bbox 2093 482 2173 537; x_wconf 84' lang='lat' dir='ltr'><strong>Ad</strong></span> 
     </span>
    </p>
   </div>
   <div class='ocr_carea' id='block_1_6' title="bbox 586 574 2176 648">
    <p class='ocr_par' dir='ltr' id='par_1_6' title="bbox 586 574 2176 648">
     <span class='ocr_line' id='line_1_6' title="bbox 586 574 2176 648; baseline -0.003 -15"><span class='ocrx_word' id='word_1_28' title='bbox 586 578 742 648; x_wconf 86' lang='lat' dir='ltr'><strong>cujus</strong></span> <span class='ocrx_word' id='word_1_29' title='bbox 784 576 1038 631; x_wconf 82' lang='lat' dir='ltr'><strong>nimirum</strong></span> <span class='ocrx_word' id='word_1_30' title='bbox 1067 574 1299 631; x_wconf 80' lang='lat' dir='ltr'><strong>civitatis</strong></span> <span class='ocrx_word' id='word_1_31' title='bbox 1336 580 1529 645; x_wconf 81' lang='lat' dir='ltr'><strong>gaudia</strong></span> <span class='ocrx_word' id='word_1_32' title='bbox 1553 591 1674 629; x_wconf 91' lang='lat' dir='ltr'><strong>cum</strong></span> <span class='ocrx_word' id='word_1_33' title='bbox 1716 589 2011 629; x_wconf 81' lang='lat' dir='ltr'><strong>conversus</strong></span> <span class='ocrx_word' id='word_1_34' title='bbox 2052 588 2176 643; x_wconf 89' lang='lat' dir='ltr'><strong>pec-</strong></span> 
     </span>
    </p>
   </div>
   <div class='ocr_carea' id='block_1_7' title="bbox 585 664 2174 739">
    <p class='ocr_par' dir='ltr' id='par_1_7' title="bbox 585 664 2174 739">
     <span class='ocr_line' id='line_1_7' title="bbox 585 664 2174 739; baseline -0.004 -13"><span class='ocrx_word' id='word_1_35' title='bbox 585 682 739 726; x_wconf 89' lang='lat' dir='ltr'><strong>cator</strong></span> <span class='ocrx_word' id='word_1_36' title='bbox 763 668 992 727; x_wconf 80' lang='lat' dir='ltr'><strong>ferventi</strong></span> <span class='ocrx_word' id='word_1_37' title='bbox 1038 683 1223 725; x_wconf 89' lang='lat' dir='ltr'><strong>amore</strong></span> <span class='ocrx_word' id='word_1_38' title='bbox 1250 667 1487 735; x_wconf 81' lang='lat' dir='ltr'><strong>festinat,</strong></span> <span class='ocrx_word' id='word_1_39' title='bbox 1523 681 1738 739; x_wconf 76' lang='lat' dir='ltr'><strong>gressus</strong></span> <span class='ocrx_word' id='word_1_40' title='bbox 1778 665 2026 720; x_wconf 82' lang='lat' dir='ltr'><strong>desiderii</strong></span> <span class='ocrx_word' id='word_1_41' title='bbox 2059 664 2174 733; x_wconf 87' lang='lat' dir='ltr'><strong>ejus</strong></span> 
     </span>
    </p>
   </div>
   <div class='ocr_carea' id='block_1_8' title="bbox 586 753 2174 831">
    <p class='ocr_par' dir='ltr' id='par_1_8' title="bbox 586 753 2174 831">
     <span class='ocr_line' id='line_1_8' title="bbox 586 753 2174 831; baseline -0.003 -18"><span class='ocrx_word' id='word_1_42' title='bbox 586 759 841 830; x_wconf 73' lang='lat' dir='ltr'><strong>quaelibet</strong></span> <span class='ocrx_word' id='word_1_43' title='bbox 881 767 1051 831; x_wconf 74' lang='lat' dir='ltr'><strong>portae</strong></span> <span class='ocrx_word' id='word_1_44' title='bbox 1079 756 1270 814; x_wconf 74' lang='lat' dir='ltr'><strong>ferreae</strong></span> <span class='ocrx_word' id='word_1_45' title='bbox 1295 756 1562 813; x_wconf 87' lang='lat' dir='ltr'><strong>districtio</strong></span> <span class='ocrx_word' id='word_1_46' title='bbox 1599 771 1704 811; x_wconf 91' lang='lat' dir='ltr'><strong>non</strong></span> <span class='ocrx_word' id='word_1_47' title='bbox 1737 755 1993 811; x_wconf 84' lang='lat' dir='ltr'><strong>retardat.</strong></span> <span class='ocrx_word' id='word_1_48' title='bbox 2021 753 2174 809; x_wconf 84' lang='lat' dir='ltr'><strong>Unde</strong></span> 
     </span>
    </p>
   </div>
   <div class='ocr_carea' id='block_1_9' title="bbox 584 847 1354 920">
    <p class='ocr_par' dir='ltr' id='par_1_9' title="bbox 584 847 1354 920">
     <span class='ocr_line' id='line_1_9' title="bbox 584 847 1354 920; baseline -0.004 -16"><span class='ocrx_word' id='word_1_49' title='bbox 584 849 722 905; x_wconf 86' lang='lat' dir='ltr'><strong>bene</strong></span> <span class='ocrx_word' id='word_1_50' title='bbox 748 857 903 920; x_wconf 91' lang='lat' dir='ltr'><strong>porta</strong></span> <span class='ocrx_word' id='word_1_51' title='bbox 925 847 1099 904; x_wconf 91' lang='lat' dir='ltr'><strong>ferrea</strong></span> <span class='ocrx_word' id='word_1_52' title='bbox 1132 847 1354 911; x_wconf 84' lang='lat' dir='ltr'><strong>dicitur,</strong></span> 
     </span>
    </p>
   </div>
   <div class='ocr_carea' id='block_1_10' title="bbox 577 932 2171 1010">
    <p class='ocr_par' dir='ltr' id='par_1_10' title="bbox 577 932 2171 1010">
     <span class='ocr_line' id='line_1_10' title="bbox 577 932 2171 1010; baseline -0.005 -13"><span class='ocrx_word' id='word_1_53' title='bbox 577 962 579 966; x_wconf 50' lang='lat'><em>‘</em></span> <span class='ocrx_word' id='word_1_54' title='bbox 654 940 797 998; x_wconf 80' lang='lat' dir='ltr'><strong>XIX.</strong></span> <span class='ocrx_word' id='word_1_55' title='bbox 831 941 960 1008; x_wconf 77' lang='lat' dir='ltr'><strong>Qua:</strong></span> <span class='ocrx_word' id='word_1_56' title='bbox 989 940 1127 996; x_wconf 87' lang='lat' dir='ltr'><strong>ultro</strong></span> <span class='ocrx_word' id='word_1_57' title='bbox 1153 949 1337 1010; x_wconf 89' lang='lat' dir='ltr'><strong>aperta</strong></span> <span class='ocrx_word' id='word_1_58' title='bbox 1360 947 1435 992; x_wconf 85' lang='lat' dir='ltr'><strong>est</strong></span> <span class='ocrx_word' id='word_1_59' title='bbox 1462 938 1556 992; x_wconf 84' lang='lat' dir='ltr'><strong>eis.</strong></span> <span class='ocrx_word' id='word_1_60' title='bbox 1593 935 1727 991; x_wconf 88' lang='lat' dir='ltr'><strong>Cum</strong></span> <span class='ocrx_word' id='word_1_61' title='bbox 1755 934 1946 990; x_wconf 86' lang='lat' dir='ltr'><strong>Petrus</strong></span> <span class='ocrx_word' id='word_1_62' title='bbox 1983 932 2171 1005; x_wconf 87' lang='lat' dir='ltr'><strong>angelo</strong></span> 
     </span>
    </p>
   </div>
   <div class='ocr_carea' id='block_1_11' title="bbox 583 1025 2167 1104">
    <p class='ocr_par' dir='ltr' id='par_1_11' title="bbox 583 1025 2167 1104">
     <span class='ocr_line' id='line_1_11' title="bbox 583 1025 2167 1104; baseline -0.005 -18"><span class='ocrx_word' id='word_1_63' title='bbox 583 1041 859 1104; x_wconf 80' lang='lat' dir='ltr'><strong>praeeunte</strong></span> <span class='ocrx_word' id='word_1_64' title='bbox 889 1030 956 1087; x_wconf 90' lang='lat' dir='ltr'><strong>ad</strong></span> <span class='ocrx_word' id='word_1_65' title='bbox 1005 1036 1214 1099; x_wconf 91' lang='lat' dir='ltr'><strong>portam</strong></span> <span class='ocrx_word' id='word_1_66' title='bbox 1243 1028 1410 1093; x_wconf 83' lang='lat' dir='ltr'><strong>venit,</strong></span> <span class='ocrx_word' id='word_1_67' title='bbox 1443 1037 1567 1081; x_wconf 90' lang='lat' dir='ltr'><strong>ante</strong></span> <span class='ocrx_word' id='word_1_68' title='bbox 1596 1026 1771 1097; x_wconf 91' lang='lat' dir='ltr'><strong>ipsum</strong></span> <span class='ocrx_word' id='word_1_69' title='bbox 1802 1032 1955 1094; x_wconf 89' lang='lat' dir='ltr'><strong>porta</strong></span> <span class='ocrx_word' id='word_1_70' title='bbox 1980 1025 2167 1079; x_wconf 91' lang='lat' dir='ltr'><strong>eadem</strong></span> 
     </span>
    </p>
   </div>
   <div class='ocr_carea' id='block_1_12' title="bbox 584 1114 2168 1193">
    <p class='ocr_par' dir='ltr' id='par_1_12' title="bbox 584 1114 2168 1193">
     <span class='ocr_line' id='line_1_12' title="bbox 584 1114 2168 1193; baseline -0.007 -16"><span class='ocrx_word' id='word_1_71' title='bbox 584 1140 643 1178; x_wconf 81' lang='lat' dir='ltr'><strong>se</strong></span> <span class='ocrx_word' id='word_1_72' title='bbox 671 1124 811 1177; x_wconf 85' lang='lat' dir='ltr'><strong>ultro</strong></span> <span class='ocrx_word' id='word_1_73' title='bbox 851 1121 1048 1193; x_wconf 88' lang='lat' dir='ltr'><strong>aperit;</strong></span> <span class='ocrx_word' id='word_1_74' title='bbox 1073 1121 1197 1191; x_wconf 91' lang='lat' dir='ltr'><strong>quia</strong></span> <span class='ocrx_word' id='word_1_75' title='bbox 1236 1134 1355 1173; x_wconf 92' lang='lat' dir='ltr'><strong>cum</strong></span> <span class='ocrx_word' id='word_1_76' title='bbox 1386 1131 1680 1173; x_wconf 89' lang='lat' dir='ltr'><strong>conversus</strong></span> <span class='ocrx_word' id='word_1_77' title='bbox 1709 1124 1964 1186; x_wconf 87' lang='lat' dir='ltr'><strong>peccator</strong></span> <span class='ocrx_word' id='word_1_78' title='bbox 2004 1114 2168 1169; x_wconf 85' lang='lat' dir='ltr'><strong>vesti-</strong></span> 
     </span>
    </p>
   </div>
   <div class='ocr_carea' id='block_1_13' title="bbox 583 1207 2163 1284">
    <p class='ocr_par' dir='ltr' id='par_1_13' title="bbox 583 1207 2163 1284">
     <span class='ocr_line' id='line_1_13' title="bbox 583 1207 2163 1284; baseline -0.006 -18"><span class='ocrx_word' id='word_1_79' title='bbox 583 1216 668 1284; x_wconf 88' lang='lat' dir='ltr'><strong>gia</strong></span> <span class='ocrx_word' id='word_1_80' title='bbox 700 1222 898 1267; x_wconf 72' lang='lat' dir='ltr'><strong>sanctm</strong></span> <span class='ocrx_word' id='word_1_81' title='bbox 926 1208 1322 1282; x_wconf 79' lang='lat' dir='ltr'><strong>praedicationis</strong></span> <span class='ocrx_word' id='word_1_82' title='bbox 1343 1224 1464 1263; x_wconf 91' lang='lat' dir='ltr'><strong>cum</strong></span> <span class='ocrx_word' id='word_1_83' title='bbox 1495 1207 1779 1261; x_wconf 87' lang='lat' dir='ltr'><strong>alacritate</strong></span> <span class='ocrx_word' id='word_1_84' title='bbox 1801 1207 2163 1275; x_wconf 88' lang='lat' dir='ltr'><strong>prosequitur,</strong></span> 
     </span>
    </p>
   </div>
   <div class='ocr_carea' id='block_1_14' title="bbox 581 1296 2160 1371">
    <p class='ocr_par' dir='ltr' id='par_1_14' title="bbox 581 1296 2160 1371">
     <span class='ocr_line' id='line_1_14' title="bbox 581 1296 2160 1371; baseline -0.006 -11"><span class='ocrx_word' id='word_1_85' title='bbox 581 1314 772 1361; x_wconf 86' lang='lat' dir='ltr'><strong>cuncta</strong></span> <span class='ocrx_word' id='word_1_86' title='bbox 797 1304 869 1358; x_wconf 93' lang='lat' dir='ltr'><strong>illi</strong></span> <span class='ocrx_word' id='word_1_87' title='bbox 901 1303 1036 1357; x_wconf 78' lang='lat' dir='ltr'><strong>fiunt</strong></span> <span class='ocrx_word' id='word_1_88' title='bbox 1056 1299 1230 1356; x_wconf 84' lang='lat' dir='ltr'><strong>facilia</strong></span> <span class='ocrx_word' id='word_1_89' title='bbox 1254 1315 1374 1371; x_wconf 78' lang='lat' dir='ltr'><strong>quae</strong></span> <span class='ocrx_word' id='word_1_90' title='bbox 1395 1299 1545 1370; x_wconf 88' lang='lat' dir='ltr'><strong>prius</strong></span> <span class='ocrx_word' id='word_1_91' title='bbox 1568 1296 1801 1352; x_wconf 78' lang='lat' dir='ltr'><strong>diliicilia</strong></span> <span class='ocrx_word' id='word_1_92' title='bbox 1822 1296 2160 1352; x_wconf 88' lang='lat' dir='ltr'><strong>videbantur.</strong></span> 
     </span>
    </p>
   </div>
   <div class='ocr_carea' id='block_1_15' title="bbox 582 1388 2160 1468">
    <p class='ocr_par' dir='ltr' id='par_1_15' title="bbox 582 1388 2160 1468">
     <span class='ocr_line' id='line_1_15' title="bbox 582 1388 2160 1468; baseline -0.006 -16"><span class='ocrx_word' id='word_1_93' title='bbox 582 1398 649 1454; x_wconf 83' lang='lat' dir='ltr'><strong>Et</strong></span> <span class='ocrx_word' id='word_1_94' title='bbox 699 1397 789 1468; x_wconf 91' lang='lat' dir='ltr'><strong>qui</strong></span> <span class='ocrx_word' id='word_1_95' title='bbox 843 1403 1022 1461; x_wconf 88' lang='lat' dir='ltr'><strong>antea,</strong></span> <span class='ocrx_word' id='word_1_96' title='bbox 1081 1401 1422 1465; x_wconf 85' lang='lat' dir='ltr'><strong>peccatorum</strong></span> <span class='ocrx_word' id='word_1_97' title='bbox 1477 1388 1836 1461; x_wconf 87' lang='lat' dir='ltr'><strong>grossitudine</strong></span> <span class='ocrx_word' id='word_1_98' title='bbox 1882 1388 2160 1453; x_wconf 89' lang='lat' dir='ltr'><strong>dilatatus,</strong></span> 
     </span>
    </p>
   </div>
   <div class='ocr_carea' id='block_1_16' title="bbox 580 1480 2160 1561">
    <p class='ocr_par' dir='ltr' id='par_1_16' title="bbox 580 1480 2160 1561">
     <span class='ocr_line' id='line_1_16' title="bbox 580 1480 2160 1561; baseline -0.006 -15"><span class='ocrx_word' id='word_1_99' title='bbox 580 1490 790 1547; x_wconf 88' lang='lat' dir='ltr'><strong>nonnisi</strong></span> <span class='ocrx_word' id='word_1_100' title='bbox 819 1504 915 1561; x_wconf 91' lang='lat' dir='ltr'><strong>per</strong></span> <span class='ocrx_word' id='word_1_101' title='bbox 937 1487 1113 1558; x_wconf 90' lang='lat' dir='ltr'><strong>ampla</strong></span> <span class='ocrx_word' id='word_1_102' title='bbox 1143 1485 1473 1555; x_wconf 87' lang='lat' dir='ltr'><strong>voluptatum</strong></span> <span class='ocrx_word' id='word_1_103' title='bbox 1498 1482 1747 1538; x_wconf 86' lang='lat' dir='ltr'><strong>incedere</strong></span> <span class='ocrx_word' id='word_1_104' title='bbox 1776 1480 1973 1551; x_wconf 92' lang='lat' dir='ltr'><strong>potuit,</strong></span> <span class='ocrx_word' id='word_1_105' title='bbox 1998 1498 2160 1546; x_wconf 89' lang='lat' dir='ltr'><strong>nunc,</strong></span> 
     </span>
    </p>
   </div>
   <div class='ocr_carea' id='block_1_17' title="bbox 576 1573 2161 1646">
    <p class='ocr_par' dir='ltr' id='par_1_17' title="bbox 576 1573 2161 1646">
     <span class='ocr_line' id='line_1_17' title="bbox 576 1573 2161 1646; baseline -0.004 -12"><span class='ocrx_word' id='word_1_106' title='bbox 576 1588 894 1634; x_wconf 75' lang='lat' dir='ltr'><strong>extenuatus</strong></span> <span class='ocrx_word' id='word_1_107' title='bbox 915 1577 1040 1632; x_wconf 88' lang='lat' dir='ltr'><strong>lima</strong></span> <span class='ocrx_word' id='word_1_108' title='bbox 1072 1574 1424 1646; x_wconf 71' lang='lat' dir='ltr'><strong>paenitentiae,</strong></span> <span class='ocrx_word' id='word_1_109' title='bbox 1448 1574 1715 1643; x_wconf 89' lang='lat' dir='ltr'><strong>quaslibet</strong></span> <span class='ocrx_word' id='word_1_110' title='bbox 1743 1573 2020 1644; x_wconf 84' lang='lat' dir='ltr'><strong>angustias</strong></span> <span class='ocrx_word' id='word_1_111' title='bbox 2046 1574 2161 1628; x_wconf 90' lang='lat' dir='ltr'><strong>sinc</strong></span> 
     </span>
    </p>
   </div>
   <div class='ocr_carea' id='block_1_18' title="bbox 577 1666 2160 1741">
    <p class='ocr_par' dir='ltr' id='par_1_18' title="bbox 577 1666 2160 1741">
     <span class='ocr_line' id='line_1_18' title="bbox 577 1666 2160 1741; baseline -0.006 -14"><span class='ocrx_word' id='word_1_112' title='bbox 577 1670 886 1727; x_wconf 83' lang='lat' dir='ltr'><strong>dillicnltate</strong></span> <span class='ocrx_word' id='word_1_113' title='bbox 912 1668 1226 1741; x_wconf 88' lang='lat' dir='ltr'><strong>pertransit.</strong></span> <span class='ocrx_word' id='word_1_114' title='bbox 1274 1666 1381 1722; x_wconf 87' lang='lat' dir='ltr'><strong>Sed</strong></span> <span class='ocrx_word' id='word_1_115' title='bbox 1411 1666 1755 1737; x_wconf 82' lang='lat' dir='ltr'><strong>quaerendum</strong></span> <span class='ocrx_word' id='word_1_116' title='bbox 1792 1666 1946 1721; x_wconf 87' lang='lat' dir='ltr'><strong>video</strong></span> <span class='ocrx_word' id='word_1_117' title='bbox 1969 1680 2066 1720; x_wconf 90' lang='lat' dir='ltr'><strong>cur</strong></span> <span class='ocrx_word' id='word_1_118' title='bbox 2089 1667 2160 1719; x_wconf 90' lang='lat' dir='ltr'><strong>sit</strong></span> 
     </span>
    </p>
   </div>
   <div class='ocr_carea' id='block_1_19' title="bbox 2283 481 3851 558">
    <p class='ocr_par' dir='ltr' id='par_1_19' title="bbox 2283 481 3851 558">
     <span class='ocr_line' id='line_1_19' title="bbox 2283 481 3851 558; baseline 0.006 -22"><span class='ocrx_word' id='word_1_119' title='bbox 2283 482 2430 537; x_wconf 88' lang='lat' dir='ltr'><strong>tatis.</strong></span> <span class='ocrx_word' id='word_1_120' title='bbox 2462 481 2581 535; x_wconf 69' lang='lat' dir='ltr'><strong>Jan:</strong></span> <span class='ocrx_word' id='word_1_121' title='bbox 2615 498 2758 538; x_wconf 91' lang='lat' dir='ltr'><strong>nunc</strong></span> <span class='ocrx_word' id='word_1_122' title='bbox 2789 497 2918 556; x_wconf 87' lang='lat' dir='ltr'><strong>ergo</strong></span> <span class='ocrx_word' id='word_1_123' title='bbox 2951 484 3333 557; x_wconf 87' lang='lat' dir='ltr'><strong>investigemus</strong></span> <span class='ocrx_word' id='word_1_124' title='bbox 3365 489 3637 558; x_wconf 86' lang='lat' dir='ltr'><strong>quomodo</strong></span> <span class='ocrx_word' id='word_1_125' title='bbox 3666 492 3851 556; x_wconf 70' lang='lat' dir='ltr'><strong>praedi-</strong></span> 
     </span>
    </p>
   </div>
   <div class='ocr_carea' id='block_1_20' title="bbox 2278 576 3851 648">
    <p class='ocr_par' dir='ltr' id='par_1_20' title="bbox 2278 576 3851 648">
     <span class='ocr_line' id='line_1_20' title="bbox 2278 576 3851 648; baseline 0.005 -22"><span class='ocrx_word' id='word_1_126' title='bbox 2278 579 2431 626; x_wconf 90' lang='lat' dir='ltr'><strong>cator</strong></span> <span class='ocrx_word' id='word_1_127' title='bbox 2464 586 2584 625; x_wconf 91' lang='lat' dir='ltr'><strong>cum</strong></span> <span class='ocrx_word' id='word_1_128' title='bbox 2633 587 2897 629; x_wconf 89' lang='lat' dir='ltr'><strong>converso</strong></span> <span class='ocrx_word' id='word_1_129' title='bbox 2943 586 3226 644; x_wconf 87' lang='lat' dir='ltr'><strong>peccatore</strong></span> <span class='ocrx_word' id='word_1_130' title='bbox 3272 576 3338 631; x_wconf 88' lang='lat' dir='ltr'><strong>ad</strong></span> <span class='ocrx_word' id='word_1_131' title='bbox 3380 588 3594 648; x_wconf 89' lang='lat' dir='ltr'><strong>portam</strong></span> <span class='ocrx_word' id='word_1_132' title='bbox 3630 579 3851 634; x_wconf 79' lang='lat' dir='ltr'><strong>terreant</strong></span> 
     </span>
    </p>
   </div>
   <div class='ocr_carea' id='block_1_21' title="bbox 2277 662 3854 741">
    <p class='ocr_par' dir='ltr' id='par_1_21' title="bbox 2277 662 3854 741">
     <span class='ocr_line' id='line_1_21' title="bbox 2277 662 3854 741; baseline 0.006 -25"><span class='ocrx_word' id='word_1_133' title='bbox 2277 662 2475 725; x_wconf 87' lang='lat' dir='ltr'><strong>veniat,</strong></span> <span class='ocrx_word' id='word_1_134' title='bbox 2506 671 2561 717; x_wconf 91' lang='lat' dir='ltr'><strong>et</strong></span> <span class='ocrx_word' id='word_1_135' title='bbox 2598 665 2868 732; x_wconf 91' lang='lat' dir='ltr'><strong>quomodo</strong></span> <span class='ocrx_word' id='word_1_136' title='bbox 2900 674 3108 735; x_wconf 89' lang='lat' dir='ltr'><strong>portam</strong></span> <span class='ocrx_word' id='word_1_137' title='bbox 3144 666 3301 721; x_wconf 90' lang='lat' dir='ltr'><strong>istam</strong></span> <span class='ocrx_word' id='word_1_138' title='bbox 3347 684 3469 723; x_wconf 90' lang='lat' dir='ltr'><strong>cum</strong></span> <span class='ocrx_word' id='word_1_139' title='bbox 3510 668 3701 724; x_wconf 84' lang='lat' dir='ltr'><strong>eodem</strong></span> <span class='ocrx_word' id='word_1_140' title='bbox 3740 686 3854 741; x_wconf 79' lang='lat' dir='ltr'><strong>per-</strong></span> 
     </span>
    </p>
   </div>
   <div class='ocr_carea' id='block_1_22' title="bbox 2275 752 3855 831">
    <p class='ocr_par' dir='ltr' id='par_1_22' title="bbox 2275 752 3855 831">
     <span class='ocr_line' id='line_1_22' title="bbox 2275 752 3855 831; baseline 0.004 -24"><span class='ocrx_word' id='word_1_141' title='bbox 2275 760 2538 807; x_wconf 85' lang='lat' dir='ltr'><strong>transeat.</strong></span> <span class='ocrx_word' id='word_1_142' title='bbox 2570 752 2863 809; x_wconf 79' lang='lat' dir='ltr'><strong>Videamus</strong></span> <span class='ocrx_word' id='word_1_143' title='bbox 2891 755 3137 827; x_wconf 83' lang='lat' dir='ltr'><strong>angelum</strong></span> <span class='ocrx_word' id='word_1_144' title='bbox 3172 773 3296 812; x_wconf 92' lang='lat' dir='ltr'><strong>cum</strong></span> <span class='ocrx_word' id='word_1_145' title='bbox 3324 757 3486 814; x_wconf 90' lang='lat' dir='ltr'><strong>Petro</strong></span> <span class='ocrx_word' id='word_1_146' title='bbox 3512 765 3613 815; x_wconf 85' lang='lat' dir='ltr'><strong>suo</strong></span> <span class='ocrx_word' id='word_1_147' title='bbox 3642 759 3712 815; x_wconf 89' lang='lat' dir='ltr'><strong>ad</strong></span> <span class='ocrx_word' id='word_1_148' title='bbox 3739 775 3855 831; x_wconf 82' lang='lat' dir='ltr'><strong>por-</strong></span> 
     </span>
    </p>
   </div>
   <div class='ocr_carea' id='block_1_23' title="bbox 2275 843 3853 919">
    <p class='ocr_par' dir='ltr' id='par_1_23' title="bbox 2275 843 3853 919">
     <span class='ocr_line' id='line_1_23' title="bbox 2275 843 3853 919; baseline 0.005 -22"><span class='ocrx_word' id='word_1_149' title='bbox 2275 852 2383 898; x_wconf 88' lang='lat' dir='ltr'><strong>tam</strong></span> <span class='ocrx_word' id='word_1_150' title='bbox 2437 843 2669 900; x_wconf 90' lang='lat' dir='ltr'><strong>ferream</strong></span> <span class='ocrx_word' id='word_1_151' title='bbox 2702 859 3104 916; x_wconf 86' lang='lat' dir='ltr'><strong>properantem.</strong></span> <span class='ocrx_word' id='word_1_152' title='bbox 3152 848 3220 903; x_wconf 88' lang='lat' dir='ltr'><strong>Et</strong></span> <span class='ocrx_word' id='word_1_153' title='bbox 3244 848 3366 919; x_wconf 86' lang='lat' dir='ltr'><strong>quis</strong></span> <span class='ocrx_word' id='word_1_154' title='bbox 3394 851 3576 906; x_wconf 87' lang='lat' dir='ltr'><strong>verius</strong></span> <span class='ocrx_word' id='word_1_155' title='bbox 3602 850 3853 906; x_wconf 81' lang='lat' dir='ltr'><strong>dicendus</strong></span> 
     </span>
    </p>
   </div>
   <div class='ocr_carea' id='block_1_24' title="bbox 2272 933 3851 1012">
    <p class='ocr_par' dir='ltr' id='par_1_24' title="bbox 2272 933 3851 1012">
     <span class='ocr_line' id='line_1_24' title="bbox 2272 933 3851 1012; baseline 0.004 -23"><span class='ocrx_word' id='word_1_156' title='bbox 2272 941 2354 990; x_wconf 87' lang='lat' dir='ltr'><strong>est</strong></span> <span class='ocrx_word' id='word_1_157' title='bbox 2382 933 2621 1006; x_wconf 83' lang='lat' dir='ltr'><strong>angelus,</strong></span> <span class='ocrx_word' id='word_1_158' title='bbox 2659 951 2823 1006; x_wconf 87' lang='lat' dir='ltr'><strong>quam</strong></span> <span class='ocrx_word' id='word_1_159' title='bbox 2873 937 2960 992; x_wconf 89' lang='lat' dir='ltr'><strong>ille</strong></span> <span class='ocrx_word' id='word_1_160' title='bbox 3001 938 3067 992; x_wconf 92' lang='lat' dir='ltr'><strong>de</strong></span> <span class='ocrx_word' id='word_1_161' title='bbox 3116 955 3224 1010; x_wconf 92' lang='lat' dir='ltr'><strong>quo</strong></span> <span class='ocrx_word' id='word_1_162' title='bbox 3274 941 3535 1012; x_wconf 90' lang='lat' dir='ltr'><strong>scriptum</strong></span> <span class='ocrx_word' id='word_1_163' title='bbox 3567 950 3651 997; x_wconf 88' lang='lat' dir='ltr'><strong>est</strong></span> <span class='ocrx_word' id='word_1_164' title='bbox 3681 960 3695 995; x_wconf 90' lang='lat'><strong>:</strong></span> <span class='ocrx_word' id='word_1_165' title='bbox 3725 940 3851 996; x_wconf 81' lang='lat' dir='ltr'><strong>Ecce</strong></span> 
     </span>
    </p>
   </div>
   <div class='ocr_carea' id='block_1_25' title="bbox 2269 1027 3848 1102">
    <p class='ocr_par' dir='ltr' id='par_1_25' title="bbox 2269 1027 3848 1102">
     <span class='ocr_line' id='line_1_25' title="bbox 2269 1027 3848 1102; baseline 0.004 -22"><span class='ocrx_word' id='word_1_166' title='bbox 2269 1042 2361 1097; x_wconf 85' lang='lat' dir='ltr'><strong>ego</strong></span> <span class='ocrx_word' id='word_1_167' title='bbox 2389 1028 2539 1081; x_wconf 81' lang='lat' dir='ltr'><strong>mitto</strong></span> <span class='ocrx_word' id='word_1_168' title='bbox 2566 1027 2805 1099; x_wconf 85' lang='lat' dir='ltr'><strong>angelum</strong></span> <span class='ocrx_word' id='word_1_169' title='bbox 2832 1044 3001 1082; x_wconf 88' lang='lat' dir='ltr'><strong>meum</strong></span> <span class='ocrx_word' id='word_1_170' title='bbox 3048 1039 3169 1083; x_wconf 84' lang='lat' dir='ltr'><strong>ante</strong></span> <span class='ocrx_word' id='word_1_171' title='bbox 3194 1038 3264 1099; x_wconf 86' lang='lat' dir='ltr'><strong>te,</strong></span> <span class='ocrx_word' id='word_1_172' title='bbox 3293 1040 3342 1084; x_wconf 87' lang='lat' dir='ltr'><strong>et</strong></span> <span class='ocrx_word' id='word_1_173' title='bbox 3370 1033 3690 1102; x_wconf 73' lang='lat' dir='ltr'><strong>praeparabit</strong></span> <span class='ocrx_word' id='word_1_174' title='bbox 3720 1034 3848 1087; x_wconf 80' lang='lat' dir='ltr'><strong>viam</strong></span> 
     </span>
    </p>
   </div>
   <div class='ocr_carea' id='block_1_26' title="bbox 2270 1119 3847 1195">
    <p class='ocr_par' dir='ltr' id='par_1_26' title="bbox 2270 1119 3847 1195">
     <span class='ocr_line' id='line_1_26' title="bbox 2270 1119 3847 1195; baseline 0.004 -24"><span class='ocrx_word' id='word_1_175' title='bbox 2270 1119 2457 1173; x_wconf 82' lang='lat' dir='ltr'><strong>tuam?</strong></span> <span class='ocrx_word' id='word_1_176' title='bbox 2480 1120 2570 1188; x_wconf 92' lang='lat' dir='ltr'><strong>qui</strong></span> <span class='ocrx_word' id='word_1_177' title='bbox 2599 1120 2853 1175; x_wconf 88' lang='lat' dir='ltr'><strong>nimirum</strong></span> <span class='ocrx_word' id='word_1_178' title='bbox 2886 1136 3009 1176; x_wconf 87' lang='lat' dir='ltr'><strong>ettm</strong></span> <span class='ocrx_word' id='word_1_179' title='bbox 3048 1122 3274 1189; x_wconf 90' lang='lat' dir='ltr'><strong>diceret,</strong></span> <span class='ocrx_word' id='word_1_180' title='bbox 3312 1121 3493 1179; x_wconf 79' lang='lat' dir='ltr'><strong>Facite</strong></span> <span class='ocrx_word' id='word_1_181' title='bbox 3535 1125 3744 1195; x_wconf 76' lang='lat' dir='ltr'><strong>fructus</strong></span> <span class='ocrx_word' id='word_1_182' title='bbox 3770 1126 3847 1178; x_wconf 60' lang='lat' dir='ltr'><strong>dio</strong></span> 
     </span>
    </p>
   </div>
   <div class='ocr_carea' id='block_1_27' title="bbox 2214 1211 3845 1283">
    <p class='ocr_par' dir='ltr' id='par_1_27' title="bbox 2214 1211 3845 1283">
     <span class='ocr_line' id='line_1_27' title="bbox 2214 1211 3845 1283; baseline 0.002 -21"><span class='ocrx_word' id='word_1_183' title='bbox 2214 1244 2222 1250; x_wconf 69' lang='lat'><strong><em>~</em></strong></span> <span class='ocrx_word' id='word_1_184' title='bbox 2267 1225 2394 1278; x_wconf 83' lang='lat' dir='ltr'><strong>gnos</strong></span> <span class='ocrx_word' id='word_1_185' title='bbox 2421 1211 2752 1281; x_wconf 64' lang='lat' dir='ltr'><strong>paenitentiae,</strong></span> <span class='ocrx_word' id='word_1_186' title='bbox 2781 1212 2908 1281; x_wconf 88' lang='lat' dir='ltr'><strong>quid</strong></span> <span class='ocrx_word' id='word_1_187' title='bbox 2932 1211 3073 1266; x_wconf 90' lang='lat' dir='ltr'><strong>aliud</strong></span> <span class='ocrx_word' id='word_1_188' title='bbox 3091 1213 3282 1283; x_wconf 79' lang='lat' dir='ltr'><strong>agebat</strong></span> <span class='ocrx_word' id='word_1_189' title='bbox 3303 1213 3405 1267; x_wconf 90' lang='lat' dir='ltr'><strong>nisi</strong></span> <span class='ocrx_word' id='word_1_190' title='bbox 3428 1211 3649 1268; x_wconf 87' lang='lat' dir='ltr'><strong>Petrum</strong></span> <span class='ocrx_word' id='word_1_191' title='bbox 3675 1229 3845 1277; x_wconf 87' lang='lat' dir='ltr'><strong>suum,</strong></span> 
     </span>
    </p>
   </div>
   <div class='ocr_carea' id='block_1_28' title="bbox 2267 1301 3851 1377">
    <p class='ocr_par' dir='ltr' id='par_1_28' title="bbox 2267 1301 3851 1377">
     <span class='ocr_line' id='line_1_28' title="bbox 2267 1301 3851 1377; baseline 0.004 -22"><span class='ocrx_word' id='word_1_192' title='bbox 2267 1301 2320 1356; x_wconf 91' lang='lat' dir='ltr'><strong>id</strong></span> <span class='ocrx_word' id='word_1_193' title='bbox 2348 1310 2431 1357; x_wconf 93' lang='lat' dir='ltr'><strong>est</strong></span> <span class='ocrx_word' id='word_1_194' title='bbox 2455 1317 2743 1360; x_wconf 90' lang='lat' dir='ltr'><strong>conversos</strong></span> <span class='ocrx_word' id='word_1_195' title='bbox 2763 1314 3102 1375; x_wconf 87' lang='lat' dir='ltr'><strong>peccatores,</strong></span> <span class='ocrx_word' id='word_1_196' title='bbox 3126 1306 3192 1360; x_wconf 91' lang='lat' dir='ltr'><strong>ad</strong></span> <span class='ocrx_word' id='word_1_197' title='bbox 3224 1314 3434 1377; x_wconf 89' lang='lat' dir='ltr'><strong>portam</strong></span> <span class='ocrx_word' id='word_1_198' title='bbox 3466 1305 3703 1361; x_wconf 81' lang='lat' dir='ltr'><strong>ferream</strong></span> <span class='ocrx_word' id='word_1_199' title='bbox 3734 1323 3851 1377; x_wconf 86' lang='lat' dir='ltr'><strong>pro-</strong></span> 
     </span>
    </p>
   </div>
   <div class='ocr_carea' id='block_1_29' title="bbox 2265 1393 3848 1467">
    <p class='ocr_par' dir='ltr' id='par_1_29' title="bbox 2265 1393 3848 1467">
     <span class='ocr_line' id='line_1_29' title="bbox 2265 1393 3848 1467; baseline 0.003 -22"><span class='ocrx_word' id='word_1_200' title='bbox 2265 1405 2455 1460; x_wconf 89' lang='lat' dir='ltr'><strong>perare</strong></span> <span class='ocrx_word' id='word_1_201' title='bbox 2479 1393 2767 1450; x_wconf 87' lang='lat' dir='ltr'><strong>monebat?</strong></span> <span class='ocrx_word' id='word_1_202' title='bbox 2795 1395 3088 1451; x_wconf 76' lang='lat' dir='ltr'><strong>Videamus</strong></span> <span class='ocrx_word' id='word_1_203' title='bbox 3112 1411 3255 1451; x_wconf 91' lang='lat' dir='ltr'><strong>nunc</strong></span> <span class='ocrx_word' id='word_1_204' title='bbox 3284 1397 3329 1450; x_wconf 90' lang='lat' dir='ltr'><strong>si</strong></span> <span class='ocrx_word' id='word_1_205' title='bbox 3359 1405 3413 1451; x_wconf 93' lang='lat' dir='ltr'><strong>et</strong></span> <span class='ocrx_word' id='word_1_206' title='bbox 3436 1395 3553 1466; x_wconf 83' lang='lat' dir='ltr'><strong>ipse</strong></span> <span class='ocrx_word' id='word_1_207' title='bbox 3579 1412 3681 1467; x_wconf 87' lang='lat' dir='ltr'><strong>per</strong></span> <span class='ocrx_word' id='word_1_208' title='bbox 3708 1412 3848 1453; x_wconf 86' lang='lat' dir='ltr'><strong>eam-</strong></span> 
     </span>
    </p>
   </div>
   <div class='ocr_carea' id='block_1_30' title="bbox 2264 1482 3848 1559">
    <p class='ocr_par' dir='ltr' id='par_1_30' title="bbox 2264 1482 3848 1559">
     <span class='ocr_line' id='line_1_30' title="bbox 2264 1482 3848 1559; baseline 0.004 -21"><span class='ocrx_word' id='word_1_209' title='bbox 2264 1482 2385 1539; x_wconf 90' lang='lat' dir='ltr'><strong>dem</strong></span> <span class='ocrx_word' id='word_1_210' title='bbox 2413 1493 2624 1555; x_wconf 90' lang='lat' dir='ltr'><strong>portam</strong></span> <span class='ocrx_word' id='word_1_211' title='bbox 2653 1487 2948 1543; x_wconf 90' lang='lat' dir='ltr'><strong>transierit.</strong></span> <span class='ocrx_word' id='word_1_212' title='bbox 2983 1487 3049 1543; x_wconf 89' lang='lat' dir='ltr'><strong>Et</strong></span> <span class='ocrx_word' id='word_1_213' title='bbox 3090 1489 3212 1559; x_wconf 89' lang='lat' dir='ltr'><strong>quis</strong></span> <span class='ocrx_word' id='word_1_214' title='bbox 3238 1489 3429 1545; x_wconf 90' lang='lat' dir='ltr'><strong>melius</strong></span> <span class='ocrx_word' id='word_1_215' title='bbox 3454 1489 3566 1556; x_wconf 90' lang='lat' dir='ltr'><strong>illo,</strong></span> <span class='ocrx_word' id='word_1_216' title='bbox 3600 1491 3711 1545; x_wconf 92' lang='lat' dir='ltr'><strong>imo</strong></span> <span class='ocrx_word' id='word_1_217' title='bbox 3733 1492 3848 1559; x_wconf 65' lang='lat' dir='ltr'><strong>qu7s</strong></span> 
     </span>
    </p>
   </div>
   <div class='ocr_carea' id='block_1_31' title="bbox 2263 1575 3847 1655">
    <p class='ocr_par' dir='ltr' id='par_1_31' title="bbox 2263 1575 3847 1655">
     <span class='ocr_line' id='line_1_31' title="bbox 2263 1575 3847 1655; baseline 0.003 -26"><span class='ocrx_word' id='word_1_218' title='bbox 2263 1575 2397 1631; x_wconf 89' lang='lat' dir='ltr'><strong>adeo</strong></span> <span class='ocrx_word' id='word_1_219' title='bbox 2433 1576 2574 1633; x_wconf 89' lang='lat' dir='ltr'><strong>sicut</strong></span> <span class='ocrx_word' id='word_1_220' title='bbox 2600 1576 2691 1632; x_wconf 90' lang='lat' dir='ltr'><strong>ille</strong></span> <span class='ocrx_word' id='word_1_221' title='bbox 2729 1578 2841 1648; x_wconf 89' lang='lat' dir='ltr'><strong>qui,</strong></span> <span class='ocrx_word' id='word_1_222' title='bbox 2873 1578 2925 1633; x_wconf 92' lang='lat' dir='ltr'><strong>in</strong></span> <span class='ocrx_word' id='word_1_223' title='bbox 2971 1578 3224 1635; x_wconf 88' lang='lat' dir='ltr'><strong>indicium</strong></span> <span class='ocrx_word' id='word_1_224' title='bbox 3252 1581 3584 1655; x_wconf 68' lang='lat' dir='ltr'><strong>poenitentiae</strong></span> <span class='ocrx_word' id='word_1_225' title='bbox 3625 1588 3685 1636; x_wconf 91' lang='lat' dir='ltr'><strong>et</strong></span> <span class='ocrx_word' id='word_1_226' title='bbox 3719 1580 3847 1634; x_wconf 84' lang='lat' dir='ltr'><strong>aﬂli-</strong></span> 
     </span>
    </p>
   </div>
   <div class='ocr_carea' id='block_1_32' title="bbox 2261 1668 3844 1742">
    <p class='ocr_par' dir='ltr' id='par_1_32' title="bbox 2261 1668 3844 1742">
     <span class='ocr_line' id='line_1_32' title="bbox 2261 1668 3844 1742; baseline 0.003 -19"><span class='ocrx_word' id='word_1_227' title='bbox 2261 1668 2478 1734; x_wconf 91' lang='lat' dir='ltr'><strong>ctionis,</strong></span> <span class='ocrx_word' id='word_1_228' title='bbox 2513 1669 2636 1740; x_wconf 92' lang='lat' dir='ltr'><strong>pilis</strong></span> <span class='ocrx_word' id='word_1_229' title='bbox 2675 1669 3004 1726; x_wconf 87' lang='lat' dir='ltr'><strong>camelorum</strong></span> <span class='ocrx_word' id='word_1_230' title='bbox 3045 1686 3243 1742; x_wconf 90' lang='lat' dir='ltr'><strong>corpus</strong></span> <span class='ocrx_word' id='word_1_231' title='bbox 3268 1686 3426 1726; x_wconf 90' lang='lat' dir='ltr'><strong>suum</strong></span> <span class='ocrx_word' id='word_1_232' title='bbox 3468 1670 3730 1726; x_wconf 73' lang='lat' dir='ltr'><strong>limabat-</strong></span> <span class='ocrx_word' id='word_1_233' title='bbox 3757 1673 3844 1742; x_wconf 89' lang='lat' dir='ltr'><strong>qui</strong></span> 
     </span>
    </p>
   </div>
   <div class='ocr_carea' id='block_1_33' title="bbox 575 1743 3842 1832">
    <p class='ocr_par' dir='ltr' id='par_1_33' title="bbox 575 1743 3842 1832">
     <span class='ocr_line' id='line_1_33' title="bbox 575 1743 3842 1832; baseline -0.001 -16"><span class='ocrx_word' id='word_1_234' title='bbox 575 1764 802 1831; x_wconf 88' lang='lat' dir='ltr'><strong>dictum,</strong></span> <span class='ocrx_word' id='word_1_235' title='bbox 833 1772 1013 1832; x_wconf 89' lang='lat' dir='ltr'><strong>aperta</strong></span> <span class='ocrx_word' id='word_1_236' title='bbox 1049 1771 1122 1815; x_wconf 85' lang='lat' dir='ltr'><strong>est</strong></span> <span class='ocrx_word' id='word_1_237' title='bbox 1171 1760 1266 1824; x_wconf 81' lang='lat' dir='ltr'><strong>eis,</strong></span> <span class='ocrx_word' id='word_1_238' title='bbox 1305 1766 1360 1814; x_wconf 91' lang='lat' dir='ltr'><strong>et</strong></span> <span class='ocrx_word' id='word_1_239' title='bbox 1388 1773 1494 1812; x_wconf 87' lang='lat' dir='ltr'><strong>non</strong></span> <span class='ocrx_word' id='word_1_240' title='bbox 1543 1757 1744 1826; x_wconf 89' lang='lat' dir='ltr'><strong>potius,</strong></span> <span class='ocrx_word' id='word_1_241' title='bbox 1773 1767 1952 1825; x_wconf 81' lang='lat' dir='ltr'><strong>aperta</strong></span> <span class='ocrx_word' id='word_1_242' title='bbox 1984 1768 2057 1812; x_wconf 86' lang='lat' dir='ltr'><strong>est</strong></span> <span class='ocrx_word' id='word_1_243' title='bbox 2086 1756 2151 1809; x_wconf 76' lang='lat' dir='ltr'><strong>ei.</strong></span> <span class='ocrx_word' id='word_1_244' title='bbox 2191 1743 2230 1800; x_wconf 76' lang='grc' dir='ltr'><strong>Β</strong></span> <span class='ocrx_word' id='word_1_245' title='bbox 2262 1757 2313 1811; x_wconf 92' lang='lat' dir='ltr'><strong>in</strong></span> <span class='ocrx_word' id='word_1_246' title='bbox 2346 1757 2557 1828; x_wconf 89' lang='lat' dir='ltr'><strong>signum</strong></span> <span class='ocrx_word' id='word_1_247' title='bbox 2584 1757 2973 1814; x_wconf 80' lang='lat' dir='ltr'><strong>mortificandae</strong></span> <span class='ocrx_word' id='word_1_248' title='bbox 2996 1759 3292 1830; x_wconf 86' lang='lat' dir='ltr'><strong>voluptatis</strong></span> <span class='ocrx_word' id='word_1_249' title='bbox 3344 1775 3535 1816; x_wconf 85' lang='lat' dir='ltr'><strong>zonam</strong></span> <span class='ocrx_word' id='word_1_250' title='bbox 3564 1760 3842 1830; x_wconf 79' lang='lat' dir='ltr'><strong>pelliceani</strong></span> 
     </span>
    </p>
   </div>
   <div class='ocr_carea' id='block_1_34' title="bbox 573 1846 2160 1927">
    <p class='ocr_par' dir='ltr' id='par_1_34' title="bbox 573 1846 2160 1927">
     <span class='ocr_line' id='line_1_34' title="bbox 573 1846 2160 1927; baseline -0.005 -17"><span class='ocrx_word' id='word_1_251' title='bbox 573 1855 730 1912; x_wconf 82' lang='lat' dir='ltr'><strong>Certe</strong></span> <span class='ocrx_word' id='word_1_252' title='bbox 755 1853 973 1927; x_wconf 81' lang='lat' dir='ltr'><strong>angelus</strong></span> <span class='ocrx_word' id='word_1_253' title='bbox 1017 1852 1106 1923; x_wconf 92' lang='lat' dir='ltr'><strong>qui</strong></span> <span class='ocrx_word' id='word_1_254' title='bbox 1135 1850 1353 1906; x_wconf 89' lang='lat' dir='ltr'><strong>Petrum</strong></span> <span class='ocrx_word' id='word_1_255' title='bbox 1379 1848 1627 1914; x_wconf 89' lang='lat' dir='ltr'><strong>ducebat,</strong></span> <span class='ocrx_word' id='word_1_256' title='bbox 1659 1846 1881 1919; x_wconf 84' lang='lat' dir='ltr'><strong>spiritus</strong></span> <span class='ocrx_word' id='word_1_257' title='bbox 1924 1856 2058 1913; x_wconf 93' lang='lat' dir='ltr'><strong>erat,</strong></span> <span class='ocrx_word' id='word_1_258' title='bbox 2104 1857 2160 1902; x_wconf 89' lang='lat' dir='ltr'><strong>et</strong></span> 
     </span>
    </p>
   </div>
   <div class='ocr_carea' id='block_1_35' title="bbox 573 1938 2157 2015">
    <p class='ocr_par' dir='ltr' id='par_1_35' title="bbox 573 1938 2157 2015">
     <span class='ocr_line' id='line_1_35' title="bbox 573 1938 2157 2015; baseline -0.003 -16"><span class='ocrx_word' id='word_1_259' title='bbox 573 1945 819 2015; x_wconf 89' lang='lat' dir='ltr'><strong>proinde,</strong></span> <span class='ocrx_word' id='word_1_260' title='bbox 846 1944 1006 1998; x_wconf 89' lang='lat' dir='ltr'><strong>etiam</strong></span> <span class='ocrx_word' id='word_1_261' title='bbox 1037 1957 1142 1997; x_wconf 92' lang='lat' dir='ltr'><strong>non</strong></span> <span class='ocrx_word' id='word_1_262' title='bbox 1170 1948 1354 2011; x_wconf 89' lang='lat' dir='ltr'><strong>aperta</strong></span> <span class='ocrx_word' id='word_1_263' title='bbox 1383 1948 1534 2010; x_wconf 89' lang='lat' dir='ltr'><strong>porta</strong></span> <span class='ocrx_word' id='word_1_264' title='bbox 1576 1938 1788 2003; x_wconf 91' lang='lat' dir='ltr'><strong>eadem,</strong></span> <span class='ocrx_word' id='word_1_265' title='bbox 1825 1952 1922 2008; x_wconf 91' lang='lat' dir='ltr'><strong>per</strong></span> <span class='ocrx_word' id='word_1_266' title='bbox 1949 1939 2157 1994; x_wconf 88' lang='lat' dir='ltr'><strong>subtili-</strong></span> 
     </span>
    </p>
   </div>
   <div class='ocr_carea' id='block_1_36' title="bbox 574 2027 2155 2104">
    <p class='ocr_par' dir='ltr' id='par_1_36' title="bbox 574 2027 2155 2104">
     <span class='ocr_line' id='line_1_36' title="bbox 574 2027 2155 2104; baseline -0.003 -18"><span class='ocrx_word' id='word_1_267' title='bbox 574 2043 736 2088; x_wconf 89' lang='lat' dir='ltr'><strong>tatem</strong></span> <span class='ocrx_word' id='word_1_268' title='bbox 767 2031 1065 2104; x_wconf 87' lang='lat' dir='ltr'><strong>spiritualis</strong></span> <span class='ocrx_word' id='word_1_269' title='bbox 1097 2039 1304 2086; x_wconf 84' lang='lat' dir='ltr'><strong>naturae</strong></span> <span class='ocrx_word' id='word_1_270' title='bbox 1355 2029 1585 2085; x_wconf 88' lang='lat' dir='ltr'><strong>transire</strong></span> <span class='ocrx_word' id='word_1_271' title='bbox 1609 2037 1838 2099; x_wconf 85' lang='lat' dir='ltr'><strong>poterat.</strong></span> <span class='ocrx_word' id='word_1_272' title='bbox 1871 2027 2002 2083; x_wconf 86' lang='lat' dir='ltr'><strong>Nam</strong></span> <span class='ocrx_word' id='word_1_273' title='bbox 2033 2043 2155 2084; x_wconf 90' lang='lat' dir='ltr'><strong>car-</strong></span> 
     </span>
    </p>
   </div>
   <div class='ocr_carea' id='block_1_37' title="bbox 572 2118 2150 2194">
    <p class='ocr_par' dir='ltr' id='par_1_37' title="bbox 572 2118 2150 2194">
     <span class='ocr_line' id='line_1_37' title="bbox 572 2118 2150 2194; baseline -0.005 -16"><span class='ocrx_word' id='word_1_274' title='bbox 572 2138 664 2178; x_wconf 90' lang='lat' dir='ltr'><strong>cer</strong></span> <span class='ocrx_word' id='word_1_275' title='bbox 693 2137 906 2194; x_wconf 91' lang='lat' dir='ltr'><strong>quoque</strong></span> <span class='ocrx_word' id='word_1_276' title='bbox 949 2121 1014 2176; x_wconf 90' lang='lat' dir='ltr'><strong>de</strong></span> <span class='ocrx_word' id='word_1_277' title='bbox 1053 2136 1159 2190; x_wconf 91' lang='lat' dir='ltr'><strong>quo</strong></span> <span class='ocrx_word' id='word_1_278' title='bbox 1187 2119 1407 2175; x_wconf 85' lang='lat' dir='ltr'><strong>Petrum</strong></span> <span class='ocrx_word' id='word_1_279' title='bbox 1454 2119 1714 2184; x_wconf 83' lang='lat' dir='ltr'><strong>extraxit,</strong></span> <span class='ocrx_word' id='word_1_280' title='bbox 1751 2118 1967 2173; x_wconf 88' lang='lat' dir='ltr'><strong>clausus</strong></span> <span class='ocrx_word' id='word_1_281' title='bbox 1995 2127 2150 2184; x_wconf 90' lang='lat' dir='ltr'><strong>erat;</strong></span> 
     </span>
    </p>
   </div>
   <div class='ocr_carea' id='block_1_38' title="bbox 570 2208 2153 2285">
    <p class='ocr_par' dir='ltr' id='par_1_38' title="bbox 570 2208 2153 2285">
     <span class='ocr_line' id='line_1_38' title="bbox 570 2208 2153 2285; baseline -0.004 -16"><span class='ocrx_word' id='word_1_282' title='bbox 570 2215 623 2269; x_wconf 90' lang='lat' dir='ltr'><strong>in</strong></span> <span class='ocrx_word' id='word_1_283' title='bbox 673 2231 830 2285; x_wconf 86' lang='lat' dir='ltr'><strong>quem</strong></span> <span class='ocrx_word' id='word_1_284' title='bbox 884 2221 1060 2269; x_wconf 90' lang='lat' dir='ltr'><strong>tamen</strong></span> <span class='ocrx_word' id='word_1_285' title='bbox 1111 2228 1233 2268; x_wconf 91' lang='lat' dir='ltr'><strong>cum</strong></span> <span class='ocrx_word' id='word_1_286' title='bbox 1280 2212 1560 2274; x_wconf 88' lang='lat' dir='ltr'><strong>intrasset,</strong></span> <span class='ocrx_word' id='word_1_287' title='bbox 1594 2226 1699 2265; x_wconf 92' lang='lat' dir='ltr'><strong>non</strong></span> <span class='ocrx_word' id='word_1_288' title='bbox 1746 2209 1944 2280; x_wconf 85' lang='lat' dir='ltr'><strong>legitur</strong></span> <span class='ocrx_word' id='word_1_289' title='bbox 1974 2208 2153 2280; x_wconf 88' lang='lat' dir='ltr'><strong>aliqua</strong></span> 
     </span>
    </p>
   </div>
   <div class='ocr_carea' id='block_1_39' title="bbox 560 2301 2155 2377">
    <p class='ocr_par' dir='ltr' id='par_1_39' title="bbox 560 2301 2155 2377">
     <span class='ocr_line' id='line_1_39' title="bbox 560 2301 2155 2377; baseline -0.003 -17"><span class='ocrx_word' id='word_1_290' title='bbox 560 2305 722 2375; x_wconf 89' lang='lat' dir='ltr'><strong>jauna</strong></span> <span class='ocrx_word' id='word_1_291' title='bbox 755 2303 1038 2377; x_wconf 85' lang='lat' dir='ltr'><strong>patefacta.</strong></span> <span class='ocrx_word' id='word_1_292' title='bbox 1071 2305 1175 2358; x_wconf 82' lang='lat' dir='ltr'><strong>Sed</strong></span> <span class='ocrx_word' id='word_1_293' title='bbox 1205 2304 1293 2359; x_wconf 77' lang='lat' dir='ltr'><strong>liic</strong></span> <span class='ocrx_word' id='word_1_294' title='bbox 1323 2303 1462 2359; x_wconf 84' lang='lat' dir='ltr'><strong>forte</strong></span> <span class='ocrx_word' id='word_1_295' title='bbox 1490 2302 1780 2374; x_wconf 90' lang='lat' dir='ltr'><strong>opponitur</strong></span> <span class='ocrx_word' id='word_1_296' title='bbox 1799 2302 1921 2373; x_wconf 90' lang='lat' dir='ltr'><strong>quia</strong></span> <span class='ocrx_word' id='word_1_297' title='bbox 1948 2301 2155 2357; x_wconf 88' lang='lat' dir='ltr'><strong>scilicet</strong></span> 
     </span>
    </p>
   </div>
   <div class='ocr_carea' id='block_1_40' title="bbox 565 2393 2150 2471">
    <p class='ocr_par' dir='ltr' id='par_1_40' title="bbox 565 2393 2150 2471">
     <span class='ocr_line' id='line_1_40' title="bbox 565 2393 2150 2471; baseline -0.004 -17"><span class='ocrx_word' id='word_1_298' title='bbox 565 2416 671 2455; x_wconf 88' lang='lat' dir='ltr'><strong>non</strong></span> <span class='ocrx_word' id='word_1_299' title='bbox 717 2399 912 2471; x_wconf 83' lang='lat' dir='ltr'><strong>legitur</strong></span> <span class='ocrx_word' id='word_1_300' title='bbox 958 2398 1153 2468; x_wconf 84' lang='lat' dir='ltr'><strong>aliquis</strong></span> <span class='ocrx_word' id='word_1_301' title='bbox 1183 2397 1361 2452; x_wconf 87' lang='lat' dir='ltr'><strong>aditus</strong></span> <span class='ocrx_word' id='word_1_302' title='bbox 1387 2396 1690 2466; x_wconf 84' lang='lat' dir='ltr'><strong>patefactus</strong></span> <span class='ocrx_word' id='word_1_303' title='bbox 1737 2409 1859 2449; x_wconf 89' lang='lat' dir='ltr'><strong>cum</strong></span> <span class='ocrx_word' id='word_1_304' title='bbox 1914 2393 1982 2448; x_wconf 92' lang='lat' dir='ltr'><strong>ad</strong></span> <span class='ocrx_word' id='word_1_305' title='bbox 2027 2408 2150 2448; x_wconf 90' lang='lat' dir='ltr'><strong>eum</strong></span> 
     </span>
    </p>
   </div>
   <div class='ocr_carea' id='block_1_41' title="bbox 566 2484 2146 2561">
    <p class='ocr_par' dir='ltr' id='par_1_41' title="bbox 566 2484 2146 2561">
     <span class='ocr_line' id='line_1_41' title="bbox 566 2484 2146 2561; baseline -0.005 -16"><span class='ocrx_word' id='word_1_306' title='bbox 566 2492 806 2560; x_wconf 87' lang='lat' dir='ltr'><strong>intravit,</strong></span> <span class='ocrx_word' id='word_1_307' title='bbox 835 2493 907 2545; x_wconf 91' lang='lat' dir='ltr'><strong>ita</strong></span> <span class='ocrx_word' id='word_1_308' title='bbox 934 2506 1031 2545; x_wconf 90' lang='lat' dir='ltr'><strong>nec</strong></span> <span class='ocrx_word' id='word_1_309' title='bbox 1058 2499 1183 2543; x_wconf 90' lang='lat' dir='ltr'><strong>tunc</strong></span> <span class='ocrx_word' id='word_1_310' title='bbox 1211 2488 1424 2559; x_wconf 83' lang='lat' dir='ltr'><strong>quidem</strong></span> <span class='ocrx_word' id='word_1_311' title='bbox 1453 2486 1576 2544; x_wconf 88' lang='lat' dir='ltr'><strong>dum</strong></span> <span class='ocrx_word' id='word_1_312' title='bbox 1602 2500 1732 2561; x_wconf 86' lang='lat' dir='ltr'><strong>cum_</strong></span> <span class='ocrx_word' id='word_1_313' title='bbox 1749 2485 1937 2540; x_wconf 91' lang='lat' dir='ltr'><strong>eodem</strong></span> <span class='ocrx_word' id='word_1_314' title='bbox 1955 2484 2146 2550; x_wconf 76' lang='lat' dir='ltr'><strong>exivit;</strong></span> 
     </span>
    </p>
   </div>
   <div class='ocr_carea' id='block_1_42' title="bbox 565 2575 2151 2654">
    <p class='ocr_par' dir='ltr' id='par_1_42' title="bbox 565 2575 2151 2654">
     <span class='ocr_line' id='line_1_42' title="bbox 565 2575 2151 2654; baseline -0.006 -16"><span class='ocrx_word' id='word_1_315' title='bbox 565 2599 629 2639; x_wconf 87' lang='lat' dir='ltr'><strong>ac</strong></span> <span class='ocrx_word' id='word_1_316' title='bbox 667 2583 892 2654; x_wconf 80' lang='lat' dir='ltr'><strong>proinde</strong></span> <span class='ocrx_word' id='word_1_317' title='bbox 940 2583 1109 2638; x_wconf 78' lang='lat' dir='ltr'><strong>videri</strong></span> <span class='ocrx_word' id='word_1_318' title='bbox 1142 2581 1339 2637; x_wconf 88' lang='lat' dir='ltr'><strong>debere</strong></span> <span class='ocrx_word' id='word_1_319' title='bbox 1387 2578 1529 2648; x_wconf 88' lang='lat' dir='ltr'><strong>quod</strong></span> <span class='ocrx_word' id='word_1_320' title='bbox 1570 2575 1717 2632; x_wconf 90' lang='lat' dir='ltr'><strong>illum</strong></span> <span class='ocrx_word' id='word_1_321' title='bbox 1759 2590 1863 2630; x_wconf 92' lang='lat' dir='ltr'><strong>non</strong></span> <span class='ocrx_word' id='word_1_322' title='bbox 1908 2585 2151 2631; x_wconf 84' lang='lat' dir='ltr'><strong>reserato</strong></span> 
     </span>
    </p>
   </div>
   <div class='ocr_carea' id='block_1_43' title="bbox 565 2665 2148 2740">
    <p class='ocr_par' dir='ltr' id='par_1_43' title="bbox 565 2665 2148 2740">
     <span class='ocr_line' id='line_1_43' title="bbox 565 2665 2148 2740; baseline -0.006 -11"><span class='ocrx_word' id='word_1_323' title='bbox 565 2676 712 2730; x_wconf 88' lang='lat' dir='ltr'><strong>aditu</strong></span> <span class='ocrx_word' id='word_1_324' title='bbox 741 2675 1005 2731; x_wconf 77' lang='lat' dir='ltr'><strong>eduxerit.</strong></span> <span class='ocrx_word' id='word_1_325' title='bbox 1037 2672 1143 2728; x_wconf 84' lang='lat' dir='ltr'><strong>Sed</strong></span> <span class='ocrx_word' id='word_1_326' title='bbox 1171 2673 1286 2726; x_wconf 75' lang='lat' dir='ltr'><strong>haec</strong></span> <span class='ocrx_word' id='word_1_327' title='bbox 1313 2669 1496 2740; x_wconf 89' lang='lat' dir='ltr'><strong>opinio</strong></span> <span class='ocrx_word' id='word_1_328' title='bbox 1538 2682 1645 2723; x_wconf 92' lang='lat' dir='ltr'><strong>non</strong></span> <span class='ocrx_word' id='word_1_329' title='bbox 1677 2666 1808 2720; x_wconf 85' lang='lat' dir='ltr'><strong>mihi</strong></span> <span class='ocrx_word' id='word_1_330' title='bbox 1839 2665 2148 2736; x_wconf 86' lang='lat' dir='ltr'><strong>recipienda</strong></span> 
     </span>
    </p>
   </div>
   <div class='ocr_carea' id='block_1_44' title="bbox 562 2757 2148 2835">
    <p class='ocr_par' dir='ltr' id='par_1_44' title="bbox 562 2757 2148 2835">
     <span class='ocr_line' id='line_1_44' title="bbox 562 2757 2148 2835; baseline -0.006 -15"><span class='ocrx_word' id='word_1_331' title='bbox 562 2769 793 2832; x_wconf 87' lang='lat' dir='ltr'><strong>videtur,</strong></span> <span class='ocrx_word' id='word_1_332' title='bbox 836 2767 938 2822; x_wconf 91' lang='lat' dir='ltr'><strong>nisi</strong></span> <span class='ocrx_word' id='word_1_333' title='bbox 972 2765 1150 2835; x_wconf 89' lang='lat' dir='ltr'><strong>aliquo</strong></span> <span class='ocrx_word' id='word_1_334' title='bbox 1198 2763 1472 2818; x_wconf 80' lang='lat' dir='ltr'><strong>canonicae</strong></span> <span class='ocrx_word' id='word_1_335' title='bbox 1508 2758 1800 2829; x_wconf 83' lang='lat' dir='ltr'><strong>Scripturac</strong></span> <span class='ocrx_word' id='word_1_336' title='bbox 1842 2757 2148 2814; x_wconf 88' lang='lat' dir='ltr'><strong>testimonio</strong></span> 
     </span>
    </p>
   </div>
   <div class='ocr_carea' id='block_1_45' title="bbox 561 2848 2140 2921">
    <p class='ocr_par' dir='ltr' id='par_1_45' title="bbox 561 2848 2140 2921">
     <span class='ocr_line' id='line_1_45' title="bbox 561 2848 2140 2921; baseline -0.008 -7"><span class='ocrx_word' id='word_1_337' title='bbox 561 2857 938 2921; x_wconf 76' lang='lat' dir='ltr'><strong>confirmetur;</strong></span> <span class='ocrx_word' id='word_1_338' title='bbox 971 2854 1286 2911; x_wconf 82' lang='lat' dir='ltr'><strong>canonicam</strong></span> <span class='ocrx_word' id='word_1_339' title='bbox 1314 2862 1492 2906; x_wconf 89' lang='lat' dir='ltr'><strong>autem</strong></span> <span class='ocrx_word' id='word_1_340' title='bbox 1523 2848 1861 2920; x_wconf 90' lang='lat' dir='ltr'><strong>Scripturam</strong></span> <span class='ocrx_word' id='word_1_341' title='bbox 1890 2863 2029 2903; x_wconf 91' lang='lat' dir='ltr'><strong>nunc</strong></span> <span class='ocrx_word' id='word_1_342' title='bbox 2054 2863 2140 2917; x_wconf 90' lang='lat' dir='ltr'><strong>ap-</strong></span> 
     </span>
    </p>
   </div>
   <div class='ocr_carea' id='block_1_46' title="bbox 559 2939 2143 3021">
    <p class='ocr_par' dir='ltr' id='par_1_46' title="bbox 559 2939 2143 3021">
     <span class='ocr_line' id='line_1_46' title="bbox 559 2939 2143 3021; baseline -0.007 -14"><span class='ocrx_word' id='word_1_343' title='bbox 559 2950 698 3021; x_wconf 92' lang='lat' dir='ltr'><strong>pello</strong></span> <span class='ocrx_word' id='word_1_344' title='bbox 736 2965 855 3005; x_wconf 89' lang='lat' dir='ltr'><strong>eam</strong></span> <span class='ocrx_word' id='word_1_345' title='bbox 895 2964 1015 3020; x_wconf 85' lang='lat' dir='ltr'><strong>quae</strong></span> <span class='ocrx_word' id='word_1_346' title='bbox 1051 2949 1103 3002; x_wconf 93' lang='lat' dir='ltr'><strong>in</strong></span> <span class='ocrx_word' id='word_1_347' title='bbox 1151 2960 1355 3002; x_wconf 89' lang='lat' dir='ltr'><strong>canone</strong></span> <span class='ocrx_word' id='word_1_348' title='bbox 1403 2942 1900 3000; x_wconf 50' lang='lat' dir='ltr'><strong>librornm‘Veteris</strong></span> <span class='ocrx_word' id='word_1_349' title='bbox 1931 2950 1985 2997; x_wconf 90' lang='lat' dir='ltr'><strong>et</strong></span> <span class='ocrx_word' id='word_1_350' title='bbox 2010 2939 2143 2996; x_wconf 82' lang='lat' dir='ltr'><strong>Novi</strong></span> 
     </span>
    </p>
   </div>
   <div class='ocr_carea' id='block_1_47' title="bbox 2260 1848 3849 1927">
    <p class='ocr_par' dir='ltr' id='par_1_47' title="bbox 2260 1848 3849 1927">
     <span class='ocr_line' id='line_1_47' title="bbox 2260 1848 3849 1927; baseline 0.005 -25"><span class='ocrx_word' id='word_1_351' title='bbox 2260 1848 2402 1903; x_wconf 89' lang='lat' dir='ltr'><strong>circa</strong></span> <span class='ocrx_word' id='word_1_352' title='bbox 2440 1849 2650 1907; x_wconf 90' lang='lat' dir='ltr'><strong>lumbos</strong></span> <span class='ocrx_word' id='word_1_353' title='bbox 2689 1850 2961 1919; x_wconf 88' lang='lat' dir='ltr'><strong>habebat;</strong></span> <span class='ocrx_word' id='word_1_354' title='bbox 2991 1853 3105 1924; x_wconf 90' lang='lat' dir='ltr'><strong>qui,</strong></span> <span class='ocrx_word' id='word_1_355' title='bbox 3135 1854 3189 1908; x_wconf 92' lang='lat' dir='ltr'><strong>in</strong></span> <span class='ocrx_word' id='word_1_356' title='bbox 3230 1854 3615 1910; x_wconf 86' lang='lat' dir='ltr'><strong>documentum</strong></span> <span class='ocrx_word' id='word_1_357' title='bbox 3663 1850 3849 1927; x_wconf 45' lang='lat' dir='ltr'><strong>singuo&#39;</strong></span> 
     </span>
    </p>
   </div>
   <div class='ocr_carea' id='block_1_48' title="bbox 2259 1938 3839 2016">
    <p class='ocr_par' dir='ltr' id='par_1_48' title="bbox 2259 1938 3839 2016">
     <span class='ocr_line' id='line_1_48' title="bbox 2259 1938 3839 2016; baseline 0.005 -23"><span class='ocrx_word' id='word_1_358' title='bbox 2259 1938 2387 1995; x_wconf 90' lang='lat' dir='ltr'><strong>laris</strong></span> <span class='ocrx_word' id='word_1_359' title='bbox 2421 1939 2786 2009; x_wconf 66' lang='lat' dir='ltr'><strong>abstinentiae,</strong></span> <span class='ocrx_word' id='word_1_360' title='bbox 2817 1959 2958 2015; x_wconf 88' lang='lat' dir='ltr'><strong>pane</strong></span> <span class='ocrx_word' id='word_1_361' title='bbox 2995 1952 3320 2016; x_wconf 88' lang='lat' dir='ltr'><strong>contempto,</strong></span> <span class='ocrx_word' id='word_1_362' title='bbox 3358 1945 3598 2002; x_wconf 90' lang='lat' dir='ltr'><strong>locustas</strong></span> <span class='ocrx_word' id='word_1_363' title='bbox 3638 1956 3691 2002; x_wconf 90' lang='lat' dir='ltr'><strong>et</strong></span> <span class='ocrx_word' id='word_1_364' title='bbox 3739 1948 3839 2003; x_wconf 90' lang='lat' dir='ltr'><strong>mel</strong></span> 
     </span>
    </p>
   </div>
   <div class='ocr_carea' id='block_1_49' title="bbox 2258 2028 3839 2107">
    <p class='ocr_par' dir='ltr' id='par_1_49' title="bbox 2258 2028 3839 2107">
     <span class='ocr_line' id='line_1_49' title="bbox 2258 2028 3839 2107; baseline 0.006 -23"><span class='ocrx_word' id='word_1_365' title='bbox 2258 2028 2505 2087; x_wconf 85' lang='lat' dir='ltr'><strong>silvestre</strong></span> <span class='ocrx_word' id='word_1_366' title='bbox 2534 2032 2763 2096; x_wconf 85' lang='lat' dir='ltr'><strong>edebat;</strong></span> <span class='ocrx_word' id='word_1_367' title='bbox 2795 2034 2909 2104; x_wconf 90' lang='lat' dir='ltr'><strong>qui,</strong></span> <span class='ocrx_word' id='word_1_368' title='bbox 2953 2035 3005 2089; x_wconf 92' lang='lat' dir='ltr'><strong>in</strong></span> <span class='ocrx_word' id='word_1_369' title='bbox 3038 2036 3344 2107; x_wconf 80' lang='lat' dir='ltr'><strong>exemplum</strong></span> <span class='ocrx_word' id='word_1_370' title='bbox 3371 2048 3595 2094; x_wconf 86' lang='lat' dir='ltr'><strong>remotae</strong></span> <span class='ocrx_word' id='word_1_371' title='bbox 3622 2054 3839 2095; x_wconf 85' lang='lat' dir='ltr'><strong>conver-</strong></span> 
     </span>
    </p>
   </div>
   <div class='ocr_carea' id='block_1_50' title="bbox 2257 2123 3838 2189">
    <p class='ocr_par' dir='ltr' id='par_1_50' title="bbox 2257 2123 3838 2189">
     <span class='ocr_line' id='line_1_50' title="bbox 2257 2123 3838 2189; baseline 0.006 -13"><span class='ocrx_word' id='word_1_372' title='bbox 2257 2123 2502 2189; x_wconf 88' lang='lat' dir='ltr'><strong>sationis,</strong></span> <span class='ocrx_word' id='word_1_373' title='bbox 2530 2123 2582 2179; x_wconf 90' lang='lat' dir='ltr'><strong>in</strong></span> <span class='ocrx_word' id='word_1_374' title='bbox 2619 2139 2803 2181; x_wconf 90' lang='lat' dir='ltr'><strong>eremo</strong></span> <span class='ocrx_word' id='word_1_375' title='bbox 2825 2126 3192 2181; x_wconf 88' lang='lat' dir='ltr'><strong>consistebat?</strong></span> <span class='ocrx_word' id='word_1_376' title='bbox 3221 2128 3511 2184; x_wconf 79' lang='lat' dir='ltr'><strong>Videamus</strong></span> <span class='ocrx_word' id='word_1_377' title='bbox 3552 2130 3716 2184; x_wconf 89' lang='lat' dir='ltr'><strong>alium</strong></span> <span class='ocrx_word' id='word_1_378' title='bbox 3741 2147 3838 2185; x_wconf 84' lang='lat' dir='ltr'><strong>an-</strong></span> 
     </span>
    </p>
   </div>
   <div class='ocr_carea' id='block_1_51' title="bbox 2255 2214 3838 2292">
    <p class='ocr_par' dir='ltr' id='par_1_51' title="bbox 2255 2214 3838 2292">
     <span class='ocr_line' id='line_1_51' title="bbox 2255 2214 3838 2292; baseline 0.004 -23"><span class='ocrx_word' id='word_1_379' title='bbox 2255 2214 2431 2288; x_wconf 89' lang='lat' dir='ltr'><strong>gelum</strong></span> <span class='ocrx_word' id='word_1_380' title='bbox 2463 2231 2583 2271; x_wconf 90' lang='lat' dir='ltr'><strong>cum</strong></span> <span class='ocrx_word' id='word_1_381' title='bbox 2607 2215 2768 2274; x_wconf 86' lang='lat' dir='ltr'><strong>Petro</strong></span> <span class='ocrx_word' id='word_1_382' title='bbox 2798 2232 2895 2272; x_wconf 92' lang='lat' dir='ltr'><strong>suo</strong></span> <span class='ocrx_word' id='word_1_383' title='bbox 2925 2219 2992 2273; x_wconf 90' lang='lat' dir='ltr'><strong>ad</strong></span> <span class='ocrx_word' id='word_1_384' title='bbox 3032 2227 3245 2288; x_wconf 91' lang='lat' dir='ltr'><strong>portam</strong></span> <span class='ocrx_word' id='word_1_385' title='bbox 3276 2220 3507 2279; x_wconf 87' lang='lat' dir='ltr'><strong>ferream</strong></span> <span class='ocrx_word' id='word_1_386' title='bbox 3543 2237 3838 2292; x_wconf 82' lang='lat' dir='ltr'><strong>properan-</strong></span> 
     </span>
    </p>
   </div>
   <div class='ocr_carea' id='block_1_52' title="bbox 2256 2303 3837 2381">
    <p class='ocr_par' dir='ltr' id='par_1_52' title="bbox 2256 2303 3837 2381">
     <span class='ocr_line' id='line_1_52' title="bbox 2256 2303 3837 2381; baseline 0.004 -20"><span class='ocrx_word' id='word_1_387' title='bbox 2256 2314 2383 2361; x_wconf 89' lang='lat' dir='ltr'><strong>tem.</strong></span> <span class='ocrx_word' id='word_1_388' title='bbox 2437 2303 2569 2376; x_wconf 82' lang='lat' dir='ltr'><strong>Quis</strong></span> <span class='ocrx_word' id='word_1_389' title='bbox 2608 2307 2751 2362; x_wconf 90' lang='lat' dir='ltr'><strong>enim</strong></span> <span class='ocrx_word' id='word_1_390' title='bbox 2797 2308 2979 2364; x_wconf 84' lang='lat' dir='ltr'><strong>verior</strong></span> <span class='ocrx_word' id='word_1_391' title='bbox 3020 2309 3244 2381; x_wconf 87' lang='lat' dir='ltr'><strong>angelus</strong></span> <span class='ocrx_word' id='word_1_392' title='bbox 3284 2309 3373 2366; x_wconf 91' lang='lat' dir='ltr'><strong>illo</strong></span> <span class='ocrx_word' id='word_1_393' title='bbox 3402 2312 3494 2381; x_wconf 91' lang='lat' dir='ltr'><strong>qui</strong></span> <span class='ocrx_word' id='word_1_394' title='bbox 3530 2312 3709 2367; x_wconf 77' lang='lat' dir='ltr'><strong>dixit:</strong></span> <span class='ocrx_word' id='word_1_395' title='bbox 3760 2315 3837 2369; x_wconf 75' lang='lat' dir='ltr'><strong>An</strong></span> 
     </span>
    </p>
   </div>
   <div class='ocr_carea' id='block_1_53' title="bbox 2253 2400 3837 2479">
    <p class='ocr_par' dir='ltr' id='par_1_53' title="bbox 2253 2400 3837 2479">
     <span class='ocr_line' id='line_1_53' title="bbox 2253 2400 3837 2479; baseline 0.006 -27"><span class='ocrx_word' id='word_1_396' title='bbox 2253 2400 2656 2469; x_wconf 64' lang='lat' dir='ltr'><strong>experimentum</strong></span> <span class='ocrx_word' id='word_1_397' title='bbox 2714 2401 2828 2472; x_wconf 86' lang='lat' dir='ltr'><strong>ejus</strong></span> <span class='ocrx_word' id='word_1_398' title='bbox 2879 2404 3152 2473; x_wconf 72' lang='lat' dir='ltr'><strong>qumrilis,</strong></span> <span class='ocrx_word' id='word_1_399' title='bbox 3213 2406 3304 2476; x_wconf 82' lang='lat' dir='ltr'><strong>qui</strong></span> <span class='ocrx_word' id='word_1_400' title='bbox 3356 2406 3412 2460; x_wconf 85' lang='lat' dir='ltr'><strong>in</strong></span> <span class='ocrx_word' id='word_1_401' title='bbox 3468 2423 3549 2462; x_wconf 79' lang='lat' dir='ltr'><strong>me</strong></span> <span class='ocrx_word' id='word_1_402' title='bbox 3606 2408 3837 2479; x_wconf 76' lang='lat' dir='ltr'><strong>loquitur</strong></span> 
     </span>
    </p>
   </div>
   <div class='ocr_carea' id='block_1_54' title="bbox 2253 2491 3835 2567">
    <p class='ocr_par' dir='ltr' id='par_1_54' title="bbox 2253 2491 3835 2567">
     <span class='ocr_line' id='line_1_54' title="bbox 2253 2491 3835 2567; baseline 0.004 -21"><span class='ocrx_word' id='word_1_403' title='bbox 2253 2491 2540 2548; x_wconf 74' lang='lat' dir='ltr'><strong>Christus?</strong></span> <span class='ocrx_word' id='word_1_404' title='bbox 2587 2493 2706 2562; x_wconf 87' lang='lat' dir='ltr'><strong>Ipse</strong></span> <span class='ocrx_word' id='word_1_405' title='bbox 2743 2494 2925 2564; x_wconf 85' lang='lat' dir='ltr'><strong>itaque</strong></span> <span class='ocrx_word' id='word_1_406' title='bbox 2971 2494 3133 2553; x_wconf 89' lang='lat' dir='ltr'><strong>Petro</strong></span> <span class='ocrx_word' id='word_1_407' title='bbox 3163 2513 3278 2562; x_wconf 90' lang='lat' dir='ltr'><strong>suo,</strong></span> <span class='ocrx_word' id='word_1_408' title='bbox 3323 2499 3575 2567; x_wconf 84' lang='lat' dir='ltr'><strong>gentibus</strong></span> <span class='ocrx_word' id='word_1_409' title='bbox 3610 2500 3835 2564; x_wconf 87' lang='lat' dir='ltr'><strong>scilicet,</strong></span> 
     </span>
    </p>
   </div>
   <div class='ocr_carea' id='block_1_55' title="bbox 2251 2585 3836 2660">
    <p class='ocr_par' dir='ltr' id='par_1_55' title="bbox 2251 2585 3836 2660">
     <span class='ocr_line' id='line_1_55' title="bbox 2251 2585 3836 2660; baseline 0.004 -21"><span class='ocrx_word' id='word_1_410' title='bbox 2251 2601 2386 2656; x_wconf 90' lang='lat' dir='ltr'><strong>quas</strong></span> <span class='ocrx_word' id='word_1_411' title='bbox 2408 2585 2476 2642; x_wconf 89' lang='lat' dir='ltr'><strong>de</strong></span> <span class='ocrx_word' id='word_1_412' title='bbox 2503 2601 2722 2642; x_wconf 84' lang='lat' dir='ltr'><strong>carcere</strong></span> <span class='ocrx_word' id='word_1_413' title='bbox 2745 2586 3082 2643; x_wconf 80' lang='lat' dir='ltr'><strong>inﬁdelitatis</strong></span> <span class='ocrx_word' id='word_1_414' title='bbox 3127 2590 3407 2655; x_wconf 72' lang='lat' dir='ltr'><strong>eduxerat,</strong></span> <span class='ocrx_word' id='word_1_415' title='bbox 3455 2591 3587 2660; x_wconf 88' lang='lat' dir='ltr'><strong>quid</strong></span> <span class='ocrx_word' id='word_1_416' title='bbox 3615 2592 3722 2646; x_wconf 81' lang='lat' dir='ltr'><strong>ait?</strong></span> <span class='ocrx_word' id='word_1_417' title='bbox 3747 2591 3836 2648; x_wconf 73' lang='lat' dir='ltr'><strong>Sc</strong></span> 
     </span>
    </p>
   </div>
   <div class='ocr_carea' id='block_1_56' title="bbox 2251 2680 3834 2756">
    <p class='ocr_par' dir='ltr' id='par_1_56' title="bbox 2251 2680 3834 2756">
     <span class='ocr_line' id='line_1_56' title="bbox 2251 2680 3834 2756; baseline 0.005 -23"><span class='ocrx_word' id='word_1_418' title='bbox 2251 2680 2444 2733; x_wconf 84' lang='lat' dir='ltr'><strong>currite</strong></span> <span class='ocrx_word' id='word_1_419' title='bbox 2489 2691 2545 2733; x_wconf 90' lang='lat' dir='ltr'><strong>ut</strong></span> <span class='ocrx_word' id='word_1_420' title='bbox 2573 2681 3063 2751; x_wconf 72' lang='lat' dir='ltr'><strong>comprehendati&#39;s;</strong></span> <span class='ocrx_word' id='word_1_421' title='bbox 3105 2700 3274 2740; x_wconf 71' lang='lat' dir='ltr'><strong>omnis</strong></span> <span class='ocrx_word' id='word_1_422' title='bbox 3306 2686 3441 2739; x_wconf 87' lang='lat' dir='ltr'><strong>enim</strong></span> <span class='ocrx_word' id='word_1_423' title='bbox 3466 2688 3559 2756; x_wconf 88' lang='lat' dir='ltr'><strong>qui</strong></span> <span class='ocrx_word' id='word_1_424' title='bbox 3588 2688 3643 2741; x_wconf 86' lang='lat' dir='ltr'><strong>in</strong></span> <span class='ocrx_word' id='word_1_425' title='bbox 3673 2703 3834 2756; x_wconf 80' lang='lat' dir='ltr'><strong>agone</strong></span> 
     </span>
    </p>
   </div>
   <div class='ocr_carea' id='block_1_57' title="bbox 2250 2771 3833 2848">
    <p class='ocr_par' dir='ltr' id='par_1_57' title="bbox 2250 2771 3833 2848">
     <span class='ocr_line' id='line_1_57' title="bbox 2250 2771 3833 2848; baseline 0.007 -25"><span class='ocrx_word' id='word_1_426' title='bbox 2250 2771 2532 2834; x_wconf 85' lang='lat' dir='ltr'><strong>contendit,</strong></span> <span class='ocrx_word' id='word_1_427' title='bbox 2566 2771 2629 2825; x_wconf 85' lang='lat' dir='ltr'><strong>ab</strong></span> <span class='ocrx_word' id='word_1_428' title='bbox 2673 2773 2909 2827; x_wconf 84' lang='lat' dir='ltr'><strong>omnibus</strong></span> <span class='ocrx_word' id='word_1_429' title='bbox 2942 2790 2997 2829; x_wconf 81' lang='lat' dir='ltr'><strong>se</strong></span> <span class='ocrx_word' id='word_1_430' title='bbox 3022 2775 3267 2831; x_wconf 73' lang='lat' dir='ltr'><strong>abstinet.</strong></span> <span class='ocrx_word' id='word_1_431' title='bbox 3296 2775 3430 2831; x_wconf 88' lang='lat' dir='ltr'><strong>Cum</strong></span> <span class='ocrx_word' id='word_1_432' title='bbox 3468 2792 3601 2848; x_wconf 73' lang='lat' dir='ltr'><strong>ergo</strong></span> <span class='ocrx_word' id='word_1_433' title='bbox 3627 2793 3720 2834; x_wconf 85' lang='lat' dir='ltr'><strong>eos</strong></span> <span class='ocrx_word' id='word_1_434' title='bbox 3757 2780 3833 2834; x_wconf 81' lang='lat' dir='ltr'><strong>sic</strong></span> 
     </span>
    </p>
   </div>
   <div class='ocr_carea' id='block_1_58' title="bbox 2249 2854 3833 2937">
    <p class='ocr_par' dir='ltr' id='par_1_58' title="bbox 2249 2854 3833 2937">
     <span class='ocr_line' id='line_1_58' title="bbox 2249 2854 3833 2937; baseline 0.008 -25"><span class='ocrx_word' id='word_1_435' title='bbox 2249 2873 2470 2915; x_wconf 91' lang='lat' dir='ltr'><strong>currere</strong></span> <span class='ocrx_word' id='word_1_436' title='bbox 2501 2870 2560 2914; x_wconf 91' lang='lat' dir='ltr'><strong>ut</strong></span> <span class='ocrx_word' id='word_1_437' title='bbox 2593 2854 3053 2931; x_wconf 88' lang='lat' dir='ltr'><strong>comprehendant</strong></span> <span class='ocrx_word' id='word_1_438' title='bbox 3097 2866 3367 2931; x_wconf 86' lang='lat' dir='ltr'><strong>admonet,</strong></span> <span class='ocrx_word' id='word_1_439' title='bbox 3410 2869 3539 2937; x_wconf 88' lang='lat' dir='ltr'><strong>quid</strong></span> <span class='ocrx_word' id='word_1_440' title='bbox 3572 2883 3695 2923; x_wconf 89' lang='lat' dir='ltr'><strong>cum</strong></span> <span class='ocrx_word' id='word_1_441' title='bbox 3733 2869 3833 2924; x_wconf 85' lang='lat' dir='ltr'><strong>illis</strong></span> 
     </span>
    </p>
   </div>
   <div class='ocr_carea' id='block_1_59' title="bbox 2248 2950 3829 3023">
    <p class='ocr_par' dir='ltr' id='par_1_59' title="bbox 2248 2950 3829 3023">
     <span class='ocr_line' id='line_1_59' title="bbox 2248 2950 3829 3023; baseline 0.006 -20"><span class='ocrx_word' id='word_1_442' title='bbox 2248 2951 2384 3020; x_wconf 87' lang='lat' dir='ltr'><strong>agit,</strong></span> <span class='ocrx_word' id='word_1_443' title='bbox 2423 2950 2525 3006; x_wconf 91' lang='lat' dir='ltr'><strong>nisi</strong></span> <span class='ocrx_word' id='word_1_444' title='bbox 2554 2951 2620 3005; x_wconf 91' lang='lat' dir='ltr'><strong>ad</strong></span> <span class='ocrx_word' id='word_1_445' title='bbox 2657 2961 2869 3022; x_wconf 90' lang='lat' dir='ltr'><strong>portam</strong></span> <span class='ocrx_word' id='word_1_446' title='bbox 2916 2952 3062 3007; x_wconf 89' lang='lat' dir='ltr'><strong>illam</strong></span> <span class='ocrx_word' id='word_1_447' title='bbox 3092 2969 3211 3023; x_wconf 80' lang='lat' dir='ltr'><strong>quae</strong></span> <span class='ocrx_word' id='word_1_448' title='bbox 3256 2956 3404 3010; x_wconf 90' lang='lat' dir='ltr'><strong>ducit</strong></span> <span class='ocrx_word' id='word_1_449' title='bbox 3440 2957 3507 3012; x_wconf 90' lang='lat' dir='ltr'><strong>ad</strong></span> <span class='ocrx_word' id='word_1_450' title='bbox 3557 2958 3829 3012; x_wconf 89' lang='lat' dir='ltr'><strong>civitatem</strong></span> 
     </span>
    </p>
   </div>
   <div class='ocr_carea' id='block_1_60' title="bbox 559 3033 3829 3144">
    <p class='ocr_par' dir='ltr' id='par_1_60' title="bbox 559 3033 3829 3144">
     <span class='ocr_line' id='line_1_60' title="bbox 559 3033 3829 3144; baseline 0.004 -54"><span class='ocrx_word' id='word_1_451' title='bbox 559 3038 891 3096; x_wconf 83' lang='lat' dir='ltr'><strong>&#39;l&#39;estamenti</strong></span> <span class='ocrx_word' id='word_1_452' title='bbox 936 3038 1262 3095; x_wconf 86' lang='lat' dir='ltr'><strong>continetur.</strong></span> <span class='ocrx_word' id='word_1_453' title='bbox 1293 3036 1349 3090; x_wconf 91' lang='lat' dir='ltr'><strong>ln</strong></span> <span class='ocrx_word' id='word_1_454' title='bbox 1383 3050 1486 3106; x_wconf 83' lang='lat' dir='ltr'><strong>qua</strong></span> <span class='ocrx_word' id='word_1_455' title='bbox 1545 3033 1701 3103; x_wconf 81' lang='lat' dir='ltr'><strong>plane</strong></span> <span class='ocrx_word' id='word_1_456' title='bbox 1746 3048 2008 3144; x_wconf 54' lang='lat' dir='ltr'><strong>nusquatp</strong></span> <span class='ocrx_word' id='word_1_457' title='bbox 2060 3047 2145 3085; x_wconf 75' lang='lat' dir='ltr'><strong>me</strong></span> <span class='ocrx_word' id='word_1_458' title='bbox 2171 3083 2216 3144; x_wconf 61' lang='grc' dir='ltr'><strong>ρ</strong></span> <span class='ocrx_word' id='word_1_459' title='bbox 2248 3041 2337 3096; x_wconf 92' lang='lat' dir='ltr'><strong>ubi</strong></span> <span class='ocrx_word' id='word_1_460' title='bbox 2387 3042 2629 3098; x_wconf 85' lang='lat' dir='ltr'><strong>bra&#39;vium</strong></span> <span class='ocrx_word' id='word_1_461' title='bbox 2703 3046 2972 3116; x_wconf 89' lang='lat' dir='ltr'><strong>recepturi</strong></span> <span class='ocrx_word' id='word_1_462' title='bbox 3037 3054 3162 3101; x_wconf 89' lang='lat' dir='ltr'><strong>sunt</strong></span> <span class='ocrx_word' id='word_1_463' title='bbox 3225 3047 3445 3104; x_wconf 86' lang='lat' dir='ltr'><strong>tendere</strong></span> <span class='ocrx_word' id='word_1_464' title='bbox 3508 3050 3829 3121; x_wconf 72' lang='lat' dir='ltr'><strong>persuadet?</strong></span> 
     </span>
    </p>
   </div>
   <div class='ocr_carea' id='block_1_61' title="bbox 560 3122 2146 3203">
    <p class='ocr_par' dir='ltr' id='par_1_61' title="bbox 560 3122 2146 3203">
     <span class='ocr_line' id='line_1_61' title="bbox 560 3122 2146 3203; baseline -0.006 -17"><span class='ocrx_word' id='word_1_465' title='bbox 560 3132 749 3203; x_wconf 87' lang='lat' dir='ltr'><strong>legisse</strong></span> <span class='ocrx_word' id='word_1_466' title='bbox 775 3130 1029 3187; x_wconf 86' lang='lat' dir='ltr'><strong>recordor</strong></span> <span class='ocrx_word' id='word_1_467' title='bbox 1058 3127 1202 3200; x_wconf 91' lang='lat' dir='ltr'><strong>quod</strong></span> <span class='ocrx_word' id='word_1_468' title='bbox 1246 3129 1408 3184; x_wconf 88' lang='lat' dir='ltr'><strong>homo</strong></span> <span class='ocrx_word' id='word_1_469' title='bbox 1436 3125 1727 3197; x_wconf 88' lang='lat' dir='ltr'><strong>quispiam,</strong></span> <span class='ocrx_word' id='word_1_470' title='bbox 1778 3122 1991 3180; x_wconf 89' lang='lat' dir='ltr'><strong>mortali</strong></span> <span class='ocrx_word' id='word_1_471' title='bbox 2026 3137 2146 3178; x_wconf 86' lang='lat' dir='ltr'><strong>cor-</strong></span> 
     </span>
    </p>
   </div>
   <div class='ocr_carea' id='block_1_62' title="bbox 558 3224 2143 3298">
    <p class='ocr_par' dir='ltr' id='par_1_62' title="bbox 558 3224 2143 3298">
     <span class='ocr_line' id='line_1_62' title="bbox 558 3224 2143 3298; baseline -0.004 -14"><span class='ocrx_word' id='word_1_472' title='bbox 558 3243 687 3298; x_wconf 90' lang='lat' dir='ltr'><strong>pore</strong></span> <span class='ocrx_word' id='word_1_473' title='bbox 743 3228 988 3293; x_wconf 82' lang='lat' dir='ltr'><strong>veslitus,</strong></span> <span class='ocrx_word' id='word_1_474' title='bbox 1045 3241 1141 3297; x_wconf 89' lang='lat' dir='ltr'><strong>per</strong></span> <span class='ocrx_word' id='word_1_475' title='bbox 1196 3225 1430 3297; x_wconf 86' lang='lat' dir='ltr'><strong>aliquem</strong></span> <span class='ocrx_word' id='word_1_476' title='bbox 1484 3224 1689 3279; x_wconf 88' lang='lat' dir='ltr'><strong>aditum</strong></span> <span class='ocrx_word' id='word_1_477' title='bbox 1741 3238 1849 3280; x_wconf 89' lang='lat' dir='ltr'><strong>non</strong></span> <span class='ocrx_word' id='word_1_478' title='bbox 1898 3230 2143 3292; x_wconf 87' lang='lat' dir='ltr'><strong>apertum</strong></span> 
     </span>
    </p>
   </div>
   <div class='ocr_carea' id='block_1_63' title="bbox 557 3315 2141 3388">
    <p class='ocr_par' dir='ltr' id='par_1_63' title="bbox 557 3315 2141 3388">
     <span class='ocr_line' id='line_1_63' title="bbox 557 3315 2141 3388; baseline -0.002 -14"><span class='ocrx_word' id='word_1_479' title='bbox 557 3335 678 3375; x_wconf 91' lang='lat' dir='ltr'><strong>cum</strong></span> <span class='ocrx_word' id='word_1_480' title='bbox 708 3334 806 3375; x_wconf 91' lang='lat' dir='ltr'><strong>suo</strong></span> <span class='ocrx_word' id='word_1_481' title='bbox 846 3319 1018 3376; x_wconf 91' lang='lat' dir='ltr'><strong>solido</strong></span> <span class='ocrx_word' id='word_1_482' title='bbox 1055 3330 1282 3388; x_wconf 90' lang='lat' dir='ltr'><strong>corpore</strong></span> <span class='ocrx_word' id='word_1_483' title='bbox 1326 3316 1559 3373; x_wconf 87' lang='lat' dir='ltr'><strong>transire</strong></span> <span class='ocrx_word' id='word_1_484' title='bbox 1606 3315 1864 3388; x_wconf 89' lang='lat' dir='ltr'><strong>potuerit,</strong></span> <span class='ocrx_word' id='word_1_485' title='bbox 1915 3323 2141 3386; x_wconf 76' lang='lat' dir='ltr'><strong>excepto</strong></span> 
     </span>
    </p>
   </div>
   <div class='ocr_carea' id='block_1_64' title="bbox 556 3409 2138 3479">
    <p class='ocr_par' dir='ltr' id='par_1_64' title="bbox 556 3409 2138 3479">
     <span class='ocr_line' id='line_1_64' title="bbox 556 3409 2138 3479; baseline -0.002 -15"><span class='ocrx_word' id='word_1_486' title='bbox 556 3411 783 3466; x_wconf 79' lang='lat' dir='ltr'><strong>Domino</strong></span> <span class='ocrx_word' id='word_1_487' title='bbox 814 3423 998 3466; x_wconf 90' lang='lat' dir='ltr'><strong>nostro</strong></span> <span class='ocrx_word' id='word_1_488' title='bbox 1025 3409 1150 3466; x_wconf 88' lang='lat' dir='ltr'><strong>Jesu</strong></span> <span class='ocrx_word' id='word_1_489' title='bbox 1179 3409 1417 3475; x_wconf 89' lang='lat' dir='ltr'><strong>Christo,</strong></span> <span class='ocrx_word' id='word_1_490' title='bbox 1442 3410 1555 3479; x_wconf 92' lang='lat' dir='ltr'><strong>qui,</strong></span> <span class='ocrx_word' id='word_1_491' title='bbox 1575 3419 1630 3465; x_wconf 89' lang='lat' dir='ltr'><strong>et</strong></span> <span class='ocrx_word' id='word_1_492' title='bbox 1657 3424 1780 3465; x_wconf 91' lang='lat' dir='ltr'><strong>cum</strong></span> <span class='ocrx_word' id='word_1_493' title='bbox 1806 3417 2138 3473; x_wconf 89' lang='lat' dir='ltr'><strong>nasceretur,</strong></span> 
     </span>
    </p>
   </div>
   <div class='ocr_carea' id='block_1_65' title="bbox 552 3503 2138 3574">
    <p class='ocr_par' dir='ltr' id='par_1_65' title="bbox 552 3503 2138 3574">
     <span class='ocr_line' id='line_1_65' title="bbox 552 3503 2138 3574; baseline -0.001 -16"><span class='ocrx_word' id='word_1_494' title='bbox 552 3520 659 3559; x_wconf 90' lang='lat' dir='ltr'><strong>non</strong></span> <span class='ocrx_word' id='word_1_495' title='bbox 708 3513 895 3574; x_wconf 89' lang='lat' dir='ltr'><strong>aperto</strong></span> <span class='ocrx_word' id='word_1_496' title='bbox 925 3504 1063 3561; x_wconf 92' lang='lat' dir='ltr'><strong>ostio</strong></span> <span class='ocrx_word' id='word_1_497' title='bbox 1111 3503 1180 3559; x_wconf 85' lang='lat' dir='ltr'><strong>de</strong></span> <span class='ocrx_word' id='word_1_498' title='bbox 1222 3511 1409 3559; x_wconf 81' lang='lat' dir='ltr'><strong>ventre</strong></span> <span class='ocrx_word' id='word_1_499' title='bbox 1457 3503 1647 3560; x_wconf 87' lang='lat' dir='ltr'><strong>matris</strong></span> <span class='ocrx_word' id='word_1_500' title='bbox 1691 3503 1876 3570; x_wconf 83' lang='lat' dir='ltr'><strong>exivit,</strong></span> <span class='ocrx_word' id='word_1_501' title='bbox 1925 3512 1980 3558; x_wconf 89' lang='lat' dir='ltr'><strong>et</strong></span> <span class='ocrx_word' id='word_1_502' title='bbox 2016 3518 2138 3558; x_wconf 90' lang='lat' dir='ltr'><strong>cum</strong></span> 
     </span>
    </p>
   </div>
   <div class='ocr_carea' id='block_1_66' title="bbox 550 3594 2136 3667">
    <p class='ocr_par' dir='ltr' id='par_1_66' title="bbox 550 3594 2136 3667">
     <span class='ocr_line' id='line_1_66' title="bbox 550 3594 2136 3667; baseline -0.001 -18"><span class='ocrx_word' id='word_1_503' title='bbox 550 3605 883 3667; x_wconf 88' lang='lat' dir='ltr'><strong>resurgeret,</strong></span> <span class='ocrx_word' id='word_1_504' title='bbox 927 3610 1050 3651; x_wconf 92' lang='lat' dir='ltr'><strong>cum</strong></span> <span class='ocrx_word' id='word_1_505' title='bbox 1103 3595 1292 3651; x_wconf 89' lang='lat' dir='ltr'><strong>eodem</strong></span> <span class='ocrx_word' id='word_1_506' title='bbox 1345 3610 1444 3650; x_wconf 92' lang='lat' dir='ltr'><strong>suo</strong></span> <span class='ocrx_word' id='word_1_507' title='bbox 1497 3594 1787 3651; x_wconf 89' lang='lat' dir='ltr'><strong>immortali</strong></span> <span class='ocrx_word' id='word_1_508' title='bbox 1833 3595 1927 3649; x_wconf 91' lang='lat' dir='ltr'><strong>sed</strong></span> <span class='ocrx_word' id='word_1_509' title='bbox 1959 3602 2136 3648; x_wconf 90' lang='lat' dir='ltr'><strong>tamen</strong></span> 
     </span>
    </p>
   </div>
   <div class='ocr_carea' id='block_1_67' title="bbox 549 3683 2133 3759">
    <p class='ocr_par' dir='ltr' id='par_1_67' title="bbox 549 3683 2133 3759">
     <span class='ocr_line' id='line_1_67' title="bbox 549 3683 2133 3759; baseline -0.003 -18"><span class='ocrx_word' id='word_1_510' title='bbox 549 3702 678 3744; x_wconf 90' lang='lat' dir='ltr'><strong>vero</strong></span> <span class='ocrx_word' id='word_1_511' title='bbox 723 3703 973 3759; x_wconf 90' lang='lat' dir='ltr'><strong>corpore,</strong></span> <span class='ocrx_word' id='word_1_512' title='bbox 1005 3686 1205 3742; x_wconf 88' lang='lat' dir='ltr'><strong>clausis</strong></span> <span class='ocrx_word' id='word_1_513' title='bbox 1226 3684 1426 3755; x_wconf 78' lang='lat' dir='ltr'><strong>ianuis,</strong></span> <span class='ocrx_word' id='word_1_514' title='bbox 1462 3685 1528 3739; x_wconf 90' lang='lat' dir='ltr'><strong>ad</strong></span> <span class='ocrx_word' id='word_1_515' title='bbox 1567 3683 1858 3754; x_wconf 83' lang='lat' dir='ltr'><strong>discipulos</strong></span> <span class='ocrx_word' id='word_1_516' title='bbox 1893 3683 2133 3741; x_wconf 83' lang='lat' dir='ltr'><strong>intravit.</strong></span> 
     </span>
    </p>
   </div>
   <div class='ocr_carea' id='block_1_68' title="bbox 549 3765 2136 3848">
    <p class='ocr_par' dir='ltr' id='par_1_68' title="bbox 549 3765 2136 3848">
     <span class='ocr_line' id='line_1_68' title="bbox 549 3765 2136 3848; baseline -0.003 -16"><span class='ocrx_word' id='word_1_517' title='bbox 549 3765 683 3832; x_wconf 78' lang='lat' dir='ltr'><strong>Nam</strong></span> <span class='ocrx_word' id='word_1_518' title='bbox 706 3779 752 3833; x_wconf 93' lang='lat' dir='ltr'><strong>si</strong></span> <span class='ocrx_word' id='word_1_519' title='bbox 787 3778 919 3848; x_wconf 84' lang='lat' dir='ltr'><strong>quis</strong></span> <span class='ocrx_word' id='word_1_520' title='bbox 938 3777 1068 3832; x_wconf 88' lang='lat' dir='ltr'><strong>illud</strong></span> <span class='ocrx_word' id='word_1_521' title='bbox 1095 3777 1340 3847; x_wconf 91' lang='lat' dir='ltr'><strong>opponit,</strong></span> <span class='ocrx_word' id='word_1_522' title='bbox 1371 3777 1513 3845; x_wconf 87' lang='lat' dir='ltr'><strong>quod</strong></span> <span class='ocrx_word' id='word_1_523' title='bbox 1542 3776 1608 3831; x_wconf 90' lang='lat' dir='ltr'><strong>de</strong></span> <span class='ocrx_word' id='word_1_524' title='bbox 1636 3776 1870 3846; x_wconf 89' lang='lat' dir='ltr'><strong>quodam</strong></span> <span class='ocrx_word' id='word_1_525' title='bbox 1896 3774 2136 3844; x_wconf 85' lang='lat' dir='ltr'><strong>apostolo</strong></span> 
     </span>
    </p>
   </div>
   <div class='ocr_carea' id='block_1_69' title="bbox 550 3861 2135 3937">
    <p class='ocr_par' dir='ltr' id='par_1_69' title="bbox 550 3861 2135 3937">
     <span class='ocr_line' id='line_1_69' title="bbox 550 3861 2135 3937; baseline -0.001 -18"><span class='ocrx_word' id='word_1_526' title='bbox 550 3866 769 3937; x_wconf 83' lang='lat' dir='ltr'><strong>legitur,</strong></span> <span class='ocrx_word' id='word_1_527' title='bbox 821 3866 965 3936; x_wconf 89' lang='lat' dir='ltr'><strong>quod</strong></span> <span class='ocrx_word' id='word_1_528' title='bbox 1018 3865 1225 3920; x_wconf 89' lang='lat' dir='ltr'><strong>scilicet</strong></span> <span class='ocrx_word' id='word_1_529' title='bbox 1262 3865 1329 3918; x_wconf 92' lang='lat' dir='ltr'><strong>ad</strong></span> <span class='ocrx_word' id='word_1_530' title='bbox 1378 3878 1559 3934; x_wconf 86' lang='lat' dir='ltr'><strong>regem</strong></span> <span class='ocrx_word' id='word_1_531' title='bbox 1610 3864 1895 3934; x_wconf 89' lang='lat' dir='ltr'><strong>quemdam</strong></span> <span class='ocrx_word' id='word_1_532' title='bbox 1938 3861 2135 3918; x_wconf 88' lang='lat' dir='ltr'><strong>clausis</strong></span> 
     </span>
    </p>
   </div>
   <div class='ocr_carea' id='block_1_70' title="bbox 522 3951 2131 4026">
    <p class='ocr_par' dir='ltr' id='par_1_70' title="bbox 522 3951 2131 4026">
     <span class='ocr_line' id='line_1_70' title="bbox 522 3951 2131 4026; baseline -0.001 -19"><span class='ocrx_word' id='word_1_533' title='bbox 522 3953 722 4026; x_wconf 65' lang='lat' dir='ltr'><strong>januis</strong></span> <span class='ocrx_word' id='word_1_534' title='bbox 766 3953 1007 4017; x_wconf 88' lang='lat' dir='ltr'><strong>intravit.</strong></span> <span class='ocrx_word' id='word_1_535' title='bbox 1057 3952 1362 4024; x_wconf 80' lang='lat' dir='ltr'><strong>exemplum</strong></span> <span class='ocrx_word' id='word_1_536' title='bbox 1398 3951 1501 4007; x_wconf 87' lang='lat' dir='ltr'><strong>hoc</strong></span> <span class='ocrx_word' id='word_1_537' title='bbox 1538 3967 1646 4007; x_wconf 88' lang='lat' dir='ltr'><strong>non</strong></span> <span class='ocrx_word' id='word_1_538' title='bbox 1707 3966 1793 4007; x_wconf 91' lang='lat' dir='ltr'><strong>me</strong></span> <span class='ocrx_word' id='word_1_539' title='bbox 1831 3960 1998 4018; x_wconf 88' lang='lat' dir='ltr'><strong>tenet,</strong></span> <span class='ocrx_word' id='word_1_540' title='bbox 2026 3966 2131 4006; x_wconf 91' lang='lat' dir='ltr'><strong>non</strong></span> 
     </span>
    </p>
   </div>
   <div class='ocr_carea' id='block_1_71' title="bbox 547 4040 2135 4113">
    <p class='ocr_par' dir='ltr' id='par_1_71' title="bbox 547 4040 2135 4113">
     <span class='ocr_line' id='line_1_71' title="bbox 547 4040 2135 4113; baseline 0.001 -15"><span class='ocrx_word' id='word_1_541' title='bbox 547 4060 637 4100; x_wconf 89' lang='lat' dir='ltr'><strong>me</strong></span> <span class='ocrx_word' id='word_1_542' title='bbox 681 4052 880 4108; x_wconf 88' lang='lat' dir='ltr'><strong>terret;</strong></span> <span class='ocrx_word' id='word_1_543' title='bbox 916 4044 1041 4113; x_wconf 89' lang='lat' dir='ltr'><strong>quia</strong></span> <span class='ocrx_word' id='word_1_544' title='bbox 1071 4043 1184 4113; x_wconf 89' lang='lat' dir='ltr'><strong>ipsa</strong></span> <span class='ocrx_word' id='word_1_545' title='bbox 1214 4056 1429 4112; x_wconf 90' lang='lat' dir='ltr'><strong>quoque</strong></span> <span class='ocrx_word' id='word_1_546' title='bbox 1478 4040 1757 4112; x_wconf 90' lang='lat' dir='ltr'><strong>Scriptura</strong></span> <span class='ocrx_word' id='word_1_547' title='bbox 1794 4041 1848 4096; x_wconf 92' lang='lat' dir='ltr'><strong>in</strong></span> <span class='ocrx_word' id='word_1_548' title='bbox 1893 4057 1999 4113; x_wconf 90' lang='lat' dir='ltr'><strong>qua</strong></span> <span class='ocrx_word' id='word_1_549' title='bbox 2032 4043 2135 4099; x_wconf 91' lang='lat' dir='ltr'><strong>hoc</strong></span> 
     </span>
    </p>
   </div>
   <div class='ocr_carea' id='block_1_72' title="bbox 546 4134 2130 4208">
    <p class='ocr_par' dir='ltr' id='par_1_72' title="bbox 546 4134 2130 4208">
     <span class='ocr_line' id='line_1_72' title="bbox 546 4134 2130 4208; baseline -0.001 -18"><span class='ocrx_word' id='word_1_550' title='bbox 546 4136 767 4208; x_wconf 86' lang='lat' dir='ltr'><strong>legitur,</strong></span> <span class='ocrx_word' id='word_1_551' title='bbox 815 4135 1038 4191; x_wconf 89' lang='lat' dir='ltr'><strong>Patrum</strong></span> <span class='ocrx_word' id='word_1_552' title='bbox 1070 4135 1389 4191; x_wconf 88' lang='lat' dir='ltr'><strong>auctoritate</strong></span> <span class='ocrx_word' id='word_1_553' title='bbox 1432 4135 1575 4189; x_wconf 90' lang='lat' dir='ltr'><strong>inter</strong></span> <span class='ocrx_word' id='word_1_554' title='bbox 1605 4134 1921 4206; x_wconf 87' lang='lat' dir='ltr'><strong>apocrypha</strong></span> <span class='ocrx_word' id='word_1_555' title='bbox 1941 4150 2130 4189; x_wconf 86' lang='lat' dir='ltr'><strong>nume-</strong></span> 
     </span>
    </p>
   </div>
   <div class='ocr_carea' id='block_1_73' title="bbox 547 4224 2131 4296">
    <p class='ocr_par' dir='ltr' id='par_1_73' title="bbox 547 4224 2131 4296">
     <span class='ocr_line' id='line_1_73' title="bbox 547 4224 2131 4296; baseline -0.001 -14"><span class='ocrx_word' id='word_1_556' title='bbox 547 4236 717 4282; x_wconf 88' lang='lat' dir='ltr'><strong>ratur.</strong></span> <span class='ocrx_word' id='word_1_557' title='bbox 757 4226 943 4282; x_wconf 90' lang='lat' dir='ltr'><strong>Potius</strong></span> <span class='ocrx_word' id='word_1_558' title='bbox 979 4225 1159 4296; x_wconf 87' lang='lat' dir='ltr'><strong>itaque</strong></span> <span class='ocrx_word' id='word_1_559' title='bbox 1188 4225 1292 4281; x_wconf 86' lang='lat' dir='ltr'><strong>hoc</strong></span> <span class='ocrx_word' id='word_1_560' title='bbox 1333 4224 1681 4291; x_wconf 90' lang='lat' dir='ltr'><strong>credendum,</strong></span> <span class='ocrx_word' id='word_1_561' title='bbox 1730 4224 1871 4295; x_wconf 90' lang='lat' dir='ltr'><strong>quod</strong></span> <span class='ocrx_word' id='word_1_562' title='bbox 1911 4224 2131 4294; x_wconf 80' lang='lat' dir='ltr'><strong>angelus</strong></span> 
     </span>
    </p>
   </div>
   <div class='ocr_carea' id='block_1_74' title="bbox 546 4316 2130 4390">
    <p class='ocr_par' dir='ltr' id='par_1_74' title="bbox 546 4316 2130 4390">
     <span class='ocr_line' id='line_1_74' title="bbox 546 4316 2130 4390; baseline 0 -18"><span class='ocrx_word' id='word_1_563' title='bbox 546 4321 637 4390; x_wconf 91' lang='lat' dir='ltr'><strong>qui</strong></span> <span class='ocrx_word' id='word_1_564' title='bbox 665 4316 732 4375; x_wconf 89' lang='lat' dir='ltr'><strong>ad</strong></span> <span class='ocrx_word' id='word_1_565' title='bbox 761 4318 979 4374; x_wconf 89' lang='lat' dir='ltr'><strong>Petrum</strong></span> <span class='ocrx_word' id='word_1_566' title='bbox 1022 4318 1074 4373; x_wconf 92' lang='lat' dir='ltr'><strong>in</strong></span> <span class='ocrx_word' id='word_1_567' title='bbox 1106 4332 1324 4373; x_wconf 79' lang='lat' dir='ltr'><strong>carcere</strong></span> <span class='ocrx_word' id='word_1_568' title='bbox 1355 4333 1459 4373; x_wconf 91' lang='lat' dir='ltr'><strong>non</strong></span> <span class='ocrx_word' id='word_1_569' title='bbox 1493 4324 1681 4387; x_wconf 87' lang='lat' dir='ltr'><strong>aperto</strong></span> <span class='ocrx_word' id='word_1_570' title='bbox 1708 4317 1856 4371; x_wconf 89' lang='lat' dir='ltr'><strong>aditu</strong></span> <span class='ocrx_word' id='word_1_571' title='bbox 1886 4331 1982 4385; x_wconf 91' lang='lat' dir='ltr'><strong>per</strong></span> <span class='ocrx_word' id='word_1_572' title='bbox 2003 4317 2130 4373; x_wconf 82' lang='lat' dir='ltr'><strong>sub-</strong></span> 
     </span>
    </p>
   </div>
   <div class='ocr_carea' id='block_1_75' title="bbox 2245 3131 3829 3207">
    <p class='ocr_par' dir='ltr' id='par_1_75' title="bbox 2245 3131 3829 3207">
     <span class='ocr_line' id='line_1_75' title="bbox 2245 3131 3829 3207; baseline 0.005 -20"><span class='ocrx_word' id='word_1_573' title='bbox 2245 3131 2379 3187; x_wconf 86' lang='lat' dir='ltr'><strong>Cum</strong></span> <span class='ocrx_word' id='word_1_574' title='bbox 2425 3148 2556 3189; x_wconf 90' lang='lat' dir='ltr'><strong>vero</strong></span> <span class='ocrx_word' id='word_1_575' title='bbox 2608 3134 2757 3203; x_wconf 91' lang='lat' dir='ltr'><strong>illos,</strong></span> <span class='ocrx_word' id='word_1_576' title='bbox 2813 3136 3060 3207; x_wconf 85' lang='lat' dir='ltr'><strong>exemplo</strong></span> <span class='ocrx_word' id='word_1_577' title='bbox 3130 3138 3406 3193; x_wconf 72' lang='lat' dir='ltr'><strong>saecularis</strong></span> <span class='ocrx_word' id='word_1_578' title='bbox 3460 3139 3707 3206; x_wconf 78' lang='lat' dir='ltr'><strong>athletae,</strong></span> <span class='ocrx_word' id='word_1_579' title='bbox 3762 3140 3829 3195; x_wconf 90' lang='lat' dir='ltr'><strong>ab</strong></span> 
     </span>
    </p>
   </div>
   <div class='ocr_carea' id='block_1_76' title="bbox 2246 3226 3828 3301">
    <p class='ocr_par' dir='ltr' id='par_1_76' title="bbox 2246 3226 3828 3301">
     <span class='ocr_line' id='line_1_76' title="bbox 2246 3226 3828 3301; baseline 0.003 -19"><span class='ocrx_word' id='word_1_580' title='bbox 2246 3226 2497 3282; x_wconf 90' lang='lat' dir='ltr'><strong>omnibus</strong></span> <span class='ocrx_word' id='word_1_581' title='bbox 2546 3243 2666 3298; x_wconf 83' lang='lat' dir='ltr'><strong>quae</strong></span> <span class='ocrx_word' id='word_1_582' title='bbox 2728 3243 2937 3299; x_wconf 88' lang='lat' dir='ltr'><strong>agonen</strong></span> <span class='ocrx_word' id='word_1_583' title='bbox 3002 3228 3304 3299; x_wconf 88' lang='lat' dir='ltr'><strong>impediunt</strong></span> <span class='ocrx_word' id='word_1_584' title='bbox 3368 3231 3618 3301; x_wconf 85' lang='lat' dir='ltr'><strong>praecipit</strong></span> <span class='ocrx_word' id='word_1_585' title='bbox 3667 3232 3828 3287; x_wconf 81' lang='lat' dir='ltr'><strong>absti-</strong></span> 
     </span>
    </p>
   </div>
   <div class='ocr_carea' id='block_1_77' title="bbox 2242 3319 3825 3394">
    <p class='ocr_par' dir='ltr' id='par_1_77' title="bbox 2242 3319 3825 3394">
     <span class='ocr_line' id='line_1_77' title="bbox 2242 3319 3825 3394; baseline 0.003 -22"><span class='ocrx_word' id='word_1_586' title='bbox 2242 3333 2404 3384; x_wconf 88' lang='lat' dir='ltr'><strong>nere,</strong></span> <span class='ocrx_word' id='word_1_587' title='bbox 2440 3319 2565 3388; x_wconf 90' lang='lat' dir='ltr'><strong>quid</strong></span> <span class='ocrx_word' id='word_1_588' title='bbox 2603 3335 2725 3374; x_wconf 89' lang='lat' dir='ltr'><strong>cum</strong></span> <span class='ocrx_word' id='word_1_589' title='bbox 2760 3320 2865 3375; x_wconf 90' lang='lat' dir='ltr'><strong>illis</strong></span> <span class='ocrx_word' id='word_1_590' title='bbox 2893 3320 3027 3392; x_wconf 86' lang='lat' dir='ltr'><strong>agit,</strong></span> <span class='ocrx_word' id='word_1_591' title='bbox 3052 3321 3154 3376; x_wconf 91' lang='lat' dir='ltr'><strong>nisi</strong></span> <span class='ocrx_word' id='word_1_592' title='bbox 3192 3321 3461 3390; x_wconf 87' lang='lat' dir='ltr'><strong>quomodo</strong></span> <span class='ocrx_word' id='word_1_593' title='bbox 3487 3337 3588 3392; x_wconf 87' lang='lat' dir='ltr'><strong>per</strong></span> <span class='ocrx_word' id='word_1_594' title='bbox 3617 3332 3825 3394; x_wconf 85' lang='lat' dir='ltr'><strong>portam</strong></span> 
     </span>
    </p>
   </div>
   <div class='ocr_carea' id='block_1_78' title="bbox 2240 3396 3825 3469">
    <p class='ocr_par' dir='ltr' id='par_1_78' title="bbox 2240 3396 3825 3469">
     <span class='ocr_line' id='line_1_78' title="bbox 2240 3396 3825 3469; baseline 0.004 -6"><span class='ocrx_word' id='word_1_595' title='bbox 2240 3408 2475 3464; x_wconf 85' lang='lat' dir='ltr'><strong>ferream</strong></span> <span class='ocrx_word' id='word_1_596' title='bbox 2513 3409 2746 3466; x_wconf 90' lang='lat' dir='ltr'><strong>debeant</strong></span> <span class='ocrx_word' id='word_1_597' title='bbox 2794 3396 2998 3467; x_wconf 84' lang='lat' dir='ltr'><strong>intrare</strong></span> <span class='ocrx_word' id='word_1_598' title='bbox 3049 3411 3321 3467; x_wconf 84' lang='lat' dir='ltr'><strong>ostendit?</strong></span> <span class='ocrx_word' id='word_1_599' title='bbox 3360 3412 3653 3468; x_wconf 80' lang='lat' dir='ltr'><strong>Videamus</strong></span> <span class='ocrx_word' id='word_1_600' title='bbox 3688 3430 3825 3469; x_wconf 88' lang='lat' dir='ltr'><strong>nunc</strong></span> 
     </span>
    </p>
   </div>
   <div class='ocr_carea' id='block_1_79' title="bbox 2240 3501 3825 3577">
    <p class='ocr_par' dir='ltr' id='par_1_79' title="bbox 2240 3501 3825 3577">
     <span class='ocr_line' id='line_1_79' title="bbox 2240 3501 3825 3577; baseline 0.001 -19"><span class='ocrx_word' id='word_1_601' title='bbox 2240 3502 2287 3558; x_wconf 90' lang='lat' dir='ltr'><strong>si</strong></span> <span class='ocrx_word' id='word_1_602' title='bbox 2312 3511 2366 3557; x_wconf 91' lang='lat' dir='ltr'><strong>et</strong></span> <span class='ocrx_word' id='word_1_603' title='bbox 2395 3502 2508 3573; x_wconf 92' lang='lat' dir='ltr'><strong>ipse</strong></span> <span class='ocrx_word' id='word_1_604' title='bbox 2529 3501 2643 3558; x_wconf 75' lang='lat' dir='ltr'><strong>haec</strong></span> <span class='ocrx_word' id='word_1_605' title='bbox 2666 3511 2809 3573; x_wconf 89' lang='lat' dir='ltr'><strong>agat,</strong></span> <span class='ocrx_word' id='word_1_606' title='bbox 2837 3503 2903 3557; x_wconf 92' lang='lat' dir='ltr'><strong>ad</strong></span> <span class='ocrx_word' id='word_1_607' title='bbox 2933 3518 3054 3574; x_wconf 82' lang='lat' dir='ltr'><strong>quae</strong></span> <span class='ocrx_word' id='word_1_608' title='bbox 3080 3504 3346 3574; x_wconf 91' lang='lat' dir='ltr'><strong>agendum</strong></span> <span class='ocrx_word' id='word_1_609' title='bbox 3394 3518 3523 3559; x_wconf 89' lang='lat' dir='ltr'><strong>suos</strong></span> <span class='ocrx_word' id='word_1_610' title='bbox 3560 3520 3825 3577; x_wconf 85' lang='lat' dir='ltr'><strong>sequaces</strong></span> 
     </span>
    </p>
   </div>
   <div class='ocr_carea' id='block_1_80' title="bbox 2240 3590 3824 3665">
    <p class='ocr_par' dir='ltr' id='par_1_80' title="bbox 2240 3590 3824 3665">
     <span class='ocr_line' id='line_1_80' title="bbox 2240 3590 3824 3665; baseline -0.001 -17"><span class='ocrx_word' id='word_1_611' title='bbox 2240 3590 2518 3648; x_wconf 80' lang='lat' dir='ltr'><strong>informat.</strong></span> <span class='ocrx_word' id='word_1_612' title='bbox 2572 3594 2709 3648; x_wconf 78' lang='lat' dir='ltr'><strong>Ait:</strong></span> <span class='ocrx_word' id='word_1_613' title='bbox 2762 3593 2874 3665; x_wconf 87' lang='lat' dir='ltr'><strong>Ego</strong></span> <span class='ocrx_word' id='word_1_614' title='bbox 2916 3596 2991 3649; x_wconf 75' lang='lat' dir='ltr'><strong>sic</strong></span> <span class='ocrx_word' id='word_1_615' title='bbox 3038 3612 3213 3661; x_wconf 83' lang='lat' dir='ltr'><strong>curro,</strong></span> <span class='ocrx_word' id='word_1_616' title='bbox 3266 3611 3370 3649; x_wconf 84' lang='lat' dir='ltr'><strong>non</strong></span> <span class='ocrx_word' id='word_1_617' title='bbox 3398 3597 3552 3665; x_wconf 86' lang='lat' dir='ltr'><strong>quasi</strong></span> <span class='ocrx_word' id='word_1_618' title='bbox 3581 3597 3636 3649; x_wconf 87' lang='lat' dir='ltr'><strong>in</strong></span> <span class='ocrx_word' id='word_1_619' title='bbox 3663 3598 3824 3649; x_wconf 83' lang='lat' dir='ltr'><strong>incer-</strong></span> 
     </span>
    </p>
   </div>
   <div class='ocr_carea' id='block_1_81' title="bbox 2239 3684 3821 3754">
    <p class='ocr_par' dir='ltr' id='par_1_81' title="bbox 2239 3684 3821 3754">
     <span class='ocr_line' id='line_1_81' title="bbox 2239 3684 3821 3754; baseline 0 -17"><span class='ocrx_word' id='word_1_620' title='bbox 2239 3694 2388 3747; x_wconf 89' lang='lat' dir='ltr'><strong>tum;</strong></span> <span class='ocrx_word' id='word_1_621' title='bbox 2438 3685 2512 3738; x_wconf 78' lang='lat' dir='ltr'><strong>sic</strong></span> <span class='ocrx_word' id='word_1_622' title='bbox 2560 3699 2754 3754; x_wconf 83' lang='lat' dir='ltr'><strong>pugno,</strong></span> <span class='ocrx_word' id='word_1_623' title='bbox 2813 3700 2916 3738; x_wconf 86' lang='lat' dir='ltr'><strong>non</strong></span> <span class='ocrx_word' id='word_1_624' title='bbox 2956 3684 3108 3754; x_wconf 86' lang='lat' dir='ltr'><strong>quasi</strong></span> <span class='ocrx_word' id='word_1_625' title='bbox 3153 3700 3322 3738; x_wconf 84' lang='lat' dir='ltr'><strong>acrem</strong></span> <span class='ocrx_word' id='word_1_626' title='bbox 3370 3685 3646 3739; x_wconf 74' lang='lat' dir='ltr'><strong>verberans</strong></span> <span class='ocrx_word' id='word_1_627' title='bbox 3688 3684 3821 3738; x_wconf 81' lang='lat' dir='ltr'><strong>:sed</strong></span> 
     </span>
    </p>
   </div>
   <div class='ocr_carea' id='block_1_82' title="bbox 2236 3776 3822 3847">
    <p class='ocr_par' dir='ltr' id='par_1_82' title="bbox 2236 3776 3822 3847">
     <span class='ocr_line' id='line_1_82' title="bbox 2236 3776 3822 3847; baseline -0.001 -19"><span class='ocrx_word' id='word_1_628' title='bbox 2236 3776 2431 3845; x_wconf 87' lang='lat' dir='ltr'><strong>castigo</strong></span> <span class='ocrx_word' id='word_1_629' title='bbox 2477 3790 2664 3845; x_wconf 81' lang='lat' dir='ltr'><strong>corpus</strong></span> <span class='ocrx_word' id='word_1_630' title='bbox 2706 3790 2898 3839; x_wconf 87' lang='lat' dir='ltr'><strong>meum,</strong></span> <span class='ocrx_word' id='word_1_631' title='bbox 2949 3784 2997 3829; x_wconf 89' lang='lat' dir='ltr'><strong>et</strong></span> <span class='ocrx_word' id='word_1_632' title='bbox 3046 3776 3100 3829; x_wconf 87' lang='lat' dir='ltr'><strong>in</strong></span> <span class='ocrx_word' id='word_1_633' title='bbox 3153 3777 3451 3830; x_wconf 82' lang='lat' dir='ltr'><strong>servitutem</strong></span> <span class='ocrx_word' id='word_1_634' title='bbox 3500 3776 3703 3847; x_wconf 83' lang='lat' dir='ltr'><strong>redigo,</strong></span> <span class='ocrx_word' id='word_1_635' title='bbox 3761 3792 3822 3828; x_wconf 74' lang='lat' dir='ltr'><strong>ne</strong></span> 
     </span>
    </p>
   </div>
   <div class='ocr_carea' id='block_1_83' title="bbox 2236 3865 3818 3939">
    <p class='ocr_par' dir='ltr' id='par_1_83' title="bbox 2236 3865 3818 3939">
     <span class='ocr_line' id='line_1_83' title="bbox 2236 3865 3818 3939; baseline 0 -19"><span class='ocrx_word' id='word_1_636' title='bbox 2236 3866 2402 3935; x_wconf 79' lang='lat' dir='ltr'><strong>forte,</strong></span> <span class='ocrx_word' id='word_1_637' title='bbox 2447 3865 2567 3920; x_wconf 85' lang='lat' dir='ltr'><strong>aliis</strong></span> <span class='ocrx_word' id='word_1_638' title='bbox 2614 3867 2930 3935; x_wconf 68' lang='lat' dir='ltr'><strong>praedicans,</strong></span> <span class='ocrx_word' id='word_1_639' title='bbox 2978 3867 3087 3937; x_wconf 85' lang='lat' dir='ltr'><strong>ipse</strong></span> <span class='ocrx_word' id='word_1_640' title='bbox 3132 3868 3379 3938; x_wconf 85' lang='lat' dir='ltr'><strong>reprobus</strong></span> <span class='ocrx_word' id='word_1_641' title='bbox 3432 3869 3649 3939; x_wconf 70' lang='lat' dir='ltr'><strong>efﬁciar.</strong></span> <span class='ocrx_word' id='word_1_642' title='bbox 3689 3866 3818 3923; x_wconf 89' lang='lat' dir='ltr'><strong>Cum</strong></span> 
     </span>
    </p>
   </div>
   <div class='ocr_carea' id='block_1_84' title="bbox 2234 3956 3815 4030">
    <p class='ocr_par' dir='ltr' id='par_1_84' title="bbox 2234 3956 3815 4030">
     <span class='ocr_line' id='line_1_84' title="bbox 2234 3956 3815 4030; baseline 0 -19"><span class='ocrx_word' id='word_1_643' title='bbox 2234 3956 2416 4026; x_wconf 88' lang='lat' dir='ltr'><strong>itaque</strong></span> <span class='ocrx_word' id='word_1_644' title='bbox 2469 3965 2525 4013; x_wconf 87' lang='lat' dir='ltr'><strong>et</strong></span> <span class='ocrx_word' id='word_1_645' title='bbox 2586 3957 2822 4026; x_wconf 90' lang='lat' dir='ltr'><strong>seipsum</strong></span> <span class='ocrx_word' id='word_1_646' title='bbox 2876 3973 3098 4014; x_wconf 87' lang='lat' dir='ltr'><strong>currere</strong></span> <span class='ocrx_word' id='word_1_647' title='bbox 3154 3968 3209 4015; x_wconf 91' lang='lat' dir='ltr'><strong>et</strong></span> <span class='ocrx_word' id='word_1_648' title='bbox 3255 3973 3500 4030; x_wconf 85' lang='lat' dir='ltr'><strong>pugnare</strong></span> <span class='ocrx_word' id='word_1_649' title='bbox 3561 3959 3815 4021; x_wconf 84' lang='lat' dir='ltr'><strong>insinuat,</strong></span> 
     </span>
    </p>
   </div>
   <div class='ocr_carea' id='block_1_85' title="bbox 2232 4048 3818 4122">
    <p class='ocr_par' dir='ltr' id='par_1_85' title="bbox 2232 4048 3818 4122">
     <span class='ocr_line' id='line_1_85' title="bbox 2232 4048 3818 4122; baseline 0.001 -21"><span class='ocrx_word' id='word_1_650' title='bbox 2232 4048 2360 4118; x_wconf 92' lang='lat' dir='ltr'><strong>quid</strong></span> <span class='ocrx_word' id='word_1_651' title='bbox 2400 4048 2501 4102; x_wconf 91' lang='lat' dir='ltr'><strong>nisi</strong></span> <span class='ocrx_word' id='word_1_652' title='bbox 2528 4062 2586 4103; x_wconf 93' lang='lat' dir='ltr'><strong>se</strong></span> <span class='ocrx_word' id='word_1_653' title='bbox 2625 4062 2837 4118; x_wconf 89' lang='lat' dir='ltr'><strong>quoque</strong></span> <span class='ocrx_word' id='word_1_654' title='bbox 2879 4051 2945 4104; x_wconf 88' lang='lat' dir='ltr'><strong>ad</strong></span> <span class='ocrx_word' id='word_1_655' title='bbox 2985 4060 3199 4120; x_wconf 88' lang='lat' dir='ltr'><strong>portam</strong></span> <span class='ocrx_word' id='word_1_656' title='bbox 3247 4050 3480 4106; x_wconf 86' lang='lat' dir='ltr'><strong>ferream</strong></span> <span class='ocrx_word' id='word_1_657' title='bbox 3530 4066 3818 4122; x_wconf 86' lang='lat' dir='ltr'><strong>properare</strong></span> 
     </span>
    </p>
   </div>
   <div class='ocr_carea' id='block_1_86' title="bbox 2232 4139 3817 4212">
    <p class='ocr_par' dir='ltr' id='par_1_86' title="bbox 2232 4139 3817 4212">
     <span class='ocr_line' id='line_1_86' title="bbox 2232 4139 3817 4212; baseline -0.001 -18"><span class='ocrx_word' id='word_1_658' title='bbox 2232 4139 2603 4194; x_wconf 81' lang='lat' dir='ltr'><strong>demonstrat?</strong></span> <span class='ocrx_word' id='word_1_659' title='bbox 2650 4139 2794 4194; x_wconf 90' lang='lat' dir='ltr'><strong>Bene</strong></span> <span class='ocrx_word' id='word_1_660' title='bbox 2819 4153 2948 4211; x_wconf 89' lang='lat' dir='ltr'><strong>ergo</strong></span> <span class='ocrx_word' id='word_1_661' title='bbox 2989 4140 3056 4195; x_wconf 91' lang='lat' dir='ltr'><strong>de</strong></span> <span class='ocrx_word' id='word_1_662' title='bbox 3105 4140 3206 4195; x_wconf 87' lang='lat' dir='ltr'><strong>bac</strong></span> <span class='ocrx_word' id='word_1_663' title='bbox 3245 4149 3399 4212; x_wconf 88' lang='lat' dir='ltr'><strong>porta</strong></span> <span class='ocrx_word' id='word_1_664' title='bbox 3446 4140 3669 4206; x_wconf 88' lang='lat' dir='ltr'><strong>dicitur,</strong></span> <span class='ocrx_word' id='word_1_665' title='bbox 3702 4156 3817 4209; x_wconf 67' lang='lat' dir='ltr'><strong>quae</strong></span> 
     </span>
    </p>
   </div>
   <div class='ocr_carea' id='block_1_87' title="bbox 2231 4230 3812 4301">
    <p class='ocr_par' dir='ltr' id='par_1_87' title="bbox 2231 4230 3812 4301">
     <span class='ocr_line' id='line_1_87' title="bbox 2231 4230 3812 4301; baseline -0.001 -17"><span class='ocrx_word' id='word_1_666' title='bbox 2231 4230 2370 4287; x_wconf 86' lang='lat' dir='ltr'><strong>ultro</strong></span> <span class='ocrx_word' id='word_1_667' title='bbox 2404 4240 2586 4300; x_wconf 83' lang='lat' dir='ltr'><strong>aperta</strong></span> <span class='ocrx_word' id='word_1_668' title='bbox 2608 4240 2682 4285; x_wconf 87' lang='lat' dir='ltr'><strong>est</strong></span> <span class='ocrx_word' id='word_1_669' title='bbox 2713 4232 2820 4298; x_wconf 79' lang='lat' dir='ltr'><strong>eis;</strong></span> <span class='ocrx_word' id='word_1_670' title='bbox 2853 4231 2979 4301; x_wconf 89' lang='lat' dir='ltr'><strong>quia</strong></span> <span class='ocrx_word' id='word_1_671' title='bbox 3006 4232 3180 4287; x_wconf 86' lang='lat' dir='ltr'><strong>sancti</strong></span> <span class='ocrx_word' id='word_1_672' title='bbox 3213 4231 3601 4300; x_wconf 61' lang='lat' dir='ltr'><strong>praedicatores</strong></span> <span class='ocrx_word' id='word_1_673' title='bbox 3624 4231 3812 4291; x_wconf 87' lang='lat' dir='ltr'><strong>nostri,</strong></span> 
     </span>
    </p>
   </div>
   <div class='ocr_carea' id='block_1_88' title="bbox 2230 4321 3814 4393">
    <p class='ocr_par' dir='ltr' id='par_1_88' title="bbox 2230 4321 3814 4393">
     <span class='ocr_line' id='line_1_88' title="bbox 2230 4321 3814 4393; baseline -0.001 -19"><span class='ocrx_word' id='word_1_674' title='bbox 2230 4323 2321 4391; x_wconf 92' lang='lat' dir='ltr'><strong>qui</strong></span> <span class='ocrx_word' id='word_1_675' title='bbox 2350 4336 2449 4377; x_wconf 90' lang='lat' dir='ltr'><strong>nos</strong></span> <span class='ocrx_word' id='word_1_676' title='bbox 2475 4322 2542 4376; x_wconf 90' lang='lat' dir='ltr'><strong>de</strong></span> <span class='ocrx_word' id='word_1_677' title='bbox 2570 4336 2795 4377; x_wconf 86' lang='lat' dir='ltr'><strong>carcere</strong></span> <span class='ocrx_word' id='word_1_678' title='bbox 2836 4331 3185 4393; x_wconf 84' lang='lat' dir='ltr'><strong>peccatorum</strong></span> <span class='ocrx_word' id='word_1_679' title='bbox 3230 4321 3491 4387; x_wconf 89' lang='lat' dir='ltr'><strong>educunt,</strong></span> <span class='ocrx_word' id='word_1_680' title='bbox 3536 4322 3814 4377; x_wconf 87' lang='lat' dir='ltr'><strong>nobiscum</strong></span> 
     </span>
    </p>
   </div>
   <div class='ocr_carea' id='block_1_89' title="bbox 548 4405 3814 4482">
    <p class='ocr_par' dir='ltr' id='par_1_89' title="bbox 548 4405 3814 4482">
     <span class='ocr_line' id='line_1_89' title="bbox 548 4405 3814 4482; baseline -0 -19"><span class='ocrx_word' id='word_1_681' title='bbox 548 4409 791 4465; x_wconf 81' lang='lat' dir='ltr'><strong>tilitatem</strong></span> <span class='ocrx_word' id='word_1_682' title='bbox 845 4407 1100 4480; x_wconf 88' lang='lat' dir='ltr'><strong>angelicae</strong></span> <span class='ocrx_word' id='word_1_683' title='bbox 1149 4416 1359 4462; x_wconf 76' lang='lat' dir='ltr'><strong>naturae</strong></span> <span class='ocrx_word' id='word_1_684' title='bbox 1408 4406 1646 4472; x_wconf 87' lang='lat' dir='ltr'><strong>intravit,</strong></span> <span class='ocrx_word' id='word_1_685' title='bbox 1698 4407 1837 4461; x_wconf 91' lang='lat' dir='ltr'><strong>idem</strong></span> <span class='ocrx_word' id='word_1_686' title='bbox 1877 4405 2013 4477; x_wconf 91' lang='lat' dir='ltr'><strong>ipse,</strong></span> <span class='ocrx_word' id='word_1_687' title='bbox 2071 4415 2126 4462; x_wconf 91' lang='lat' dir='ltr'><strong>ut</strong></span> <span class='ocrx_word' id='word_1_688' title='bbox 2160 4419 2207 4477; x_wconf 78' lang='grc' dir='ltr'><strong>ι)</strong></span> <span class='ocrx_word' id='word_1_689' title='bbox 2233 4421 2439 4482; x_wconf 88' lang='lat' dir='ltr'><strong>portam</strong></span> <span class='ocrx_word' id='word_1_690' title='bbox 2470 4410 2700 4466; x_wconf 89' lang='lat' dir='ltr'><strong>ferream</strong></span> <span class='ocrx_word' id='word_1_691' title='bbox 2752 4410 2977 4478; x_wconf 89' lang='lat' dir='ltr'><strong>intrant,</strong></span> <span class='ocrx_word' id='word_1_692' title='bbox 3006 4427 3128 4467; x_wconf 91' lang='lat' dir='ltr'><strong>cum</strong></span> <span class='ocrx_word' id='word_1_693' title='bbox 3158 4411 3256 4481; x_wconf 89' lang='lat' dir='ltr'><strong>ipsi</strong></span> <span class='ocrx_word' id='word_1_694' title='bbox 3284 4426 3522 4481; x_wconf 87' lang='lat' dir='ltr'><strong>quoque,</strong></span> <span class='ocrx_word' id='word_1_695' title='bbox 3560 4423 3621 4464; x_wconf 91' lang='lat' dir='ltr'><strong>ut</strong></span> <span class='ocrx_word' id='word_1_696' title='bbox 3662 4411 3814 4464; x_wconf 76' lang='lat' dir='ltr'><strong>nobis</strong></span> 
     </span>
    </p>
   </div>
   <div class='ocr_carea' id='block_1_90' title="bbox 544 4496 2127 4569">
    <p class='ocr_par' dir='ltr' id='par_1_90' title="bbox 544 4496 2127 4569">
     <span class='ocr_line' id='line_1_90' title="bbox 544 4496 2127 4569; baseline -0.003 -13"><span class='ocrx_word' id='word_1_697' title='bbox 544 4515 667 4556; x_wconf 89' lang='lat' dir='ltr'><strong>eum</strong></span> <span class='ocrx_word' id='word_1_698' title='bbox 696 4500 971 4565; x_wconf 88' lang='lat' dir='ltr'><strong>educeret,</strong></span> <span class='ocrx_word' id='word_1_699' title='bbox 998 4514 1096 4569; x_wconf 92' lang='lat' dir='ltr'><strong>per</strong></span> <span class='ocrx_word' id='word_1_700' title='bbox 1128 4498 1383 4554; x_wconf 89' lang='lat' dir='ltr'><strong>virtutem</strong></span> <span class='ocrx_word' id='word_1_701' title='bbox 1410 4496 1623 4554; x_wconf 91' lang='lat' dir='ltr'><strong>Domini</strong></span> <span class='ocrx_word' id='word_1_702' title='bbox 1665 4496 1860 4552; x_wconf 90' lang='lat' dir='ltr'><strong>ostium</strong></span> <span class='ocrx_word' id='word_1_703' title='bbox 1892 4497 2127 4553; x_wconf 88' lang='lat' dir='ltr'><strong>carceris</strong></span> 
     </span>
    </p>
   </div>
   <div class='ocr_carea' id='block_1_91' title="bbox 542 4572 2126 4662">
    <p class='ocr_par' dir='ltr' id='par_1_91' title="bbox 542 4572 2126 4662">
     <span class='ocr_line' id='line_1_91' title="bbox 542 4572 2126 4662; baseline -0.004 -16"><span class='ocrx_word' id='word_1_704' title='bbox 542 4591 818 4662; x_wconf 80' lang='lat' dir='ltr'><strong>patefecit.</strong></span> <span class='ocrx_word' id='word_1_705' title='bbox 849 4589 954 4646; x_wconf 89' lang='lat' dir='ltr'><strong>Sed</strong></span> <span class='ocrx_word' id='word_1_706' title='bbox 998 4572 1237 4660; x_wconf 82' lang='lat' dir='ltr'><strong>quolibet</strong></span> <span class='ocrx_word' id='word_1_707' title='bbox 1281 4589 1441 4644; x_wconf 89' lang='lat' dir='ltr'><strong>modo</strong></span> <span class='ocrx_word' id='word_1_708' title='bbox 1486 4603 1608 4644; x_wconf 89' lang='lat' dir='ltr'><strong>eum</strong></span> <span class='ocrx_word' id='word_1_709' title='bbox 1639 4588 1906 4653; x_wconf 78' lang='lat' dir='ltr'><strong>eduxerit,</strong></span> <span class='ocrx_word' id='word_1_710' title='bbox 1933 4587 2126 4643; x_wconf 84' lang='lat' dir='ltr'><strong>viderit</strong></span> 
     </span>
    </p>
   </div>
   <div class='ocr_carea' id='block_1_92' title="bbox 545 4681 2120 4761">
    <p class='ocr_par' dir='ltr' id='par_1_92' title="bbox 545 4681 2120 4761">
     <span class='ocr_line' id='line_1_92' title="bbox 545 4681 2120 4761; baseline -0.004 -19"><span class='ocrx_word' id='word_1_711' title='bbox 545 4689 633 4744; x_wconf 89' lang='lat' dir='ltr'><strong>ille</strong></span> <span class='ocrx_word' id='word_1_712' title='bbox 657 4689 748 4761; x_wconf 91' lang='lat' dir='ltr'><strong>qui</strong></span> <span class='ocrx_word' id='word_1_713' title='bbox 777 4688 906 4745; x_wconf 88' lang='lat' dir='ltr'><strong>fecit</strong></span> <span class='ocrx_word' id='word_1_714' title='bbox 931 4703 947 4753; x_wconf 88' lang='lat'><strong>;</strong></span> <span class='ocrx_word' id='word_1_715' title='bbox 975 4702 1071 4742; x_wconf 91' lang='lat' dir='ltr'><strong>nos</strong></span> <span class='ocrx_word' id='word_1_716' title='bbox 1101 4686 1166 4741; x_wconf 90' lang='lat' dir='ltr'><strong>ad</strong></span> <span class='ocrx_word' id='word_1_717' title='bbox 1196 4683 1529 4757; x_wconf 88' lang='lat' dir='ltr'><strong>propositam</strong></span> <span class='ocrx_word' id='word_1_718' title='bbox 1561 4682 1844 4738; x_wconf 87' lang='lat' dir='ltr'><strong>redeamus</strong></span> <span class='ocrx_word' id='word_1_719' title='bbox 1869 4681 2120 4753; x_wconf 58' lang='lat' dir='ltr'><strong>quaestio-</strong></span> 
     </span>
    </p>
   </div>
   <div class='ocr_carea' id='block_1_93' title="bbox 545 4795 689 4835">
    <p class='ocr_par' dir='ltr' id='par_1_93' title="bbox 545 4795 689 4835">
     <span class='ocr_line' id='line_1_93' title="bbox 545 4795 689 4835; baseline 0.014 -2"><span class='ocrx_word' id='word_1_720' title='bbox 545 4795 689 4835; x_wconf 89' lang='lat' dir='ltr'><strong>nem.</strong></span> 
     </span>
    </p>
   </div>
   <div class='ocr_carea' id='block_1_94' title="bbox 611 4866 2120 4939">
    <p class='ocr_par' dir='ltr' id='par_1_94' title="bbox 611 4866 2120 4939">
     <span class='ocr_line' id='line_1_94' title="bbox 611 4866 2120 4939; baseline -0.004 -15"><span class='ocrx_word' id='word_1_721' title='bbox 611 4872 995 4939; x_wconf 74' lang='lat' dir='ltr'><strong>Quaerebamus</strong></span> <span class='ocrx_word' id='word_1_722' title='bbox 1024 4870 1169 4925; x_wconf 88' lang='lat' dir='ltr'><strong>enitn</strong></span> <span class='ocrx_word' id='word_1_723' title='bbox 1198 4885 1294 4923; x_wconf 89' lang='lat' dir='ltr'><strong>cur</strong></span> <span class='ocrx_word' id='word_1_724' title='bbox 1334 4869 1400 4923; x_wconf 90' lang='lat' dir='ltr'><strong>de</strong></span> <span class='ocrx_word' id='word_1_725' title='bbox 1432 4877 1582 4936; x_wconf 87' lang='lat' dir='ltr'><strong>porta</strong></span> <span class='ocrx_word' id='word_1_726' title='bbox 1614 4866 1894 4937; x_wconf 90' lang='lat' dir='ltr'><strong>pluraliter</strong></span> <span class='ocrx_word' id='word_1_727' title='bbox 1920 4866 2120 4921; x_wconf 90' lang='lat' dir='ltr'><strong>dictum</strong></span> 
     </span>
    </p>
   </div>
   <div class='ocr_carea' id='block_1_95' title="bbox 541 4950 2121 5035">
    <p class='ocr_par' dir='ltr' id='par_1_95' title="bbox 541 4950 2121 5035">
     <span class='ocr_line' id='line_1_95' title="bbox 541 4950 2121 5035; baseline -0.006 -18"><span class='ocrx_word' id='word_1_728' title='bbox 541 4963 645 5026; x_wconf 82' lang='lat' dir='ltr'><strong>sit,</strong></span> <span class='ocrx_word' id='word_1_729' title='bbox 677 4972 855 5033; x_wconf 75' lang='lat' dir='ltr'><strong>aperta</strong></span> <span class='ocrx_word' id='word_1_730' title='bbox 879 4971 952 5016; x_wconf 89' lang='lat' dir='ltr'><strong>est</strong></span> <span class='ocrx_word' id='word_1_731' title='bbox 981 4962 1079 5025; x_wconf 86' lang='lat' dir='ltr'><strong>eis,</strong></span> <span class='ocrx_word' id='word_1_732' title='bbox 1100 4969 1155 5015; x_wconf 89' lang='lat' dir='ltr'><strong>et</strong></span> <span class='ocrx_word' id='word_1_733' title='bbox 1192 4974 1300 5014; x_wconf 88' lang='lat' dir='ltr'><strong>non</strong></span> <span class='ocrx_word' id='word_1_734' title='bbox 1328 4950 1895 5035; x_wconf 58' lang='lat' dir='ltr'><strong>potins&#39;singtilariter,</strong></span> <span class='ocrx_word' id='word_1_735' title='bbox 1942 4965 2121 5023; x_wconf 89' lang='lat' dir='ltr'><strong>aperta</strong></span> 
     </span>
    </p>
   </div>
   <div class='ocr_carea' id='block_1_96' title="bbox 538 5042 2120 5122">
    <p class='ocr_par' dir='ltr' id='par_1_96' title="bbox 538 5042 2120 5122">
     <span class='ocr_line' id='line_1_96' title="bbox 538 5042 2120 5122; baseline -0.005 -16"><span class='ocrx_word' id='word_1_736' title='bbox 538 5061 615 5106; x_wconf 81' lang='lat' dir='ltr'><strong>est</strong></span> <span class='ocrx_word' id='word_1_737' title='bbox 636 5054 715 5116; x_wconf 86' lang='lat' dir='ltr'><strong>ei;</strong></span> <span class='ocrx_word' id='word_1_738' title='bbox 748 5067 869 5106; x_wconf 88' lang='lat' dir='ltr'><strong>eum</strong></span> <span class='ocrx_word' id='word_1_739' title='bbox 895 5051 1078 5122; x_wconf 89' lang='lat' dir='ltr'><strong>utique</strong></span> <span class='ocrx_word' id='word_1_740' title='bbox 1109 5065 1214 5106; x_wconf 92' lang='lat' dir='ltr'><strong>non</strong></span> <span class='ocrx_word' id='word_1_741' title='bbox 1251 5048 1460 5120; x_wconf 88' lang='lat' dir='ltr'><strong>angelo,</strong></span> <span class='ocrx_word' id='word_1_742' title='bbox 1490 5049 1584 5118; x_wconf 91' lang='lat' dir='ltr'><strong>qui</strong></span> <span class='ocrx_word' id='word_1_743' title='bbox 1620 5042 1842 5121; x_wconf 60' lang='lat' dir='ltr'><strong>spiritus</strong></span> <span class='ocrx_word' id='word_1_744' title='bbox 1863 5054 2000 5113; x_wconf 86' lang='lat' dir='ltr'><strong>erat,</strong></span> <span class='ocrx_word' id='word_1_745' title='bbox 2027 5045 2120 5100; x_wconf 82' lang='lat' dir='ltr'><strong>sed</strong></span> 
     </span>
    </p>
   </div>
   <div class='ocr_carea' id='block_1_97' title="bbox 544 5124 2119 5210">
    <p class='ocr_par' dir='ltr' id='par_1_97' title="bbox 544 5124 2119 5210">
     <span class='ocr_line' id='line_1_97' title="bbox 544 5124 2119 5210; baseline -0.004 -16"><span class='ocrx_word' id='word_1_746' title='bbox 544 5150 749 5195; x_wconf 90' lang='lat' dir='ltr'><strong>tantum</strong></span> <span class='ocrx_word' id='word_1_747' title='bbox 791 5141 975 5206; x_wconf 85' lang='lat' dir='ltr'><strong>Petro,</strong></span> <span class='ocrx_word' id='word_1_748' title='bbox 1011 5140 1102 5210; x_wconf 87' lang='lat' dir='ltr'><strong>qui</strong></span> <span class='ocrx_word' id='word_1_749' title='bbox 1142 5139 1311 5195; x_wconf 91' lang='lat' dir='ltr'><strong>solido</strong></span> <span class='ocrx_word' id='word_1_750' title='bbox 1350 5150 1579 5208; x_wconf 80' lang='lat' dir='ltr'><strong>corpore</strong></span> <span class='ocrx_word' id='word_1_751' title='bbox 1625 5124 1979 5192; x_wconf 78' lang='lat' dir='ltr'><strong>vestiebatur.</strong></span> <span class='ocrx_word' id='word_1_752' title='bbox 2027 5149 2119 5188; x_wconf 87' lang='lat' dir='ltr'><strong>nc-</strong></span> 
     </span>
    </p>
   </div>
   <div class='ocr_carea' id='block_1_98' title="bbox 2226 4502 3810 4573">
    <p class='ocr_par' dir='ltr' id='par_1_98' title="bbox 2226 4502 3810 4573">
     <span class='ocr_line' id='line_1_98' title="bbox 2226 4502 3810 4573; baseline -0.004 -15"><span class='ocrx_word' id='word_1_753' title='bbox 2226 4502 2531 4573; x_wconf 84' lang='lat' dir='ltr'><strong>cxemplum</strong></span> <span class='ocrx_word' id='word_1_754' title='bbox 2561 4503 2894 4573; x_wconf 66' lang='lat' dir='ltr'><strong>paenitentiae</strong></span> <span class='ocrx_word' id='word_1_755' title='bbox 2924 4502 3220 4572; x_wconf 82' lang='lat' dir='ltr'><strong>praebeant,</strong></span> <span class='ocrx_word' id='word_1_756' title='bbox 3247 4516 3469 4557; x_wconf 87' lang='lat' dir='ltr'><strong>carnem</strong></span> <span class='ocrx_word' id='word_1_757' title='bbox 3505 4516 3662 4558; x_wconf 88' lang='lat' dir='ltr'><strong>suam</strong></span> <span class='ocrx_word' id='word_1_758' title='bbox 3688 4516 3810 4557; x_wconf 82' lang='lat' dir='ltr'><strong>cum</strong></span> 
     </span>
    </p>
   </div>
   <div class='ocr_carea' id='block_1_99' title="bbox 2229 4589 3253 4662">
    <p class='ocr_par' dir='ltr' id='par_1_99' title="bbox 2229 4589 3253 4662">
     <span class='ocr_line' id='line_1_99' title="bbox 2229 4589 3253 4662; baseline 0 -18"><span class='ocrx_word' id='word_1_759' title='bbox 2229 4591 2373 4646; x_wconf 88' lang='lat' dir='ltr'><strong>vitiis</strong></span> <span class='ocrx_word' id='word_1_760' title='bbox 2402 4599 2457 4647; x_wconf 91' lang='lat' dir='ltr'><strong>et</strong></span> <span class='ocrx_word' id='word_1_761' title='bbox 2483 4590 2615 4646; x_wconf 89' lang='lat' dir='ltr'><strong>dura</strong></span> <span class='ocrx_word' id='word_1_762' title='bbox 2644 4589 2936 4646; x_wconf 70' lang='lat' dir='ltr'><strong>afﬂictione</strong></span> <span class='ocrx_word' id='word_1_763' title='bbox 2965 4591 3253 4662; x_wconf 87' lang='lat' dir='ltr'><strong>castigant.</strong></span> 
     </span>
    </p>
   </div>
   <div class='ocr_carea' id='block_1_100' title="bbox 2297 4678 3809 4750">
    <p class='ocr_par' dir='ltr' id='par_1_100' title="bbox 2297 4678 3809 4750">
     <span class='ocr_line' id='line_1_100' title="bbox 2297 4678 3809 4750; baseline -0.005 -16"><span class='ocrx_word' id='word_1_764' title='bbox 2297 4678 2414 4734; x_wconf 80' lang='lat' dir='ltr'><strong>XX.</strong></span> <span class='ocrx_word' id='word_1_765' title='bbox 2456 4679 2712 4748; x_wconf 85' lang='lat' dir='ltr'><strong>Sequitur</strong></span> <span class='ocrx_word' id='word_1_766' title='bbox 2752 4698 2765 4733; x_wconf 93' lang='lat'><strong>:</strong></span> <span class='ocrx_word' id='word_1_767' title='bbox 2812 4678 2878 4733; x_wconf 87' lang='lat' dir='ltr'><strong>Et</strong></span> <span class='ocrx_word' id='word_1_768' title='bbox 2929 4692 3174 4734; x_wconf 70' lang='lat' dir='ltr'><strong>exeuntes</strong></span> <span class='ocrx_word' id='word_1_769' title='bbox 3227 4688 3587 4750; x_wconf 80' lang='lat' dir='ltr'><strong>processerunt</strong></span> <span class='ocrx_word' id='word_1_770' title='bbox 3645 4681 3809 4733; x_wconf 74' lang='lat' dir='ltr'><strong>vicum</strong></span> 
     </span>
    </p>
   </div>
   <div class='ocr_carea' id='block_1_101' title="bbox 2224 4766 3809 4838">
    <p class='ocr_par' dir='ltr' id='par_1_101' title="bbox 2224 4766 3809 4838">
     <span class='ocr_line' id='line_1_101' title="bbox 2224 4766 3809 4838; baseline -0.003 -15"><span class='ocrx_word' id='word_1_771' title='bbox 2224 4786 2409 4835; x_wconf 85' lang='lat' dir='ltr'><strong>unum,</strong></span> <span class='ocrx_word' id='word_1_772' title='bbox 2443 4780 2490 4823; x_wconf 90' lang='lat' dir='ltr'><strong>et</strong></span> <span class='ocrx_word' id='word_1_773' title='bbox 2518 4768 2764 4823; x_wconf 84' lang='lat' dir='ltr'><strong>continuo</strong></span> <span class='ocrx_word' id='word_1_774' title='bbox 2792 4767 3028 4822; x_wconf 75' lang='lat' dir='ltr'><strong>discessit</strong></span> <span class='ocrx_word' id='word_1_775' title='bbox 3054 4766 3270 4838; x_wconf 81' lang='lat' dir='ltr'><strong>angelus</strong></span> <span class='ocrx_word' id='word_1_776' title='bbox 3299 4767 3364 4822; x_wconf 82' lang='lat' dir='ltr'><strong>ab</strong></span> <span class='ocrx_word' id='word_1_777' title='bbox 3410 4783 3490 4821; x_wconf 80' lang='lat' dir='ltr'><strong>eo.</strong></span> <span class='ocrx_word' id='word_1_778' title='bbox 3530 4767 3670 4835; x_wconf 84' lang='lat' dir='ltr'><strong>Quid</strong></span> <span class='ocrx_word' id='word_1_779' title='bbox 3712 4780 3809 4834; x_wconf 83' lang='lat' dir='ltr'><strong>per</strong></span> 
     </span>
    </p>
   </div>
   <div class='ocr_carea' id='block_1_102' title="bbox 2224 4852 3811 4925">
    <p class='ocr_par' dir='ltr' id='par_1_102' title="bbox 2224 4852 3811 4925">
     <span class='ocr_line' id='line_1_102' title="bbox 2224 4852 3811 4925; baseline -0.003 -12"><span class='ocrx_word' id='word_1_780' title='bbox 2224 4861 2400 4915; x_wconf 90' lang='lat' dir='ltr'><strong>vicum</strong></span> <span class='ocrx_word' id='word_1_781' title='bbox 2433 4872 2621 4924; x_wconf 88' lang='lat' dir='ltr'><strong>unum,</strong></span> <span class='ocrx_word' id='word_1_782' title='bbox 2654 4858 2755 4913; x_wconf 88' lang='lat' dir='ltr'><strong>nisi</strong></span> <span class='ocrx_word' id='word_1_783' title='bbox 2780 4872 2926 4912; x_wconf 88' lang='lat' dir='ltr'><strong>mors</strong></span> <span class='ocrx_word' id='word_1_784' title='bbox 2955 4858 3134 4911; x_wconf 84' lang='lat' dir='ltr'><strong>carnis</strong></span> <span class='ocrx_word' id='word_1_785' title='bbox 3163 4855 3460 4925; x_wconf 74' lang='lat' dir='ltr'><strong>accipitur?</strong></span> <span class='ocrx_word' id='word_1_786' title='bbox 3498 4852 3631 4923; x_wconf 73' lang='lat' dir='ltr'><strong>Quae</strong></span> <span class='ocrx_word' id='word_1_787' title='bbox 3657 4857 3811 4909; x_wconf 84' lang='lat' dir='ltr'><strong>vide-</strong></span> 
     </span>
    </p>
   </div>
   <div class='ocr_carea' id='block_1_103' title="bbox 2222 4944 3810 5014">
    <p class='ocr_par' dir='ltr' id='par_1_103' title="bbox 2222 4944 3810 5014">
     <span class='ocr_line' id='line_1_103' title="bbox 2222 4944 3810 5014; baseline -0.004 -10"><span class='ocrx_word' id='word_1_788' title='bbox 2222 4951 2350 5006; x_wconf 89' lang='lat' dir='ltr'><strong>licet</strong></span> <span class='ocrx_word' id='word_1_789' title='bbox 2376 4964 2523 5004; x_wconf 87' lang='lat' dir='ltr'><strong>mors</strong></span> <span class='ocrx_word' id='word_1_790' title='bbox 2552 4949 2756 5012; x_wconf 87' lang='lat' dir='ltr'><strong>carnis,</strong></span> <span class='ocrx_word' id='word_1_791' title='bbox 2788 4948 2923 5002; x_wconf 88' lang='lat' dir='ltr'><strong>bene</strong></span> <span class='ocrx_word' id='word_1_792' title='bbox 2948 4961 3054 5001; x_wconf 93' lang='lat' dir='ltr'><strong>non</strong></span> <span class='ocrx_word' id='word_1_793' title='bbox 3088 4946 3236 5001; x_wconf 87' lang='lat' dir='ltr'><strong>vicus</strong></span> <span class='ocrx_word' id='word_1_794' title='bbox 3265 4945 3504 5014; x_wconf 86' lang='lat' dir='ltr'><strong>quidem,</strong></span> <span class='ocrx_word' id='word_1_795' title='bbox 3535 4944 3631 4999; x_wconf 85' lang='lat' dir='ltr'><strong>sed</strong></span> <span class='ocrx_word' id='word_1_796' title='bbox 3661 4945 3810 4998; x_wconf 81' lang='lat' dir='ltr'><strong>vicus</strong></span> 
     </span>
    </p>
   </div>
   <div class='ocr_carea' id='block_1_104' title="bbox 2221 5034 3810 5107">
    <p class='ocr_par' dir='ltr' id='par_1_104' title="bbox 2221 5034 3810 5107">
     <span class='ocr_line' id='line_1_104' title="bbox 2221 5034 3810 5107; baseline -0.004 -15"><span class='ocrx_word' id='word_1_797' title='bbox 2221 5051 2360 5093; x_wconf 89' lang='lat' dir='ltr'><strong>unus</strong></span> <span class='ocrx_word' id='word_1_798' title='bbox 2380 5038 2596 5101; x_wconf 88' lang='lat' dir='ltr'><strong>dicitur,</strong></span> <span class='ocrx_word' id='word_1_799' title='bbox 2623 5038 2748 5107; x_wconf 86' lang='lat' dir='ltr'><strong>quia</strong></span> <span class='ocrx_word' id='word_1_800' title='bbox 2781 5051 2876 5106; x_wconf 90' lang='lat' dir='ltr'><strong>per</strong></span> <span class='ocrx_word' id='word_1_801' title='bbox 2902 5036 3072 5105; x_wconf 88' lang='lat' dir='ltr'><strong>ipsam</strong></span> <span class='ocrx_word' id='word_1_802' title='bbox 3099 5035 3239 5089; x_wconf 84' lang='lat' dir='ltr'><strong>viam</strong></span> <span class='ocrx_word' id='word_1_803' title='bbox 3272 5035 3597 5090; x_wconf 81' lang='lat' dir='ltr'><strong>universitas</strong></span> <span class='ocrx_word' id='word_1_804' title='bbox 3625 5034 3810 5089; x_wconf 72' lang='lat' dir='ltr'><strong>cannis</strong></span> 
     </span>
    </p>
   </div>
   <div class='ocr_carea' id='block_1_105' title="bbox 2224 5123 3809 5188">
    <p class='ocr_par' dir='ltr' id='par_1_105' title="bbox 2224 5123 3809 5188">
     <span class='ocr_line' id='line_1_105' title="bbox 2224 5123 3809 5188; baseline -0.003 -5"><span class='ocrx_word' id='word_1_805' title='bbox 2224 5128 2454 5183; x_wconf 88' lang='lat' dir='ltr'><strong>transire</strong></span> <span class='ocrx_word' id='word_1_806' title='bbox 2498 5125 2857 5184; x_wconf 83' lang='lat' dir='ltr'><strong>compellitur.</strong></span> <span class='ocrx_word' id='word_1_807' title='bbox 2914 5124 3069 5180; x_wconf 88' lang='lat' dir='ltr'><strong>Unde</strong></span> <span class='ocrx_word' id='word_1_808' title='bbox 3112 5133 3167 5178; x_wconf 91' lang='lat' dir='ltr'><strong>et</strong></span> <span class='ocrx_word' id='word_1_809' title='bbox 3221 5125 3280 5180; x_wconf 84' lang='lat' dir='ltr'><strong>in&#39;</strong></span> <span class='ocrx_word' id='word_1_810' title='bbox 3322 5123 3622 5188; x_wconf 86' lang='lat' dir='ltr'><strong>Scripturis</strong></span> <span class='ocrx_word' id='word_1_811' title='bbox 3660 5138 3809 5179; x_wconf 73' lang='lat' dir='ltr'><strong>mors</strong></span> 
     </span>
    </p>
   </div>
  </div>
