  <div class='ocr_page' id='page_1' title='image "/cluster/home/n/w/nwhite01/storage/ocr_20150623/141/hvd.32044015471790/158.png"; bbox 0 0 4018 6398; ppageno 0'>
   <div class='ocr_carea' id='block_1_1' title="bbox 122 405 235 462">
    <p class='ocr_par' dir='ltr' id='par_1_1' title="bbox 122 405 235 462">
     <span class='ocr_line' id='line_1_1' title="bbox 122 405 235 462; baseline 0 -2"><span class='ocrx_word' id='word_1_1' title='bbox 122 405 235 462; x_wconf 80' lang='grc'><strong>305</strong></span> 
     </span>
    </p>
   </div>
   <div class='ocr_carea' id='block_1_2' title="bbox 1221 403 2289 462">
    <p class='ocr_par' dir='ltr' id='par_1_2' title="bbox 1221 403 2289 462">
     <span class='ocr_line' id='line_1_2' title="bbox 1221 403 2289 462; baseline -0.001 -4"><span class='ocrx_word' id='word_1_2' title='bbox 1221 405 1637 462; x_wconf 68' lang='grc' dir='ltr'><strong>τιιΑαΤΑτυδ</strong></span> <span class='ocrx_word' id='word_1_3' title='bbox 1672 405 1947 460; x_wconf 66' lang='lat' dir='ltr'><strong>CONTRA</strong></span> <span class='ocrx_word' id='word_1_4' title='bbox 1986 403 2289 460; x_wconf 68' lang='lat' dir='ltr'><strong>JL&#39;D:E05.</strong></span> 
     </span>
    </p>
   </div>
   <div class='ocr_carea' id='block_1_3' title="bbox 3289 406 3392 460">
    <p class='ocr_par' dir='ltr' id='par_1_3' title="bbox 3289 406 3392 460">
     <span class='ocr_line' id='line_1_3' title="bbox 3289 406 3392 460; baseline -0.019 0"><span class='ocrx_word' id='word_1_5' title='bbox 3289 406 3392 460; x_wconf 79' lang='lat'><strong>306</strong></span> 
     </span>
    </p>
   </div>
   <div class='ocr_carea' id='block_1_4' title="bbox 123 521 3393 594">
    <p class='ocr_par' dir='ltr' id='par_1_4' title="bbox 123 521 3393 594">
     <span class='ocr_line' id='line_1_4' title="bbox 123 521 3393 594; baseline 0 -17"><span class='ocrx_word' id='word_1_6' title='bbox 123 524 228 586; x_wconf 87' lang='lat' dir='ltr'><strong>ita.</strong></span> <span class='ocrx_word' id='word_1_7' title='bbox 281 539 406 578; x_wconf 89' lang='lat' dir='ltr'><strong>eum</strong></span> <span class='ocrx_word' id='word_1_8' title='bbox 436 523 592 578; x_wconf 86' lang='lat' dir='ltr'><strong>nobis</strong></span> <span class='ocrx_word' id='word_1_9' title='bbox 627 537 788 591; x_wconf 85' lang='lat' dir='ltr'><strong>quem</strong></span> <span class='ocrx_word' id='word_1_10' title='bbox 816 521 1142 590; x_wconf 90' lang='lat' dir='ltr'><strong>promiserat</strong></span> <span class='ocrx_word' id='word_1_11' title='bbox 1178 533 1546 592; x_wconf 66' lang='lat' dir='ltr'><strong>repraasentet.</strong></span> <span class='ocrx_word' id='word_1_12' title='bbox 1579 522 1711 576; x_wconf 80' lang='lat' dir='ltr'><strong>Nam</strong></span> <span class='ocrx_word' id='word_1_13' title='bbox 1745 529 1786 582; x_wconf 80' lang='grc' dir='ltr'><strong>Α</strong></span> <span class='ocrx_word' id='word_1_14' title='bbox 1817 523 2042 576; x_wconf 75' lang='lat' dir='ltr'><strong>elatione</strong></span> <span class='ocrx_word' id='word_1_15' title='bbox 2069 522 2231 592; x_wconf 81' lang='lat' dir='ltr'><strong>plebis</strong></span> <span class='ocrx_word' id='word_1_16' title='bbox 2257 521 2570 576; x_wconf 81' lang='lat' dir='ltr'><strong>Judworum</strong></span> <span class='ocrx_word' id='word_1_17' title='bbox 2619 523 2904 592; x_wconf 84' lang='lat' dir='ltr'><strong>eripimur;</strong></span> <span class='ocrx_word' id='word_1_18' title='bbox 2939 524 3062 594; x_wconf 82' lang='lat' dir='ltr'><strong>quia</strong></span> <span class='ocrx_word' id='word_1_19' title='bbox 3115 526 3228 579; x_wconf 82' lang='lat' dir='ltr'><strong>sive</strong></span> <span class='ocrx_word' id='word_1_20' title='bbox 3279 529 3393 578; x_wconf 85' lang='lat' dir='ltr'><strong>ma-</strong></span> 
     </span>
    </p>
   </div>
   <div class='ocr_carea' id='block_1_5' title="bbox 116 611 1710 683">
    <p class='ocr_par' dir='ltr' id='par_1_5' title="bbox 116 611 1710 683">
     <span class='ocr_line' id='line_1_5' title="bbox 116 611 1710 683; baseline -0.002 -14"><span class='ocrx_word' id='word_1_21' title='bbox 116 629 367 683; x_wconf 78' lang='lat' dir='ltr'><strong>eonsqne</strong></span> <span class='ocrx_word' id='word_1_22' title='bbox 398 629 619 670; x_wconf 87' lang='lat' dir='ltr'><strong>necesse</strong></span> <span class='ocrx_word' id='word_1_23' title='bbox 646 622 730 667; x_wconf 83' lang='lat' dir='ltr'><strong>est</strong></span> <span class='ocrx_word' id='word_1_24' title='bbox 757 621 815 666; x_wconf 91' lang='lat' dir='ltr'><strong>ut</strong></span> <span class='ocrx_word' id='word_1_25' title='bbox 841 611 1118 666; x_wconf 87' lang='lat' dir='ltr'><strong>nobiscum</strong></span> <span class='ocrx_word' id='word_1_26' title='bbox 1148 622 1368 683; x_wconf 87' lang='lat' dir='ltr'><strong>pergat;</strong></span> <span class='ocrx_word' id='word_1_27' title='bbox 1400 613 1523 681; x_wconf 85' lang='lat' dir='ltr'><strong>quia</strong></span> <span class='ocrx_word' id='word_1_28' title='bbox 1545 613 1710 667; x_wconf 90' lang='lat' dir='ltr'><strong>etiam</strong></span> 
     </span>
    </p>
   </div>
   <div class='ocr_carea' id='block_1_6' title="bbox 115 704 1709 776">
    <p class='ocr_par' dir='ltr' id='par_1_6' title="bbox 115 704 1709 776">
     <span class='ocr_line' id='line_1_6' title="bbox 115 704 1709 776; baseline -0.001 -16"><span class='ocrx_word' id='word_1_29' title='bbox 115 706 327 776; x_wconf 66' lang='lat' dir='ltr'><strong>egressi</strong></span> <span class='ocrx_word' id='word_1_30' title='bbox 359 705 426 760; x_wconf 88' lang='lat' dir='ltr'><strong>de</strong></span> <span class='ocrx_word' id='word_1_31' title='bbox 454 719 676 761; x_wconf 81' lang='lat' dir='ltr'><strong>carcere</strong></span> <span class='ocrx_word' id='word_1_32' title='bbox 707 705 867 759; x_wconf 91' lang='lat' dir='ltr'><strong>citius</strong></span> <span class='ocrx_word' id='word_1_33' title='bbox 909 719 1236 769; x_wconf 78' lang='lat' dir='ltr'><strong>erraremus,</strong></span> <span class='ocrx_word' id='word_1_34' title='bbox 1289 705 1390 759; x_wconf 84' lang='lat' dir='ltr'><strong>nisl</strong></span> <span class='ocrx_word' id='word_1_35' title='bbox 1439 719 1534 774; x_wconf 85' lang='lat' dir='ltr'><strong>per</strong></span> <span class='ocrx_word' id='word_1_36' title='bbox 1562 704 1709 758; x_wconf 90' lang='lat' dir='ltr'><strong>illum</strong></span> 
     </span>
    </p>
   </div>
   <div class='ocr_carea' id='block_1_7' title="bbox 116 794 1706 867">
    <p class='ocr_par' dir='ltr' id='par_1_7' title="bbox 116 794 1706 867">
     <span class='ocr_line' id='line_1_7' title="bbox 116 794 1706 867; baseline -0.002 -16"><span class='ocrx_word' id='word_1_37' title='bbox 116 797 280 851; x_wconf 83' lang='lat' dir='ltr'><strong>nobis</strong></span> <span class='ocrx_word' id='word_1_38' title='bbox 346 797 453 850; x_wconf 90' lang='lat' dir='ltr'><strong>iter</strong></span> <span class='ocrx_word' id='word_1_39' title='bbox 502 810 610 865; x_wconf 87' lang='lat' dir='ltr'><strong>quo</strong></span> <span class='ocrx_word' id='word_1_40' title='bbox 655 795 978 850; x_wconf 83' lang='lat' dir='ltr'><strong>deberemus</strong></span> <span class='ocrx_word' id='word_1_41' title='bbox 1025 794 1233 867; x_wconf 78' lang='lat' dir='ltr'><strong>ingredi</strong></span> <span class='ocrx_word' id='word_1_42' title='bbox 1298 803 1706 849; x_wconf 83' lang='lat' dir='ltr'><strong>monstraretur.</strong></span> 
     </span>
    </p>
   </div>
   <div class='ocr_carea' id='block_1_8' title="bbox 112 886 1706 955">
    <p class='ocr_par' dir='ltr' id='par_1_8' title="bbox 112 886 1706 955">
     <span class='ocr_line' id='line_1_8' title="bbox 112 886 1706 955; baseline -0.001 -15"><span class='ocrx_word' id='word_1_43' title='bbox 112 887 254 940; x_wconf 81' lang='lat' dir='ltr'><strong>Cum</strong></span> <span class='ocrx_word' id='word_1_44' title='bbox 285 897 472 941; x_wconf 88' lang='lat' dir='ltr'><strong>autem</strong></span> <span class='ocrx_word' id='word_1_45' title='bbox 503 887 682 940; x_wconf 91' lang='lat' dir='ltr'><strong>vicum</strong></span> <span class='ocrx_word' id='word_1_46' title='bbox 723 902 886 940; x_wconf 90' lang='lat' dir='ltr'><strong>unum</strong></span> <span class='ocrx_word' id='word_1_47' title='bbox 927 886 1288 955; x_wconf 87' lang='lat' dir='ltr'><strong>procedimus,</strong></span> <span class='ocrx_word' id='word_1_48' title='bbox 1330 887 1586 941; x_wconf 90' lang='lat' dir='ltr'><strong>continuo</strong></span> <span class='ocrx_word' id='word_1_49' title='bbox 1612 902 1706 940; x_wconf 87' lang='lat' dir='ltr'><strong>an-</strong></span> 
     </span>
    </p>
   </div>
   <div class='ocr_carea' id='block_1_9' title="bbox 111 975 1709 1048">
    <p class='ocr_par' dir='ltr' id='par_1_9' title="bbox 111 975 1709 1048">
     <span class='ocr_line' id='line_1_9' title="bbox 111 975 1709 1048; baseline 0.001 -19"><span class='ocrx_word' id='word_1_50' title='bbox 111 977 276 1045; x_wconf 70' lang='lat' dir='ltr'><strong>gelus</strong></span> <span class='ocrx_word' id='word_1_51' title='bbox 299 992 332 1032; x_wconf 82' lang='lat' dir='ltr'><strong>a</strong></span> <span class='ocrx_word' id='word_1_52' title='bbox 361 977 519 1033; x_wconf 87' lang='lat' dir='ltr'><strong>nobis</strong></span> <span class='ocrx_word' id='word_1_53' title='bbox 543 977 798 1042; x_wconf 85' lang='lat' dir='ltr'><strong>discedit;</strong></span> <span class='ocrx_word' id='word_1_54' title='bbox 824 976 950 1046; x_wconf 84' lang='lat' dir='ltr'><strong>quia</strong></span> <span class='ocrx_word' id='word_1_55' title='bbox 979 991 1099 1033; x_wconf 91' lang='lat' dir='ltr'><strong>cum</strong></span> <span class='ocrx_word' id='word_1_56' title='bbox 1125 977 1239 1046; x_wconf 93' lang='lat' dir='ltr'><strong>ipso</strong></span> <span class='ocrx_word' id='word_1_57' title='bbox 1261 975 1353 1048; x_wconf 86' lang='lat' dir='ltr'><strong>[an</strong></span> <span class='ocrx_word' id='word_1_58' title='bbox 1375 976 1592 1048; x_wconf 90' lang='lat' dir='ltr'><strong>ipsum],</strong></span> <span class='ocrx_word' id='word_1_59' title='bbox 1617 978 1709 1047; x_wconf 85' lang='lat' dir='ltr'><strong>qui</strong></span> 
     </span>
    </p>
   </div>
   <div class='ocr_carea' id='block_1_10' title="bbox 113 1066 1708 1136">
    <p class='ocr_par' dir='ltr' id='par_1_10' title="bbox 113 1066 1708 1136">
     <span class='ocr_line' id='line_1_10' title="bbox 113 1066 1708 1136; baseline 0.003 -18"><span class='ocrx_word' id='word_1_60' title='bbox 113 1069 226 1131; x_wconf 79' lang='lat' dir='ltr'><strong>via,</strong></span> <span class='ocrx_word' id='word_1_61' title='bbox 267 1069 494 1132; x_wconf 85' lang='lat' dir='ltr'><strong>veritas,</strong></span> <span class='ocrx_word' id='word_1_62' title='bbox 531 1076 585 1122; x_wconf 88' lang='lat' dir='ltr'><strong>et</strong></span> <span class='ocrx_word' id='word_1_63' title='bbox 607 1068 716 1122; x_wconf 90' lang='lat' dir='ltr'><strong>vita</strong></span> <span class='ocrx_word' id='word_1_64' title='bbox 747 1078 852 1133; x_wconf 79' lang='lat' dir='ltr'><strong>est,</strong></span> <span class='ocrx_word' id='word_1_65' title='bbox 875 1068 1132 1134; x_wconf 88' lang='lat' dir='ltr'><strong>vidimus,</strong></span> <span class='ocrx_word' id='word_1_66' title='bbox 1171 1066 1283 1136; x_wconf 84' lang='lat' dir='ltr'><strong>jam</strong></span> <span class='ocrx_word' id='word_1_67' title='bbox 1311 1068 1538 1124; x_wconf 88' lang='lat' dir='ltr'><strong>ductore</strong></span> <span class='ocrx_word' id='word_1_68' title='bbox 1570 1068 1708 1123; x_wconf 87' lang='lat' dir='ltr'><strong>ulte-</strong></span> 
     </span>
    </p>
   </div>
   <div class='ocr_carea' id='block_1_11' title="bbox 112 1174 653 1230">
    <p class='ocr_par' dir='ltr' id='par_1_11' title="bbox 112 1174 653 1230">
     <span class='ocr_line' id='line_1_11' title="bbox 112 1174 653 1230; baseline 0.007 -19"><span class='ocrx_word' id='word_1_69' title='bbox 112 1174 142 1211; x_wconf 90' lang='lat' dir='ltr'><strong>r</strong></span> <span class='ocrx_word' id='word_1_70' title='bbox 163 1175 230 1213; x_wconf 87' lang='lat' dir='ltr'><strong>us</strong></span> <span class='ocrx_word' id='word_1_71' title='bbox 265 1175 375 1216; x_wconf 89' lang='lat' dir='ltr'><strong>non</strong></span> <span class='ocrx_word' id='word_1_72' title='bbox 409 1175 653 1230; x_wconf 88' lang='lat' dir='ltr'><strong>egemus.</strong></span> 
     </span>
    </p>
   </div>
   <div class='ocr_carea' id='block_1_12' title="bbox 187 1250 1706 1322">
    <p class='ocr_par' dir='ltr' id='par_1_12' title="bbox 187 1250 1706 1322">
     <span class='ocr_line' id='line_1_12' title="bbox 187 1250 1706 1322; baseline 0.001 -18"><span class='ocrx_word' id='word_1_73' title='bbox 187 1250 335 1305; x_wconf 74' lang='lat' dir='ltr'><strong>XXI.</strong></span> <span class='ocrx_word' id='word_1_74' title='bbox 371 1251 667 1322; x_wconf 83' lang='lat' dir='ltr'><strong>Sequitur:</strong></span> <span class='ocrx_word' id='word_1_75' title='bbox 711 1250 778 1304; x_wconf 88' lang='lat' dir='ltr'><strong>Et</strong></span> <span class='ocrx_word' id='word_1_76' title='bbox 815 1250 1004 1307; x_wconf 80' lang='lat' dir='ltr'><strong>Petrus</strong></span> <span class='ocrx_word' id='word_1_77' title='bbox 1039 1254 1108 1307; x_wconf 86' lang='lat' dir='ltr'><strong>ad</strong></span> <span class='ocrx_word' id='word_1_78' title='bbox 1159 1270 1214 1308; x_wconf 91' lang='lat' dir='ltr'><strong>se</strong></span> <span class='ocrx_word' id='word_1_79' title='bbox 1255 1269 1486 1309; x_wconf 77' lang='lat' dir='ltr'><strong>reversus</strong></span> <span class='ocrx_word' id='word_1_80' title='bbox 1531 1254 1706 1308; x_wconf 77' lang='lat' dir='ltr'><strong>dixit:</strong></span> 
     </span>
    </p>
   </div>
   <div class='ocr_carea' id='block_1_13' title="bbox 116 1337 1706 1416">
    <p class='ocr_par' dir='ltr' id='par_1_13' title="bbox 116 1337 1706 1416">
     <span class='ocr_line' id='line_1_13' title="bbox 116 1337 1706 1416; baseline 0.004 -24"><span class='ocrx_word' id='word_1_81' title='bbox 116 1337 283 1395; x_wconf 69' lang='lat' dir='ltr'><strong>Nune</strong></span> <span class='ocrx_word' id='word_1_82' title='bbox 329 1343 442 1395; x_wconf 82' lang='lat' dir='ltr'><strong>scio</strong></span> <span class='ocrx_word' id='word_1_83' title='bbox 477 1359 594 1398; x_wconf 75' lang='lat' dir='ltr'><strong>vere</strong></span> <span class='ocrx_word' id='word_1_84' title='bbox 618 1345 744 1414; x_wconf 83' lang='lat' dir='ltr'><strong>quia</strong></span> <span class='ocrx_word' id='word_1_85' title='bbox 774 1345 915 1399; x_wconf 83' lang='lat' dir='ltr'><strong>misit</strong></span> <span class='ocrx_word' id='word_1_86' title='bbox 945 1345 1201 1399; x_wconf 80' lang='lat' dir='ltr'><strong>Dominus</strong></span> <span class='ocrx_word' id='word_1_87' title='bbox 1246 1345 1490 1416; x_wconf 83' lang='lat' dir='ltr'><strong>angelum</strong></span> <span class='ocrx_word' id='word_1_88' title='bbox 1533 1363 1706 1412; x_wconf 84' lang='lat' dir='ltr'><strong>suum,</strong></span> 
     </span>
    </p>
   </div>
   <div class='ocr_carea' id='block_1_14' title="bbox 112 1432 1710 1507">
    <p class='ocr_par' dir='ltr' id='par_1_14' title="bbox 112 1432 1710 1507">
     <span class='ocr_line' id='line_1_14' title="bbox 112 1432 1710 1507; baseline 0.007 -25"><span class='ocrx_word' id='word_1_89' title='bbox 112 1442 158 1482; x_wconf 72' lang='lat' dir='ltr'><strong>ei</strong></span> <span class='ocrx_word' id='word_1_90' title='bbox 199 1432 398 1500; x_wconf 67' lang='lat' dir='ltr'><strong>eripuit</strong></span> <span class='ocrx_word' id='word_1_91' title='bbox 437 1448 518 1488; x_wconf 87' lang='lat' dir='ltr'><strong>me</strong></span> <span class='ocrx_word' id='word_1_92' title='bbox 563 1435 626 1488; x_wconf 85' lang='lat' dir='ltr'><strong>de</strong></span> <span class='ocrx_word' id='word_1_93' title='bbox 663 1451 826 1488; x_wconf 87' lang='lat' dir='ltr'><strong>manu</strong></span> <span class='ocrx_word' id='word_1_94' title='bbox 857 1433 1108 1501; x_wconf 82' lang='lat' dir='ltr'><strong>Herodis,</strong></span> <span class='ocrx_word' id='word_1_95' title='bbox 1155 1446 1202 1491; x_wconf 91' lang='lat' dir='ltr'><strong>et</strong></span> <span class='ocrx_word' id='word_1_96' title='bbox 1241 1437 1308 1491; x_wconf 94' lang='lat' dir='ltr'><strong>de</strong></span> <span class='ocrx_word' id='word_1_97' title='bbox 1352 1437 1493 1491; x_wconf 87' lang='lat' dir='ltr'><strong>omni</strong></span> <span class='ocrx_word' id='word_1_98' title='bbox 1531 1455 1710 1507; x_wconf 73' lang='lat' dir='ltr'><strong>exspe—</strong></span> 
     </span>
    </p>
   </div>
   <div class='ocr_carea' id='block_1_15' title="bbox 111 1524 1707 1602">
    <p class='ocr_par' dir='ltr' id='par_1_15' title="bbox 111 1524 1707 1602">
     <span class='ocr_line' id='line_1_15' title="bbox 111 1524 1707 1602; baseline 0.008 -26"><span class='ocrx_word' id='word_1_99' title='bbox 111 1524 348 1578; x_wconf 78' lang='lat' dir='ltr'><strong>ctatione</strong></span> <span class='ocrx_word' id='word_1_100' title='bbox 383 1525 547 1593; x_wconf 78' lang='lat' dir='ltr'><strong>plebis</strong></span> <span class='ocrx_word' id='word_1_101' title='bbox 573 1526 908 1583; x_wconf 70' lang='lat' dir='ltr'><strong>Inda-orum.</strong></span> <span class='ocrx_word' id='word_1_102' title='bbox 937 1528 1098 1584; x_wconf 79' lang='lat' dir='ltr'><strong>Juxta</strong></span> <span class='ocrx_word' id='word_1_103' title='bbox 1123 1530 1360 1586; x_wconf 89' lang='lat' dir='ltr'><strong>litteram</strong></span> <span class='ocrx_word' id='word_1_104' title='bbox 1389 1541 1538 1602; x_wconf 91' lang='lat' dir='ltr'><strong>patet</strong></span> <span class='ocrx_word' id='word_1_105' title='bbox 1588 1549 1707 1589; x_wconf 82' lang='lat' dir='ltr'><strong>sen-</strong></span> 
     </span>
    </p>
   </div>
   <div class='ocr_carea' id='block_1_16' title="bbox 112 1615 1710 1694">
    <p class='ocr_par' dir='ltr' id='par_1_16' title="bbox 112 1615 1710 1694">
     <span class='ocr_line' id='line_1_16' title="bbox 112 1615 1710 1694; baseline 0.009 -29"><span class='ocrx_word' id='word_1_106' title='bbox 112 1628 212 1671; x_wconf 84' lang='lat' dir='ltr'><strong>sus</strong></span> <span class='ocrx_word' id='word_1_107' title='bbox 242 1615 375 1683; x_wconf 85' lang='lat' dir='ltr'><strong>quia</strong></span> <span class='ocrx_word' id='word_1_108' title='bbox 407 1615 601 1672; x_wconf 88' lang='lat' dir='ltr'><strong>Petrus</strong></span> <span class='ocrx_word' id='word_1_109' title='bbox 628 1619 698 1674; x_wconf 88' lang='lat' dir='ltr'><strong>ab</strong></span> <span class='ocrx_word' id='word_1_110' title='bbox 724 1617 816 1674; x_wconf 90' lang='lat' dir='ltr'><strong>illo</strong></span> <span class='ocrx_word' id='word_1_111' title='bbox 845 1620 1044 1674; x_wconf 89' lang='lat' dir='ltr'><strong>mentis</strong></span> <span class='ocrx_word' id='word_1_112' title='bbox 1072 1635 1298 1678; x_wconf 82' lang='lat' dir='ltr'><strong>excessu</strong></span> <span class='ocrx_word' id='word_1_113' title='bbox 1327 1623 1380 1677; x_wconf 93' lang='lat' dir='ltr'><strong>in</strong></span> <span class='ocrx_word' id='word_1_114' title='bbox 1417 1637 1577 1694; x_wconf 90' lang='lat' dir='ltr'><strong>quem</strong></span> <span class='ocrx_word' id='word_1_115' title='bbox 1601 1639 1710 1694; x_wconf 70' lang='lat' dir='ltr'><strong>pra:</strong></span> 
     </span>
    </p>
   </div>
   <div class='ocr_carea' id='block_1_17' title="bbox 110 1706 1708 1784">
    <p class='ocr_par' dir='ltr' id='par_1_17' title="bbox 110 1706 1708 1784">
     <span class='ocr_line' id='line_1_17' title="bbox 110 1706 1708 1784; baseline 0.007 -27"><span class='ocrx_word' id='word_1_116' title='bbox 110 1706 316 1775; x_wconf 83' lang='lat' dir='ltr'><strong>gaudio</strong></span> <span class='ocrx_word' id='word_1_117' title='bbox 345 1720 510 1776; x_wconf 87' lang='lat' dir='ltr'><strong>super</strong></span> <span class='ocrx_word' id='word_1_118' title='bbox 558 1723 618 1764; x_wconf 90' lang='lat' dir='ltr'><strong>se</strong></span> <span class='ocrx_word' id='word_1_119' title='bbox 672 1717 858 1779; x_wconf 89' lang='lat' dir='ltr'><strong>raptus</strong></span> <span class='ocrx_word' id='word_1_120' title='bbox 907 1709 1108 1776; x_wconf 79' lang='lat' dir='ltr'><strong>fuerat,</strong></span> <span class='ocrx_word' id='word_1_121' title='bbox 1142 1712 1208 1768; x_wconf 90' lang='lat' dir='ltr'><strong>ad</strong></span> <span class='ocrx_word' id='word_1_122' title='bbox 1264 1714 1365 1768; x_wconf 93' lang='lat' dir='ltr'><strong>hoc</strong></span> <span class='ocrx_word' id='word_1_123' title='bbox 1393 1713 1533 1769; x_wconf 88' lang='lat' dir='ltr'><strong>redit</strong></span> <span class='ocrx_word' id='word_1_124' title='bbox 1566 1715 1708 1784; x_wconf 90' lang='lat' dir='ltr'><strong>quod</strong></span> 
     </span>
    </p>
   </div>
   <div class='ocr_carea' id='block_1_18' title="bbox 114 1793 1758 1874">
    <p class='ocr_par' dir='ltr' id='par_1_18' title="bbox 114 1793 1758 1874">
     <span class='ocr_line' id='line_1_18' title="bbox 114 1793 1758 1874; baseline 0.009 -27"><span class='ocrx_word' id='word_1_125' title='bbox 114 1793 398 1850; x_wconf 86' lang='lat' dir='ltr'><strong>intellectu</strong></span> <span class='ocrx_word' id='word_1_126' title='bbox 436 1799 708 1853; x_wconf 89' lang='lat' dir='ltr'><strong>communi</strong></span> <span class='ocrx_word' id='word_1_127' title='bbox 746 1807 802 1854; x_wconf 92' lang='lat' dir='ltr'><strong>et</strong></span> <span class='ocrx_word' id='word_1_128' title='bbox 832 1799 982 1870; x_wconf 88' lang='lat' dir='ltr'><strong>prius</strong></span> <span class='ocrx_word' id='word_1_129' title='bbox 1028 1799 1146 1856; x_wconf 80' lang='lat' dir='ltr'><strong>fuit.</strong></span> <span class='ocrx_word' id='word_1_130' title='bbox 1195 1801 1301 1858; x_wconf 89' lang='lat' dir='ltr'><strong>Sed</strong></span> <span class='ocrx_word' id='word_1_131' title='bbox 1348 1804 1416 1871; x_wconf 91' lang='lat' dir='ltr'><strong>si,</strong></span> <span class='ocrx_word' id='word_1_132' title='bbox 1450 1806 1710 1874; x_wconf 82' lang='lat' dir='ltr'><strong>quemad-</strong></span> <span class='ocrx_word' id='word_1_133' title='bbox 1750 1851 1758 1874; x_wconf 74' lang='lat'>,</span> 
     </span>
    </p>
   </div>
   <div class='ocr_carea' id='block_1_19' title="bbox 1814 613 3389 685">
    <p class='ocr_par' dir='ltr' id='par_1_19' title="bbox 1814 613 3389 685">
     <span class='ocr_line' id='line_1_19' title="bbox 1814 613 3389 685; baseline 0.003 -19"><span class='ocrx_word' id='word_1_134' title='bbox 1814 613 1939 684; x_wconf 81' lang='lat' dir='ltr'><strong>ligni</strong></span> <span class='ocrx_word' id='word_1_135' title='bbox 1971 613 2211 683; x_wconf 85' lang='lat' dir='ltr'><strong>spiritus,</strong></span> <span class='ocrx_word' id='word_1_136' title='bbox 2251 614 2364 668; x_wconf 83' lang='lat' dir='ltr'><strong>sive</strong></span> <span class='ocrx_word' id='word_1_137' title='bbox 2412 614 2655 684; x_wconf 77' lang='lat' dir='ltr'><strong>perversi</strong></span> <span class='ocrx_word' id='word_1_138' title='bbox 2695 615 2961 682; x_wconf 84' lang='lat' dir='ltr'><strong>homines,</strong></span> <span class='ocrx_word' id='word_1_139' title='bbox 2994 614 3087 685; x_wconf 91' lang='lat' dir='ltr'><strong>qui</strong></span> <span class='ocrx_word' id='word_1_140' title='bbox 3125 616 3389 671; x_wconf 91' lang='lat' dir='ltr'><strong>bonorum</strong></span> 
     </span>
    </p>
   </div>
   <div class='ocr_carea' id='block_1_20' title="bbox 1813 705 3394 776">
    <p class='ocr_par' dir='ltr' id='par_1_20' title="bbox 1813 705 3394 776">
     <span class='ocr_line' id='line_1_20' title="bbox 1813 705 3394 776; baseline 0.001 -17"><span class='ocrx_word' id='word_1_141' title='bbox 1813 705 2156 761; x_wconf 84' lang='lat' dir='ltr'><strong>alﬂictionem</strong></span> <span class='ocrx_word' id='word_1_142' title='bbox 2207 706 2478 760; x_wconf 88' lang='lat' dir='ltr'><strong>inhianter</strong></span> <span class='ocrx_word' id='word_1_143' title='bbox 2523 714 2880 776; x_wconf 76' lang='lat' dir='ltr'><strong>exspectant,</strong></span> <span class='ocrx_word' id='word_1_144' title='bbox 2935 705 3132 762; x_wconf 89' lang='lat' dir='ltr'><strong>nostris</strong></span> <span class='ocrx_word' id='word_1_145' title='bbox 3179 707 3394 760; x_wconf 86' lang='lat' dir='ltr'><strong>casibus</strong></span> 
     </span>
    </p>
   </div>
   <div class='ocr_carea' id='block_1_21' title="bbox 1807 795 3395 866">
    <p class='ocr_par' dir='ltr' id='par_1_21' title="bbox 1807 795 3395 866">
     <span class='ocr_line' id='line_1_21' title="bbox 1807 795 3395 866; baseline 0 -16"><span class='ocrx_word' id='word_1_146' title='bbox 1807 796 1920 866; x_wconf 82' lang='lat' dir='ltr'><strong>jam</strong></span> <span class='ocrx_word' id='word_1_147' title='bbox 1973 797 2226 866; x_wconf 83' lang='lat' dir='ltr'><strong>deinceps</strong></span> <span class='ocrx_word' id='word_1_148' title='bbox 2262 813 2370 850; x_wconf 90' lang='lat' dir='ltr'><strong>non</strong></span> <span class='ocrx_word' id='word_1_149' title='bbox 2405 795 2684 851; x_wconf 89' lang='lat' dir='ltr'><strong>insultant.</strong></span> <span class='ocrx_word' id='word_1_150' title='bbox 2737 796 2847 851; x_wconf 87' lang='lat' dir='ltr'><strong>Nec</strong></span> <span class='ocrx_word' id='word_1_151' title='bbox 2896 810 3026 851; x_wconf 87' lang='lat' dir='ltr'><strong>sane</strong></span> <span class='ocrx_word' id='word_1_152' title='bbox 3057 796 3395 866; x_wconf 81' lang='lat' dir='ltr'><strong>negligenter</strong></span> 
     </span>
    </p>
   </div>
   <div class='ocr_carea' id='block_1_22' title="bbox 1813 885 3395 957">
    <p class='ocr_par' dir='ltr' id='par_1_22' title="bbox 1813 885 3395 957">
     <span class='ocr_line' id='line_1_22' title="bbox 1813 885 3395 957; baseline -0.003 -17"><span class='ocrx_word' id='word_1_153' title='bbox 1813 887 2240 956; x_wconf 85' lang='lat' dir='ltr'><strong>praetereundum</strong></span> <span class='ocrx_word' id='word_1_154' title='bbox 2287 887 2502 941; x_wconf 84' lang='lat' dir='ltr'><strong>videtur</strong></span> <span class='ocrx_word' id='word_1_155' title='bbox 2545 887 2689 957; x_wconf 92' lang='lat' dir='ltr'><strong>quod</strong></span> <span class='ocrx_word' id='word_1_156' title='bbox 2739 903 2844 941; x_wconf 89' lang='lat' dir='ltr'><strong>non</strong></span> <span class='ocrx_word' id='word_1_157' title='bbox 2895 885 2970 941; x_wconf 86' lang='lat' dir='ltr'><strong>ait</strong></span> <span class='ocrx_word' id='word_1_158' title='bbox 3014 886 3080 940; x_wconf 86' lang='lat' dir='ltr'><strong>de</strong></span> <span class='ocrx_word' id='word_1_159' title='bbox 3129 894 3395 956; x_wconf 73' lang='lat' dir='ltr'><strong>exspecta-</strong></span> 
     </span>
    </p>
   </div>
   <div class='ocr_carea' id='block_1_23' title="bbox 1811 977 3393 1048">
    <p class='ocr_par' dir='ltr' id='par_1_23' title="bbox 1811 977 3393 1048">
     <span class='ocr_line' id='line_1_23' title="bbox 1811 977 3393 1048; baseline -0.003 -16"><span class='ocrx_word' id='word_1_160' title='bbox 1811 979 1976 1042; x_wconf 85' lang='lat' dir='ltr'><strong>tione,</strong></span> <span class='ocrx_word' id='word_1_161' title='bbox 2023 979 2118 1033; x_wconf 89' lang='lat' dir='ltr'><strong>sed</strong></span> <span class='ocrx_word' id='word_1_162' title='bbox 2160 980 2224 1032; x_wconf 87' lang='lat' dir='ltr'><strong>de</strong></span> <span class='ocrx_word' id='word_1_163' title='bbox 2258 980 2398 1032; x_wconf 84' lang='lat' dir='ltr'><strong>omni</strong></span> <span class='ocrx_word' id='word_1_164' title='bbox 2436 979 2839 1048; x_wconf 80' lang='lat' dir='ltr'><strong>exspectatione.</strong></span> <span class='ocrx_word' id='word_1_165' title='bbox 2876 977 3219 1033; x_wconf 78' lang='lat' dir='ltr'><strong>Adversariis</strong></span> <span class='ocrx_word' id='word_1_166' title='bbox 3249 977 3393 1030; x_wconf 91' lang='lat' dir='ltr'><strong>enim</strong></span> 
     </span>
    </p>
   </div>
   <div class='ocr_carea' id='block_1_24' title="bbox 1814 1064 3390 1138">
    <p class='ocr_par' dir='ltr' id='par_1_24' title="bbox 1814 1064 3390 1138">
     <span class='ocr_line' id='line_1_24' title="bbox 1814 1064 3390 1138; baseline -0.003 -16"><span class='ocrx_word' id='word_1_167' title='bbox 1814 1069 2015 1123; x_wconf 90' lang='lat' dir='ltr'><strong>nostris</strong></span> <span class='ocrx_word' id='word_1_168' title='bbox 2043 1069 2201 1123; x_wconf 84' lang='lat' dir='ltr'><strong>toties</strong></span> <span class='ocrx_word' id='word_1_169' title='bbox 2233 1069 2298 1123; x_wconf 90' lang='lat' dir='ltr'><strong>ad</strong></span> <span class='ocrx_word' id='word_1_170' title='bbox 2326 1067 2693 1138; x_wconf 80' lang='lat' dir='ltr'><strong>spectaculum</strong></span> <span class='ocrx_word' id='word_1_171' title='bbox 2729 1065 2988 1122; x_wconf 88' lang='lat' dir='ltr'><strong>irridendi</strong></span> <span class='ocrx_word' id='word_1_172' title='bbox 3026 1064 3390 1136; x_wconf 89' lang='lat' dir='ltr'><strong>producimur,</strong></span> 
     </span>
    </p>
   </div>
   <div class='ocr_carea' id='block_1_25' title="bbox 1811 1155 3395 1228">
    <p class='ocr_par' dir='ltr' id='par_1_25' title="bbox 1811 1155 3395 1228">
     <span class='ocr_line' id='line_1_25' title="bbox 1811 1155 3395 1228; baseline -0.001 -18"><span class='ocrx_word' id='word_1_173' title='bbox 1811 1160 2026 1228; x_wconf 88' lang='lat' dir='ltr'><strong>quoties</strong></span> <span class='ocrx_word' id='word_1_174' title='bbox 2078 1160 2159 1214; x_wconf 92' lang='lat' dir='ltr'><strong>eis</strong></span> <span class='ocrx_word' id='word_1_175' title='bbox 2218 1160 2388 1214; x_wconf 86' lang='lat' dir='ltr'><strong>risum</strong></span> <span class='ocrx_word' id='word_1_176' title='bbox 2435 1160 2502 1214; x_wconf 85' lang='lat' dir='ltr'><strong>de</strong></span> <span class='ocrx_word' id='word_1_177' title='bbox 2555 1158 2743 1222; x_wconf 88' lang='lat' dir='ltr'><strong>nobis,</strong></span> <span class='ocrx_word' id='word_1_178' title='bbox 2801 1166 3110 1228; x_wconf 87' lang='lat' dir='ltr'><strong>perpetrato</strong></span> <span class='ocrx_word' id='word_1_179' title='bbox 3153 1155 3395 1226; x_wconf 87' lang='lat' dir='ltr'><strong>quolibet</strong></span> 
     </span>
    </p>
   </div>
   <div class='ocr_carea' id='block_1_26' title="bbox 1810 1249 3392 1323">
    <p class='ocr_par' dir='ltr' id='par_1_26' title="bbox 1810 1249 3392 1323">
     <span class='ocr_line' id='line_1_26' title="bbox 1810 1249 3392 1323; baseline -0.004 -15"><span class='ocrx_word' id='word_1_180' title='bbox 1810 1253 2056 1319; x_wconf 88' lang='lat' dir='ltr'><strong>crimine,</strong></span> <span class='ocrx_word' id='word_1_181' title='bbox 2079 1251 2396 1307; x_wconf 73' lang='lat' dir='ltr'><strong>exhibemus</strong></span> <span class='ocrx_word' id='word_1_182' title='bbox 2421 1269 2434 1318; x_wconf 93' lang='lat'><strong>;</strong></span> <span class='ocrx_word' id='word_1_183' title='bbox 2469 1253 2593 1323; x_wconf 87' lang='lat' dir='ltr'><strong>quia</strong></span> <span class='ocrx_word' id='word_1_184' title='bbox 2621 1251 2762 1306; x_wconf 84' lang='lat' dir='ltr'><strong>aliud</strong></span> <span class='ocrx_word' id='word_1_185' title='bbox 2785 1260 2868 1306; x_wconf 92' lang='lat' dir='ltr'><strong>est</strong></span> <span class='ocrx_word' id='word_1_186' title='bbox 2892 1249 3258 1321; x_wconf 87' lang='lat' dir='ltr'><strong>spectaculum</strong></span> <span class='ocrx_word' id='word_1_187' title='bbox 3282 1249 3392 1302; x_wconf 91' lang='lat' dir='ltr'><strong>ira-</strong></span> 
     </span>
    </p>
   </div>
   <div class='ocr_carea' id='block_1_27' title="bbox 1811 1338 3390 1411">
    <p class='ocr_par' dir='ltr' id='par_1_27' title="bbox 1811 1338 3390 1411">
     <span class='ocr_line' id='line_1_27' title="bbox 1811 1338 3390 1411; baseline -0.003 -14"><span class='ocrx_word' id='word_1_188' title='bbox 1811 1342 2040 1405; x_wconf 69' lang='lat' dir='ltr'><strong>cundize,</strong></span> <span class='ocrx_word' id='word_1_189' title='bbox 2075 1341 2218 1397; x_wconf 87' lang='lat' dir='ltr'><strong>aliud</strong></span> <span class='ocrx_word' id='word_1_190' title='bbox 2249 1341 2510 1404; x_wconf 52' lang='lat' dir='ltr'><strong>avaritia,</strong></span> <span class='ocrx_word' id='word_1_191' title='bbox 2552 1341 2694 1395; x_wconf 83' lang='lat' dir='ltr'><strong>aliud</strong></span> <span class='ocrx_word' id='word_1_192' title='bbox 2744 1341 2898 1411; x_wconf 69' lang='lat' dir='ltr'><strong>gulae,</strong></span> <span class='ocrx_word' id='word_1_193' title='bbox 2953 1339 3098 1394; x_wconf 89' lang='lat' dir='ltr'><strong>aliud</strong></span> <span class='ocrx_word' id='word_1_194' title='bbox 3146 1338 3390 1402; x_wconf 63' lang='lat' dir='ltr'><strong>luxuriae,</strong></span> 
     </span>
    </p>
   </div>
   <div class='ocr_carea' id='block_1_28' title="bbox 1811 1429 3393 1503">
    <p class='ocr_par' dir='ltr' id='par_1_28' title="bbox 1811 1429 3393 1503">
     <span class='ocr_line' id='line_1_28' title="bbox 1811 1429 3393 1503; baseline -0.003 -16"><span class='ocrx_word' id='word_1_195' title='bbox 1811 1433 1954 1487; x_wconf 88' lang='lat' dir='ltr'><strong>aliud</strong></span> <span class='ocrx_word' id='word_1_196' title='bbox 1991 1448 2142 1487; x_wconf 71' lang='lat' dir='ltr'><strong>vanae</strong></span> <span class='ocrx_word' id='word_1_197' title='bbox 2193 1431 2398 1503; x_wconf 68' lang='lat' dir='ltr'><strong>gloriae,</strong></span> <span class='ocrx_word' id='word_1_198' title='bbox 2446 1431 2588 1486; x_wconf 92' lang='lat' dir='ltr'><strong>aliud</strong></span> <span class='ocrx_word' id='word_1_199' title='bbox 2632 1431 2918 1501; x_wconf 68' lang='lat' dir='ltr'><strong>superhim.</strong></span> <span class='ocrx_word' id='word_1_200' title='bbox 2973 1429 3167 1486; x_wconf 87' lang='lat' dir='ltr'><strong>llostes</strong></span> <span class='ocrx_word' id='word_1_201' title='bbox 3212 1438 3393 1484; x_wconf 88' lang='lat' dir='ltr'><strong>autem</strong></span> 
     </span>
    </p>
   </div>
   <div class='ocr_carea' id='block_1_29' title="bbox 1811 1523 3394 1595">
    <p class='ocr_par' dir='ltr' id='par_1_29' title="bbox 1811 1523 3394 1595">
     <span class='ocr_line' id='line_1_29' title="bbox 1811 1523 3394 1595; baseline -0.004 -16"><span class='ocrx_word' id='word_1_202' title='bbox 1811 1526 1901 1595; x_wconf 90' lang='lat' dir='ltr'><strong>qui</strong></span> <span class='ocrx_word' id='word_1_203' title='bbox 1933 1534 2175 1581; x_wconf 88' lang='lat' dir='ltr'><strong>nostram</strong></span> <span class='ocrx_word' id='word_1_204' title='bbox 2209 1525 2511 1580; x_wconf 91' lang='lat' dir='ltr'><strong>irrisionem</strong></span> <span class='ocrx_word' id='word_1_205' title='bbox 2542 1523 2812 1578; x_wconf 89' lang='lat' dir='ltr'><strong>inhianter</strong></span> <span class='ocrx_word' id='word_1_206' title='bbox 2832 1530 3167 1594; x_wconf 71' lang='lat' dir='ltr'><strong>exspectant,</strong></span> <span class='ocrx_word' id='word_1_207' title='bbox 3189 1528 3394 1591; x_wconf 89' lang='lat' dir='ltr'><strong>quanto</strong></span> 
     </span>
    </p>
   </div>
   <div class='ocr_carea' id='block_1_30' title="bbox 1811 1612 3395 1686">
    <p class='ocr_par' dir='ltr' id='par_1_30' title="bbox 1811 1612 3395 1686">
     <span class='ocr_line' id='line_1_30' title="bbox 1811 1612 3395 1686; baseline -0.004 -14"><span class='ocrx_word' id='word_1_208' title='bbox 1811 1631 1910 1672; x_wconf 88' lang='lat' dir='ltr'><strong>nos</strong></span> <span class='ocrx_word' id='word_1_209' title='bbox 1934 1615 2250 1686; x_wconf 81' lang='lat' dir='ltr'><strong>profundius</strong></span> <span class='ocrx_word' id='word_1_210' title='bbox 2280 1615 2456 1686; x_wconf 91' lang='lat' dir='ltr'><strong>lapsos</strong></span> <span class='ocrx_word' id='word_1_211' title='bbox 2485 1615 2771 1686; x_wconf 89' lang='lat' dir='ltr'><strong>aspiciunt,</strong></span> <span class='ocrx_word' id='word_1_212' title='bbox 2826 1624 2992 1680; x_wconf 90' lang='lat' dir='ltr'><strong>tanto,</strong></span> <span class='ocrx_word' id='word_1_213' title='bbox 3040 1612 3256 1668; x_wconf 89' lang='lat' dir='ltr'><strong>sibimet</strong></span> <span class='ocrx_word' id='word_1_214' title='bbox 3301 1625 3395 1679; x_wconf 87' lang='lat' dir='ltr'><strong>ap-</strong></span> 
     </span>
    </p>
   </div>
   <div class='ocr_carea' id='block_1_31' title="bbox 1813 1701 3390 1776">
    <p class='ocr_par' dir='ltr' id='par_1_31' title="bbox 1813 1701 3390 1776">
     <span class='ocr_line' id='line_1_31' title="bbox 1813 1701 3390 1776; baseline -0.003 -18"><span class='ocrx_word' id='word_1_215' title='bbox 1813 1706 2153 1776; x_wconf 88' lang='lat' dir='ltr'><strong>plaudentes,</strong></span> <span class='ocrx_word' id='word_1_216' title='bbox 2185 1705 2549 1761; x_wconf 87' lang='lat' dir='ltr'><strong>insultationis</strong></span> <span class='ocrx_word' id='word_1_217' title='bbox 2589 1704 2886 1762; x_wconf 84' lang='lat' dir='ltr'><strong>cachinnos</strong></span> <span class='ocrx_word' id='word_1_218' title='bbox 2929 1704 3092 1759; x_wconf 89' lang='lat' dir='ltr'><strong>altius</strong></span> <span class='ocrx_word' id='word_1_219' title='bbox 3117 1701 3390 1758; x_wconf 89' lang='lat' dir='ltr'><strong>attollunt.</strong></span> 
     </span>
    </p>
   </div>
   <div class='ocr_carea' id='block_1_32' title="bbox 1812 1793 3392 1865">
    <p class='ocr_par' dir='ltr' id='par_1_32' title="bbox 1812 1793 3392 1865">
     <span class='ocr_line' id='line_1_32' title="bbox 1812 1793 3392 1865; baseline -0.003 -15"><span class='ocrx_word' id='word_1_220' title='bbox 1812 1796 2060 1863; x_wconf 80' lang='lat' dir='ltr'><strong>Quandiu</strong></span> <span class='ocrx_word' id='word_1_221' title='bbox 2106 1811 2237 1852; x_wconf 86' lang='lat' dir='ltr'><strong>vero</strong></span> <span class='ocrx_word' id='word_1_222' title='bbox 2283 1798 2338 1851; x_wconf 92' lang='lat' dir='ltr'><strong>in</strong></span> <span class='ocrx_word' id='word_1_223' title='bbox 2385 1795 2488 1852; x_wconf 88' lang='lat' dir='ltr'><strong>hac</strong></span> <span class='ocrx_word' id='word_1_224' title='bbox 2521 1796 2652 1860; x_wconf 89' lang='lat' dir='ltr'><strong>vita,</strong></span> <span class='ocrx_word' id='word_1_225' title='bbox 2691 1810 2812 1865; x_wconf 63' lang='lat' dir='ltr'><strong>quae</strong></span> <span class='ocrx_word' id='word_1_226' title='bbox 2867 1802 2977 1850; x_wconf 90' lang='lat' dir='ltr'><strong>tota</strong></span> <span class='ocrx_word' id='word_1_227' title='bbox 3015 1793 3242 1849; x_wconf 87' lang='lat' dir='ltr'><strong>tentatio</strong></span> <span class='ocrx_word' id='word_1_228' title='bbox 3289 1801 3392 1858; x_wconf 90' lang='lat' dir='ltr'><strong>est,</strong></span> 
     </span>
    </p>
   </div>
   <div class='ocr_carea' id='block_1_33' title="bbox 117 1873 1730 1962">
    <p class='ocr_par' dir='ltr' id='par_1_33' title="bbox 117 1873 1708 1962">
     <span class='ocr_line' id='line_1_33' title="bbox 117 1873 1708 1962; baseline 0.009 -24"><span class='ocrx_word' id='word_1_229' title='bbox 117 1887 344 1942; x_wconf 87' lang='lat' dir='ltr'><strong>modum</strong></span> <span class='ocrx_word' id='word_1_230' title='bbox 375 1889 660 1958; x_wconf 70' lang='lat' dir='ltr'><strong>cmpimus,</strong></span> <span class='ocrx_word' id='word_1_231' title='bbox 703 1890 821 1946; x_wconf 65' lang='lat' dir='ltr'><strong>haec</strong></span> <span class='ocrx_word' id='word_1_232' title='bbox 864 1905 1078 1962; x_wconf 91' lang='lat' dir='ltr'><strong>quoque</strong></span> <span class='ocrx_word' id='word_1_233' title='bbox 1106 1895 1268 1950; x_wconf 90' lang='lat' dir='ltr'><strong>verba</strong></span> <span class='ocrx_word' id='word_1_234' title='bbox 1321 1896 1388 1950; x_wconf 90' lang='lat' dir='ltr'><strong>ad</strong></span> <span class='ocrx_word' id='word_1_235' title='bbox 1442 1873 1708 1953; x_wconf 86' lang='lat' dir='ltr'><strong>internam</strong></span> 
     </span>
    </p>
   </div>
   <div class='ocr_carea' id='block_1_34' title="bbox 1812 1873 3395 1962">
    <p class='ocr_par' dir='ltr' id='par_1_34' title="bbox 1814 1878 3395 1956">
     <span class='ocr_line' id='line_1_34' title="bbox 1814 1878 3395 1956; baseline -0.003 -16"><span class='ocrx_word' id='word_1_236' title='bbox 1814 1878 2177 1952; x_wconf 88' lang='lat' dir='ltr'><strong>consistimus,</strong></span> <span class='ocrx_word' id='word_1_237' title='bbox 2231 1887 2332 1942; x_wconf 91' lang='lat' dir='ltr'><strong>etsi</strong></span> <span class='ocrx_word' id='word_1_238' title='bbox 2365 1886 2609 1956; x_wconf 83' lang='lat' dir='ltr'><strong>quaedam</strong></span> <span class='ocrx_word' id='word_1_239' title='bbox 2660 1885 2928 1941; x_wconf 85' lang='lat' dir='ltr'><strong>irrisionis</strong></span> <span class='ocrx_word' id='word_1_240' title='bbox 2956 1899 3145 1939; x_wconf 90' lang='lat' dir='ltr'><strong>eorum</strong></span> <span class='ocrx_word' id='word_1_241' title='bbox 3185 1891 3395 1954; x_wconf 89' lang='lat' dir='ltr'><strong>specta-</strong></span> 
     </span>
    </p>
   </div>
   <div class='ocr_carea' id='block_1_35' title="bbox 115 1977 1706 2053">
    <p class='ocr_par' dir='ltr' id='par_1_35' title="bbox 115 1977 1706 2053">
     <span class='ocr_line' id='line_1_35' title="bbox 115 1977 1706 2053; baseline 0.01 -25"><span class='ocrx_word' id='word_1_242' title='bbox 115 1977 533 2045; x_wconf 81' lang='lat' dir='ltr'><strong>intelligeutiam</strong></span> <span class='ocrx_word' id='word_1_243' title='bbox 578 1980 886 2047; x_wconf 79' lang='lat' dir='ltr'><strong>referimus,</strong></span> <span class='ocrx_word' id='word_1_244' title='bbox 923 1998 1172 2053; x_wconf 88' lang='lat' dir='ltr'><strong>magnam</strong></span> <span class='ocrx_word' id='word_1_245' title='bbox 1199 1985 1252 2039; x_wconf 91' lang='lat' dir='ltr'><strong>in</strong></span> <span class='ocrx_word' id='word_1_246' title='bbox 1275 1987 1360 2041; x_wconf 80' lang='lat' dir='ltr'><strong>.eis</strong></span> <span class='ocrx_word' id='word_1_247' title='bbox 1390 1986 1583 2042; x_wconf 67' lang='lat' dir='ltr'><strong>futura:</strong></span> <span class='ocrx_word' id='word_1_248' title='bbox 1607 2004 1706 2044; x_wconf 86' lang='lat' dir='ltr'><strong>no-</strong></span> 
     </span>
    </p>
   </div>
   <div class='ocr_carea' id='block_1_36' title="bbox 113 2072 1711 2150">
    <p class='ocr_par' dir='ltr' id='par_1_36' title="bbox 113 2072 1711 2150">
     <span class='ocr_line' id='line_1_36' title="bbox 113 2072 1711 2150; baseline 0.008 -25"><span class='ocrx_word' id='word_1_249' title='bbox 113 2081 248 2126; x_wconf 60' lang='lat' dir='ltr'><strong>stra:</strong></span> <span class='ocrx_word' id='word_1_250' title='bbox 275 2072 576 2142; x_wconf 88' lang='lat' dir='ltr'><strong>ereptionis</strong></span> <span class='ocrx_word' id='word_1_251' title='bbox 614 2074 900 2145; x_wconf 78' lang='lat' dir='ltr'><strong>imaginem</strong></span> <span class='ocrx_word' id='word_1_252' title='bbox 941 2076 1319 2146; x_wconf 78' lang='lat' dir='ltr'><strong>przevidcmus,</strong></span> <span class='ocrx_word' id='word_1_253' title='bbox 1369 2095 1618 2150; x_wconf 86' lang='lat' dir='ltr'><strong>magnam</strong></span> <span class='ocrx_word' id='word_1_254' title='bbox 1655 2090 1711 2137; x_wconf 88' lang='lat' dir='ltr'><strong>et</strong></span> 
     </span>
    </p>
   </div>
   <div class='ocr_carea' id='block_1_37' title="bbox 115 2163 1706 2234">
    <p class='ocr_par' dir='ltr' id='par_1_37' title="bbox 115 2163 1706 2234">
     <span class='ocr_line' id='line_1_37' title="bbox 115 2163 1706 2234; baseline 0.009 -21"><span class='ocrx_word' id='word_1_255' title='bbox 115 2163 168 2215; x_wconf 90' lang='lat' dir='ltr'><strong>in</strong></span> <span class='ocrx_word' id='word_1_256' title='bbox 199 2163 459 2232; x_wconf 62' lang='lat' dir='ltr'><strong>praesenti</strong></span> <span class='ocrx_word' id='word_1_257' title='bbox 487 2163 708 2234; x_wconf 36' lang='lat' dir='ltr'><strong>futurae.</strong></span> <span class='ocrx_word' id='word_1_258' title='bbox 729 2175 926 2225; x_wconf 62' lang='lat' dir='ltr'><strong>nostra:</strong></span> <span class='ocrx_word' id='word_1_259' title='bbox 972 2169 1346 2226; x_wconf 81' lang='lat' dir='ltr'><strong>exsultationis</strong></span> <span class='ocrx_word' id='word_1_260' title='bbox 1371 2170 1706 2228; x_wconf 90' lang='lat' dir='ltr'><strong>dulcedinem</strong></span> 
     </span>
    </p>
   </div>
   <div class='ocr_carea' id='block_1_38' title="bbox 113 2255 1707 2330">
    <p class='ocr_par' dir='ltr' id='par_1_38' title="bbox 113 2255 1707 2330">
     <span class='ocr_line' id='line_1_38' title="bbox 113 2255 1707 2330; baseline 0.008 -23"><span class='ocrx_word' id='word_1_261' title='bbox 113 2265 536 2325; x_wconf 35' lang='lat' dir='ltr'><strong>p‘agustamus.</strong></span> <span class='ocrx_word' id='word_1_262' title='bbox 575 2255 684 2312; x_wconf 83' lang='lat' dir='ltr'><strong>Nos</strong></span> <span class='ocrx_word' id='word_1_263' title='bbox 714 2259 938 2324; x_wconf 90' lang='lat' dir='ltr'><strong>etenim,</strong></span> <span class='ocrx_word' id='word_1_264' title='bbox 970 2261 1210 2329; x_wconf 89' lang='lat' dir='ltr'><strong>quandiu</strong></span> <span class='ocrx_word' id='word_1_265' title='bbox 1262 2262 1316 2317; x_wconf 88' lang='lat' dir='ltr'><strong>in</strong></span> <span class='ocrx_word' id='word_1_266' title='bbox 1349 2263 1508 2330; x_wconf 88' lang='lat' dir='ltr'><strong>hujus</strong></span> <span class='ocrx_word' id='word_1_267' title='bbox 1531 2264 1707 2320; x_wconf 80' lang='lat' dir='ltr'><strong>exsilii</strong></span> 
     </span>
    </p>
   </div>
   <div class='ocr_carea' id='block_1_39' title="bbox 117 2343 1708 2421">
    <p class='ocr_par' dir='ltr' id='par_1_39' title="bbox 117 2343 1708 2421">
     <span class='ocr_line' id='line_1_39' title="bbox 117 2343 1708 2421; baseline 0.008 -25"><span class='ocrx_word' id='word_1_268' title='bbox 117 2343 443 2414; x_wconf 85' lang='lat' dir='ltr'><strong>religatione</strong></span> <span class='ocrx_word' id='word_1_269' title='bbox 490 2344 816 2411; x_wconf 84' lang='lat' dir='ltr'><strong>detinentur,</strong></span> <span class='ocrx_word' id='word_1_270' title='bbox 871 2347 1151 2404; x_wconf 71' lang='lat' dir='ltr'><strong>nobiscum</strong></span> <span class='ocrx_word' id='word_1_271' title='bbox 1190 2366 1311 2406; x_wconf 91' lang='lat' dir='ltr'><strong>esse</strong></span> <span class='ocrx_word' id='word_1_272' title='bbox 1337 2351 1576 2421; x_wconf 82' lang='lat' dir='ltr'><strong>perfecte</strong></span> <span class='ocrx_word' id='word_1_273' title='bbox 1603 2370 1708 2408; x_wconf 91' lang='lat' dir='ltr'><strong>non</strong></span> 
     </span>
    </p>
   </div>
   <div class='ocr_carea' id='block_1_40' title="bbox 113 2435 1706 2507">
    <p class='ocr_par' dir='ltr' id='par_1_40' title="bbox 113 2435 1706 2507">
     <span class='ocr_line' id='line_1_40' title="bbox 113 2435 1706 2507; baseline 0.009 -23"><span class='ocrx_word' id='word_1_274' title='bbox 113 2449 439 2502; x_wconf 81' lang='lat' dir='ltr'><strong>possumus;</strong></span> <span class='ocrx_word' id='word_1_275' title='bbox 477 2435 603 2504; x_wconf 89' lang='lat' dir='ltr'><strong>quia</strong></span> <span class='ocrx_word' id='word_1_276' title='bbox 654 2437 946 2507; x_wconf 80' lang='lat' dir='ltr'><strong>imaginem</strong></span> <span class='ocrx_word' id='word_1_277' title='bbox 994 2439 1139 2494; x_wconf 89' lang='lat' dir='ltr'><strong>illam</strong></span> <span class='ocrx_word' id='word_1_278' title='bbox 1188 2451 1243 2496; x_wconf 92' lang='lat' dir='ltr'><strong>et</strong></span> <span class='ocrx_word' id='word_1_279' title='bbox 1301 2442 1706 2499; x_wconf 89' lang='lat' dir='ltr'><strong>similitudinem</strong></span> 
     </span>
    </p>
   </div>
   <div class='ocr_carea' id='block_1_41' title="bbox 112 2528 1710 2606">
    <p class='ocr_par' dir='ltr' id='par_1_41' title="bbox 112 2528 1710 2606">
     <span class='ocr_line' id='line_1_41' title="bbox 112 2528 1710 2606; baseline 0.011 -30"><span class='ocrx_word' id='word_1_280' title='bbox 112 2541 282 2594; x_wconf 86' lang='lat' dir='ltr'><strong>quam</strong></span> <span class='ocrx_word' id='word_1_281' title='bbox 317 2541 351 2580; x_wconf 92' lang='lat' dir='ltr'><strong>a</strong></span> <span class='ocrx_word' id='word_1_282' title='bbox 402 2528 680 2584; x_wconf 88' lang='lat' dir='ltr'><strong>conditore</strong></span> <span class='ocrx_word' id='word_1_283' title='bbox 711 2531 1040 2601; x_wconf 87' lang='lat' dir='ltr'><strong>accepimus,</strong></span> <span class='ocrx_word' id='word_1_284' title='bbox 1072 2533 1365 2590; x_wconf 92' lang='lat' dir='ltr'><strong>immunem</strong></span> <span class='ocrx_word' id='word_1_285' title='bbox 1405 2551 1435 2589; x_wconf 91' lang='lat' dir='ltr'><strong>a</strong></span> <span class='ocrx_word' id='word_1_286' title='bbox 1485 2547 1710 2606; x_wconf 82' lang='lat' dir='ltr'><strong>peccato</strong></span> 
     </span>
    </p>
   </div>
   <div class='ocr_carea' id='block_1_42' title="bbox 113 2620 1711 2698">
    <p class='ocr_par' dir='ltr' id='par_1_42' title="bbox 113 2620 1711 2698">
     <span class='ocr_line' id='line_1_42' title="bbox 113 2620 1711 2698; baseline 0.01 -28"><span class='ocrx_word' id='word_1_287' title='bbox 113 2633 369 2683; x_wconf 87' lang='lat' dir='ltr'><strong>servare,</strong></span> <span class='ocrx_word' id='word_1_288' title='bbox 411 2620 554 2674; x_wconf 86' lang='lat' dir='ltr'><strong>sicut</strong></span> <span class='ocrx_word' id='word_1_289' title='bbox 577 2621 794 2676; x_wconf 88' lang='lat' dir='ltr'><strong>condita</strong></span> <span class='ocrx_word' id='word_1_290' title='bbox 837 2632 938 2688; x_wconf 86' lang='lat' dir='ltr'><strong>est,</strong></span> <span class='ocrx_word' id='word_1_291' title='bbox 973 2639 1081 2679; x_wconf 88' lang='lat' dir='ltr'><strong>non</strong></span> <span class='ocrx_word' id='word_1_292' title='bbox 1114 2626 1378 2682; x_wconf 85' lang='lat' dir='ltr'><strong>valemus.</strong></span> <span class='ocrx_word' id='word_1_293' title='bbox 1411 2627 1548 2684; x_wconf 85' lang='lat' dir='ltr'><strong>Nam</strong></span> <span class='ocrx_word' id='word_1_294' title='bbox 1577 2644 1711 2698; x_wconf 90' lang='lat' dir='ltr'><strong>quo-</strong></span> 
     </span>
    </p>
   </div>
   <div class='ocr_carea' id='block_1_43' title="bbox 116 2707 1704 2784">
    <p class='ocr_par' dir='ltr' id='par_1_43' title="bbox 116 2707 1704 2784">
     <span class='ocr_line' id='line_1_43' title="bbox 116 2707 1704 2784; baseline 0.009 -24"><span class='ocrx_word' id='word_1_295' title='bbox 116 2707 222 2762; x_wconf 81' lang='lat' dir='ltr'><strong>ties</strong></span> <span class='ocrx_word' id='word_1_296' title='bbox 248 2723 560 2776; x_wconf 88' lang='lat' dir='ltr'><strong>peccamus,</strong></span> <span class='ocrx_word' id='word_1_297' title='bbox 611 2720 665 2766; x_wconf 93' lang='lat' dir='ltr'><strong>et</strong></span> <span class='ocrx_word' id='word_1_298' title='bbox 705 2726 804 2766; x_wconf 93' lang='lat' dir='ltr'><strong>nos</strong></span> <span class='ocrx_word' id='word_1_299' title='bbox 827 2728 1031 2774; x_wconf 89' lang='lat' dir='ltr'><strong>sumus,</strong></span> <span class='ocrx_word' id='word_1_300' title='bbox 1075 2723 1130 2770; x_wconf 91' lang='lat' dir='ltr'><strong>et</strong></span> <span class='ocrx_word' id='word_1_301' title='bbox 1159 2715 1439 2772; x_wconf 87' lang='lat' dir='ltr'><strong>nobiscum</strong></span> <span class='ocrx_word' id='word_1_302' title='bbox 1491 2734 1704 2784; x_wconf 88' lang='lat' dir='ltr'><strong>sumus;</strong></span> 
     </span>
    </p>
   </div>
   <div class='ocr_carea' id='block_1_44' title="bbox 114 2798 1711 2876">
    <p class='ocr_par' dir='ltr' id='par_1_44' title="bbox 114 2798 1711 2876">
     <span class='ocr_line' id='line_1_44' title="bbox 114 2798 1711 2876; baseline 0.008 -25"><span class='ocrx_word' id='word_1_303' title='bbox 114 2798 245 2866; x_wconf 87' lang='lat' dir='ltr'><strong>quia</strong></span> <span class='ocrx_word' id='word_1_304' title='bbox 277 2813 377 2868; x_wconf 91' lang='lat' dir='ltr'><strong>per</strong></span> <span class='ocrx_word' id='word_1_305' title='bbox 406 2809 689 2868; x_wconf 82' lang='lat' dir='ltr'><strong>peccatqu</strong></span> <span class='ocrx_word' id='word_1_306' title='bbox 722 2803 911 2858; x_wconf 89' lang='lat' dir='ltr'><strong>subter</strong></span> <span class='ocrx_word' id='word_1_307' title='bbox 951 2819 1050 2859; x_wconf 91' lang='lat' dir='ltr'><strong>nos</strong></span> <span class='ocrx_word' id='word_1_308' title='bbox 1080 2805 1232 2876; x_wconf 90' lang='lat' dir='ltr'><strong>lapsi,</strong></span> <span class='ocrx_word' id='word_1_309' title='bbox 1277 2807 1345 2861; x_wconf 90' lang='lat' dir='ltr'><strong>ab</strong></span> <span class='ocrx_word' id='word_1_310' title='bbox 1390 2807 1531 2862; x_wconf 77' lang='lat' dir='ltr'><strong>illius</strong></span> <span class='ocrx_word' id='word_1_311' title='bbox 1559 2809 1711 2864; x_wconf 86' lang='lat' dir='ltr'><strong>simi—</strong></span> 
     </span>
    </p>
   </div>
   <div class='ocr_carea' id='block_1_45' title="bbox 116 2888 1708 2966">
    <p class='ocr_par' dir='ltr' id='par_1_45' title="bbox 116 2888 1708 2966">
     <span class='ocr_line' id='line_1_45' title="bbox 116 2888 1708 2966; baseline 0.008 -25"><span class='ocrx_word' id='word_1_312' title='bbox 116 2888 351 2944; x_wconf 90' lang='lat' dir='ltr'><strong>litudine</strong></span> <span class='ocrx_word' id='word_1_313' title='bbox 385 2891 478 2960; x_wconf 92' lang='lat' dir='ltr'><strong>qui</strong></span> <span class='ocrx_word' id='word_1_314' title='bbox 513 2908 676 2962; x_wconf 85' lang='lat' dir='ltr'><strong>super</strong></span> <span class='ocrx_word' id='word_1_315' title='bbox 706 2907 804 2948; x_wconf 90' lang='lat' dir='ltr'><strong>nos</strong></span> <span class='ocrx_word' id='word_1_316' title='bbox 844 2901 928 2948; x_wconf 87' lang='lat' dir='ltr'><strong>est</strong></span> <span class='ocrx_word' id='word_1_317' title='bbox 970 2895 1383 2966; x_wconf 71' lang='lat' dir='ltr'><strong>degeneramus.</strong></span> <span class='ocrx_word' id='word_1_318' title='bbox 1423 2896 1529 2953; x_wconf 89' lang='lat' dir='ltr'><strong>Sed</strong></span> <span class='ocrx_word' id='word_1_319' title='bbox 1561 2914 1708 2965; x_wconf 91' lang='lat' dir='ltr'><strong>cum,</strong></span> 
     </span>
    </p>
   </div>
   <div class='ocr_carea' id='block_1_46' title="bbox 116 2980 1709 3058">
    <p class='ocr_par' dir='ltr' id='par_1_46' title="bbox 116 2980 1709 3058">
     <span class='ocr_line' id='line_1_46' title="bbox 116 2980 1709 3058; baseline 0.009 -24"><span class='ocrx_word' id='word_1_320' title='bbox 116 2980 226 3035; x_wconf 86' lang='lat' dir='ltr'><strong>illis</strong></span> <span class='ocrx_word' id='word_1_321' title='bbox 279 2984 532 3052; x_wconf 88' lang='lat' dir='ltr'><strong>superius</strong></span> <span class='ocrx_word' id='word_1_322' title='bbox 580 2986 740 3040; x_wconf 66' lang='lat' dir='ltr'><strong>dittis</strong></span> <span class='ocrx_word' id='word_1_323' title='bbox 786 2987 1042 3056; x_wconf 88' lang='lat' dir='ltr'><strong>periculis</strong></span> <span class='ocrx_word' id='word_1_324' title='bbox 1090 2990 1342 3045; x_wconf 88' lang='lat' dir='ltr'><strong>omnibus</strong></span> <span class='ocrx_word' id='word_1_325' title='bbox 1375 2992 1611 3058; x_wconf 87' lang='lat' dir='ltr'><strong>evitatis,</strong></span> <span class='ocrx_word' id='word_1_326' title='bbox 1641 2995 1709 3048; x_wconf 88' lang='lat' dir='ltr'><strong>ad</strong></span> 
     </span>
    </p>
   </div>
   <div class='ocr_carea' id='block_1_47' title="bbox 116 3074 1710 3145">
    <p class='ocr_par' dir='ltr' id='par_1_47' title="bbox 116 3074 1710 3145">
     <span class='ocr_line' id='line_1_47' title="bbox 116 3074 1710 3145; baseline 0.01 -21"><span class='ocrx_word' id='word_1_327' title='bbox 116 3089 244 3126; x_wconf 88' lang='lat' dir='ltr'><strong>eum</strong></span> <span class='ocrx_word' id='word_1_328' title='bbox 293 3075 389 3143; x_wconf 88' lang='lat' dir='ltr'><strong>qui</strong></span> <span class='ocrx_word' id='word_1_329' title='bbox 435 3090 534 3130; x_wconf 89' lang='lat' dir='ltr'><strong>nos</strong></span> <span class='ocrx_word' id='word_1_330' title='bbox 563 3074 690 3130; x_wconf 82' lang='lat' dir='ltr'><strong>fecit</strong></span> <span class='ocrx_word' id='word_1_331' title='bbox 714 3077 1046 3145; x_wconf 87' lang='lat' dir='ltr'><strong>venerimus,</strong></span> <span class='ocrx_word' id='word_1_332' title='bbox 1097 3087 1225 3136; x_wconf 91' lang='lat' dir='ltr'><strong>tunc</strong></span> <span class='ocrx_word' id='word_1_333' title='bbox 1278 3081 1442 3136; x_wconf 90' lang='lat' dir='ltr'><strong>etiam</strong></span> <span class='ocrx_word' id='word_1_334' title='bbox 1490 3084 1556 3138; x_wconf 91' lang='lat' dir='ltr'><strong>ad</strong></span> <span class='ocrx_word' id='word_1_335' title='bbox 1612 3100 1710 3140; x_wconf 90' lang='lat' dir='ltr'><strong>nos</strong></span> 
     </span>
    </p>
   </div>
   <div class='ocr_carea' id='block_1_48' title="bbox 117 3167 1707 3244">
    <p class='ocr_par' dir='ltr' id='par_1_48' title="bbox 117 3167 1707 3244">
     <span class='ocr_line' id='line_1_48' title="bbox 117 3167 1707 3244; baseline 0.007 -23"><span class='ocrx_word' id='word_1_336' title='bbox 117 3167 267 3236; x_wconf 80' lang='lat' dir='ltr'><strong>ipsos</strong></span> <span class='ocrx_word' id='word_1_337' title='bbox 307 3167 548 3236; x_wconf 81' lang='lat' dir='ltr'><strong>perfecte</strong></span> <span class='ocrx_word' id='word_1_338' title='bbox 593 3172 938 3238; x_wconf 72' lang='lat' dir='ltr'><strong>revertimur,</strong></span> <span class='ocrx_word' id='word_1_339' title='bbox 970 3173 1119 3242; x_wconf 82' lang='lat' dir='ltr'><strong>quia,</strong></span> <span class='ocrx_word' id='word_1_340' title='bbox 1169 3186 1450 3244; x_wconf 88' lang='lat' dir='ltr'><strong>peccatum</strong></span> <span class='ocrx_word' id='word_1_341' title='bbox 1503 3177 1707 3232; x_wconf 88' lang='lat' dir='ltr'><strong>nullum</strong></span> 
     </span>
    </p>
   </div>
   <div class='ocr_carea' id='block_1_49' title="bbox 119 3258 1707 3330">
    <p class='ocr_par' dir='ltr' id='par_1_49' title="bbox 119 3258 1707 3330">
     <span class='ocr_line' id='line_1_49' title="bbox 119 3258 1707 3330; baseline 0.009 -19"><span class='ocrx_word' id='word_1_342' title='bbox 119 3258 409 3325; x_wconf 74' lang='lat' dir='ltr'><strong>habentes,</strong></span> <span class='ocrx_word' id='word_1_343' title='bbox 442 3261 630 3330; x_wconf 88' lang='lat' dir='ltr'><strong>quales</strong></span> <span class='ocrx_word' id='word_1_344' title='bbox 679 3277 776 3318; x_wconf 89' lang='lat' dir='ltr'><strong>nos</strong></span> <span class='ocrx_word' id='word_1_345' title='bbox 809 3264 1075 3330; x_wconf 88' lang='lat' dir='ltr'><strong>condidit,</strong></span> <span class='ocrx_word' id='word_1_346' title='bbox 1129 3265 1263 3322; x_wconf 87' lang='lat' dir='ltr'><strong>tales</strong></span> <span class='ocrx_word' id='word_1_347' title='bbox 1295 3282 1502 3324; x_wconf 91' lang='lat' dir='ltr'><strong>sumus.</strong></span> <span class='ocrx_word' id='word_1_348' title='bbox 1555 3269 1707 3326; x_wconf 85' lang='lat' dir='ltr'><strong>Tunc</strong></span> 
     </span>
    </p>
   </div>
   <div class='ocr_carea' id='block_1_50' title="bbox 111 3348 1706 3422">
    <p class='ocr_par' dir='ltr' id='par_1_50' title="bbox 111 3348 1706 3422">
     <span class='ocr_line' id='line_1_50' title="bbox 111 3348 1706 3422; baseline 0.009 -22"><span class='ocrx_word' id='word_1_349' title='bbox 111 3348 226 3417; x_wconf 82' lang='lat' dir='ltr'><strong>jam</strong></span> <span class='ocrx_word' id='word_1_350' title='bbox 253 3349 322 3402; x_wconf 88' lang='lat' dir='ltr'><strong>de</strong></span> <span class='ocrx_word' id='word_1_351' title='bbox 364 3359 549 3406; x_wconf 90' lang='lat' dir='ltr'><strong>nostra</strong></span> <span class='ocrx_word' id='word_1_352' title='bbox 579 3354 858 3422; x_wconf 89' lang='lat' dir='ltr'><strong>ereptione</strong></span> <span class='ocrx_word' id='word_1_353' title='bbox 893 3356 1094 3422; x_wconf 85' lang='lat' dir='ltr'><strong>securi,</strong></span> <span class='ocrx_word' id='word_1_354' title='bbox 1127 3357 1176 3411; x_wconf 88' lang='lat' dir='ltr'><strong>in</strong></span> <span class='ocrx_word' id='word_1_355' title='bbox 1229 3373 1413 3415; x_wconf 86' lang='lat' dir='ltr'><strong>vocem</strong></span> <span class='ocrx_word' id='word_1_356' title='bbox 1467 3360 1706 3415; x_wconf 80' lang='lat' dir='ltr'><strong>exsulta-</strong></span> 
     </span>
    </p>
   </div>
   <div class='ocr_carea' id='block_1_51' title="bbox 119 3437 986 3509">
    <p class='ocr_par' dir='ltr' id='par_1_51' title="bbox 119 3437 986 3509">
     <span class='ocr_line' id='line_1_51' title="bbox 119 3437 986 3509; baseline 0.013 -21"><span class='ocrx_word' id='word_1_357' title='bbox 119 3437 284 3490; x_wconf 88' lang='lat' dir='ltr'><strong>tionis</strong></span> <span class='ocrx_word' id='word_1_358' title='bbox 305 3453 674 3509; x_wconf 68' lang='lat' dir='ltr'><strong>erumpemus,</strong></span> <span class='ocrx_word' id='word_1_359' title='bbox 703 3441 946 3498; x_wconf 88' lang='lat' dir='ltr'><strong>dicentes</strong></span> <span class='ocrx_word' id='word_1_360' title='bbox 973 3462 986 3499; x_wconf 92' lang='lat'>:</span> 
     </span>
    </p>
   </div>
   <div class='ocr_carea' id='block_1_52' title="bbox 191 3525 1710 3608">
    <p class='ocr_par' dir='ltr' id='par_1_52' title="bbox 191 3525 1710 3608">
     <span class='ocr_line' id='line_1_52' title="bbox 191 3525 1710 3608; baseline 0.009 -29"><span class='ocrx_word' id='word_1_361' title='bbox 191 3525 359 3581; x_wconf 79' lang='lat' dir='ltr'><strong>XXII.</strong></span> <span class='ocrx_word' id='word_1_362' title='bbox 403 3527 560 3582; x_wconf 83' lang='lat' dir='ltr'><strong>Nunc</strong></span> <span class='ocrx_word' id='word_1_363' title='bbox 609 3532 717 3585; x_wconf 82' lang='lat' dir='ltr'><strong>scio</strong></span> <span class='ocrx_word' id='word_1_364' title='bbox 772 3550 886 3587; x_wconf 83' lang='lat' dir='ltr'><strong>vere</strong></span> <span class='ocrx_word' id='word_1_365' title='bbox 929 3536 1055 3604; x_wconf 86' lang='lat' dir='ltr'><strong>quia</strong></span> <span class='ocrx_word' id='word_1_366' title='bbox 1101 3536 1241 3590; x_wconf 81' lang='lat' dir='ltr'><strong>misit</strong></span> <span class='ocrx_word' id='word_1_367' title='bbox 1282 3537 1422 3592; x_wconf 87' lang='lat' dir='ltr'><strong>Deus</strong></span> <span class='ocrx_word' id='word_1_368' title='bbox 1468 3537 1710 3608; x_wconf 85' lang='lat' dir='ltr'><strong>angelum</strong></span> 
     </span>
    </p>
   </div>
   <div class='ocr_carea' id='block_1_53' title="bbox 114 3621 1711 3694">
    <p class='ocr_par' dir='ltr' id='par_1_53' title="bbox 114 3621 1711 3694">
     <span class='ocr_line' id='line_1_53' title="bbox 114 3621 1711 3694; baseline 0.011 -27"><span class='ocrx_word' id='word_1_369' title='bbox 114 3633 294 3678; x_wconf 83' lang='lat' dir='ltr'><strong>suum,</strong></span> <span class='ocrx_word' id='word_1_370' title='bbox 324 3628 371 3671; x_wconf 87' lang='lat' dir='ltr'><strong>et</strong></span> <span class='ocrx_word' id='word_1_371' title='bbox 403 3621 590 3688; x_wconf 83' lang='lat' dir='ltr'><strong>eripuit</strong></span> <span class='ocrx_word' id='word_1_372' title='bbox 620 3639 700 3676; x_wconf 92' lang='lat' dir='ltr'><strong>me</strong></span> <span class='ocrx_word' id='word_1_373' title='bbox 746 3624 810 3678; x_wconf 90' lang='lat' dir='ltr'><strong>de</strong></span> <span class='ocrx_word' id='word_1_374' title='bbox 855 3642 1014 3680; x_wconf 86' lang='lat' dir='ltr'><strong>manu</strong></span> <span class='ocrx_word' id='word_1_375' title='bbox 1059 3625 1310 3694; x_wconf 89' lang='lat' dir='ltr'><strong>Herodis,</strong></span> <span class='ocrx_word' id='word_1_376' title='bbox 1359 3639 1408 3682; x_wconf 86' lang='lat' dir='ltr'><strong>et</strong></span> <span class='ocrx_word' id='word_1_377' title='bbox 1456 3631 1521 3684; x_wconf 88' lang='lat' dir='ltr'><strong>de</strong></span> <span class='ocrx_word' id='word_1_378' title='bbox 1569 3635 1711 3684; x_wconf 75' lang='lat' dir='ltr'><strong>omni</strong></span> 
     </span>
    </p>
   </div>
   <div class='ocr_carea' id='block_1_54' title="bbox 116 3711 1706 3788">
    <p class='ocr_par' dir='ltr' id='par_1_54' title="bbox 116 3711 1706 3788">
     <span class='ocr_line' id='line_1_54' title="bbox 116 3711 1706 3788; baseline 0.009 -29"><span class='ocrx_word' id='word_1_379' title='bbox 116 3711 510 3776; x_wconf 74' lang='lat' dir='ltr'><strong>exspectatione</strong></span> <span class='ocrx_word' id='word_1_380' title='bbox 553 3712 717 3781; x_wconf 84' lang='lat' dir='ltr'><strong>plebis</strong></span> <span class='ocrx_word' id='word_1_381' title='bbox 755 3713 1089 3772; x_wconf 80' lang='lat' dir='ltr'><strong>Judworum.</strong></span> <span class='ocrx_word' id='word_1_382' title='bbox 1118 3717 1193 3772; x_wconf 89' lang='lat' dir='ltr'><strong>De</strong></span> <span class='ocrx_word' id='word_1_383' title='bbox 1237 3735 1397 3772; x_wconf 85' lang='lat' dir='ltr'><strong>manu</strong></span> <span class='ocrx_word' id='word_1_384' title='bbox 1446 3719 1706 3788; x_wconf 83' lang='lat' dir='ltr'><strong>Herodis,</strong></span> 
     </span>
    </p>
   </div>
   <div class='ocr_carea' id='block_1_55' title="bbox 119 3797 1708 3880">
    <p class='ocr_par' dir='ltr' id='par_1_55' title="bbox 119 3797 1708 3880">
     <span class='ocr_line' id='line_1_55' title="bbox 119 3797 1708 3880; baseline 0.011 -33"><span class='ocrx_word' id='word_1_385' title='bbox 119 3797 172 3848; x_wconf 82' lang='lat' dir='ltr'><strong>id</strong></span> <span class='ocrx_word' id='word_1_386' title='bbox 205 3806 312 3860; x_wconf 88' lang='lat' dir='ltr'><strong>est,</strong></span> <span class='ocrx_word' id='word_1_387' title='bbox 346 3797 414 3852; x_wconf 89' lang='lat' dir='ltr'><strong>de</strong></span> <span class='ocrx_word' id='word_1_388' title='bbox 451 3809 723 3869; x_wconf 87' lang='lat' dir='ltr'><strong>potestate</strong></span> <span class='ocrx_word' id='word_1_389' title='bbox 758 3804 958 3860; x_wconf 88' lang='lat' dir='ltr'><strong>diaboli</strong></span> <span class='ocrx_word' id='word_1_390' title='bbox 1008 3816 1139 3862; x_wconf 92' lang='lat' dir='ltr'><strong>tunc</strong></span> <span class='ocrx_word' id='word_1_391' title='bbox 1187 3808 1239 3862; x_wconf 92' lang='lat' dir='ltr'><strong>in</strong></span> <span class='ocrx_word' id='word_1_392' title='bbox 1287 3809 1515 3864; x_wconf 85' lang='lat' dir='ltr'><strong>veritate</strong></span> <span class='ocrx_word' id='word_1_393' title='bbox 1542 3811 1708 3880; x_wconf 44' lang='lat' dir='ltr'><strong>eripi:-</strong></span> 
     </span>
    </p>
   </div>
   <div class='ocr_carea' id='block_1_56' title="bbox 119 3891 1706 3970">
    <p class='ocr_par' dir='ltr' id='par_1_56' title="bbox 119 3891 1706 3970">
     <span class='ocr_line' id='line_1_56' title="bbox 119 3891 1706 3970; baseline 0.008 -28"><span class='ocrx_word' id='word_1_394' title='bbox 119 3905 264 3952; x_wconf 86' lang='lat' dir='ltr'><strong>tuur,</strong></span> <span class='ocrx_word' id='word_1_395' title='bbox 296 3891 533 3959; x_wconf 89' lang='lat' dir='ltr'><strong>quando,</strong></span> <span class='ocrx_word' id='word_1_396' title='bbox 563 3893 632 3947; x_wconf 86' lang='lat' dir='ltr'><strong>de</strong></span> <span class='ocrx_word' id='word_1_397' title='bbox 670 3894 787 3949; x_wconf 88' lang='lat' dir='ltr'><strong>loco</strong></span> <span class='ocrx_word' id='word_1_398' title='bbox 815 3898 1134 3954; x_wconf 86' lang='lat' dir='ltr'><strong>tentationis</strong></span> <span class='ocrx_word' id='word_1_399' title='bbox 1164 3901 1446 3970; x_wconf 83' lang='lat' dir='ltr'><strong>assumpti,</strong></span> <span class='ocrx_word' id='word_1_400' title='bbox 1479 3899 1596 3970; x_wconf 87' lang='lat' dir='ltr'><strong>ejus</strong></span> <span class='ocrx_word' id='word_1_401' title='bbox 1625 3903 1706 3955; x_wconf 89' lang='lat' dir='ltr'><strong>in-</strong></span> 
     </span>
    </p>
   </div>
   <div class='ocr_carea' id='block_1_57' title="bbox 121 3978 1707 4061">
    <p class='ocr_par' dir='ltr' id='par_1_57' title="bbox 121 3978 1707 4061">
     <span class='ocr_line' id='line_1_57' title="bbox 121 3978 1707 4061; baseline 0.009 -30"><span class='ocrx_word' id='word_1_402' title='bbox 121 3978 290 4032; x_wconf 78' lang='lat' dir='ltr'><strong>sidias</strong></span> <span class='ocrx_word' id='word_1_403' title='bbox 319 3995 425 4033; x_wconf 91' lang='lat' dir='ltr'><strong>non</strong></span> <span class='ocrx_word' id='word_1_404' title='bbox 451 3982 678 4038; x_wconf 88' lang='lat' dir='ltr'><strong>ulterius</strong></span> <span class='ocrx_word' id='word_1_405' title='bbox 709 3986 979 4041; x_wconf 87' lang='lat' dir='ltr'><strong>timemus.</strong></span> <span class='ocrx_word' id='word_1_406' title='bbox 1014 3987 1088 4042; x_wconf 90' lang='lat' dir='ltr'><strong>De</strong></span> <span class='ocrx_word' id='word_1_407' title='bbox 1119 3993 1261 4044; x_wconf 89' lang='lat' dir='ltr'><strong>omni</strong></span> <span class='ocrx_word' id='word_1_408' title='bbox 1292 4008 1497 4061; x_wconf 82' lang='lat' dir='ltr'><strong>quoque</strong></span> <span class='ocrx_word' id='word_1_409' title='bbox 1527 4009 1707 4060; x_wconf 75' lang='lat' dir='ltr'><strong>exspe-</strong></span> 
     </span>
    </p>
   </div>
   <div class='ocr_carea' id='block_1_58' title="bbox 149 4110 3029 4138">
    <p class='ocr_par' dir='ltr' id='par_1_58' title="bbox 149 4110 3029 4138">
     <span class='ocr_line' id='line_1_58' title="bbox 149 4110 3029 4138; baseline 0 -9"><span class='ocrx_word' id='word_1_410' title='bbox 149 4110 3029 4138; x_wconf 52' lang='lat' dir='ltr'><strong>Mm</strong></span> 
     </span>
    </p>
   </div>
   <div class='ocr_carea' id='block_1_59' title="bbox 1811 1974 3397 2044">
    <p class='ocr_par' dir='ltr' id='par_1_59' title="bbox 1811 1974 3397 2044">
     <span class='ocr_line' id='line_1_59' title="bbox 1811 1974 3397 2044; baseline -0.003 -12"><span class='ocrx_word' id='word_1_411' title='bbox 1811 1977 1930 2032; x_wconf 86' lang='lat' dir='ltr'><strong>cula</strong></span> <span class='ocrx_word' id='word_1_412' title='bbox 1961 1978 2282 2044; x_wconf 82' lang='lat' dir='ltr'><strong>devitamus,</strong></span> <span class='ocrx_word' id='word_1_413' title='bbox 2310 1977 2524 2033; x_wconf 84' lang='lat' dir='ltr'><strong>dilIicile</strong></span> <span class='ocrx_word' id='word_1_414' title='bbox 2553 1986 2729 2032; x_wconf 88' lang='lat' dir='ltr'><strong>tamen</strong></span> <span class='ocrx_word' id='word_1_415' title='bbox 2758 1985 2843 2032; x_wconf 89' lang='lat' dir='ltr'><strong>est</strong></span> <span class='ocrx_word' id='word_1_416' title='bbox 2878 1985 2931 2031; x_wconf 88' lang='lat' dir='ltr'><strong>ut</strong></span> <span class='ocrx_word' id='word_1_417' title='bbox 2962 1993 3069 2032; x_wconf 91' lang='lat' dir='ltr'><strong>non</strong></span> <span class='ocrx_word' id='word_1_418' title='bbox 3101 1976 3153 2030; x_wconf 93' lang='lat' dir='ltr'><strong>in</strong></span> <span class='ocrx_word' id='word_1_419' title='bbox 3177 1974 3397 2044; x_wconf 87' lang='lat' dir='ltr'><strong>aliquod</strong></span> 
     </span>
    </p>
   </div>
   <div class='ocr_carea' id='block_1_60' title="bbox 1813 2061 3400 2137">
    <p class='ocr_par' dir='ltr' id='par_1_60' title="bbox 1813 2061 3400 2137">
     <span class='ocr_line' id='line_1_60' title="bbox 1813 2061 3400 2137; baseline -0.003 -17"><span class='ocrx_word' id='word_1_420' title='bbox 1813 2067 2131 2133; x_wconf 82' lang='lat' dir='ltr'><strong>incidamus,</strong></span> <span class='ocrx_word' id='word_1_421' title='bbox 2163 2068 2302 2122; x_wconf 88' lang='lat' dir='ltr'><strong>unde</strong></span> <span class='ocrx_word' id='word_1_422' title='bbox 2328 2076 2529 2132; x_wconf 88' lang='lat' dir='ltr'><strong>tamen,</strong></span> <span class='ocrx_word' id='word_1_423' title='bbox 2571 2081 2668 2136; x_wconf 90' lang='lat' dir='ltr'><strong>per</strong></span> <span class='ocrx_word' id='word_1_424' title='bbox 2705 2067 2798 2121; x_wconf 92' lang='lat' dir='ltr'><strong>Dei</strong></span> <span class='ocrx_word' id='word_1_425' title='bbox 2849 2065 3082 2137; x_wconf 81' lang='lat' dir='ltr'><strong>gratiam</strong></span> <span class='ocrx_word' id='word_1_426' title='bbox 3124 2064 3193 2118; x_wconf 87' lang='lat' dir='ltr'><strong>ad</strong></span> <span class='ocrx_word' id='word_1_427' title='bbox 3223 2061 3400 2132; x_wconf 84' lang='lat' dir='ltr'><strong>poeni-</strong></span> 
     </span>
    </p>
   </div>
   <div class='ocr_carea' id='block_1_61' title="bbox 1814 2154 3394 2226">
    <p class='ocr_par' dir='ltr' id='par_1_61' title="bbox 1814 2154 3394 2226">
     <span class='ocr_line' id='line_1_61' title="bbox 1814 2154 3394 2226; baseline -0.004 -16"><span class='ocrx_word' id='word_1_428' title='bbox 1814 2158 1992 2212; x_wconf 70' lang='lat' dir='ltr'><strong>tentia:</strong></span> <span class='ocrx_word' id='word_1_429' title='bbox 2051 2155 2348 2212; x_wconf 89' lang='lat' dir='ltr'><strong>remedium</strong></span> <span class='ocrx_word' id='word_1_430' title='bbox 2401 2166 2771 2223; x_wconf 86' lang='lat' dir='ltr'><strong>recurrentes,</strong></span> <span class='ocrx_word' id='word_1_431' title='bbox 2808 2154 3044 2226; x_wconf 81' lang='lat' dir='ltr'><strong>quotidie</strong></span> <span class='ocrx_word' id='word_1_432' title='bbox 3081 2154 3394 2210; x_wconf 84' lang='lat' dir='ltr'><strong>liberamur.</strong></span> 
     </span>
    </p>
   </div>
   <div class='ocr_carea' id='block_1_62' title="bbox 1810 2244 3396 2312">
    <p class='ocr_par' dir='ltr' id='par_1_62' title="bbox 1810 2244 3396 2312">
     <span class='ocr_line' id='line_1_62' title="bbox 1810 2244 3396 2312; baseline -0.004 -7"><span class='ocrx_word' id='word_1_433' title='bbox 1810 2249 1943 2305; x_wconf 89' lang='lat' dir='ltr'><strong>Cum</strong></span> <span class='ocrx_word' id='word_1_434' title='bbox 1980 2264 2112 2304; x_wconf 87' lang='lat' dir='ltr'><strong>vero</strong></span> <span class='ocrx_word' id='word_1_435' title='bbox 2134 2249 2201 2304; x_wconf 91' lang='lat' dir='ltr'><strong>ad</strong></span> <span class='ocrx_word' id='word_1_436' title='bbox 2234 2248 2377 2303; x_wconf 87' lang='lat' dir='ltr'><strong>illam</strong></span> <span class='ocrx_word' id='word_1_437' title='bbox 2415 2249 2764 2304; x_wconf 82' lang='lat' dir='ltr'><strong>securitatem</strong></span> <span class='ocrx_word' id='word_1_438' title='bbox 2804 2248 3134 2312; x_wconf 82' lang='lat' dir='ltr'><strong>venerimus,</strong></span> <span class='ocrx_word' id='word_1_439' title='bbox 3165 2253 3292 2301; x_wconf 89' lang='lat' dir='ltr'><strong>tunc</strong></span> <span class='ocrx_word' id='word_1_440' title='bbox 3319 2244 3396 2299; x_wconf 87' lang='lat' dir='ltr'><strong>De</strong></span> 
     </span>
    </p>
   </div>
   <div class='ocr_carea' id='block_1_63' title="bbox 1811 2338 3398 2413">
    <p class='ocr_par' dir='ltr' id='par_1_63' title="bbox 1811 2338 3398 2413">
     <span class='ocr_line' id='line_1_63' title="bbox 1811 2338 3398 2413; baseline -0.003 -17"><span class='ocrx_word' id='word_1_441' title='bbox 1811 2342 1952 2396; x_wconf 87' lang='lat' dir='ltr'><strong>omni</strong></span> <span class='ocrx_word' id='word_1_442' title='bbox 1981 2343 2362 2413; x_wconf 74' lang='lat' dir='ltr'><strong>exspectatione</strong></span> <span class='ocrx_word' id='word_1_443' title='bbox 2409 2341 2571 2411; x_wconf 87' lang='lat' dir='ltr'><strong>plebis</strong></span> <span class='ocrx_word' id='word_1_444' title='bbox 2609 2339 2924 2396; x_wconf 72' lang='lat' dir='ltr'><strong>Judworum</strong></span> <span class='ocrx_word' id='word_1_445' title='bbox 2972 2339 3198 2410; x_wconf 79' lang='lat' dir='ltr'><strong>perfecte</strong></span> <span class='ocrx_word' id='word_1_446' title='bbox 3239 2338 3398 2409; x_wconf 83' lang='lat' dir='ltr'><strong>eripi-</strong></span> 
     </span>
    </p>
   </div>
   <div class='ocr_carea' id='block_1_64' title="bbox 1811 2429 3393 2502">
    <p class='ocr_par' dir='ltr' id='par_1_64' title="bbox 1811 2429 3393 2502">
     <span class='ocr_line' id='line_1_64' title="bbox 1811 2429 3393 2502; baseline -0.004 -14"><span class='ocrx_word' id='word_1_447' title='bbox 1811 2450 1964 2499; x_wconf 84' lang='lat' dir='ltr'><strong>mur;</strong></span> <span class='ocrx_word' id='word_1_448' title='bbox 1986 2435 2134 2502; x_wconf 90' lang='lat' dir='ltr'><strong>quia,</strong></span> <span class='ocrx_word' id='word_1_449' title='bbox 2151 2441 2324 2486; x_wconf 89' lang='lat' dir='ltr'><strong>morte</strong></span> <span class='ocrx_word' id='word_1_450' title='bbox 2350 2431 2407 2486; x_wconf 91' lang='lat' dir='ltr'><strong>in</strong></span> <span class='ocrx_word' id='word_1_451' title='bbox 2427 2432 2650 2486; x_wconf 75' lang='lat' dir='ltr'><strong>victoria</strong></span> <span class='ocrx_word' id='word_1_452' title='bbox 2684 2430 3098 2486; x_wconf 90' lang='lat' dir='ltr'><strong>resurrectionis</strong></span> <span class='ocrx_word' id='word_1_453' title='bbox 3115 2429 3393 2500; x_wconf 86' lang='lat' dir='ltr'><strong>absorpta,</strong></span> 
     </span>
    </p>
   </div>
   <div class='ocr_carea' id='block_1_65' title="bbox 1813 2519 3394 2593">
    <p class='ocr_par' dir='ltr' id='par_1_65' title="bbox 1813 2519 3394 2593">
     <span class='ocr_line' id='line_1_65' title="bbox 1813 2519 3394 2593; baseline -0.005 -13"><span class='ocrx_word' id='word_1_454' title='bbox 1813 2541 1912 2580; x_wconf 88' lang='lat' dir='ltr'><strong>nec</strong></span> <span class='ocrx_word' id='word_1_455' title='bbox 1945 2539 2073 2580; x_wconf 87' lang='lat' dir='ltr'><strong>caro</strong></span> <span class='ocrx_word' id='word_1_456' title='bbox 2100 2533 2283 2579; x_wconf 84' lang='lat' dir='ltr'><strong>nostra</strong></span> <span class='ocrx_word' id='word_1_457' title='bbox 2311 2523 2405 2577; x_wconf 93' lang='lat' dir='ltr'><strong>ulli</strong></span> <span class='ocrx_word' id='word_1_458' title='bbox 2441 2523 2772 2593; x_wconf 90' lang='lat' dir='ltr'><strong>corruptioni</strong></span> <span class='ocrx_word' id='word_1_459' title='bbox 2802 2523 3040 2578; x_wconf 72' lang='lat' dir='ltr'><strong>exterius</strong></span> <span class='ocrx_word' id='word_1_460' title='bbox 3073 2519 3394 2590; x_wconf 72' lang='lat' dir='ltr'><strong>subiacebit,</strong></span> 
     </span>
    </p>
   </div>
   <div class='ocr_carea' id='block_1_66' title="bbox 1813 2613 3394 2685">
    <p class='ocr_par' dir='ltr' id='par_1_66' title="bbox 1813 2613 3394 2685">
     <span class='ocr_line' id='line_1_66' title="bbox 1813 2613 3394 2685; baseline -0.005 -13"><span class='ocrx_word' id='word_1_461' title='bbox 1813 2633 1911 2673; x_wconf 88' lang='lat' dir='ltr'><strong>nec</strong></span> <span class='ocrx_word' id='word_1_462' title='bbox 1964 2631 2200 2673; x_wconf 86' lang='lat' dir='ltr'><strong>mentem</strong></span> <span class='ocrx_word' id='word_1_463' title='bbox 2232 2626 2472 2673; x_wconf 89' lang='lat' dir='ltr'><strong>nostram</strong></span> <span class='ocrx_word' id='word_1_464' title='bbox 2520 2617 2748 2672; x_wconf 82' lang='lat' dir='ltr'><strong>interius</strong></span> <span class='ocrx_word' id='word_1_465' title='bbox 2800 2615 2906 2670; x_wconf 92' lang='lat' dir='ltr'><strong>ulla</strong></span> <span class='ocrx_word' id='word_1_466' title='bbox 2959 2613 3394 2685; x_wconf 81' lang='lat' dir='ltr'><strong>concupiscentia</strong></span> 
     </span>
    </p>
   </div>
   <div class='ocr_carea' id='block_1_67' title="bbox 1813 2708 3394 2781">
    <p class='ocr_par' dir='ltr' id='par_1_67' title="bbox 1813 2708 3394 2781">
     <span class='ocr_line' id='line_1_67' title="bbox 1813 2708 3394 2781; baseline -0.006 -15"><span class='ocrx_word' id='word_1_467' title='bbox 1813 2711 2067 2767; x_wconf 90' lang='lat' dir='ltr'><strong>titillabit.</strong></span> <span class='ocrx_word' id='word_1_468' title='bbox 2125 2711 2276 2766; x_wconf 89' lang='lat' dir='ltr'><strong>Tunc</strong></span> <span class='ocrx_word' id='word_1_469' title='bbox 2319 2711 2478 2781; x_wconf 88' lang='lat' dir='ltr'><strong>plane</strong></span> <span class='ocrx_word' id='word_1_470' title='bbox 2525 2711 2790 2766; x_wconf 85' lang='lat' dir='ltr'><strong>veraciter</strong></span> <span class='ocrx_word' id='word_1_471' title='bbox 2839 2709 3020 2764; x_wconf 89' lang='lat' dir='ltr'><strong>dicere</strong></span> <span class='ocrx_word' id='word_1_472' title='bbox 3058 2708 3394 2778; x_wconf 88' lang='lat' dir='ltr'><strong>poterimus:</strong></span> 
     </span>
    </p>
   </div>
   <div class='ocr_carea' id='block_1_68' title="bbox 1817 2799 3392 2873">
    <p class='ocr_par' dir='ltr' id='par_1_68' title="bbox 1817 2799 3392 2873">
     <span class='ocr_line' id='line_1_68' title="bbox 1817 2799 3392 2873; baseline -0.004 -17"><span class='ocrx_word' id='word_1_473' title='bbox 1817 2801 1971 2856; x_wconf 86' lang='lat' dir='ltr'><strong>Nunc</strong></span> <span class='ocrx_word' id='word_1_474' title='bbox 1996 2804 2106 2858; x_wconf 86' lang='lat' dir='ltr'><strong>scio</strong></span> <span class='ocrx_word' id='word_1_475' title='bbox 2122 2819 2234 2858; x_wconf 81' lang='lat' dir='ltr'><strong>vere</strong></span> <span class='ocrx_word' id='word_1_476' title='bbox 2252 2803 2377 2873; x_wconf 89' lang='lat' dir='ltr'><strong>quia</strong></span> <span class='ocrx_word' id='word_1_477' title='bbox 2395 2803 2532 2856; x_wconf 87' lang='lat' dir='ltr'><strong>misit</strong></span> <span class='ocrx_word' id='word_1_478' title='bbox 2547 2799 3059 2870; x_wconf 85' lang='lat' dir='ltr'><strong>Dominusangelum</strong></span> <span class='ocrx_word' id='word_1_479' title='bbox 3086 2814 3261 2860; x_wconf 83' lang='lat' dir='ltr'><strong>suum,</strong></span> <span class='ocrx_word' id='word_1_480' title='bbox 3287 2804 3392 2850; x_wconf 88' lang='lat' dir='ltr'><strong>etc.</strong></span> 
     </span>
    </p>
   </div>
   <div class='ocr_carea' id='block_1_69' title="bbox 1813 2888 3398 2984">
    <p class='ocr_par' dir='ltr' id='par_1_69' title="bbox 1813 2888 3398 2984">
     <span class='ocr_line' id='line_1_69' title="bbox 1813 2888 3398 2984; baseline -0.006 -34"><span class='ocrx_word' id='word_1_481' title='bbox 1813 2895 2092 2967; x_wconf 73' lang='lat' dir='ltr'><strong>Magniﬁce</strong></span> <span class='ocrx_word' id='word_1_482' title='bbox 2135 2894 2280 2949; x_wconf 89' lang='lat' dir='ltr'><strong>enim</strong></span> <span class='ocrx_word' id='word_1_483' title='bbox 2317 2894 2520 2950; x_wconf 91' lang='lat' dir='ltr'><strong>dictum</strong></span> <span class='ocrx_word' id='word_1_484' title='bbox 2550 2901 2634 2947; x_wconf 89' lang='lat' dir='ltr'><strong>est</strong></span> <span class='ocrx_word' id='word_1_485' title='bbox 2666 2890 2822 2946; x_wconf 86' lang='lat' dir='ltr'><strong>Nunc</strong></span> <span class='ocrx_word' id='word_1_486' title='bbox 2849 2893 2958 2945; x_wconf 82' lang='lat' dir='ltr'><strong>scio</strong></span> <span class='ocrx_word' id='word_1_487' title='bbox 3000 2906 3134 2954; x_wconf 80' lang='lat' dir='ltr'><strong>cere,</strong></span> <span class='ocrx_word' id='word_1_488' title='bbox 3172 2903 3239 2984; x_wconf 71' lang='lat' dir='ltr'><strong>ne</strong></span> <span class='ocrx_word' id='word_1_489' title='bbox 3276 2888 3398 2958; x_wconf 83' lang='lat' dir='ltr'><strong>quis</strong></span> 
     </span>
    </p>
   </div>
   <div class='ocr_carea' id='block_1_70' title="bbox 1813 2985 3398 3054">
    <p class='ocr_par' dir='ltr' id='par_1_70' title="bbox 1813 2985 3398 3054">
     <span class='ocr_line' id='line_1_70' title="bbox 1813 2985 3398 3054; baseline -0.006 -15"><span class='ocrx_word' id='word_1_490' title='bbox 1813 2985 2064 3042; x_wconf 74' lang='lat' dir='ltr'><strong>videlicet</strong></span> <span class='ocrx_word' id='word_1_491' title='bbox 2109 2999 2237 3039; x_wconf 90' lang='lat' dir='ltr'><strong>vere</strong></span> <span class='ocrx_word' id='word_1_492' title='bbox 2287 2998 2346 3040; x_wconf 91' lang='lat' dir='ltr'><strong>se</strong></span> <span class='ocrx_word' id='word_1_493' title='bbox 2401 2992 2678 3054; x_wconf 87' lang='lat' dir='ltr'><strong>receptum</strong></span> <span class='ocrx_word' id='word_1_494' title='bbox 2725 2988 3054 3052; x_wconf 63' lang='lat' dir='ltr'><strong>praesumat,</strong></span> <span class='ocrx_word' id='word_1_495' title='bbox 3112 2991 3398 3049; x_wconf 86' lang='lat' dir='ltr'><strong>quousque</strong></span> 
     </span>
    </p>
   </div>
   <div class='ocr_carea' id='block_1_71' title="bbox 1812 3071 3394 3146">
    <p class='ocr_par' dir='ltr' id='par_1_71' title="bbox 1812 3071 3394 3146">
     <span class='ocr_line' id='line_1_71' title="bbox 1812 3071 3394 3146; baseline -0.006 -14"><span class='ocrx_word' id='word_1_496' title='bbox 1812 3082 1877 3132; x_wconf 82' lang='lat' dir='ltr'><strong>ad</strong></span> <span class='ocrx_word' id='word_1_497' title='bbox 1909 3079 2053 3132; x_wconf 87' lang='lat' dir='ltr'><strong>illam</strong></span> <span class='ocrx_word' id='word_1_498' title='bbox 2082 3077 2386 3133; x_wconf 87' lang='lat' dir='ltr'><strong>libertatem</strong></span> <span class='ocrx_word' id='word_1_499' title='bbox 2418 3075 2601 3146; x_wconf 68' lang='lat' dir='ltr'><strong>gloriae</strong></span> <span class='ocrx_word' id='word_1_500' title='bbox 2646 3075 2879 3130; x_wconf 84' lang='lat' dir='ltr'><strong>ﬁliorum</strong></span> <span class='ocrx_word' id='word_1_501' title='bbox 2929 3074 3024 3128; x_wconf 87' lang='lat' dir='ltr'><strong>Dei</strong></span> <span class='ocrx_word' id='word_1_502' title='bbox 3078 3071 3394 3144; x_wconf 82' lang='lat' dir='ltr'><strong>perveniat;</strong></span> 
     </span>
    </p>
   </div>
   <div class='ocr_carea' id='block_1_72' title="bbox 1812 3161 3394 3240">
    <p class='ocr_par' dir='ltr' id='par_1_72' title="bbox 1812 3161 3394 3240">
     <span class='ocr_line' id='line_1_72' title="bbox 1812 3161 3394 3240; baseline -0.005 -18"><span class='ocrx_word' id='word_1_503' title='bbox 1812 3169 1960 3240; x_wconf 90' lang='lat' dir='ltr'><strong>quia,</strong></span> <span class='ocrx_word' id='word_1_504' title='bbox 1984 3169 2086 3224; x_wconf 88' lang='lat' dir='ltr'><strong>etsi</strong></span> <span class='ocrx_word' id='word_1_505' title='bbox 2113 3166 2227 3236; x_wconf 88' lang='lat' dir='ltr'><strong>jam</strong></span> <span class='ocrx_word' id='word_1_506' title='bbox 2255 3181 2351 3238; x_wconf 90' lang='lat' dir='ltr'><strong>per</strong></span> <span class='ocrx_word' id='word_1_507' title='bbox 2385 3165 2543 3222; x_wconf 79' lang='lat' dir='ltr'><strong>[idem</strong></span> <span class='ocrx_word' id='word_1_508' title='bbox 2576 3181 2674 3221; x_wconf 90' lang='lat' dir='ltr'><strong>nos</strong></span> <span class='ocrx_word' id='word_1_509' title='bbox 2695 3165 2954 3220; x_wconf 89' lang='lat' dir='ltr'><strong>liberatos</strong></span> <span class='ocrx_word' id='word_1_510' title='bbox 2973 3161 3394 3227; x_wconf 86' lang='lat' dir='ltr'><strong>scimus,adhuc</strong></span> 
     </span>
    </p>
   </div>
   <div class='ocr_carea' id='block_1_73' title="bbox 1813 3254 3412 3330">
    <p class='ocr_par' dir='ltr' id='par_1_73' title="bbox 1813 3254 3412 3330">
     <span class='ocr_line' id='line_1_73' title="bbox 1813 3254 3412 3330; baseline -0.008 -15"><span class='ocrx_word' id='word_1_511' title='bbox 1813 3272 1990 3318; x_wconf 88' lang='lat' dir='ltr'><strong>tamen</strong></span> <span class='ocrx_word' id='word_1_512' title='bbox 2037 3275 2134 3330; x_wconf 86' lang='lat' dir='ltr'><strong>per</strong></span> <span class='ocrx_word' id='word_1_513' title='bbox 2181 3261 2424 3330; x_wconf 84' lang='lat' dir='ltr'><strong>speciem</strong></span> <span class='ocrx_word' id='word_1_514' title='bbox 2464 3274 2592 3315; x_wconf 82' lang='lat' dir='ltr'><strong>vere</strong></span> <span class='ocrx_word' id='word_1_515' title='bbox 2628 3258 2886 3315; x_wconf 85' lang='lat' dir='ltr'><strong>liberatos</strong></span> <span class='ocrx_word' id='word_1_516' title='bbox 2939 3271 3038 3312; x_wconf 92' lang='lat' dir='ltr'><strong>nos</strong></span> <span class='ocrx_word' id='word_1_517' title='bbox 3096 3254 3412 3314; x_wconf 78' lang='lat' dir='ltr'><strong>nescimus,</strong></span> 
     </span>
    </p>
   </div>
   <div class='ocr_carea' id='block_1_74' title="bbox 1810 3345 3395 3421">
    <p class='ocr_par' dir='ltr' id='par_1_74' title="bbox 1810 3345 3395 3421">
     <span class='ocr_line' id='line_1_74' title="bbox 1810 3345 3395 3421; baseline -0.004 -14"><span class='ocrx_word' id='word_1_518' title='bbox 1810 3353 1981 3407; x_wconf 90' lang='lat' dir='ltr'><strong>donec</strong></span> <span class='ocrx_word' id='word_1_519' title='bbox 2008 3351 2106 3421; x_wconf 87' lang='lat' dir='ltr'><strong>ipsi</strong></span> <span class='ocrx_word' id='word_1_520' title='bbox 2142 3350 2410 3406; x_wconf 88' lang='lat' dir='ltr'><strong>libertatis</strong></span> <span class='ocrx_word' id='word_1_521' title='bbox 2441 3359 2639 3406; x_wconf 84' lang='lat' dir='ltr'><strong>nostrae</strong></span> <span class='ocrx_word' id='word_1_522' title='bbox 2664 3349 2873 3405; x_wconf 85' lang='lat' dir='ltr'><strong>auctori</strong></span> <span class='ocrx_word' id='word_1_523' title='bbox 2904 3357 3107 3402; x_wconf 63' lang='lat' dir='ltr'><strong>aeterna</strong></span> <span class='ocrx_word' id='word_1_524' title='bbox 3136 3345 3395 3402; x_wconf 86' lang='lat' dir='ltr'><strong>societate</strong></span> 
     </span>
    </p>
   </div>
   <div class='ocr_carea' id='block_1_75' title="bbox 1805 3437 3395 3512">
    <p class='ocr_par' dir='ltr' id='par_1_75' title="bbox 1805 3437 3395 3512">
     <span class='ocr_line' id='line_1_75' title="bbox 1805 3437 3395 3512; baseline -0.005 -16"><span class='ocrx_word' id='word_1_525' title='bbox 1805 3442 2117 3512; x_wconf 85' lang='lat' dir='ltr'><strong>jungamur.</strong></span> <span class='ocrx_word' id='word_1_526' title='bbox 2165 3440 2247 3495; x_wconf 79' lang='lat' dir='ltr'><strong>Ad</strong></span> <span class='ocrx_word' id='word_1_527' title='bbox 2286 3456 2449 3510; x_wconf 88' lang='lat' dir='ltr'><strong>quam</strong></span> <span class='ocrx_word' id='word_1_528' title='bbox 2482 3454 2622 3494; x_wconf 72' lang='lat' dir='ltr'><strong>vera:</strong></span> <span class='ocrx_word' id='word_1_529' title='bbox 2647 3438 2943 3510; x_wconf 89' lang='lat' dir='ltr'><strong>ereptionis</strong></span> <span class='ocrx_word' id='word_1_530' title='bbox 2969 3437 3251 3493; x_wconf 88' lang='lat' dir='ltr'><strong>scientiam</strong></span> <span class='ocrx_word' id='word_1_531' title='bbox 3296 3449 3395 3489; x_wconf 89' lang='lat' dir='ltr'><strong>nos</strong></span> 
     </span>
    </p>
   </div>
   <div class='ocr_carea' id='block_1_76' title="bbox 1812 3527 3393 3603">
    <p class='ocr_par' dir='ltr' id='par_1_76' title="bbox 1812 3527 3393 3603">
     <span class='ocr_line' id='line_1_76' title="bbox 1812 3527 3393 3603; baseline -0.006 -15"><span class='ocrx_word' id='word_1_532' title='bbox 1812 3534 2111 3603; x_wconf 88' lang='lat' dir='ltr'><strong>perducere</strong></span> <span class='ocrx_word' id='word_1_533' title='bbox 2135 3533 2384 3603; x_wconf 88' lang='lat' dir='ltr'><strong>dignetur</strong></span> <span class='ocrx_word' id='word_1_534' title='bbox 2423 3532 2512 3588; x_wconf 90' lang='lat' dir='ltr'><strong>ille</strong></span> <span class='ocrx_word' id='word_1_535' title='bbox 2541 3535 2722 3602; x_wconf 89' lang='lat' dir='ltr'><strong>magni</strong></span> <span class='ocrx_word' id='word_1_536' title='bbox 2769 3529 2982 3586; x_wconf 88' lang='lat' dir='ltr'><strong>consilii</strong></span> <span class='ocrx_word' id='word_1_537' title='bbox 3013 3528 3268 3600; x_wconf 84' lang='lat' dir='ltr'><strong>Angelus,</strong></span> <span class='ocrx_word' id='word_1_538' title='bbox 3303 3527 3393 3596; x_wconf 89' lang='lat' dir='ltr'><strong>qui</strong></span> 
     </span>
    </p>
   </div>
   <div class='ocr_carea' id='block_1_77' title="bbox 1815 3618 3394 3692">
    <p class='ocr_par' dir='ltr' id='par_1_77' title="bbox 1815 3618 3394 3692">
     <span class='ocr_line' id='line_1_77' title="bbox 1815 3618 3394 3692; baseline -0.004 -15"><span class='ocrx_word' id='word_1_539' title='bbox 1815 3638 1913 3678; x_wconf 91' lang='lat' dir='ltr'><strong>nos</strong></span> <span class='ocrx_word' id='word_1_540' title='bbox 1940 3631 1993 3678; x_wconf 91' lang='lat' dir='ltr'><strong>et</strong></span> <span class='ocrx_word' id='word_1_541' title='bbox 2018 3623 2168 3683; x_wconf 84' lang='lat' dir='ltr'><strong>prius</strong></span> <span class='ocrx_word' id='word_1_542' title='bbox 2195 3637 2290 3692; x_wconf 90' lang='lat' dir='ltr'><strong>per</strong></span> <span class='ocrx_word' id='word_1_543' title='bbox 2321 3623 2558 3692; x_wconf 85' lang='lat' dir='ltr'><strong>seipsqu</strong></span> <span class='ocrx_word' id='word_1_544' title='bbox 2591 3622 2657 3677; x_wconf 90' lang='lat' dir='ltr'><strong>de</strong></span> <span class='ocrx_word' id='word_1_545' title='bbox 2687 3621 2924 3676; x_wconf 86' lang='lat' dir='ltr'><strong>tenebris</strong></span> <span class='ocrx_word' id='word_1_546' title='bbox 2951 3629 3007 3675; x_wconf 93' lang='lat' dir='ltr'><strong>et</strong></span> <span class='ocrx_word' id='word_1_547' title='bbox 3027 3618 3217 3672; x_wconf 87' lang='lat' dir='ltr'><strong>umbra</strong></span> <span class='ocrx_word' id='word_1_548' title='bbox 3245 3632 3394 3672; x_wconf 78' lang='lat' dir='ltr'><strong>mor-</strong></span> 
     </span>
    </p>
   </div>
   <div class='ocr_carea' id='block_1_78' title="bbox 1814 3706 3395 3784">
    <p class='ocr_par' dir='ltr' id='par_1_78' title="bbox 1814 3706 3395 3784">
     <span class='ocr_line' id='line_1_78' title="bbox 1814 3706 3395 3784; baseline -0.005 -14"><span class='ocrx_word' id='word_1_549' title='bbox 1814 3717 1886 3771; x_wconf 90' lang='lat' dir='ltr'><strong>tis</strong></span> <span class='ocrx_word' id='word_1_550' title='bbox 1913 3715 2134 3784; x_wconf 87' lang='lat' dir='ltr'><strong>eripuit,</strong></span> <span class='ocrx_word' id='word_1_551' title='bbox 2157 3723 2210 3769; x_wconf 91' lang='lat' dir='ltr'><strong>et</strong></span> <span class='ocrx_word' id='word_1_552' title='bbox 2233 3714 2474 3784; x_wconf 86' lang='lat' dir='ltr'><strong>quotidie</strong></span> <span class='ocrx_word' id='word_1_553' title='bbox 2500 3727 2596 3784; x_wconf 91' lang='lat' dir='ltr'><strong>per</strong></span> <span class='ocrx_word' id='word_1_554' title='bbox 2619 3728 2748 3769; x_wconf 88' lang='lat' dir='ltr'><strong>suos</strong></span> <span class='ocrx_word' id='word_1_555' title='bbox 2781 3710 2998 3782; x_wconf 82' lang='lat' dir='ltr'><strong>angelos</strong></span> <span class='ocrx_word' id='word_1_556' title='bbox 3026 3709 3208 3778; x_wconf 91' lang='lat' dir='ltr'><strong>eripit,</strong></span> <span class='ocrx_word' id='word_1_557' title='bbox 3239 3706 3395 3762; x_wconf 87' lang='lat' dir='ltr'><strong>Jcsus</strong></span> 
     </span>
    </p>
   </div>
   <div class='ocr_carea' id='block_1_79' title="bbox 1811 3800 3396 3871">
    <p class='ocr_par' dir='ltr' id='par_1_79' title="bbox 1811 3800 3396 3871">
     <span class='ocr_line' id='line_1_79' title="bbox 1811 3800 3396 3871; baseline -0.007 -6"><span class='ocrx_word' id='word_1_558' title='bbox 1811 3809 2062 3865; x_wconf 90' lang='lat' dir='ltr'><strong>Christus</strong></span> <span class='ocrx_word' id='word_1_559' title='bbox 2092 3807 2233 3864; x_wconf 87' lang='lat' dir='ltr'><strong>Deus</strong></span> <span class='ocrx_word' id='word_1_560' title='bbox 2258 3817 2313 3862; x_wconf 92' lang='lat' dir='ltr'><strong>et</strong></span> <span class='ocrx_word' id='word_1_561' title='bbox 2347 3807 2606 3862; x_wconf 91' lang='lat' dir='ltr'><strong>Dominus</strong></span> <span class='ocrx_word' id='word_1_562' title='bbox 2639 3815 2851 3871; x_wconf 90' lang='lat' dir='ltr'><strong>noster,</strong></span> <span class='ocrx_word' id='word_1_563' title='bbox 2884 3805 2971 3860; x_wconf 90' lang='lat' dir='ltr'><strong>cui</strong></span> <span class='ocrx_word' id='word_1_564' title='bbox 3003 3812 3087 3859; x_wconf 93' lang='lat' dir='ltr'><strong>est</strong></span> <span class='ocrx_word' id='word_1_565' title='bbox 3135 3817 3257 3859; x_wconf 89' lang='lat' dir='ltr'><strong>cum</strong></span> <span class='ocrx_word' id='word_1_566' title='bbox 3301 3800 3396 3855; x_wconf 82' lang='lat' dir='ltr'><strong>Pa.</strong></span> 
     </span>
    </p>
   </div>
   <div class='ocr_carea' id='block_1_80' title="bbox 1814 3894 3396 3972">
    <p class='ocr_par' dir='ltr' id='par_1_80' title="bbox 1814 3894 3396 3972">
     <span class='ocr_line' id='line_1_80' title="bbox 1814 3894 3396 3972; baseline -0.005 -16"><span class='ocrx_word' id='word_1_567' title='bbox 1814 3911 1896 3957; x_wconf 89' lang='lat' dir='ltr'><strong>tre</strong></span> <span class='ocrx_word' id='word_1_568' title='bbox 1923 3909 1979 3956; x_wconf 90' lang='lat' dir='ltr'><strong>et</strong></span> <span class='ocrx_word' id='word_1_569' title='bbox 2016 3900 2222 3972; x_wconf 91' lang='lat' dir='ltr'><strong>Spiritu</strong></span> <span class='ocrx_word' id='word_1_570' title='bbox 2255 3908 2443 3956; x_wconf 90' lang='lat' dir='ltr'><strong>sancto</strong></span> <span class='ocrx_word' id='word_1_571' title='bbox 2478 3901 2651 3956; x_wconf 91' lang='lat' dir='ltr'><strong>honor</strong></span> <span class='ocrx_word' id='word_1_572' title='bbox 2683 3909 2738 3956; x_wconf 88' lang='lat' dir='ltr'><strong>et</strong></span> <span class='ocrx_word' id='word_1_573' title='bbox 2768 3899 2940 3970; x_wconf 88' lang='lat' dir='ltr'><strong>gloria</strong></span> <span class='ocrx_word' id='word_1_574' title='bbox 2972 3897 3025 3952; x_wconf 92' lang='lat' dir='ltr'><strong>in</strong></span> <span class='ocrx_word' id='word_1_575' title='bbox 3055 3894 3251 3952; x_wconf 71' lang='lat' dir='ltr'><strong>saecula</strong></span> <span class='ocrx_word' id='word_1_576' title='bbox 3291 3910 3396 3950; x_wconf 75' lang='lat' dir='ltr'><strong>sa:-</strong></span> 
     </span>
    </p>
   </div>
   <div class='ocr_carea' id='block_1_81' title="bbox 1818 3993 2302 4048">
    <p class='ocr_par' dir='ltr' id='par_1_81' title="bbox 1818 3993 2302 4048">
     <span class='ocr_line' id='line_1_81' title="bbox 1818 3993 2302 4048; baseline -0.008 0"><span class='ocrx_word' id='word_1_577' title='bbox 1818 3994 2082 4048; x_wconf 80' lang='lat' dir='ltr'><strong>culurum.</strong></span> <span class='ocrx_word' id='word_1_578' title='bbox 2116 3993 2302 4046; x_wconf 81' lang='lat' dir='ltr'><strong>Amen.</strong></span> 
     </span>
    </p>
   </div>
   <div class='ocr_carea' id='block_1_82' title="bbox 3033 4120 3377 4135">
    <p class='ocr_par' dir='ltr' id='par_1_82' title="bbox 3033 4120 3377 4135">
     <span class='ocr_line' id='line_1_82' title="bbox 3033 4120 3377 4135; baseline -0.003 0"><span class='ocrx_word' id='word_1_579' title='bbox 3033 4120 3377 4135; x_wconf 79' lang='lat'><strong>—-——-_</strong></span> 
     </span>
    </p>
   </div>
   <div class='ocr_carea' id='block_1_83' title="bbox 939 4252 2579 4370">
    <p class='ocr_par' dir='ltr' id='par_1_83' title="bbox 939 4252 2579 4370">
     <span class='ocr_line' id='line_1_83' title="bbox 939 4252 2579 4370; baseline 0.001 -7"><span class='ocrx_word' id='word_1_580' title='bbox 939 4252 1607 4368; x_wconf 76' lang='lat' dir='ltr'><strong>SANCTI</strong></span> <span class='ocrx_word' id='word_1_581' title='bbox 1670 4255 2579 4370; x_wconf 73' lang='lat' dir='ltr'><strong>PULBERTI</strong></span> 
     </span>
    </p>
   </div>
   <div class='ocr_carea' id='block_1_84' title="bbox 1407 4463 2220 4522">
    <p class='ocr_par' dir='ltr' id='par_1_84' title="bbox 1407 4463 2220 4522">
     <span class='ocr_line' id='line_1_84' title="bbox 1407 4463 2220 4522; baseline 0.001 -3"><span class='ocrx_word' id='word_1_582' title='bbox 1407 4463 1886 4521; x_wconf 77' lang='lat' dir='ltr'><strong>CARNOTENSIS</strong></span> <span class='ocrx_word' id='word_1_583' title='bbox 1913 4463 2220 4522; x_wconf 83' lang='lat' dir='ltr'><strong>EPISCOPI</strong></span> 
     </span>
    </p>
   </div>
   <div class='ocr_carea' id='block_1_85' title="bbox 685 4641 2877 4760">
    <p class='ocr_par' dir='ltr' id='par_1_85' title="bbox 685 4641 2877 4760">
     <span class='ocr_line' id='line_1_85' title="bbox 685 4641 2877 4760; baseline 0 -8"><span class='ocrx_word' id='word_1_584' title='bbox 685 4641 1532 4760; x_wconf 83' lang='lat' dir='ltr'><strong>TRACTATUS</strong></span> <span class='ocrx_word' id='word_1_585' title='bbox 1619 4644 2195 4760; x_wconf 85' lang='lat' dir='ltr'><strong>CONTRA</strong></span> <span class='ocrx_word' id='word_1_586' title='bbox 2253 4643 2877 4760; x_wconf 71' lang='lat' dir='ltr'><strong>JUD/EOS.</strong></span> 
     </span>
    </p>
   </div>
   <div class='ocr_carea' id='block_1_86' title="bbox 116 4856 3390 4942">
    <p class='ocr_par' dir='ltr' id='par_1_86' title="bbox 116 4856 3390 4942">
     <span class='ocr_line' id='line_1_86' title="bbox 116 4856 3390 4942; baseline 0.003 -28"><span class='ocrx_word' id='word_1_587' title='bbox 116 4856 313 4916; x_wconf 77' lang='lat' dir='ltr'><strong>Jacob</strong></span> <span class='ocrx_word' id='word_1_588' title='bbox 339 4858 720 4937; x_wconf 71' lang='lat' dir='ltr'><strong>patriarcha:</strong></span> <span class='ocrx_word' id='word_1_589' title='bbox 749 4861 1142 4939; x_wconf 84' lang='lat' dir='ltr'><strong>prophetiam</strong></span> <span class='ocrx_word' id='word_1_590' title='bbox 1188 4862 1487 4942; x_wconf 79' lang='lat' dir='ltr'><strong>insignem</strong></span> <span class='ocrx_word' id='word_1_591' title='bbox 1517 4885 1530 4924; x_wconf 91' lang='lat'><strong>:</strong></span> <span class='ocrx_word' id='word_1_592' title='bbox 1579 4865 1714 4924; x_wconf 64' lang='lat' dir='ltr'><strong>Non</strong></span> <span class='ocrx_word' id='word_1_593' title='bbox 1745 4882 2122 4924; x_wconf 61' lang='lat' dir='ltr'><strong>suranerun</strong></span> <span class='ocrx_word' id='word_1_594' title='bbox 2155 4881 2481 4925; x_wconf 70' lang='lat' dir='ltr'><strong>scaprnuu</strong></span> <span class='ocrx_word' id='word_1_595' title='bbox 2515 4882 2593 4922; x_wconf 78' lang='lat' dir='ltr'><strong>ua</strong></span> <span class='ocrx_word' id='word_1_596' title='bbox 2622 4882 2806 4938; x_wconf 74' lang='lat' dir='ltr'><strong>was,</strong></span> <span class='ocrx_word' id='word_1_597' title='bbox 2848 4869 2994 4934; x_wconf 83' lang='lat' dir='ltr'><strong>eic.,</strong></span> <span class='ocrx_word' id='word_1_598' title='bbox 3045 4864 3108 4922; x_wconf 83' lang='lat' dir='ltr'><strong>in</strong></span> <span class='ocrx_word' id='word_1_599' title='bbox 3143 4861 3390 4924; x_wconf 82' lang='lat' dir='ltr'><strong>Christo</strong></span> 
     </span>
    </p>
   </div>
   <div class='ocr_carea' id='block_1_87' title="bbox 1075 4943 2363 5023">
    <p class='ocr_par' dir='ltr' id='par_1_87' title="bbox 1075 4943 2363 5023">
     <span class='ocr_line' id='line_1_87' title="bbox 1075 4943 2363 5023; baseline 0.002 -21"><span class='ocrx_word' id='word_1_600' title='bbox 1075 4943 1227 5003; x_wconf 84' lang='lat' dir='ltr'><strong>Iesu</strong></span> <span class='ocrx_word' id='word_1_601' title='bbox 1261 4943 1622 5022; x_wconf 85' lang='lat' dir='ltr'><strong>completam</strong></span> <span class='ocrx_word' id='word_1_602' title='bbox 1646 4943 2045 5022; x_wconf 87' lang='lat' dir='ltr'><strong>probandum</strong></span> <span class='ocrx_word' id='word_1_603' title='bbox 2075 4945 2363 5023; x_wconf 86' lang='lat' dir='ltr'><strong>suscipit.</strong></span> 
     </span>
    </p>
   </div>
   <div class='ocr_carea' id='block_1_88' title="bbox 195 5098 3391 5180">
    <p class='ocr_par' dir='ltr' id='par_1_88' title="bbox 195 5098 3391 5180">
     <span class='ocr_line' id='line_1_88' title="bbox 195 5098 3391 5180; baseline 0.003 -27"><span class='ocrx_word' id='word_1_604' title='bbox 195 5098 397 5180; x_wconf 59' lang='lat' dir='ltr'><strong>(Edidit</strong></span> <span class='ocrx_word' id='word_1_605' title='bbox 419 5100 648 5157; x_wconf 87' lang='lat' dir='ltr'><strong>Carolus</strong></span> <span class='ocrx_word' id='word_1_606' title='bbox 675 5103 743 5157; x_wconf 90' lang='lat' dir='ltr'><strong>de</strong></span> <span class='ocrx_word' id='word_1_607' title='bbox 790 5103 1024 5180; x_wconf 71' lang='lat' dir='ltr'><strong>Villiers,</strong></span> <span class='ocrx_word' id='word_1_608' title='bbox 1057 5106 1340 5180; x_wconf 78' lang='lat' dir='ltr'><strong>theologus</strong></span> <span class='ocrx_word' id='word_1_609' title='bbox 1371 5105 1714 5180; x_wconf 74' lang='lat' dir='ltr'><strong>Parisiensis,</strong></span> <span class='ocrx_word' id='word_1_610' title='bbox 1777 5107 2350 5180; x_wconf 73' lang='lat' dir='ltr'><strong>Bbliothecw_Patrum</strong></span> <span class='ocrx_word' id='word_1_611' title='bbox 2383 5119 2515 5180; x_wconf 89' lang='lat' dir='ltr'><strong>tom.</strong></span> <span class='ocrx_word' id='word_1_612' title='bbox 2549 5107 2737 5173; x_wconf 79' lang='lat' dir='ltr'><strong>XVIII,</strong></span> <span class='ocrx_word' id='word_1_613' title='bbox 2765 5125 2886 5180; x_wconf 85' lang='lat' dir='ltr'><strong>pag.</strong></span> <span class='ocrx_word' id='word_1_614' title='bbox 2918 5109 3009 5173; x_wconf 61' lang='lat'><strong>4‘2,</strong></span> <span class='ocrx_word' id='word_1_615' title='bbox 3038 5108 3138 5162; x_wconf 91' lang='lat' dir='ltr'><strong>sub</strong></span> <span class='ocrx_word' id='word_1_616' title='bbox 3191 5107 3343 5161; x_wconf 87' lang='lat' dir='ltr'><strong>titulo</strong></span> <span class='ocrx_word' id='word_1_617' title='bbox 3377 5127 3391 5164; x_wconf 87' lang='lat'>:</span> 
     </span>
    </p>
   </div>
   <div class='ocr_carea' id='block_1_89' title="bbox 263 5169 1177 5231">
    <p class='ocr_par' dir='ltr' id='par_1_89' title="bbox 263 5169 1177 5231">
     <span class='ocr_line' id='line_1_89' title="bbox 263 5169 1177 5231; baseline 0.007 -7"><span class='ocrx_word' id='word_1_618' title='bbox 263 5169 552 5227; x_wconf 68' lang='lat' dir='ltr'><strong>Senones</strong></span> <span class='ocrx_word' id='word_1_619' title='bbox 584 5188 792 5230; x_wconf 61' lang='lat' dir='ltr'><strong>conatu</strong></span> <span class='ocrx_word' id='word_1_620' title='bbox 831 5169 1071 5231; x_wconf 59' lang='lat' dir='ltr'><strong>Junius.</strong></span> <span class='ocrx_word' id='word_1_621' title='bbox 1107 5207 1177 5216; x_wconf 94' lang='lat'><strong><em>—</em></strong></span> 
     </span>
    </p>
   </div>
   <div class='ocr_carea' id='block_1_90' title="bbox 264 5241 549 5315">
    <p class='ocr_par' dir='ltr' id='par_1_90' title="bbox 264 5241 549 5315">
     <span class='ocr_line' id='line_1_90' title="bbox 264 5241 549 5315; baseline 0.004 -21"><span class='ocrx_word' id='word_1_622' title='bbox 264 5241 370 5295; x_wconf 84' lang='lat' dir='ltr'><strong>col.</strong></span> <span class='ocrx_word' id='word_1_623' title='bbox 403 5241 549 5315; x_wconf 84' lang='grc'><strong>167.)</strong></span> 
     </span>
    </p>
   </div>
   <div class='ocr_carea' id='block_1_91' title="bbox 1267 5177 3392 5251">
    <p class='ocr_par' dir='ltr' id='par_1_91' title="bbox 1267 5177 3392 5251">
     <span class='ocr_line' id='line_1_91' title="bbox 1267 5177 3392 5251; baseline 0 -20"><span class='ocrx_word' id='word_1_624' title='bbox 1267 5178 1353 5233; x_wconf 91' lang='lat' dir='ltr'><strong>ide</strong></span> <span class='ocrx_word' id='word_1_625' title='bbox 1398 5177 1659 5235; x_wconf 83' lang='lat' dir='ltr'><strong>Notitiam</strong></span> <span class='ocrx_word' id='word_1_626' title='bbox 1709 5180 2030 5236; x_wconf 88' lang='lat' dir='ltr'><strong>litterariam</strong></span> <span class='ocrx_word' id='word_1_627' title='bbox 2085 5178 2355 5250; x_wconf 88' lang='lat' dir='ltr'><strong>Operibus</strong></span> <span class='ocrx_word' id='word_1_628' title='bbox 2398 5179 2457 5237; x_wconf 91' lang='lat' dir='ltr'><strong>S.</strong></span> <span class='ocrx_word' id='word_1_629' title='bbox 2501 5177 3152 5251; x_wconf 62' lang='lat' dir='ltr'><strong>Fulbertipraeniissatn,</strong></span> <span class='ocrx_word' id='word_1_630' title='bbox 3203 5193 3392 5248; x_wconf 78' lang='lat' dir='ltr'><strong>supra,</strong></span> 
     </span>
    </p>
   </div>
   <div class='ocr_carea' id='block_1_92' title="bbox 189 5523 3394 5599">
    <p class='ocr_par' dir='ltr' id='par_1_92' title="bbox 189 5523 3394 5599">
     <span class='ocr_line' id='line_1_92' title="bbox 189 5523 3394 5599; baseline 0 -21"><span class='ocrx_word' id='word_1_631' title='bbox 189 5525 231 5578; x_wconf 92' lang='lat' dir='ltr'><strong>l.</strong></span> <span class='ocrx_word' id='word_1_632' title='bbox 263 5523 385 5579; x_wconf 80' lang='lat' dir='ltr'><strong>Filii</strong></span> <span class='ocrx_word' id='word_1_633' title='bbox 407 5523 716 5580; x_wconf 73' lang='lat' dir='ltr'><strong>Judmorum</strong></span> <span class='ocrx_word' id='word_1_634' title='bbox 744 5524 961 5580; x_wconf 87' lang='lat' dir='ltr'><strong>dicunt:</strong></span> <span class='ocrx_word' id='word_1_635' title='bbox 989 5525 1106 5582; x_wconf 80' lang='lat' dir='ltr'><strong>Non</strong></span> <span class='ocrx_word' id='word_1_636' title='bbox 1133 5535 1217 5581; x_wconf 85' lang='lat' dir='ltr'><strong>est</strong></span> <span class='ocrx_word' id='word_1_637' title='bbox 1249 5527 1445 5581; x_wconf 91' lang='lat' dir='ltr'><strong>mirum</strong></span> <span class='ocrx_word' id='word_1_638' title='bbox 1469 5528 1512 5581; x_wconf 93' lang='lat' dir='ltr'><strong>si</strong></span> <span class='ocrx_word' id='word_1_639' title='bbox 1542 5527 1702 5582; x_wconf 91' lang='lat' dir='ltr'><strong>modo</strong></span> <span class='ocrx_word' id='word_1_640' title='bbox 1735 5532 1786 5592; x_wconf 91' lang='lat' dir='ltr'><strong>D</strong></span> <span class='ocrx_word' id='word_1_641' title='bbox 1814 5531 2102 5586; x_wconf 89' lang='lat' dir='ltr'><strong>habuimus</strong></span> <span class='ocrx_word' id='word_1_642' title='bbox 2155 5543 2312 5599; x_wconf 86' lang='lat' dir='ltr'><strong>reges</strong></span> <span class='ocrx_word' id='word_1_643' title='bbox 2369 5536 2423 5584; x_wconf 90' lang='lat' dir='ltr'><strong>et</strong></span> <span class='ocrx_word' id='word_1_644' title='bbox 2470 5528 2760 5598; x_wconf 89' lang='lat' dir='ltr'><strong>principes.</strong></span> <span class='ocrx_word' id='word_1_645' title='bbox 2815 5525 2940 5581; x_wconf 71' lang='lat' dir='ltr'><strong>Haec</strong></span> <span class='ocrx_word' id='word_1_646' title='bbox 2984 5534 3068 5582; x_wconf 89' lang='lat' dir='ltr'><strong>est</strong></span> <span class='ocrx_word' id='word_1_647' title='bbox 3113 5539 3243 5595; x_wconf 83' lang='lat' dir='ltr'><strong>ergo</strong></span> <span class='ocrx_word' id='word_1_648' title='bbox 3272 5539 3394 5594; x_wconf 81' lang='lat' dir='ltr'><strong>spes</strong></span> 
     </span>
    </p>
   </div>
   <div class='ocr_carea' id='block_1_93' title="bbox 121 5614 1705 5688">
    <p class='ocr_par' dir='ltr' id='par_1_93' title="bbox 121 5614 1705 5688">
     <span class='ocr_line' id='line_1_93' title="bbox 121 5614 1705 5688; baseline 0.002 -20"><span class='ocrx_word' id='word_1_649' title='bbox 121 5614 324 5684; x_wconf 86' lang='lat' dir='ltr'><strong>captivi</strong></span> <span class='ocrx_word' id='word_1_650' title='bbox 371 5629 587 5680; x_wconf 89' lang='lat' dir='ltr'><strong>sumus,</strong></span> <span class='ocrx_word' id='word_1_651' title='bbox 635 5615 680 5670; x_wconf 92' lang='lat' dir='ltr'><strong>si</strong></span> <span class='ocrx_word' id='word_1_652' title='bbox 718 5614 1018 5672; x_wconf 84' lang='lat' dir='ltr'><strong>Jerusalem</strong></span> <span class='ocrx_word' id='word_1_653' title='bbox 1073 5631 1179 5670; x_wconf 93' lang='lat' dir='ltr'><strong>non</strong></span> <span class='ocrx_word' id='word_1_654' title='bbox 1242 5626 1484 5672; x_wconf 78' lang='lat' dir='ltr'><strong>tenentes</strong></span> <span class='ocrx_word' id='word_1_655' title='bbox 1524 5633 1705 5688; x_wconf 87' lang='lat' dir='ltr'><strong>regem</strong></span> 
     </span>
    </p>
   </div>
   <div class='ocr_carea' id='block_1_94' title="bbox 123 5695 1707 5776">
    <p class='ocr_par' dir='ltr' id='par_1_94' title="bbox 123 5695 1707 5776">
     <span class='ocr_line' id='line_1_94' title="bbox 123 5695 1707 5776; baseline 0.003 -19"><span class='ocrx_word' id='word_1_656' title='bbox 123 5706 404 5774; x_wconf 85' lang='lat' dir='ltr'><strong>prOprium</strong></span> <span class='ocrx_word' id='word_1_657' title='bbox 432 5721 537 5760; x_wconf 90' lang='lat' dir='ltr'><strong>non</strong></span> <span class='ocrx_word' id='word_1_658' title='bbox 565 5706 854 5771; x_wconf 87' lang='lat' dir='ltr'><strong>habemus;</strong></span> <span class='ocrx_word' id='word_1_659' title='bbox 911 5707 1111 5762; x_wconf 83' lang='lat' dir='ltr'><strong>fuimus</strong></span> <span class='ocrx_word' id='word_1_660' title='bbox 1137 5695 1282 5761; x_wconf 81' lang='lat' dir='ltr'><strong>enim</strong></span> <span class='ocrx_word' id='word_1_661' title='bbox 1327 5706 1580 5761; x_wconf 84' lang='lat' dir='ltr'><strong>similiter</strong></span> <span class='ocrx_word' id='word_1_662' title='bbox 1611 5721 1707 5776; x_wconf 89' lang='lat' dir='ltr'><strong>pro</strong></span> 
     </span>
    </p>
   </div>
   <div class='ocr_carea' id='block_1_95' title="bbox 127 5797 1703 5870">
    <p class='ocr_par' dir='ltr' id='par_1_95' title="bbox 127 5797 1703 5870">
     <span class='ocr_line' id='line_1_95' title="bbox 127 5797 1703 5870; baseline 0 -18"><span class='ocrx_word' id='word_1_663' title='bbox 127 5797 366 5865; x_wconf 85' lang='lat' dir='ltr'><strong>peccatis</strong></span> <span class='ocrx_word' id='word_1_664' title='bbox 413 5799 616 5852; x_wconf 89' lang='lat' dir='ltr'><strong>nostris</strong></span> <span class='ocrx_word' id='word_1_665' title='bbox 653 5799 705 5853; x_wconf 90' lang='lat' dir='ltr'><strong>in</strong></span> <span class='ocrx_word' id='word_1_666' title='bbox 755 5798 1026 5868; x_wconf 77' lang='lat' dir='ltr'><strong>Babylone</strong></span> <span class='ocrx_word' id='word_1_667' title='bbox 1057 5799 1292 5869; x_wconf 77' lang='lat' dir='ltr'><strong>captivi,</strong></span> <span class='ocrx_word' id='word_1_668' title='bbox 1340 5815 1516 5870; x_wconf 81' lang='lat' dir='ltr'><strong>regem</strong></span> <span class='ocrx_word' id='word_1_669' title='bbox 1575 5815 1703 5868; x_wconf 83' lang='lat' dir='ltr'><strong>pro-</strong></span> 
     </span>
    </p>
   </div>
   <div class='ocr_carea' id='block_1_96' title="bbox 124 5893 1705 5965">
    <p class='ocr_par' dir='ltr' id='par_1_96' title="bbox 124 5893 1705 5965">
     <span class='ocr_line' id='line_1_96' title="bbox 124 5893 1705 5965; baseline 0.005 -23"><span class='ocrx_word' id='word_1_670' title='bbox 124 5895 301 5960; x_wconf 81' lang='lat' dir='ltr'><strong>prium</strong></span> <span class='ocrx_word' id='word_1_671' title='bbox 355 5908 463 5948; x_wconf 92' lang='lat' dir='ltr'><strong>non</strong></span> <span class='ocrx_word' id='word_1_672' title='bbox 505 5893 793 5958; x_wconf 83' lang='lat' dir='ltr'><strong>habentes,</strong></span> <span class='ocrx_word' id='word_1_673' title='bbox 849 5905 900 5950; x_wconf 88' lang='lat' dir='ltr'><strong>et</strong></span> <span class='ocrx_word' id='word_1_674' title='bbox 940 5905 1124 5965; x_wconf 69' lang='lat' dir='ltr'><strong>posma</strong></span> <span class='ocrx_word' id='word_1_675' title='bbox 1159 5895 1444 5957; x_wconf 78' lang='lat' dir='ltr'><strong>reversi</strong></span> <span class='ocrx_word' id='word_1_676' title='bbox 1475 5897 1705 5965; x_wconf 83' lang='lat' dir='ltr'><strong>patriam</strong></span> 
     </span>
    </p>
   </div>
   <div class='ocr_carea' id='block_1_97' title="bbox 1816 5618 3392 5689">
    <p class='ocr_par' dir='ltr' id='par_1_97' title="bbox 1816 5618 3392 5689">
     <span class='ocr_line' id='line_1_97' title="bbox 1816 5618 3392 5689; baseline -0.004 -12"><span class='ocrx_word' id='word_1_677' title='bbox 1816 5632 2027 5687; x_wconf 90' lang='lat' dir='ltr'><strong>nostra,</strong></span> <span class='ocrx_word' id='word_1_678' title='bbox 2060 5630 2120 5676; x_wconf 88' lang='lat' dir='ltr'><strong>ut</strong></span> <span class='ocrx_word' id='word_1_679' title='bbox 2147 5621 2323 5676; x_wconf 88' lang='lat' dir='ltr'><strong>adhuc</strong></span> <span class='ocrx_word' id='word_1_680' title='bbox 2344 5621 2500 5675; x_wconf 91' lang='lat' dir='ltr'><strong>nobis</strong></span> <span class='ocrx_word' id='word_1_681' title='bbox 2522 5620 2771 5676; x_wconf 89' lang='lat' dir='ltr'><strong>similiter</strong></span> <span class='ocrx_word' id='word_1_682' title='bbox 2794 5621 3008 5674; x_wconf 88' lang='lat' dir='ltr'><strong>eveniat</strong></span> <span class='ocrx_word' id='word_1_683' title='bbox 3028 5620 3149 5675; x_wconf 82' lang='lat' dir='ltr'><strong>cum</strong></span> <span class='ocrx_word' id='word_1_684' title='bbox 3177 5618 3392 5689; x_wconf 85' lang='lat' dir='ltr'><strong>placue-</strong></span> 
     </span>
    </p>
   </div>
   <div class='ocr_carea' id='block_1_98' title="bbox 1813 5708 3389 5780">
    <p class='ocr_par' dir='ltr' id='par_1_98' title="bbox 1813 5708 3389 5780">
     <span class='ocr_line' id='line_1_98' title="bbox 1813 5708 3389 5780; baseline -0.004 -14"><span class='ocrx_word' id='word_1_685' title='bbox 1813 5713 1888 5766; x_wconf 90' lang='lat' dir='ltr'><strong>rit</strong></span> <span class='ocrx_word' id='word_1_686' title='bbox 1913 5714 2040 5768; x_wconf 92' lang='lat' dir='ltr'><strong>Deo.</strong></span> <span class='ocrx_word' id='word_1_687' title='bbox 2069 5712 2176 5766; x_wconf 84' lang='lat' dir='ltr'><strong>Alii</strong></span> <span class='ocrx_word' id='word_1_688' title='bbox 2205 5711 2419 5768; x_wconf 89' lang='lat' dir='ltr'><strong>dicunt:</strong></span> <span class='ocrx_word' id='word_1_689' title='bbox 2449 5710 2697 5765; x_wconf 87' lang='lat' dir='ltr'><strong>Forsitan</strong></span> <span class='ocrx_word' id='word_1_690' title='bbox 2734 5711 2786 5764; x_wconf 92' lang='lat' dir='ltr'><strong>in</strong></span> <span class='ocrx_word' id='word_1_691' title='bbox 2819 5710 2995 5780; x_wconf 81' lang='lat' dir='ltr'><strong>aliqua</strong></span> <span class='ocrx_word' id='word_1_692' title='bbox 3024 5718 3176 5780; x_wconf 88' lang='lat' dir='ltr'><strong>parte</strong></span> <span class='ocrx_word' id='word_1_693' title='bbox 3207 5708 3389 5761; x_wconf 86' lang='lat' dir='ltr'><strong>mundi</strong></span> 
     </span>
    </p>
   </div>
   <div class='ocr_carea' id='block_1_99' title="bbox 1818 5795 3388 5872">
    <p class='ocr_par' dir='ltr' id='par_1_99' title="bbox 1818 5795 3388 5872">
     <span class='ocr_line' id='line_1_99' title="bbox 1818 5795 3388 5872; baseline -0.004 -17"><span class='ocrx_word' id='word_1_694' title='bbox 1818 5802 1974 5855; x_wconf 80' lang='lat' dir='ltr'><strong>nobis</strong></span> <span class='ocrx_word' id='word_1_695' title='bbox 2000 5801 2272 5870; x_wconf 84' lang='lat' dir='ltr'><strong>incognita</strong></span> <span class='ocrx_word' id='word_1_696' title='bbox 2319 5809 2494 5870; x_wconf 90' lang='lat' dir='ltr'><strong>potest</strong></span> <span class='ocrx_word' id='word_1_697' title='bbox 2515 5815 2634 5855; x_wconf 88' lang='lat' dir='ltr'><strong>esse</strong></span> <span class='ocrx_word' id='word_1_698' title='bbox 2653 5811 2973 5872; x_wconf 87' lang='lat' dir='ltr'><strong>congregata</strong></span> <span class='ocrx_word' id='word_1_699' title='bbox 2995 5799 3280 5853; x_wconf 84' lang='lat' dir='ltr'><strong>multitudo</strong></span> <span class='ocrx_word' id='word_1_700' title='bbox 3294 5795 3388 5851; x_wconf 84' lang='lat' dir='ltr'><strong>Ju-</strong></span> 
     </span>
    </p>
   </div>
   <div class='ocr_carea' id='block_1_100' title="bbox 1818 5889 3385 5964">
    <p class='ocr_par' dir='ltr' id='par_1_100' title="bbox 1818 5889 3385 5964">
     <span class='ocr_line' id='line_1_100' title="bbox 1818 5889 3385 5964; baseline -0.004 -18"><span class='ocrx_word' id='word_1_701' title='bbox 1818 5893 2054 5947; x_wconf 57' lang='lat' dir='ltr'><strong>da‘ornm</strong></span> <span class='ocrx_word' id='word_1_702' title='bbox 2076 5934 2090 5960; x_wconf 90' lang='lat'><strong>,</strong></span> <span class='ocrx_word' id='word_1_703' title='bbox 2117 5908 2234 5962; x_wconf 72' lang='lat' dir='ltr'><strong>qua:</strong></span> <span class='ocrx_word' id='word_1_704' title='bbox 2263 5892 2456 5948; x_wconf 86' lang='lat' dir='ltr'><strong>habeat</strong></span> <span class='ocrx_word' id='word_1_705' title='bbox 2489 5892 2762 5964; x_wconf 86' lang='lat' dir='ltr'><strong>proprium</strong></span> <span class='ocrx_word' id='word_1_706' title='bbox 2792 5906 3001 5962; x_wconf 85' lang='lat' dir='ltr'><strong>regem,</strong></span> <span class='ocrx_word' id='word_1_707' title='bbox 3030 5889 3254 5958; x_wconf 86' lang='lat' dir='ltr'><strong>ideoque</strong></span> <span class='ocrx_word' id='word_1_708' title='bbox 3281 5903 3385 5942; x_wconf 89' lang='lat' dir='ltr'><strong>non</strong></span> 
     </span>
    </p>
   </div>
  </div>
