3974 5374
573 362 676 417 507

1500 360 1555 416 S.
1598 361 1636 416 F
1650 359 1942 418 ULBERTI
1974 356 2452 415 CARNOTENSIS
2477 356 2770 413 EPISCOI‘I

3743 361 3842 417 508

574 480 814 537 ablatum
836 480 1014 536 adhuc
1032 489 1116 536 est
1138 486 1409 551 sceptrum
1432 478 1498 534 de
1519 477 1678 534 .Iuda.
1698 477 1808 533 Alii
1829 478 2019 532 dicunt
2040 491 2161 533 esse
2192 482 2238 538 Α
2270 483 2503 541 tectum,
2537 475 2610 530 ita
2644 490 2749 529 non
2773 481 2856 529 est
2885 488 3107 544 regnum
3129 474 3174 529 si
3205 474 3349 530 desit
3369 483 3535 543 terra,
3567 486 3660 534 aut
3692 495 3849 550 popu-

576 572 636 627 in
663 571 972 641 regionibus
1005 570 1219 626 Judmos
1244 569 1541 641 prudentes
1569 577 1732 638 atque
1766 575 2013 637 potentes
2033 608 2048 633 ,
2074 568 2167 636 qui

580 663 738 734 virga
767 663 1085 718 directionis
1118 661 1322 733 optime
1348 659 1654 729 gubernant
1687 659 1877 713 domos
1912 666 1969 712 et
2004 656 2165 710 fatui-

577 753 681 808 lias
695 768 842 817 suas,
864 753 1091 822 ideoque
1104 768 1211 807 non
1243 766 1369 807 esse
1380 751 1619 806 ablatum
1632 758 1907 819 sceptrum
1926 749 1992 803 de
2006 745 2163 801 Iuda.

583 844 793 913 Quibus
815 860 915 901 nos
937 844 1114 915 primo
1139 844 1552 915 respondemus,
1579 843 1835 914 quoniam
1857 843 1899 897 si
1929 842 2002 896 ita
2027 840 2170 896 acci—

580 937 779 1009 pienda
801 945 885 993 est
915 935 1199 1007 prophetia
1225 935 1313 990 Illa
1330 976 1345 1001 ,
1371 935 1514 991 sicut
1543 933 1618 988 illi
1643 934 1852 997 dicunt,
1886 945 2061 1000 neque
2081 946 2171 986 ve-

584 1030 670 1084 nit
697 1027 927 1084 Messias
950 1042 1129 1098 neque
1163 1034 1424 1081 venturus
1450 1033 1564 1090 est,
1596 1024 1767 1078 donec
1792 1037 1981 1076 omnes
2000 1020 2170 1075 ,ιυόωί

584 1119 1003 1192 patresfamilias
1023 1119 1109 1174 vel
1136 1119 1335 1174 mortui
1364 1119 1492 1182 sint,
1534 1117 1616 1172 vel
1648 1116 1719 1170 ita
1744 1115 2091 1185 impotentes,
2115 1120 2175 1166 ut

588 1213 768 1269 nullus
788 1229 974 1269 eorum
998 1213 1069 1267 sit
1091 1213 1143 1267 in
1166 1212 1388 1277 mundo,
1414 1211 1505 1281 qui
1529 1210 1667 1265 sciat
1689 1208 1773 1263 vel
1798 1207 1968 1277 possit
1990 1220 2176 1277 regere

588 1310 807 1365 domum
837 1324 1013 1373 suam,
1035 1308 1180 1379 quod
1207 1307 1335 1378 quia
1360 1306 1602 1360 futurum
1628 1318 1732 1359 non
1763 1312 1869 1367 est,
1903 1315 2073 1371 usque
2109 1299 2177 1355 ad

590 1403 742 1459 illum
766 1403 909 1459 diem
941 1401 1032 1472 qui
1056 1412 1138 1458 est
1160 1401 1282 1456 ﬁnis
1303 1400 1546 1457 omnium
1566 1397 1899 1462 mortalium,
1924 1409 2024 1451 nec
2042 1393 2179 1449 Mes-

595 1495 708 1550 sias
740 1502 866 1548 ante
898 1494 1100 1548 veniet.
1135 1491 1288 1560 Quod
1320 1491 1364 1546 si
1396 1490 1471 1543 ita
1512 1499 1616 1553 est,
1660 1488 1727 1542 ad
1758 1486 1887 1556 quid
1927 1493 2180 1554 putamus

593 1586 819 1642 Messias
848 1584 1041 1642 ultimo
1061 1586 1148 1641 die
1176 1593 1236 1639 ut
1270 1583 1468 1648 veniat,
1494 1596 1655 1652 quam
1683 1589 1742 1635 ut
1765 1595 1858 1635 eos
1881 1592 2071 1633 omnes
2090 1588 2180 1632 se-

595 1680 760 1750 peliat
784 1687 1050 1745 mortuos,
1076 1690 1211 1748 quos
1233 1685 1525 1733 sanaturus
1550 1672 1873 1745 sperabatur
1901 1668 2183 1726 inﬁrmos?

594 1771 846 1827 Ilaeccine
882 1780 1005 1826 erat
1022 1770 1358 1839 exspectatio
1379 1767 1651 1837 gentium!
1684 1764 1826 1835 quod
1848 1779 1954 1818 non
1985 1760 2185 1817 debent

597 1873 875 1935 sceptrum
898 1862 1034 1918 .Iuda
1060 1871 1169 1917 tam
1208 1875 1494 1917 commune
1531 1858 1746 1924 facere,
1783 1872 1888 1913 nec
1919 1864 1997 1911 tot
2027 1867 2183 1924 reges

600 1968 734 2027 quot
754 1955 1175 2028 patreslamilias
1197 1955 1248 2009 in
1265 1969 1359 2009 sua
1400 1962 1563 2025 gente
1583 1965 1889 2013 numerare,
1913 1940 2184 2019 nusquam

556 2054 562 2060 '
602 2059 729 2105 ante
755 2046 990 2112 factum,
1032 2062 1207 2117 neque
1237 2045 1602 2115 patriarcham
1651 2056 1808 2098 suum
1845 2041 1919 2095 ita
1955 2038 2185 2094 delirum

596 2142 833 2213 tingere,
868 2149 925 2195 ut
950 2139 1271 2212 grandaevus
1294 2150 1457 2193 senex
1482 2150 1608 2191 mox
1641 2133 1939 2189 moriturus
1964 2143 2188 2199 magnas

604 2236 778 2304 nugas
821 2247 943 2287 cum
969 2246 1164 2301 magno
1185 2238 1384 2286 conatu
1415 2227 1728 2300 prolaturus
1755 2225 2000 2280 diceret:
2050 2220 2190 2275 Con-

606 2326 922 2396 gregamini,
948 2324 1068 2394 ﬁlii,
1092 2313 1153 2378 'et
1184 2334 1400 2379 caetera.
1432 2322 1562 2376 Item
1588 2321 1630 2375 si
1658 2317 1939 2390 prophetia
1988 2316 2079 2370 illa
2108 2315 2191 2369 sic

604 2416 955 2488 intelligenda
1016 2423 1129 2478 est,
1176 2415 1307 2485 quid
1337 2400 1683 2484 prophetavit
1725 2409 1816 2465 ille
1874 2406 2191 2479 patriarcha

608 2511 724 2567 suis
755 2509 1029 2574 llelnmis,
1063 2508 1206 2578 quod
1236 2507 1563 2577 prophetare
1597 2518 1704 2558 non
1744 2508 1930 2572 posset
1964 2498 2194 2568 quilibet

607 2600 830 2674 gentilis
855 2600 1070 2656 caneris
1104 2598 1368 2670 paganis?
1405 2611 1582 2666 neque
1615 2593 1758 2651 enim
1781 2590 2015 2648 defuturi
2039 2598 2195 2645 erant

607 2693 691 2748 eis
711 2692 1130 2763 patresl‘amilias
1154 2705 1324 2759 usque
1345 2690 1411 2743 ad
1449 2688 1632 2741 ﬁnem.
1656 2684 1789 2739 Item
1810 2682 1901 2753 qui
1928 2682 2007 2737 sic
2033 2695 2196 2751 expo-

510 2830 513 2833 .
608 2783 716 2848 nit,
748 2781 899 2852 regni
929 2780 1269 2851 majestatem
1316 2776 1543 2842 minuit,
1588 2773 1888 2846 prophetiae
1935 2772 2194 2839 derogat,

612 2883 825 2930 certum
862 2873 929 2928 de
954 2872 1185 2927 adventu
1209 2866 1409 2924 Christi
1441 2866 1654 2937 signum
1679 2879 1783 2919 non
1810 2865 1928 2926 dat,
1961 2860 2063 2915 nisi
2102 2860 2199 2914 bo-

611 2980 810 3022 norum
857 2962 1100 3019 omnium
1131 2959 1430 3015 interitum.
1458 2956 1628 3012 Aliter
1656 2970 1755 3010 nos
1776 2954 1951 3024 primo
1974 2965 2199 3022 respon-

614 3060 843 3124 demus,
877 3056 1003 3126 quia
1031 3052 1172 3108 male
1198 3052 1628 3120 interpretantur
1658 3044 1993 3117 prophetiam
2026 3042 2196 3104 hanc,

614 3148 963 3222 singulariter
990 3147 1137 3202 enim
1164 3143 1504 3200 enuntiatum
1530 3147 1799 3209 sceptrum
1827 3134 1999 3206 regni,
2022 3133 2202 3203 plura-

618 3246 746 3299 liter
790 3239 1141 3313 cxponendo,
1176 3237 1229 3292 in
1278 3234 1503 3291 baculus
1531 3232 1866 3303 privatorum
1913 3226 2199 3294 dissipant.

618 3336 821 3405 Sicque
842 3331 1083 3389 adultera
1104 3332 1315 3398 sceptra
1344 3333 1590 3381 sanctum
1618 3329 1673 3376 et
1698 3320 1916 3391 plenum
1943 3316 2053 3371 Deo
2074 3329 2202 3385 pro-

617 3427 841 3497 phetam
875 3433 935 3478 ut
970 3421 1181 3476 fatuum
1218 3428 1274 3473 et
1301 3416 1529 3473 delirum
1561 3427 1747 3469 senem
1779 3407 2019 3479 reputari
2051 3420 2204 3460 com-

616 3495 845 3589 pellunt.
870 3513 1008 3583 Quid
1032 3512 1177 3568 enim
1200 3508 1368 3565 Israel
1406 3505 1760 3579 prophetassc
1781 3500 2058 3555 videretur
2088 3495 2204 3551 suis

619 3588 893 3674 I’lebrtcis,
931 3604 1076 3679 quod
1107 3602 1434 3674 prophetare
1457 3614 1563 3654 non
1595 3603 1780 3667 posset
1803 3592 2029 3662 quilibet
2061 3588 2209 3645 Gra-

620 3719 752 3768 cus,
779 3700 1028 3765 Latinus,
1068 3705 1162 3753 aut
1190 3695 1454 3757 barbarus
1479 3689 1625 3762 genti
1653 3687 1798 3744 sum?
1821 3684 2064 3754 Sequens
2087 3696 2212 3751 pro-

623 3797 768 3852 fecto
789 3794 932 3849 sicut
952 3791 1158 3861 primus
1180 3786 1336 3855 plane
1356 3782 1575 3853 satagit,
1600 3790 1657 3833 ut
1682 3777 1911 3834 salutem
1929 3781 2213 3845 perpetua-

623 3888 749 3942 litcr
792 3886 1056 3940 adventus
1095 3877 1295 3934 Christi
1328 3873 1567 3941 eﬁ‘ugere
1595 3870 1786 3942 possit.
1818 3866 1876 3921 Si
1915 3865 2084 3920 sciret
2111 3875 2211 3915 us-

628 3981 774 4051 piam
789 3991 909 4033 esse
930 3988 1111 4044 regem
1126 3986 1189 4026 ex
1214 3968 1415 4024 Judazis
1428 4006 1442 4033 ,
1470 3963 1688 4035 negabit
1711 3959 1923 4015 venisse
1936 3955 2212 4012 Christum

630 4045 757 4139 quia
784 4083 891 4123 non
924 4062 1134 4136 putabit
1157 4060 1396 4115 ablatum
1428 4070 1553 4111 esse
1579 4060 1854 4123 sceptrum
1887 4049 1952 4103 de
1979 4045 2143 4110 Juda;
2167 4045 2213 4099 si

631 4135 891 4216 nescierit
921 4135 1256 4211 tantumdem
1284 4148 1518 4210 valebit,
1564 4144 1688 4214 quia
1712 4139 2094 4204 licetneseiat,
2125 4135 2214 4191 ubi

632 4265 818 4310 tamen
842 4250 1160 4306 credetesse
1198 4241 1416 4306 alicubi,
1446 4239 1566 4320 ideo
1579 4235 1852 4292 Christum
1877 4246 1981 4286 non
2006 4229 2219 4284 venisse

637 4345 844 4403 credet.
896 4340 1007 4395 Nos
1026 4353 1157 4393 vero
1174 4336 1247 4390 ita
1283 4329 1612 4402 respondere
1636 4326 1884 4382 Volumus
1902 4332 1960 4377 ut
1990 4321 2218 4375 demou-

634 4447 871 4494 stremus
917 4431 1061 4503 quod
1093 4429 1143 4485 ei
1172 4428 1246 4483 nil
1274 4425 1472 4496 prosit,
1502 4421 1568 4477 ad
1600 4419 1900 4491 negandum
1932 4416 2219 4470 adventurm

2270 568 2382 634 lus,
2412 576 2505 624 aut
2530 583 2645 623 rex.
2688 567 2790 622 Ubi
2827 565 2972 621 enim
3018 581 3147 637 pars
3168 567 3353 634 deest,
3395 577 3569 624 totum
3592 585 3717 626 esse
3744 588 3844 627 nou

2269 669 2464 743 potest.
2514 659 2581 714 Et
2632 660 2721 714 ubi
2790 667 2958 713 totum
3012 667 3121 724 est,
3178 669 3357 730 partes
3392 675 3611 732 quoque
3669 678 3846 719 omnes

2270 765 2392 806 esse
2420 765 2645 806 necesse
2674 758 2777 805 est.
2811 749 2866 804 Si
2894 765 3035 822 ergo
3070 751 3285 821 perdita
3319 767 3426 806 una
3461 762 3648 822 parte,
3686 763 3853 810 totum:

2272 859 2379 898 non
2409 852 2519 910 est,
2569 852 2775 913 quanto
2824 844 2997 913 magis
3026 844 3281 900 omnibus
3307 846 3567 915 perditis,
3617 847 3759 917 quod
3781 847 3847 902 ad

2274 934 2839 1007 nihililm,.redactiini
2889 944 2990 990 est.
3031 936 3276 1006 Regnum
3319 945 3502 992 autem
3530 936 3669 1005 Iuda
3708 948 3847 994 terra

2275 1041 2375 1082 sua
2400 1027 2608 1101 caruit,
2654 1041 2719 1080 ex
2749 1042 2856 1096 quo
2887 1031 3011 1097 ipsa
3032 1034 3177 1081 terra
3226 1029 3280 1082 in
3312 1043 3508 1084 manus
3532 1029 3853 1100 alienigena-

2275 1135 2396 1175 rum
2423 1120 2593 1174 venit.
2630 1118 2834 1189 Populo
2866 1120 3077 1186 caruit,
3108 1130 3397 1190 postquam
3427 1123 3607 1177 tribus
3639 1121 3775 1177 Juda
3802 1124 3857 1177 in

2276 1228 2467 1268 omnes
2517 1212 2767 1267 nationes
2818 1212 3065 1281 dispersa
3116 1221 3219 1267 est.
3254 1212 3401 1283 Rege
3439 1228 3572 1268 vero
3609 1212 3702 1268 diu
3737 1223 3852 1268 ante

2279 1312 2555 1359 caruerat.
2610 1302 2702 1358 Sic
2745 1318 2973 1374 regnum
3011 1301 3149 1357 Iuda
3190 1302 3445 1358 omnibus
3479 1303 3731 1372 partibus
3751 1303 3853 1356 suis

2279 1394 2520 1450 dimissis
2571 1409 2796 1463 regnum
2849 1408 2972 1449 esse
3027 1392 3211 1449 desiit.
3265 1392 3361 1447 Est
3412 1392 3583 1463 igitur
3630 1407 3696 1446 ex
3736 1402 3855 1447 tunc

2282 1484 2519 1539 ablatum
2560 1484 2720 1554 plane
2769 1493 3045 1554 sceptrum
3100 1485 3166 1539 de
3215 1482 3388 1549 Juda,
3441 1491 3500 1539 et
3529 1482 3853 1538 declaratum

2283 1574 2409 1645 quia
2439 1573 2688 1630 Christus
2708 1574 2879 1629 venit.
2908 1572 2964 1628 Si
2979 1578 3111 1644 ergo
3138 1573 3460 1642 constituas,
3492 1574 3581 1629 vel
3608 1574 3853 1629 mendose

2287 1670 2487 1739 ﬁngas,
2535 1683 2699 1722 unum
2727 1666 2970 1723 Judaeum
2988 1707 3003 1733 ,
3044 1665 3195 1721 verbi
3219 1668 3393 1738 gratia
3412 1707 3429 1733 ,
3453 1666 3851 1729 Mardocbeum,

2286 1759 2339 1812 in
2373 1757 2665 1830 Babylonia
2692 1772 2871 1828 regem
2902 1756 2989 1811 vel
3006 1766 3155 1812 certe
3187 1757 3240 1811 in
3264 1756 3537 1824 Samaria,
3566 1757 3660 1812 ubi
3686 1758 3857 1812 decem

2210 1835 2257 1921 ΑΒ
2289 1851 2460 1906 tribus
2512 1849 2820 1906 Iudaeorum
2873 1849 3223 1914 habitabant,
3275 1848 3541 1904 habentes
3591 1849 3857 1918 proprium

2287 1959 2466 2015 regem
2492 1984 2511 2009 ,
2543 1943 2636 2013 qui
2688 1943 2971 1997 dicebatur
3023 1956 3120 1996 rex
3158 1941 3354 2007 Israel,
3386 1955 3501 1995 non
3548 1940 3658 1996 erit
3693 1949 3863 1994 tamen

2290 2052 2384 2093 rex
2447 2034 2626 2111 .Ipda,
2694 2035 2788 2090 sed
2845 2049 2942 2089 rex
3008 2032 3215 2099 Israel,
3278 2032 3363 2088 vel
3416 2032 3760 2105 Babyloniae,
3802 2031 3863 2085 ad

2289 2143 2426 2199 quos
2459 2126 2665 2182 nullum
2693 2132 2995 2196 respectum
3024 2124 3189 2179 habet
3218 2124 3547 2194 prophaetia,
3577 2138 3703 2193 quae
3725 2122 3863 2184 dicit,

2294 2219 2418 2273 Non
2472 2219 2744 2289 auferetur
2800 2226 3059 2287 sceptrum
3099 2215 3164 2270 de
3196 2214 3363 2270 Juda.
3427 2215 3639 2271 Rursus
3693 2228 3867 2283 regum

2291 2309 2427 2365 Juda
2455 2326 2618 2366 causa
2662 2308 2912 2365 ell'ectiva
2941 2318 3101 2363 erant
3128 2307 3441 2363 sacerdotes
3476 2307 3574 2377 qui
3606 2309 3869 2378 angebant

2291 2419 2387 2459 eos
2401 2403 2452 2458 in
2469 2418 2641 2474 reges.
2662 2401 2897 2472 Populus
2914 2409 3093 2454 autem
3105 2398 3416 2454 Iudaeorum
3434 2398 3747 2453 sacerdotes
3756 2413 3863 2451 eum

2295 2494 2412 2550 loco
2433 2492 2773 2548 sacriﬁcandi
2798 2489 3063 2562 perdidit;
3088 2486 3491 2560 regnumjigitur
3515 2501 3582 2542 ac
3610 2496 3867 2558 sceptrum

2295 2584 2665 2639 indubitanter
2684 2582 2886 2636 amisit.
2902 2579 3003 2636 Ubi
3024 2579 3166 2635 enim
3188 2576 3430 2633 eﬂ‘cctiva
3451 2591 3621 2632 causa
3649 2591 3752 2630 non
3773 2582 3867 2641 est,

2296 2674 2520 2731 effectus
2548 2674 2642 2742 qui
2664 2688 2732 2727 ex
2754 2686 2820 2726 ea
2863 2678 3120 2726 nascatur
3142 2683 3262 2724 esse
3284 2667 3594 2723 nullatenus
3616 2676 3806 2737 potest.

2367 2765 2430 2822 ll.
2460 2765 2661 2820 Contra
2690 2778 2908 2819 errores
2929 2760 3224 2816 inﬁdelium
3255 2759 3436 2829 aliqua
3468 2773 3777 2814 necessaria
3800 2757 3872 2813 di-

2298 2874 2424 2914 cere
2448 2857 2717 2921 volentes,
2753 2870 2877 2911 mox
2898 2870 2927 2907 a
2954 2852 3154 2907 Judteis
3170 2852 3478 2922 incipimus.
3509 2851 3615 2921 Ipsi
3638 2867 3764 2922 ergo
3784 2867 3871 2906 no-

2301 2955 2387 3009 bis
2408 2952 2692 3008 catholicis
2719 2951 2773 3004 in
2800 2964 2866 3004 eo
2893 2962 2952 3003 se
2982 2946 3288 3002 consentire
3314 2945 3523 3013 dicunt,
3556 2946 3703 3015 quod
3725 2958 3872 2999 unum

2303 3050 2587 3106 Dominum
2623 3047 2854 3104 colimus
2892 3043 3134 3100 ornnium
3181 3049 3505 3097 creatorem.
3553 3038 3875 3093 Dissentiunt

2307 3151 2487 3197 autem
2521 3142 2570 3194 in
2618 3141 2720 3201 bis,
2756 3136 2898 3203 quod
2927 3135 3249 3189 Trinitatem
3300 3145 3660 3202 personarum
3691 3129 3743 3182 in
3768 3126 3875 3180 uni-

2309 3243 2415 3289 tate
2441 3232 2672 3288 Deitatis
2700 3245 2804 3285 non
2827 3235 3146 3299 agnoscunt,
3164 3226 3375 3296 etquod
3390 3222 3672 3279 Christum
3699 3226 3877 3288 negant

2312 3326 2478 3381 Deum
2507 3338 2649 3389 esse,
2673 3330 2727 3376 et
2743 3321 3021 3390 quodcum
3043 3318 3279 3372 nondmn
3311 3314 3529 3370 venisse
3552 3313 3761 3367 dicunt.
3784 3307 3877 3363 Nos

2311 3426 2493 3470 autem
2524 3415 2592 3468 ab
2624 3415 2727 3468 hac
2748 3411 2937 3466 ultima
2969 3414 3125 3479 parte
3155 3406 3532 3463 contradicere
3575 3403 3877 3458 inchoantes

2312 3508 2578 3580 gradatim
2619 3505 2903 3560 veniamus
2937 3504 3005 3557 ad
3037 3516 3328 3557 summam.
3371 3497 3651 3554 Christum
3688 3495 3881 3549 venisse

2312 3601 2542 3670 probant
2569 3594 3006 3652 innumerabilia.
3042 3593 3117 3648 De
3146 3592 3342 3661 quibus
3382 3604 3550 3643 unum
3584 3599 3671 3642 est
3709 3584 3879 3640 vatici-

2315 3696 2459 3747 nium
2485 3691 2656 3762 patria
2667 3688 2804 3745 rchz'c
2816 3686 2982 3742 Iacob
2997 3696 3052 3742 et
3078 3683 3402 3755 legislatoris
3424 3679 3649 3751 Moysis,
3671 3678 3759 3749 qui
3782 3691 3884 3732 cer-

2318 3794 2428 3835 tum
2461 3781 2673 3850 signum
2715 3778 2981 3831 adventus
3005 3774 3363 3828 ostenderunt
3403 3772 3455 3824 in
3496 3777 3718 3838 sceptro
3751 3764 3881 3833 regni

2315 3870 2474 3936 .luda,
2503 3871 2774 3924 dicentes:
2811 3865 2935 3920 Non
2966 3864 3239 3932 auferetur
3273 3869 3533 3931 sceptrum
3574 3860 3640 3912 de
3669 3857 3805 3910 Juda
3846 3862 3886 3905 et

2318 3965 2428 4017 dux
2454 3963 2518 4015 de
2552 3961 2743 4014 ’emore
2772 3958 2909 4028 ejus,
2940 3958 3104 4009 donec
3146 3954 3319 4008 veniat
3361 3952 3450 4023 qui
3491 3950 3771 4003 mittendus
3801 3957 3883 4006 est,

2320 4066 2364 4108 et
2389 4054 2494 4123 ipse
2523 4051 2619 4105 erit
2645 4049 2963 4119 exspectatio
2990 4046 3221 4116 gentium
3250 4041 3406 4113 (Gen.
3438 4056 3589 4104 κως,
3615 4038 3726 4109 10).
3758 4036 3887 4089 Hanc

2323 4154 2500 4201 autem
2531 4142 2870 4215 prophetiam
2904 4139 3108 4194 idcirco
3133 4137 3344 4193 duobus
3380 4133 3517 4188 viris
3552 4129 3717 4186 simul
3742 4125 3893 4183 ascri-

2323 4239 2523 4300 bimus,
2552 4235 2677 4305 quia
2707 4246 2848 4287 unus
2880 4230 3092 4285 illorum
3120 4226 3366 4299 protulit,
3412 4240 3534 4279 eam
3563 4224 3707 4278 alter
3732 4216 3892 4275 retulit

2324 4350 2387 4389 ac
2417 4332 2708 4389 scribendo
2745 4324 3141 4382 corroboravit.
3166 4322 3238 4376 At
3267 4321 3358 4377 ille
3394 4318 3486 4389 qui
3520 4316 3890 4387 protulitcam,

2328 4430 2378 4481 id
2425 4434 2509 4482 est
2562 4430 2784 4479 sanctus
2830 4417 3139 4491 patriarcha
3167 4412 3358 4475 Iacob,
3396 4418 3516 4466 erat
3548 4418 3681 4462 tunc
3710 4406 3893 4460 advena

636 4495 999 4588 Christi.sive
1026 4538 1189 4578 unum
1214 4495 1413 4590 regem,
1448 4518 1565 4573 sive
1595 4515 1775 4585 plures
1792 4508 2118 4566 ostendatde
2134 4521 2224 4575 ge-
2258 4525 2301 4582 υ
2330 4530 2384 4575 et
2422 4518 2739 4591 peregrinus
2781 4514 2833 4567 ίη
2872 4511 3106 4581 ,Egypio
3151 4522 3272 4560 cum
3317 4503 3443 4557 ﬁliis
3490 4501 3626 4562 suis,
3677 4495 3895 4562 nihilque

635 4639 768 4682 nere
790 4622 1101 4678 .Iudmorum
1130 4613 1236 4686 qui'
1252 4629 1357 4668 non
1386 4623 1514 4666 sunt
1544 4622 1699 4679 reges
1729 4604 1889 4660 Iuda.
1916 4601 2073 4668 Quod
2097 4613 2221 4653 cum

637 4716 1071 4771 demonstratum
1096 4704 1280 4769 fuerit,
1308 4703 1373 4757 de
1396 4701 1486 4755 his
1513 4697 1604 4769 qui
1630 4693 1825 4750 alicubi
1851 4698 1978 4747 sunt
2007 4690 2050 4744 si
2079 4687 2225 4742 forte

647 4812 1054 4866 monstrentur,
1083 4808 1544 4868 supervacaneum
1589 4787 1862 4843 videbitur
1887 4796 2067 4853 agere.
2095 4778 2136 4834 Τ
2144 4779 2224 4833 ria

640 4912 771 4967 ergo
797 4903 924 4950 sunt
950 4893 1070 4947 sine
1086 4888 1282 4958 quibus
1310 4898 1532 4954 regnum
1565 4894 1687 4934 esse
1717 4891 1824 4930 non
1848 4880 2055 4945 petest,
2083 4879 2225 4924 terra

641 4960 920 5049 videlicet,
943 4984 997 5038 in
1019 4996 1124 5049 qua
1158 4990 1381 5046 regnum
1404 4973 1504 5036 sit;
1536 4969 1788 5040 populus,
1812 4965 1902 5035 qui
1928 4974 2129 5017 terram
2149 4960 2228 5029 ip-

645 5086 763 5133 sam
795 5075 1090 5135 inhabith;
1136 5081 1192 5125 et
1229 5082 1459 5138 persona
1494 5064 1640 5132 regis
1669 5060 1864 5125 electi,
1897 5056 1989 5126 qui
2026 5064 2231 5109 terram

647 5168 921 5231 vindicet,
963 5173 1017 5218 et
1037 5159 1292 5232 populum
1341 5166 1518 5226 regat.
1545 5153 1714 5208 Terra
1751 5160 1932 5204 autem
1970 5146 2123 5215 regni
2163 5144 2231 5198 de

650 5277 760 5333 quo
790 5261 999 5328 agimus
1024 5264 1109 5310 est
1128 5237 1410 5323 provincia
1449 5246 1959 5316 Hierosolymitana,
2011 5252 2133 5309 Quae
2154 5235 2235 5288 di—

664 5324 798 5374 ..2.--_
825 5324 963 5374 :1.--"
1002 5346 1125 5374 Ῑιιμιιι
1187 5341 1419 5374 Dnnnlnu
1451 5338 1607 5374 Ιηιιιῖιια
1636 5347 1795 5374 Inrr-n
1828 5333 1927 5374 fnil.
1950 5330 2124 5374 'l‘ihns
2141 5324 2236 5374 Jtl-

751 5366 798 5374 --
825 5360 963 5374 ΙΛ--η
1002 5346 1125 5374 Ῑιιμιιι
1187 5341 1419 5374 Dnnnlnu
1451 5338 1558 5374 111ιῖ1

2331 4587 2476 4683 regia
2499 4608 2736 4679 dignitas
2772 4604 3046 4674 pertinere
3080 4598 3365 4652 videbatur
3387 4593 3457 4647 ad
3491 4604 3613 4654 eos,
3653 4587 3755 4643 nisi
3787 4595 3893 4653 pro

2328 4692 2527 4760 missio
2551 4678 2756 4755 tantum
2792 4693 3123 4767 perﬁcienda
3151 4686 3386 4760 posteris
3423 4685 3667 4754 ipsorum
3707 4678 3770 4733 ad
3791 4688 3892 4729 nos.

2331 4794 2667 4851 Praevidebat
2698 4766 2880 4844 tamen
2914 4786 2999 4839 ille
3026 4783 3110 4836 vir
3142 4777 3439 4852 spiritualis
3496 4773 3606 4829 tale
3647 4766 3893 4841 quoddam

2330 4903 2556 4959 regnum
2583 4899 2704 4939 esse
2730 4881 2973 4943 futurum
2996 4878 3063 4929 de
3094 4886 3293 4944 genere
3309 4885 3428 4930 suo,
3456 4866 3619 4935 quale
3650 4865 3702 4918 in
3731 4855 3894 4956 Exodo

2332 4945 2560 5049 legimus
2585 4976 2796 5030 dicente
2825 4969 3053 5025 Domino
3082 4965 3148 5018 ad
3175 4963 3315 5017 ﬁlios
3336 4959 3535 5029 ipsius:
3562 4955 3623 5010 Si
3644 4945 3895 5044 audieritis

2333 5036 2507 5124 vorem
2547 5080 2738 5127 meum,
2786 5071 2833 5114 et
2883 5053 3239 5113 custodieritr's
3273 5059 3486 5121 pactum
3531 5060 3723 5104 meum,
3768 5036 3895 5092 eritis

2337 5159 2463 5213 mihi
2486 5159 2540 5210 in
2560 5155 2821 5225 peculium
2846 5150 2910 5203 de
2931 5146 3130 5202 cunctis
3146 5141 3371 5213 populis.
3402 5138 3523 5192 Mea
3554 5144 3631 5190 est
3651 5132 3779 5187 enim
3807 5143 3898 5225 orno

2337 5254 2415 5305 m’s
2462 5260 2621 5310 terra,
2662 5255 2708 5299 et
2756 5259 2842 5296 ros
2883 5240 3007 5292 mihi
3057 5236 3206 5290 eritis
3244 5234 3297 5285 in
3339 5244 3556 5299 regnum
3601 5213 3897 5276 sacerdotale

2338 5338 2515 5374 ιιπνηιι
2568 5350 2653 5374 τιν
2705 5332 2759 5374 Et
2808 5325 3159 5374 Sannrtlntale
3191 5322 3356 5374 igitur
3406 5328 3630 5374 regnum
3667 5304 3900 5374 prwvide-
