4018 6380
166 363 294 421 δυο

1257 366 1676 457 macrinus
1711 367 1983 425 comas
2026 365 2329 423 mensos.

3335 361 3437 415 3i0

164 471 233 537 ὗε
267 500 328 539 eo
351 501 506 555 quem
547 482 754 554 elegerit
777 481 1031 540 Dominus
1060 482 1117 538 in
1147 500 1253 537 una
1282 480 1510 538 tribuum
1550 493 1762 537 tuarum
1794 488 1836 543 Λ
1870 480 2097 533 Mutatio
2124 493 2337 549 quoque
2360 478 2492 548 .egis
2533 478 2807 538 Christum
2847 475 3056 530 venisse
3084 475 3437 535 demonstrat,

164 576 365 646 (Deut.
401 592 503 641 xu,
536 575 648 646 l5),
677 577 824 631 etde
862 573 975 642 jam
1020 574 1163 631 facta
1194 575 1459 631 electione
1500 574 1673 629 tribus
1708 582 1763 629 et

167 667 287 724 loci
340 668 490 724 cauit
517 682 610 723 rex
643 667 739 724 Dei
770 667 970 738 psaltes
997 668 1226 724 dicens:
1278 667 1483 739 Repulit
1522 668 1764 722 taberna-

167 758 359 814 culum
385 757 581 829 Ioseph
607 768 655 813 et
676 759 869 814 tribum
893 758 1148 829 Epitraim
1174 777 1278 815 non
1298 760 1469 832 elegit,
1504 760 1595 815 scd
1614 760 1763 830 elegit

167 850 375 904 tribuni
394 850 564 915 Juda,
590 859 815 908 montem
836 849 965 906 Sion
978 868 1130 920 quem
1156 851 1340 907 dilexit
1361 850 1535 923 (Psal.
1562 867 1763 916 Lxxvu,

167 941 297 1010 67).
344 940 557 997 Dehoc
603 942 792 1012 itaque
833 942 1140 999 vaticinans
1187 942 1497 1012 patriarcha
1565 952 1620 996 et
1668 958 1766 1012 pro

169 1032 289 1090 line
313 1032 436 1103 ejus
478 1035 768 1089 adventum
803 1030 1016 1090 Messias
1046 1034 1383 1106 signiﬁcans,
1422 1034 1662 1088 breviter
1696 1034 1769 1089 los

169 1128 457 1196 quebatur
475 1127 660 1182 dicens
687 1144 702 1181 :
735 1126 858 1182 Non
879 1128 1151 1196 auferetur
1178 1138 1437 1196 sceptrum
1462 1126 1525 1181 de
1542 1125 1691 1180 ludo
1719 1136 1767 1179 et

167 1220 292 1273 dua:
311 1220 380 1274 de
413 1219 611 1289 femore
629 1208 959 1289 ejus,'donec
990 1222 1156 1276 veniat
1190 1222 1279 1293 qui
1299 1220 1578 1275 mittendus
1599 1229 1697 1286 est,
1721 1228 1769 1274 et

168 1310 291 1377 ipse
352 1309 451 1372 erit
497 1311 811 1379 exspectatio
868 1312 1101 1381 gentium
1128 1351 1145 1377 ,
1219 1311 1314 1368 sed
1367 1326 1561 1368 sensus
1615 1311 1772 1368 istius

176 1399 494 1470 prophetia:
548 1400 628 1456 sic
688 1400 1038 1471 accipiendos
1083 1410 1186 1469 est,
1230 1419 1296 1459 ac
1350 1402 1399 1458 si
1456 1402 1616 1474 paulo
1650 1402 1770 1474 plu-

174 1504 205 1541 r
228 1489 337 1545 bus
378 1489 563 1546 verbis
613 1489 982 1561 explicaretur
1005 1492 1111 1547 hoc
1138 1493 1300 1548 modo
1332 1510 1347 1547 :
1375 1491 1578 1548 Domus
1609 1490 1774 1558 Juda,

168 1593 305 1647 quae
326 1594 480 1633 nunc
502 1579 716 1635 modica
738 1590 823 1636 est
868 1589 922 1635 et
955 1581 1266 1653 peregrina,
1306 1590 1517 1640 crescet
1547 1580 1686 1649 olim.
1718 1582 1773 1637 in

168 1670 442 1741 populum
472 1686 746 1742 magnum,
775 1681 830 1727 et
864 1672 1089 1728 habebit
1118 1673 1172 1727 in
1212 1682 1356 1728 terra
1397 1673 1774 1743 promissionis

172 1761 483 1818 Dominica:
503 1762 736 1832 patriam
761 1778 917 1819 suam
958 1772 1012 1819 et
1049 1780 1205 1835 reges
1228 1764 1344 1821 sive
1372 1764 1540 1821 duces
1580 1780 1648 1821 ex
1682 1780 1772 1836 ge-

173 1868 317 1909 nere
341 1868 476 1910 suo:
501 1869 605 1909 nec
636 1854 853 1922 tolletur
880 1866 1067 1927 postea
1093 1858 1336 1929 regimen
1368 1857 1485 1914 sive
1506 1857 1772 1914 ducamen

175 1945 358 2013 ipsius
385 1946 592 2017 populi,
632 1946 699 2003 de
723 1963 885 2003 manu
915 1948 999 2004 sui
1022 1948 1266 2019 generis,
1308 1949 1382 2004 ita
1413 1958 1473 2004 ut
1502 1956 1774 2005 transmu-

177 2037 405 2092 teturin
426 2052 649 2093 manum
671 2037 832 2094 alieni
848 2038 1104 2107 rectoris,
1126 2040 1299 2097 donec
1310 2039 1771 2097 veniatChristus.

173 2126 321 2182 Cum
350 2141 484 2199 ergo
509 2128 777 2196 videritis,
802 2144 836 2185 ο
853 2122 1048 2196 Judaei,
1071 2139 1347 2200 sceptrum
1369 2128 1506 2186 Juda
1536 2130 1590 2185 in
1612 2146 1774 2187 manu

173 2221 332 2292 regis
385 2220 707 2291 alienigena:
750 2231 1193 2290 transmutatum,
1262 2223 1368 2280 hoc
1422 2231 1577 2280 certo
1621 2223 1776 2292 signo

174 2308 470 2366 Christum
494 2310 711 2369 venisse
728 2311 1054 2384 cognoscite.
1067 2311 1181 2369 Nec
1196 2315 1525 2385 exspectetis
1550 2314 1778 2370 ulterius

180 2400 495 2471 temporale
519 2416 743 2474 regnum
773 2403 918 2474 quod
948 2404 1188 2471 transiit,
1215 2405 1310 2461 sed
1331 2405 1561 2477 gaudete
1587 2420 1777 2477 perpe-

179 2493 413 2548 tualiter
440 2508 778 2566 conregnare
798 2495 1018 2554 Christo
1045 2498 1138 2568 qui
1171 2497 1342 2553 venit.
1383 2498 1556 2569 Hujus
1594 2498 1779 2568 itaque

179 2583 495 2654 prophetiae
535 2585 819 2641 veritatem
868 2585 1093 2643 eﬁ‘ectus
1129 2602 1313 2643 rerum
1374 2587 1653 2644 evidenter
1694 2596 1779 2643 est

184 2686 546 2733 consecutus.
576 2675 869 2746 Postquam
887 2678 1033 2734 enim
1062 2678 1208 2734 Deus
1256 2679 1310 2734 in
1359 2687 1501 2735 terra
1544 2679 1779 2750 promis-

186 2765 370 2819 sionis
417 2764 580 2836 elegit
636 2765 738 2822 sibi
788 2766 966 2823 locum
1012 2768 1164 2839 regni
1214 2767 1593 2835 sacerdotalis,
1638 2767 1781 2824 sicut

185 2859 601 2929 praescripserat
639 2856 871 2929 Moyses,
919 2866 976 2914 et
1016 2858 1095 2914 sic
1134 2858 1305 2913 David
1352 2868 1540 2930 postea
1575 2859 1777 2916 factum

184 2966 315 3006 esse
334 2951 551 3013 cecinit,
583 2966 689 3006 non
714 2949 815 3004 fuit
839 2950 893 3004 in
923 2959 1069 3006 sorte
1094 2950 1265 3006 tribus
1292 2950 1430 3006 Juda
1462 2962 1644 3009 rector
1674 2953 1779 3008 nisi

186 3043 259 3097 de
293 3057 495 3114 genere
516 3041 756 3110 legitimo
785 3056 959 3112 usque
990 3042 1056 3097 ad
1088 3050 1298 3114 tempus
1326 3042 1562 3100 Herodis
1593 3044 1780 3100 alieni-

190 3149 349 3203 genae
398 3132 492 3202 qui
525 3140 647 3202 post
673 3130 965 3186 llircauum
1000 3133 1244 3203 regnavit
1267 3131 1656 3207 Hierosolymis
1680 3134 1780 3190 sub
1809 3170 1853 3233 ε

190 3226 410 3281 C:esare
438 3227 701 3297 Augusto.
735 3226 853 3294 Quo
898 3237 1142 3299 tempore
1182 3241 1344 3286 natus
1387 3239 1473 3289 est
1519 3232 1779 3289 Dominus

191 3316 356 3372 lusus
383 3317 436 3369 in
462 3314 776 3373 Bethlehem
804 3318 976 3374 Judre.
1009 3319 1119 3376 Sed
1143 3336 1209 3376 ex
1241 3320 1332 3376 illo
1363 3330 1604 3392 tempore
1636 3322 1784 3377 abla-

196 3419 314 3464 tum
342 3418 428 3466 est
452 3417 728 3479 sceptrum
758 3410 824 3465 de
850 3409 985 3465 Juda
1012 3410 1334 3480 temporale,
1366 3421 1422 3468 et
1449 3413 1558 3466 dux
1592 3412 1658 3467 de
1697 3412 1778 3467 fe-

196 3513 353 3555 more
377 3498 515 3568 ejns.
556 3500 634 3554 Ex
667 3509 798 3555 tunc
822 3500 987 3571 igitur
1025 3501 1340 3572 prephctica
1388 3503 1620 3558 veritate
1651 3518 1781 3558 con-

195 3600 330 3658 stat,
361 3592 578 3648 venisse
599 3592 875 3648 Christum
919 3595 1013 3663 qui
1044 3605 1367 3666 regnaturus
1396 3604 1515 3651 erat
1540 3595 1595 3651 in
1625 3606 1784 3652 aeter-

196 3700 352 3737 num.
393 3684 669 3740 Christum
722 3684 887 3740 etiam
928 3686 1263 3742 demonstrat
1299 3686 1512 3744 venisse
1550 3689 1784 3744 cessatio

194 3778 402 3833 veteris
428 3778 684 3833 sacriﬁcii
713 3778 851 3833 facta
889 3779 943 3832 in
967 3779 1200 3835 adventu
1227 3780 1366 3849 ejus,
1391 3780 1533 3837 sicut
1554 3781 1785 3852 prophe-

199 3876 413 3923 taverat
433 3868 728 3925 Malachias
754 3868 839 3925 his
868 3869 1075 3925 verbis:
1106 3867 1230 3924 Non
1265 3881 1341 3924 est
1390 3870 1519 3925 mihi
1543 3869 1784 3925 voluntas

196 3960 251 4011 in
276 3959 438 4019 vobis,
462 3961 588 4014 dicit
608 3959 861 4016 Dominus
883 3963 1228 4029 omnipotens,
1261 3970 1308 4016 et
1334 3963 1653 4030 sacriﬁcium
1682 3979 1786 4015 non

196 4048 461 4119 accipiam
488 4050 554 4103 de
578 4051 820 4104 manibus
845 4053 1048 4116 uestris,
1065 4052 1189 4122 quia
1218 4052 1283 4106 ab
1313 4054 1510 4107 oriente
1540 4050 1670 4118 sole,
1697 4068 1787 4106 us-

195 4154 302 4204 que
324 4139 396 4193 ad
424 4140 764 4207 occidentem,
793 4158 982 4197 nomen
1008 4159 1183 4198 meum
1212 4142 1416 4197 clarum
1461 4144 1663 4213 factum
1706 4155 1784 4199 est

197 4233 256 4284 ir.
286 4231 547 4301 gentibus,
589 4232 642 4285 in
671 4234 811 4287 omni
847 4232 961 4288 loco
990 4235 1209 4305 o/Tertur
1236 4235 1432 4289 nomini
1458 4252 1572 4291 meo
1620 4220 1787 4291 sacri-

197 4322 384 4390 ﬁcium
409 4322 688 4387 mundum,
729 4326 979 4393 quoniam
1010 4341 1260 4395 magnum
1295 4341 1481 4379 nomen
1525 4342 1695 4380 meum
1731 4326 1787 4380 in

197 4412 460 4481 gentibus,
488 4412 613 4467 dicit
642 4413 895 4470 Dominus
921 4415 1244 4485 omnipotens
1273 4413 1531 4486 (Malach.
1571 4432 1609 4483 ι,
1644 4416 1753 4487 10).

1864 586 1982 641 qua:
2002 568 2141 625 facta
2162 578 2245 624 est
2276 567 2389 639 ipso
2416 567 2691 631 veniente,
2714 567 2854 623 sicut
2877 580 3037 634 supra
3065 565 3275 621 dixerat
3306 563 3442 617 divi-
3534 602 3537 603 ν

1866 679 1966 718 nus
1987 662 2153 717 lsaias
2175 661 2261 716 his
2284 660 2462 716 verbis
2493 678 2505 713 :
2548 657 2665 713 Erit
2698 660 2754 713 in
2798 657 3089 711 novissimis
3119 655 3297 709 diebus
3331 671 3444 705 um-

1867 751 2084 822 nifestus
2112 767 2259 805 mons
2284 751 2471 803 domus
2500 748 2711 803 Domini
2742 755 3068 818 pra'pnratus
3098 744 3152 798 in
3179 744 3447 798 cacumine

1867 843 2200 907 montium,et
2222 841 2551 909 exaltabitur
2567 837 2889 909 supercolles
2905 878 2920 902 ,
2948 848 2995 890 et
3018 837 3219 890 venient
3242 838 3309 889 ad
3328 852 3444 888 cum

1868 936 2123 990 universa:
2172 943 2343 1003 gentes
2382 942 2430 987 et
2482 932 2698 985 dicent:
2741 928 2953 993 Venite,
2987 932 3334 982 ascendamns
3382 926 3450 978 ad
3530 980 3535 985 ,

1869 1036 2093 1082 montem
2124 1025 2334 1080 Domini
2362 1034 2409 1079 et
2452 1023 2521 1078 ad
2559 1023 2779 1079 domum.
2804 1021 2901 1077 Dei
2928 1021 3118 1086 Iacob,
3146 1028 3192 1074 et
3244 1016 3451 1072 aninm-

1869 1119 2017 1173 tiabit
2049 1118 2195 1172 nobis
2246 1117 2381 1171 viam
2428 1115 2634 1180 salutis,
2672 1124 2719 1170 et
2759 1114 3113 1185 ingrediemur
3147 1113 3200 1164 in
3242 1128 3322 1164 ea.
3374 1108 3453 1161 Ea:

1870 1208 2000 1266 Sion
2023 1211 2160 1265 enim
2187 1209 2387 1280 prodiel
2414 1207 2519 1275 teat,
2546 1219 2593 1262 et
2623 1208 2831 1261 verbum
2874 1206 3086 1259 Domini
3115 1204 3177 1257 de
3203 1202 3455 1256 Hierusa-

1870 1298 1972 1354 lem
2003 1298 2140 1371 (Isa‘.
2195 1315 2258 1364 ιι,
2284 1298 2363 1370 2).
2391 1299 2525 1366 Quis
2554 1306 2735 1353 autem
2774 1297 2908 1351 adeo
2949 1296 3199 1362 rudis,ut
3227 1310 3332 1350 non
3377 1292 3457 1346 in-

1872 1390 2077 1461 telligat
2100 1390 2152 1445 in
2188 1390 2274 1445 his
2305 1388 2487 1444 verbis
2515 1397 2752 1443 montem
2792 1385 3058 1442 elevatum
3090 1396 3253 1455 super
3303 1400 3456 1438 mon-

1874 1492 1978 1549 tes,
2016 1483 2289 1539 Christum
2321 1495 2442 1537 esse
2467 1495 2649 1552 regem
2694 1495 2857 1551 super
2882 1479 3189 1550 principes?
3214 1478 3271 1533 lu
3301 1476 3459 1546 hujus

1873 1590 2005 1645 ergo
2026 1575 2172 1647 regis
2197 1574 2432 1630 adventu
2473 1573 2686 1628 videbat
2711 1572 2975 1644 propheta
3004 1571 3176 1643 legem
3192 1572 3459 1625 exitur-am

1873 1681 2016 1731 esse,
2045 1680 2151 1720 non
2184 1664 2249 1720 de
2272 1671 2456 1718 monte
2484 1661 2634 1729 Sina,
2665 1664 2732 1718 ad
2752 1663 3109 1731 erudiendum
3138 1677 3299 1716 unam
3326 1677 3428 1730 gen

1877 1765 1981 1813 tem
2030 1757 2168 1812 sicut
2205 1755 2380 1826 prius,
2416 1754 2511 1810 sed
2559 1754 2626 1810 de
2669 1762 2852 1809 monte
2907 1752 3036 1808 Sion
3072 1753 3139 1808 ad
3189 1752 3475 1811 docendas.

1807 1825 1848 1885 Β
1877 1858 2065 1920 gentes
2094 1825 2236 1904 sicut
2279 1863 2425 1903 nunc
2453 1845 2658 1904 factum
2692 1861 2817 1902 esse
2861 1847 3128 1902 videmus.
3167 1846 3336 1901 Vetus
3364 1862 3463 1900 au-

1877 1949 1983 1997 tem
2020 1939 2108 1995 lex
2138 1937 2593 2009 quinquagesimo
2620 1936 2709 1992 die
2749 1946 2874 2007 post
2915 1936 3339 1992 immolationem
3372 1948 3467 2006 pa-

1873 2032 2077 2091 schalis
2102 2031 2225 2103 agni
2248 2032 2372 2087 data
2403 2038 2487 2086 est
2512 2028 2705 2102 Moysi,
2732 2045 2870 2084 nova
2899 2029 2981 2085 lex
3007 2029 3461 2100 quinquagesimo

1874 2125 1965 2182 die
2010 2132 2133 2196 post
2182 2122 2511 2180 occisionem
2550 2130 2608 2177 et
2656 2120 3109 2177 resurrectionem
3143 2120 3259 2176 veri
3305 2120 3466 2190 Agni,

1875 2216 2085 2274 sanctis
2135 2213 2398 2286 apostolis
2445 2212 2705 2284 inspirata
2752 2222 2857 2279 est,
2896 2212 2963 2267 de
3028 2227 3133 2282 qua
3171 2212 3293 2283 lege
3338 2213 3471 2267 dicit
3532 2248 3536 2255 .

1875 2309 2041 2363 etiam
2100 2316 2327 2362 sanctus
2372 2303 2644 2360 Jeremias
2680 2302 2857 2371 :Ecce
2901 2304 3010 2357 dies
3050 2305 3290 2370 veniunt,
3344 2304 3470 2355 dicit

1846 2398 2154 2464 -Dominus,
2194 2406 2244 2454 et
2283 2395 2605 2465 conﬁrmabo
2647 2411 2805 2465 super
2847 2395 3060 2449 domum
3097 2393 3265 2448 Iacob
3314 2403 3470 2448 testa-

1877 2497 2106 2543 mentum
2156 2503 2343 2542 nouum
2375 2524 2391 2551 ,
2429 2501 2535 2539 non
2588 2484 2871 2539 secundum
2919 2493 3280 2557 testamentum
3327 2484 3468 2555 quod

1877 2581 2127 2635 constitui
2180 2580 2462 2652 patribus,
2498 2582 2553 2634 in
2608 2580 2694 2634 die
2741 2596 2845 2650 qua
2892 2579 3209 2649 apprehendi
3257 2595 3473 2632 omnum

1877 2688 2057 2726 eorum
2108 2681 2163 2727 ut
2190 2672 2463 2727 educerem
2492 2688 2580 2727 eos
2628 2672 2692 2726 de
2721 2681 2861 2726 terra
2903 2669 3139 2741 Egypti,
3193 2680 3300 2726 etc.
3331 2670 3469 2735 (λεν.

1880 2780 1991 2830 vn,
2053 2763 2184 2834 32).
2242 2764 2510 2833 Quoniam
2563 2765 2727 2835 igitur
2784 2764 2837 2818 in
2898 2763 3187 2819 adventum
3256 2763 3464 2818 Christi

1879 2870 2073 2910 novam
2104 2855 2276 2933 legem
2302 2859 2371 2911 ab
2399 2840 2517 2927 ipso
2556 2842 2834 2912 ferendam
2865 2870 2986 2911 esse
3014 2856 3289 2926 propheta:
3339 2872 3468 2924 pra»

1880 2945 2150 3012 dixerant,
2175 2956 2229 3002 et
2261 2947 2717 3018 ipsajamdudum
2749 2947 2957 3019 prolata
2980 2957 3085 3014 est,
3109 2949 3469 3020 legislatorem

1880 3053 2094 3110 quoque
2145 3039 2420 3096 Christum
2480 3041 2631 3110 prius
2685 3041 2900 3095 venisse
2950 3038 3300 3095 manifestum
3364 3051 3470 3094 est.

1890 3132 2284 3189 Sanetissimus
2336 3149 2553 3205 quoque
2613 3132 2805 3189 Daniel
2864 3144 2971 3190 non
3028 3132 3201 3189 solum
3264 3132 3479 3188 venisse

1883 3220 2183 3289 Christum,
2214 3238 2400 3278 vermu
2430 3224 2593 3278 etiam
2630 3233 2843 3293 tempus
2872 3222 3144 3300 unctionis
3182 3232 3236 3279 et
3267 3224 3474 3295 passio-

1884 3314 1969 3368 nis
1999 3312 2138 3380 ejus,
2168 3322 2225 3369 ct
2271 3314 2431 3369 ﬁnem
2477 3315 2765 3371 sacerdotii
2803 3325 3228 3385 perpetuamque
3264 3316 3472 3371 desola-

1886 3405 2087 3459 tionem
2130 3404 2440 3460 Judaeorum
2470 3405 2862 3475 computando,
2892 3389 3229 3463 demensum
3269 3409 3321 3462 in
3357 3425 3480 3477 per-

1885 3511 2014 3550 sena
2039 3495 2311 3552 Gabrielis
2332 3497 2746 3569 archangeli,ad
2771 3513 2829 3553 se
2852 3498 3122 3567 loquentis
3150 3498 3234 3554 his
3260 3500 3438 3553 verbis
3463 3516 3475 3552 :

1886 3585 2234 3658 Septuaginta
2264 3588 2607 3643 hebdomade:
2635 3589 2953 3644 nbbreoiato:
2983 3599 3105 3644 sunt
3136 3607 3293 3659 super
3317 3608 3481 3660 popu-

1890 3679 1999 3733 lant
2029 3694 2201 3733 meum
2242 3688 2289 3732 et
2324 3696 2483 3749 super
2514 3682 2695 3735 urbem
2726 3690 2965 3734 sanctam
3017 3691 3184 3746 tuam,
3214 3680 3267 3734 ut
3293 3698 3483 3735 consu-
3526 3734 3529 3735 ,

1887 3779 2063 3823 matur
2112 3769 2502 3839 prtevaricuio,
2537 3780 2584 3825 et
2637 3771 2797 3841 ﬁnem
2827 3772 3055 3841 accipiat
3104 3782 3398 3842 peccatum,
3432 3783 3480 3824 et

1887 3859 2125 3915 deleatur
2151 3860 2424 3931 iniquitas,
2458 3870 2508 3915 et
2547 3862 2848 3916 adducatur
2889 3863 3104 3932 justitia
3141 3864 3478 3932 sempiterna,

1886 3962 1933 4005 et
1992 3949 2276 4020 impleatur
2312 3952 2439 4006 visio
2487 3961 2536 4005 ct
2585 3953 2885 4021 prophetia,
2916 3963 2962 4007 et
2998 3964 3228 4024 ungatur
3265 3965 3478 4007 sanctus

1888 4054 2194 4097 sanctorum
2220 4042 2386 4108 (Dan.
2414 4059 2493 4111 ιι,
2525 4043 2636 4115 24).
2678 4043 2745 4098 Ει
2780 4043 2941 4115 paulo
2969 4054 3091 4115 post
3130 4064 3144 4099 :
3179 4044 3481 4110 Occidctnr,

1891 4134 2086 4204 inquit,
2120 4133 2383 4197 Christus,
2413 4144 2460 4189 et
2512 4151 2615 4189 non
2664 4136 2762 4190 erit
2806 4136 2921 4205 ejus
2972 4137 3194 4207 populus
3223 4139 3314 4207 qui
3366 4156 3483 4191 eum

1891 4236 2176 4295 negaturus
2206 4235 2282 4280 est
2307 4224 2495 4295 (Ibtd.,
2516 4226 2641 4296 26);
2672 4228 2801 4281 item
2835 4227 2994 4297 paulo
3025 4238 3186 4297 post:
3229 4229 3294 4282 Et
3322 4229 3374 4282 in
3402 4229 3483 4281 di-

1891 4317 2049 4371 midio
2072 4318 2411 4373 hebdomadis
2445 4319 2647 4388 deﬁciet
2695 4320 2865 4374 hostia
2897 4329 2943 4375 et
2978 4320 3322 4390 sacriﬁcium,
3353 4330 3400 4374 et
3428 4323 3483 4374 in

1891 4412 2079 4483 templo
2103 4414 2199 4467 erit
2238 4413 2563 4470 abominatio
2586 4415 2950 4480 desolationis,
2984 4425 3032 4469 et
3059 4433 3222 4487 usque
3253 4418 3322 4471 ad
3353 4434 3477 4470 con-

273 4500 410 4558 lluic
438 4505 732 4572 prophetia:
760 4505 991 4560 aliorum
1018 4498 1234 4562 abunde
1277 4509 1543 4579 praesagia
1585 4524 1781 4563 conso-
1811 4516 1861 4575 ι)
1889 4509 2292 4561 summationem
2323 4518 2368 4560 et
2400 4508 2558 4576 ﬁnem
2599 4509 2944 4577 perseverabit
2988 4508 3243 4563 desolatio
3292 4508 3481 4578 (lbid.,

199 4591 428 4647 nabant.
460 4590 566 4648 Sed
600 4609 723 4649 cum
762 4594 929 4651 Judrei
988 4596 1293 4652 nullatenus
1323 4597 1403 4652 cis
1440 4599 1786 4667 acquiescere

200 4683 427 4749 vellent,
460 4686 554 4741 sed
582 4702 795 4757 semper
825 4688 1096 4743 inhiareut
1137 4687 1388 4759 jugulare
1435 4690 1707 4757 victimas,
1737 4701 1792 4745 et

198 4777 492 4832 comedere
521 4793 736 4844 carnes,
764 4780 1099 4849 compescuit
1144 4780 1403 4835 Dominus
1446 4781 1790 4851 superstitio-

203 4879 331 4919 nem
368 4866 604 4934 ipsorum
631 4885 822 4940 magna
849 4871 1225 4935 vi,extrudens
1256 4887 1352 4927 eos
1376 4872 1442 4926 de
1471 4871 1590 4928 loco
1619 4875 1789 4944 regni,

202 4956 265 5008 in
291 4971 403 5026 quo
429 4957 563 5024 solo,
595 4968 651 5014 et
685 4976 961 5031 nunquam
989 4963 1115 5019 alibi
1156 4963 1466 5019 sacriﬁcare
1506 4980 1791 5021 concesse-

204 5055 295 5099 rat
319 5046 400 5102 eis
421 5047 529 5103 lex.
567 5048 762 5120 Sicque
811 5051 1027 5106 tandem
1071 5062 1461 5121 persenseruut
1498 5053 1648 5109 inviti
1701 5068 1796 5110 ve-

203 5156 329 5193 rum
352 5154 473 5195 esse
493 5143 812 5213 praesagium
834 5142 1069 5198 defuncti
1101 5144 1390 5199 sacerdotii
1416 5146 1520 5211 sui,
1551 5161 1672 5201 cum
1697 5161 1794 5202 ne-

202 5248 315 5303 que
343 5242 498 5287 extra
534 5233 795 5289 haberent
821 5235 1165 5290 sacriﬁcandi
1204 5236 1493 5303 licentiam,
1522 5254 1623 5293 nec
1650 5239 1797 5294 intra

203 5341 307 5378 sua
334 5327 608 5394 quondam
648 5328 845 5381 moenia
894 5328 1228 5385 facultatem.
1263 5330 1562 5386 Transacto
1615 5333 1795 5403 itaque

203 5416 380 5471 veteri
409 5417 734 5484 sacerdotio,
762 5418 905 5488 quod
926 5420 993 5474 ad
1022 5429 1233 5491 tempus
1261 5420 1437 5475 fuerat
1464 5422 1793 5487 institutum,

205 5506 477 5561 successit
522 5522 717 5562 novmn
769 5516 934 5575 atque
964 5511 1351 5580 sempiternum
1382 5511 1585 5575 Christi
1615 5527 1796 5568 sacer-

204 5594 440 5661 dotium,
472 5598 538 5651 de
574 5613 682 5667 quo
728 5597 1012 5654 Psalmista
1059 5601 1383 5669 praedixerat
1412 5618 1425 5654 :
1451 5600 1657 5655 Jumrit
1685 5601 1792 5656 Do-

204 5692 385 5744 minus
438 5700 485 5744 et
513 5707 616 5745 non
645 5692 905 5760 pwnitebit
932 5710 1071 5759 eum,
1103 5694 1180 5747 Tu
1203 5711 1256 5748 es
1286 5696 1529 5750 sacerdos
1564 5695 1617 5749 in
1646 5707 1798 5750 teter-

215 5797 361 5847 uum,
390 5781 674 5835 sxuntlunt
700 5783 931 5838 ordinem
961 5783 1332 5839 .llclrhisrtlcrh
1364 5785 1534 5856 (1)δαῖ.
1569 5805 1679 5851 czx,
1718 5788 1791 5855 xl).

1893 4600 2007 4670 ‘27).
2041 4596 2209 4667 Hujus
2238 4616 2367 4671 ergo
2400 4601 2699 4671 prophetia:
2750 4601 3127 4671 compendium
3175 4610 3278 4667 est,
3306 4619 3482 4671 quau-

1899 4699 2010 4744 tum
2039 4689 2106 4742 ad
2136 4700 2457 4759 praesentem
2493 4691 2756 4745 rationem
2800 4691 3055 4761 pertinet,
3091 4690 3233 4759 quod
3266 4690 3317 4744 in
3347 4692 3483 4745 beh-

1896 4779 2122 4835 domada
2151 4781 2547 4850 septuagesima
2580 4781 2862 4848 ungendus
2898 4790 2951 4835 et
2983 4780 3312 4836 occidendus
3334 4788 3484 4835 esset

1894 4868 2162 4933 Christus,
2205 4878 2260 4923 et
2306 4878 2464 4923 vetns
2520 4869 2885 4924 sacerdotium
2940 4868 3300 4925 deiecturum.
3352 4869 3485 4922 lllec

1903 4969 2085 5017 autem
2113 4961 2450 5018 hebdomada
2476 4960 2827 5016 eVolvebatur
2840 4969 3203 5031 perpetuaque
3224 4959 3487 5037 desolatio
3504 4991 3519 5011 κ

1901 5066 2153 5112 secutura
2183 5066 2326 5122 erat,
2359 5057 2662 5125 imperante
2709 5054 2927 5111 Tiberio
2976 5068 3291 5110 successore
3321 5055 3517 5124 Aug,

1901 5150 2116 5217 quando
2136 5149 2442 5219 baptizatus
2462 5156 2516 5203 et
2534 5146 2697 5201 fuerit
2717 5146 3007 5202 cruciﬁxus
3027 5145 3183 5200 Jesus
3206 5146 3485 5201 Dominus.
3514 5186 3521 5197 .

1901 5239 1980 5294 Ex
2013 5250 2140 5296 tunc
2164 5241 2327 5311 igitur
2353 5239 2668 5310 prophetica
2691 5240 2921 5305 veritate
2949 5253 3054 5293 non
3068 5238 3239 5293 solum
3268 5239 3484 5293 venisse

1900 5331 2197 5396 Christum,
2232 5331 2325 5385 sed
2361 5330 2522 5386 etiam
2573 5339 2793 5384 unctum
2828 5342 2949 5383 esse
2983 5336 3226 5394 constat,
3254 5337 3307 5385 et
3358 5343 3486 5397 pas-

1900 5440 2058 5489 sum,
2128 5431 2390 5491 vetusque
2453 5420 2781 5476 sacriﬁcium
2836 5419 3101 5476 defecisse
3151 5421 3486 5476 desolatione

1902 5524 2106 5570 secuta.
2150 5513 2281 5568 Item
2305 5512 2579 5568 Christum
2611 5512 2846 5575 venisse,
2877 5523 2931 5567 et
2971 5514 3094 5581 quis
3137 5520 3286 5568 esset
3325 5511 3485 5567 Citri-

1902 5615 2017 5661 stus
2042 5604 2303 5659 indicavit
2323 5604 2449 5657 olim
2480 5603 2653 5665 forma
2686 5602 3009 5658 humilitatis
3032 5604 3159 5681 ejus.
3182 5619 3245 5657 an
3269 5606 3479 5673 passio-

1904 5698 1987 5750 nis
2016 5712 2047 5751 a
2088 5694 2270 5748 multis
2317 5694 2533 5769 vatibus
2587 5694 2949 5765 particulatim
2998 5696 3286 5767 descripta,
3321 5705 3375 5749 et
3431 5697 3481 5749 in

1903 5788 2017 5843 Solo
2058 5785 2183 5842 Jesu
2220 5785 2444 5841 Domino
2493 5795 2681 5841 nostro
2714 5795 2824 5842 tota
2874 5786 3029 5841 simul
3075 5784 3314 5841 inventa.
3372 5783 3479 5840 Nos
