4018 6378
548 283 641 337 511

1501 285 1557 339 S.
1597 285 1939 341 FULBERTI
1976 287 2456 342 CARNOTENSIS
2489 284 2793 340 EPISCOPI

3693 284 3784 339 312

547 407 725 450 autem
764 397 912 449 verbi
936 398 1110 466 gratia
1132 407 1338 465 partem
1368 397 1749 465 descriptionis
1773 397 1918 452 illius
1954 398 2119 464 subji-
2150 400 2192 455 Α
2222 398 2362 464 quod
2395 398 2445 450 in
2489 398 2605 466 ipso
2641 395 2885 451 benedici
2922 394 3169 447 videntur
3195 407 3383 447 ontnes
3435 388 3606 446 tribus
3649 404 3789 452 terra:

548 487 742 544 cimus,
782 486 922 538 sicut
952 494 1036 539 est
1061 486 1201 555 quod
1244 487 1296 539 in
1346 486 1660 540 Bethlehem
1692 486 1837 540 nasci
1878 487 2128 555 dignatus

548 581 655 637 est,
674 574 827 644 juxta
871 577 1210 644 prophetiam
1241 576 1462 631 Michca:
1496 594 1509 629 :
1538 576 1681 646 quod
1711 592 1874 646 super
1916 577 2129 631 asinum

550 662 747 718 sedens
775 665 925 719 venit
947 664 1398 735 Hierosolymam,
1424 674 1478 719 et
1511 666 1563 719 in
1595 677 1836 734 tempore
1859 666 2138 734 passionis

548 763 700 810 veste
725 756 890 810 rubea
928 756 1147 812 indutus
1171 767 1276 811 est.
1311 757 1373 810 Et
1403 759 1535 813 sicut
1562 758 1673 811 ovis
1704 759 1774 811 ad
1819 758 2129 811 occisionem

550 846 738 900 ductus
768 857 864 911 est,
909 856 956 901 et
979 864 1096 901 cum
1120 848 1312 918 iniquis
1341 857 1608 917 reparatus
1634 858 1708 902 est
1739 848 1874 918 (lsa.
1908 864 2027 911 un,
2050 848 2129 915 7),

551 939 694 994 sicut
733 939 1107 1010 deploraverat
1156 940 1340 995 Isaias.
1390 942 1543 1007 Quod
1599 941 1817 1011 triginta
1861 940 2132 1008 argenteis

548 1031 888 1086 venundatus
909 1040 987 1085 est
1048 1029 1264 1101 (Matth.
1303 1045 1452 1094 xxvr,
1502 1030 1587 1099 15)
1617 1045 1680 1084 ac
1704 1030 1875 1099 spinis
1904 1044 2131 1083 cumna—

549 1127 642 1174 tus
671 1118 888 1190 (Matth.
930 1135 1102 1183 xxvn,
1122 1119 1215 1188 29)
1242 1128 1297 1174 et
1331 1120 1506 1189 lapide
1533 1119 1782 1174 occlusus
1806 1129 1889 1173 est
1914 1119 2128 1188 (Thren.

552 1224 639 1271 ιιι,
662 1206 777 1278 55).
804 1217 863 1262 ut
890 1207 1215 1264 lamentatus
1242 1209 1414 1264 fuerat
1443 1207 1737 1273 Jeretnias;
1770 1208 1913 1278 quod
1957 1218 2133 1263 trans-

550 1298 676 1353 lixis
734 1299 929 1368 palmis
974 1315 1036 1354 ac
1066 1300 1313 1370 pedibus.
1345 1299 1469 1355 felle
1496 1309 1551 1354 et
1581 1308 1737 1355 aceto
1767 1310 1983 1370 potatus
2025 1312 2133 1365 est,

551 1398 607 1443 et
659 1390 827 1446 divisa
869 1399 997 1445 sunt
1041 1392 1364 1446 vestimenta
1414 1390 1554 1459 ejus,
1583 1399 1636 1445 et
1683 1407 1844 1461 super
1895 1392 2131 1447 tunicam

552 1481 668 1551 ejus
708 1482 869 1537 missa
904 1491 987 1537 est
1031 1496 1152 1537 sors
1180 1483 1397 1553 (Matth.
1426 1499 1595 1544 xxvn,
1646 1482 1739 1548 25,
1771 1482 1885 1551 ει),
1916 1492 1970 1536 et
2020 1483 2133 1553 ipse

552 1572 843 1627 collocatus
881 1572 936 1627 in
987 1573 1257 1639 obscuris,
1303 1575 1444 1630 sicut
1490 1576 1689 1630 mortui
1739 1574 1918 1630 szeculi
1955 1574 2129 1643 (Psul.

550 1677 713 1722 chn,
754 1663 831 1732 3),
862 1662 1095 1719 deﬂente
1143 1664 1344 1729 David;
1399 1665 1543 1735 quod
1571 1680 1741 1721 caesus
1786 1675 1872 1721 est
1912 1665 2131 1737 (Matth.

551 1757 814 1829 xx‘t,67)
862 1766 915 1813 et
957 1768 1308 1828 consputatns
1349 1731 1542 1829 (Marc.
1592 1774 1680 1823 xv,
1707 1759 1816 1828 l9),
1843 1731 2130 1814 et'lancea
2167 1731 2208 1788 Β

550 1848 866 1904 uulneratus
887 1849 1070 1919 (Joan.
1094 1866 1208 1915 xrx,
1231 1850 1342 1910 ⁵54).
1371 1850 1583 1906 dolente
1609 1849 1731 1907 Job.

624 1937 773 1993 Talis
804 1939 985 2009 itaque
1010 1940 1302 2010 descriptio
1326 1941 1708 2011 prophetarum
1737 1941 1800 1995 de
1830 1941 2134 1996 humilitate

551 2040 607 2084 et
634 2030 886 2100 passione
922 2030 1149 2096 Christi,
1179 2032 1432 2101 quoniam
1485 2034 1539 2088 in
1582 2033 1697 2088 solo
1742 2032 1871 2089 Jesu
1917 2032 2135 2089 Christo

550 2119 783 2177 Domino
832 2128 1021 2177 nostro
1052 2131 1162 2176 tota
1195 2122 1410 2178 inventa
1447 2131 1555 2192 est,
1578 2140 1686 2179 non
1716 2124 1889 2180 solum
1922 2124 2135 2179 venisse

552 2210 827 2266 Christum
857 2254 872 2272 .
921 2213 1012 2268 sed
1063 2212 1240 2282 ipsum
1301 2214 1473 2269 solum
1518 2230 1646 2270 vere
1699 2230 1819 2270 esse
1859 2213 2134 2270 Christum

552 2304 809 2358 ostendit.
842 2304 972 2360 Item
1003 2304 1279 2361 Christum
1311 2307 1547 2372 venisse,
1570 2315 1624 2363 et
1653 2308 1776 2377 quis
1802 2317 1946 2363 esset
1982 2308 2136 2364 Cirri-

552 2404 673 2447 stus
724 2394 853 2449 olim
905 2411 1143 2465 przcsens
1195 2396 1455 2452 iudicatio
1498 2398 1978 2469 contemporalium
2032 2399 2134 2453 sibi

550 2496 734 2540 vatum
756 2487 1014 2549 ostendit,
1042 2487 1188 2540 velut
1219 2487 1496 2542 Zacharize
1517 2496 1572 2542 et
1604 2487 1899 2551 Elisabeth.
1927 2487 2135 2542 Simeo-

555 2577 644 2632 uis
675 2587 727 2633 et
759 2578 946 2645 Annae,
973 2594 1202 2648 quorum
1232 2587 1379 2649 gesta
1415 2593 1509 2634 seu
1540 2579 1794 2635 vaticinia
1830 2587 1957 2634 nota
1988 2588 2134 2645 sunt,

559 2678 615 2722 et
635 2668 863 2724 Joannis
901 2670 1154 2740 Baptista:
1196 2671 1427 2726 dicentis
1455 2684 1469 2723 :
1501 2670 1637 2725 Ecce
1663 2672 1842 2741 Agnus
1877 2670 1994 2735 Dei,
2022 2687 2138 2725 ecce

554 2761 645 2830 qui
672 2760 807 2815 tollit
830 2771 1041 2832 peccata
1090 2763 1271 2816 mundi
1302 2762 1482 2834 (Joan.
1524 2779 1566 2828 1,
1593 2763 1705 2834 29).
1736 2761 1964 2829 Quando
1992 2764 2136 2817 enim

555 2853 647 2908 isti
700 2853 986 2909 Dominum
1036 2853 1217 2911 Jesum
1264 2855 1625 2924 personaliter
1672 2855 2000 2921 iudicarunt,
2031 2870 2137 2909 non

559 2944 722 2998 modo
753 2944 966 2998 venisse
990 2944 1283 3009 Christum,
1317 2946 1412 3001 sed
1441 2945 1695 3013 quiesset
1724 2944 1991 3004 Christus.
2023 2943 2139 2997 sine

556 3032 722 3088 dubio
748 3033 1125 3087 ostenderunt.
1164 3033 1296 3087 ltem
1324 3034 1476 3103 signa
1506 3033 1588 3087 vel
1616 3033 1899 3098 miracula,
1921 3050 2042 3103 qua:
2084 3033 2137 3086 in

555 3125 840 3180 nativitate
887 3137 941 3179 et
969 3123 1239 3195 baptismo
1270 3134 1324 3180 et
1372 3126 1625 3195 passione
1682 3125 1899 3180 Domini
1964 3126 2138 3179 nostri

555 3218 683 3273 Jesu
714 3217 868 3289 quasi
918 3209 1277 3282 extrinsecus,
1320 3218 1414 3272 sed
1465 3227 1643 3272 tamen
1690 3216 1949 3272 divinitus
1999 3215 2141 3270 facta

557 3320 707 3376 sunt,
736 3327 843 3367 non
891 3312 1050 3366 modo
1099 3311 1308 3365 venisse
1335 3309 1607 3364 Christum
1636 3350 1649 3374 ,
1676 3309 1771 3366 sed
1814 3309 1988 3377 ipsum
2019 3324 2143 3363 vere

558 3416 680 3456 esse
709 3377 1143 3465 declatgtvcrunt,
1175 3399 1315 3454 sicut
1342 3398 1580 3453 visiones
1604 3397 1917 3469 angelorum
1953 3396 2141 3451 laetan-

558 3496 694 3547 tium
726 3493 780 3547 in
816 3492 1113 3547 Nativitate
1155 3490 1293 3560 ejus,
1350 3491 1491 3545 sicut
1538 3490 1694 3545 stella
1739 3504 1879 3544 nova
1919 3488 2169 3543 rutilans‘

559 3585 626 3638 ad
659 3585 919 3639 indicium
965 3583 1110 3653 ejus,
1150 3584 1291 3639 sicut
1336 3581 1632 3652 magicum
1680 3581 1998 3638 muneribus
2048 3594 2144 3634 ve-

560 3676 771 3731 nientes
803 3676 870 3729 ad
898 3674 1162 3729 cunabula
1196 3672 1341 3741 ejus,
1380 3688 1502 3743 quae
1544 3672 1805 3727 miracula
1853 3672 1934 3727 sic
1965 3672 2145 3724 turba-

556 3776 754 3820 verunt
784 3781 963 3838 regem
1007 3765 1311 3831 abusivnm,
1336 3773 1395 3819 ut
1425 3764 1478 3817 in
1508 3763 1910 3817 aemulationem
1939 3760 2143 3815 Christi

560 3860 671 3916 nati
686 3875 988 3914 cetevorutu
1006 3858 1419 3928 ejustnfantium
1439 3856 1872 3910 crudelissimam
1899 3864 2143 3924 stragem

559 3953 765 4007 ederet.
795 3949 1064 4004 Prazterea
1117 3949 1259 4003 sicut
1288 3947 1585 4001 tonitruum
1614 3955 1854 4015 paterna:
1899 3946 2069 4010 vocis,
2092 3954 2147 3999 et

563 4043 797 4112 Spiritus
826 4040 998 4096 sancti
1031 4039 1333 4093 columbina
1364 4037 1571 4107 species
1607 4036 1660 4090 in
1691 4036 1960 4106 baptismo
2005 4033 2144 4103 ejus,

562 4143 618 4187 ct
653 4133 794 4186 sicut
822 4130 1040 4201 quando
1068 4128 1147 4183 sol
1176 4129 1497 4183 obscuratus
1525 4136 1630 4193 est,
1660 4135 1711 4180 et
1736 4135 1876 4180 terra
1905 4125 2144 4190 tremuit,

563 4233 617 4275 ct
646 4220 824 4276 velum
850 4219 1033 4289 templi
1059 4219 1287 4273 scissum
1318 4227 1401 4272 est
1420 4218 1472 4271 iu
1497 4217 1771 4272 occisione
1806 4214 1943 4284 ejus.
1975 4215 2148 4285 Super

564 4316 680 4369 haec
716 4313 898 4367 omnia
926 4311 1201 4365 Christum
1245 4312 1459 4365 venisse
1502 4310 1872 4364 demonstrant
1909 4324 2071 4379 opera
2095 4319 2148 4364 et

2216 486 2567 557 ‘(Psal..t.xxt,
2593 487 2707 556 Π),
2738 495 2793 540 et
2818 485 2921 538 alia
2946 484 3357 539 innumerabilia
3381 492 3577 552 sponte
3593 494 3785 555 praeter-

2232 580 2393 641 imus,
2422 578 2546 647 quia
2576 579 2710 633 satis
2738 579 2958 648 copiose
2987 577 3130 646 quod
3159 578 3491 647 propositum
3519 575 3686 631 fuerat
3708 579 3787 634 tle-

2231 670 2669 732 monstravimus,
2698 670 2752 723 id
2774 670 3162 737 est,Christum
3190 678 3553 740 temporesuo
3575 670 3785 725 venisse.

2303 757 2412 814 Nec
2441 759 2603 813 habet
2649 758 2866 814 Judazus
2894 760 3023 829 quid
3065 759 3276 815 hiscere
3304 770 3516 814 contra.
3578 759 3704 815 Nam
3747 764 3785 815 si

2232 852 2428 906 dixerit
2456 862 2727 923 sceptrum
2756 851 2823 907 de
2846 849 2983 906 Jnda
3009 865 3116 905 non
3150 866 3274 905 esse
3313 851 3578 916 ablatum,
3603 852 3789 923 perspi-

2233 957 2333 997 cue
2367 943 2534 999 falsus
2568 953 2671 1008 est,
2696 944 2821 1013 quia
2846 943 3066 998 circiter
3086 957 3261 998 annos
3287 943 3436 998 mille
3463 944 3693 1012 dispersa
3714 955 3786 999 est

2233 1034 2410 1089 tribus
2429 1034 2563 1089 .fuda
2602 1036 2656 1090 in
2686 1050 2876 1089 omnes
2903 1044 3113 1097 ventos,
3143 1044 3199 1089 et
3229 1035 3405 1090 locum
3435 1036 3586 1105 regni
3607 1052 3787 1093 .sacer-

2233 1126 2431 1181 dotalis
2453 1126 2613 1181 alieni
2642 1127 2936 1189 possident.
2972 1125 3123 1193 Quod
3147 1126 3191 1180 si
3217 1125 3414 1180 dixerit
3448 1126 3791 1181 sacerdotium

2232 1216 2351 1287 ejus
2388 1231 2492 1270 non
2532 1230 2657 1270 esse
2688 1214 3029 1280 defunctum,
3060 1216 3322 1270 mentitur
3354 1215 3535 1284 plane,
3557 1216 3678 1283 quia
3704 1232 3787 1270 nec

2233 1315 2385 1362 extra
2431 1306 2763 1362 Hierusalem
2806 1308 2969 1362 habet
3007 1306 3350 1362 sacriﬁcandi
3383 1306 3677 1371 licentiam,
3703 1323 3786 1363 nec

2234 1399 2374 1454 intra
2435 1398 2764 1455 lacullatem.
2813 1400 2883 1454 At
2937 1400 2981 1455 si
3029 1399 3231 1454 dixerit
3275 1407 3653 1453 testamentum
3694 1414 3791 1453 non

2232 1505 2352 1545 esse
2379 1490 2610 1555 finitum,
2642 1500 2697 1545 et
2729 1491 2832 1546 hoc
2860 1491 3131 1561 praacipue
3155 1490 3349 1544 falsum
3392 1498 3500 1552 est,
3539 1490 3659 1560 quia
3690 1491 3790 1545 sine

2234 1581 2498 1649 sanguine
2522 1578 2774 1635 sacriﬁcii
2802 1595 2909 1635 non
2942 1588 3053 1635 stat
3086 1578 3178 1648 jus
3217 1579 3432 1635 Veteris
3462 1578 3787 1635 Testamenti.

2235 1672 2291 1728 Si
2321 1673 2518 1729 dixerit
2549 1688 2834 1729 numerum
2878 1674 3048 1728 sancti
3079 1672 3315 1727 Danielis
3342 1673 3395 1727 in
3432 1683 3668 1742 tempore
3709 1687 3789 1725 su-

2235 1767 2480 1835 pradicto
2508 1783 2616 1822 nou
2647 1767 2816 1821 fuisse
2844 1766 3193 1835 completum,
3232 1765 3336 1820 hoc
3378 1778 3592 1834 quoque
3620 1764 3791 1819 falsum

2234 1873 2356 1914 esse
2377 1860 2617 1915 rationes
2638 1859 3021 1914 ehronicarum
3053 1855 3211 1912 facile
3235 1857 3489 1926 probant.
3539 1856 3595 1911 Si
3618 1854 3792 1910 dixerit

2236 1950 2384 2004 illum
2409 1964 2515 2005 non
2546 1964 2669 2005 esse
2690 1948 2988 2008 Christum,
3015 1947 3101 2002 cui
3130 1947 3381 2017 superius
3425 1945 3590 2001 relata
3615 1946 3789 2001 descri-

2234 2043 2346 2112 ptio
2388 2042 2661 2105 convenit,
2695 2055 2816 2095 cum
2863 2040 3175 2094 testimonio
3226 2039 3649 2108 prophetarum,
3693 2046 3787 2090 tum

2234 2132 2394 2187 etiam
2424 2145 2491 2186 co
2526 2129 2694 2185 falsus
2735 2143 2856 2186 esse
2875 2129 3157 2200 probatur,
3189 2128 3333 2198 quod
3364 2127 3546 2182 nullus
3566 2135 3650 2182 est
3670 2125 3789 2179 alius

2235 2224 2322 2276 cui
2354 2221 2645 2277 convenire
2666 2221 2859 2291 possit.
2888 2219 2946 2276 Si
2986 2221 3144 2275 novis
3165 2228 3222 2275 et
3241 2217 3519 2286 judicibus
3543 2216 3791 2286 prophetis

2235 2312 2536 2383 obganuire
2567 2311 2881 2376 teutaverit,
2917 2310 3167 2366 refellunt
3209 2324 3332 2365 eum
3372 2317 3588 2364 veteres
3617 2315 3670 2362 et
3702 2306 3792 2361 cir-

2235 2402 2616 2472 cumfolgentia
2652 2403 2930 2473 signorum
2956 2402 3238 2456 miracula.
3261 2400 3321 2457 Si
3349 2408 3533 2456 autem
3559 2398 3788 2453 miracula

2237 2494 2567 2559 Nalit'itatis,
2590 2504 2645 2548 et
2679 2502 2873 2549 cetera
2898 2492 3041 2549 facta
3083 2494 3250 2548 fuisse
3275 2507 3383 2547 non
3413 2493 3603 2556 credit,
3640 2490 3789 2560 arguit

2236 2599 2358 2637 eum
2392 2582 2760 2638 innocentium
2788 2582 2983 2646 caules,
3013 2593 3069 2638 et
3091 2582 3335 2636 historiae
3381 2580 3581 2636 multae.
3611 2578 3789 2648 Magni-

2239 2671 2339 2727 ﬁca
2382 2687 2513 2727 vero
2539 2672 2740 2729 Christi
2770 2687 2935 2741 opera
2984 2671 3317 2728 obumbrare
3342 2686 3453 2726 non
3499 2669 3655 2733 valet,
3681 2668 3791 2738 quia

2238 2769 2558 2827 litterarum,
2586 2764 2937 2820 aedificiorum
2963 2774 3020 2819 et
3043 2764 3163 2818 aliis
3208 2763 3380 2832 signis
3415 2756 3683 2832 impressa
3711 2757 3788 2811 vel

2237 2870 2490 2927 expressa
2521 2864 2666 2918 sunt,
2698 2846 2759 2909 ut
2787 2854 2908 2909 sine
2957 2854 3113 2907 ruina
3147 2852 3334 2907 mundi
3383 2853 3655 2922 disparere
3700 2864 3791 2903 non

2239 2948 2469 3018 possint.
2498 2946 2675 3002 Tanta
2718 2946 2885 3018 igitur
2930 2945 3145 3000 ratione
3192 2946 3500 3009 convictus,
3551 2943 3791 3008 tantisque

2165 3071 2211 3132 C
2241 3050 2550 3095 sanctorum
2586 3038 2912 3094 testimoniis
2941 3036 3264 3092 confutatus
3308 3035 3550 3099 Iudaeus,
3578 3035 3618 3088 si
3657 3032 3789 3101 legali

2245 3140 2299 3185 et
2333 3130 2660 3200 prophetica:
2701 3128 3015 3185 auctoritati
3046 3142 3151 3183 non
3201 3127 3523 3196 acquiescit,
3552 3134 3693 3179 extra
3719 3137 3790 3192 sy-

2244 3233 2506 3291 nagogam
2557 3217 2856 3287 ejiciendus
2910 3227 3013 3273 est.
3073 3216 3349 3272 Hactenus
3397 3217 3644 3286 expedito
3687 3211 3791 3280 quia

2244 3312 2393 3365 venit
2420 3310 2690 3373 Christus,
2720 3317 2775 3364 et
2802 3310 3039 3377 quando,
3072 3317 3127 3361 ct
3171 3308 3294 3377 quis
3320 3308 3426 3372 sit,
3456 3305 3664 3362 abhinc
3686 3301 3793 3373 quis

2245 3418 2407 3458 verus
2436 3402 2577 3457 Dens
2594 3409 2677 3456 est
2703 3401 3070 3471 ingrediamur
3089 3400 3399 3456 ostendere.

2317 3490 2430 3547 Hoc
2455 3506 2583 3562 ergo
2607 3492 2839 3561 primum
2864 3490 3137 3560 ponimus,
3171 3488 3453 3544 Christqu
3496 3502 3649 3558 super
3689 3499 3789 3539 omo

2247 3600 2344 3638 nes
2370 3583 2617 3638 homines
2640 3582 2774 3637 alios
2813 3583 3113 3637 excellere:
3151 3598 3246 3637 sua
3295 3583 3542 3651 qumdam
3589 3578 3793 3650 gloriosa

2246 3678 2464 3748 propria
2494 3674 2864 3738 manifestam,
2888 3691 2917 3728 a
2946 3676 3224 3745 prophetis
3245 3674 3515 3740 exposita,
3547 3671 3683 3726 velut
3707 3669 3794 3722 hoc

2247 3768 2372 3838 quia
2402 3776 2486 3822 est
2510 3767 2671 3821 homo
2698 3766 2765 3820 de
2792 3766 2999 3835 virgine
3026 3774 3205 3831 natus,
3235 3763 3370 3819 Isaia
3388 3774 3526 3820 teste
3549 3783 3562 3817 :
3588 3762 3646 3815 Et
3667 3759 3794 3814 Chri-

2246 3868 2360 3911 stus
2383 3868 2457 3911 est
2481 3858 2636 3911 homo
2664 3857 2776 3910 sine
2801 3856 3069 3925 adjutorio
3093 3857 3229 3909 inter
3256 3864 3494 3909 mortuos
3522 3853 3662 3916 liber,
3681 3856 3794 3903 teste

2250 3948 2442 4004 David.
2472 3946 2581 4002 Nec
2610 3947 2756 4000 enim
2780 3945 2944 3999 alium
2975 3945 3247 3999 hominem
3278 3945 3436 4015 virgo
3466 3950 3630 3999 mater
3654 3951 3791 4009 pepe-

2249 4039 2340 4100 rit,
2365 4052 2465 4092 nec
2487 4036 2626 4091 alius
2656 4034 2856 4089 virtute
2878 4050 2974 4089 sua
3008 4034 3147 4089 liber
3168 4050 3195 4088 a
3237 4034 3471 4089 mortuis
3506 4026 3790 4087 resurrexit.

2249 4129 2451 4185 Deinde
2475 4142 2607 4183 vero
2629 4135 2756 4181 sunt
2777 4125 2878 4179 alia
2899 4125 3098 4181 Christi
3124 4126 3366 4194 propria,
3388 4124 3584 4193 quibus
3608 4129 3793 4175 omnem

2248 4220 2613 4290 supereminet
2646 4227 2972 4277 creaturam.
3006 4219 3146 4271 sicut
3170 4216 3297 4271 illud
3326 4216 3395 4271 ab
3415 4214 3550 4271 Isaia
3577 4225 3687 4268 cum
3713 4205 3791 4260 ad-

2249 4313 2539 4368 miratione
2588 4311 2857 4381 prolatum
2890 4328 2906 4362 :
2938 4309 3178 4372 Domine,
3222 4308 3340 4379 quis
3365 4306 3581 4363 credidit
3617 4294 3793 4357 aeditui

566 4419 845 4461 sermones
867 4404 1004 4471 ejus,
1027 4406 1094 4457 de
1124 4403 1318 4472 quibus
1347 4402 1459 4471 ipse
1480 4402 1793 4458 confutabat
1815 4400 1942 4456 olim
1968 4402 2145 4457 incre-
2178 4432 2224 4490 ο
2251 4415 2426 4460 nostra
2457 4414 2505 4459 et
2537 4404 2805 4457 brachium
2852 4402 3064 4455 Domini
3108 4402 3191 4455 cui
3217 4401 3496 4455 rerelatum
3536 4407 3606 4451 est
3628 4397 3650 4449 ?
3675 4390 3791 4461 (lsa.

566 4498 847 4552 dulitatetn
885 4495 1192 4550 Judzeorum
1218 4495 1405 4550 dicens
1440 4513 1454 4546 :
1487 4494 1549 4549 Si
1573 4510 1730 4561 opera
1771 4510 1875 4547 non
1898 4493 2142 4562 fecissem

565 4591 620 4644 in
650 4590 745 4655 eis,
768 4605 886 4659 qua:
924 4605 1074 4643 nemo
1107 4588 1246 4642 alius
1269 4588 1414 4656 fecit,
1441 4599 1707 4656 peccatum
1748 4605 1853 4642 non
1901 4588 2149 4641 haberent

570 4679 752 4748 (Joan.
779 4666 872 4747 xv,
896 4680 1012 4751 22).
1044 4679 1113 4736 Et
1135 4681 1201 4735 de
1221 4680 1419 4751 quibus
1439 4679 1824 4735 corroborabat
1849 4680 1989 4733 inter
2016 4678 2152 4732 alios

569 4773 733 4829 fidem
756 4774 1143 4844 discipulorum
1192 4773 1419 4829 Joannis
1449 4772 1704 4841 Baptista:
1748 4773 1935 4826 dicens
1972 4790 1985 4825 :
2024 4770 2151 4826 Haec

569 4867 727 4921 dicite
754 4865 952 4921 Ioanni
1006 4882 1123 4937 qua:
1160 4865 1384 4918 audistis
1435 4875 1482 4917 et
1512 4864 1752 4919 vidistis:
1784 4861 1922 4917 Ca’ci
1960 4863 2150 4926 vident,

571 4961 748 5015 claudi
804 4959 1099 5023 ambulant,
1127 4957 1316 5027 leprosi
1354 4957 1701 5020 mandantur,
1738 4955 1886 5009 surdi
1908 4956 2152 5018 audiunt,

571 5052 767 5105 mortui
800 5059 1099 5119 resurgunt,
1125 5063 1376 5117 pauperes
1402 5047 1847 5115 euangelizantur.
1877 5041 1945 5097 Et
1977 5046 2155 5099 beatus

571 5151 646 5195 est
672 5141 759 5209 qui
784 5158 887 5195 non
927 5141 1083 5208 fuerit
1110 5137 1509 5193 scandalizatus
1537 5137 1591 5190 in
1617 5153 1698 5190 me
1719 5135 1935 5207 (Matth.
1970 5152 2051 5201 ιι,
2075 5138 2151 5205 5).

570 5227 698 5286 Ητεο
744 5230 890 5285 enim
932 5240 988 5284 et
1029 5229 1132 5283 alia
1176 5228 1342 5295 multa
1396 5228 1664 5282 facturum
1708 5242 1829 5283 esse
1883 5228 2157 5283 Christum

571 5322 848 5394 propheta:
877 5320 1257 5391 praedixerant.
1290 5320 1419 5388 Quae
1456 5321 1638 5375 omnia
1686 5319 1941 5390 quoniam
1979 5335 2007 5373 a
2050 5319 2157 5374 Do—

572 5414 721 5467 mino
770 5424 956 5468 nostro
1011 5411 1138 5467 Jesu
1178 5412 1395 5469 Christo
1444 5412 1561 5467 ﬁeri
1609 5411 1954 5475 videbantur,
1984 5412 2159 5481 ipsum

572 5521 699 5561 vere
727 5506 1002 5561 Christum
1034 5520 1152 5562 esse
1197 5507 1519 5577 probabant.
1553 5504 1759 5561 Caetera
1800 5520 1929 5559 vero
1958 5502 2157 5559 Christi

574 5598 836 5653 adventus
870 5610 1184 5671 argumenta
1218 5601 1359 5655 sicut
1392 5608 1494 5662 est,
1531 5599 1673 5669 quod
1714 5598 1766 5652 in
1797 5611 2012 5651 omnem
2057 5609 2164 5649 ter-

575 5705 687 5743 razu
719 5689 885 5745 exivit
932 5706 1096 5747 sonus
1150 5689 1515 5761 apostolorum
1570 5685 1745 5759 (Psal.
1800 5702 1953 5754 xvtn,
1988 5686 2064 5757 5),
2109 5694 2165 5740 et

2254 4513 2372 4559 Lm,
2408 4496 2481 4566 l.)
2521 4495 2585 4549 Et
2613 4495 2742 4548 illud
2773 4485 3082 4547 Davitlicntn
3117 4511 3128 4546 :
3164 4493 3420 4546 Dominus
3457 4491 3583 4545 dixit
3607 4486 3667 4540 ad
3693 4493 3791 4535 me.“

2254 4586 2432 4641 Filius
2461 4603 2602 4640 meus
2637 4603 2689 4639 rs
2737 4595 2812 4645 tu,
2867 4601 2959 4653 ego
3001 4584 3154 4636 hodie
3182 4585 3336 4652 genui
3365 4593 3415 4636 te
3459 4577 3623 4652 (Psal.
3652 4591 3702 4635 tt,
3729 4570 3789 4634 τ).

2253 4679 2439 4749 Neque
2480 4678 2623 4732 enim
2658 4676 2904 4746 angelus,
2944 4691 3120 4743 neque
3161 4674 3265 4727 alia
3295 4682 3544 4728 creatura
3582 4666 3665 4720 Dei
3693 4662 3793 4714 bra.

2255 4772 2438 4826 chium
2469 4778 2572 4832 est,
2613 4779 2705 4821 ant
2728 4768 2780 4821 in
2815 4776 3019 4820 a-terno
3041 4767 3126 4821 die
3157 4764 3422 4819 naturalis
3447 4762 3536 4819 Dei
3564 4758 3690 4812 lilius
3707 4758 3790 4805 esto

2258 4861 2334 4915 De
2365 4876 2469 4929 qua
2506 4860 2766 4914 liliatione
2796 4857 2878 4913 vel
2903 4857 3250 4925 generatione
3292 4854 3471 4908 divina
3494 4850 3620 4906 satis
3646 4844 3795 4898 essm

2256 4953 2471 5021 copiosa
2511 4950 2881 5020 theologorum
2909 4948 3243 5010 auctoritas;
3281 4946 3423 5001 unde
3457 4960 3547 4999 rex
3579 4937 3702 4993 mire
3725 4945 3794 4984 53*

2257 5043 2411 5112 piens
2432 5041 2841 5097 subtilissimam
2868 5038 3227 5110 quaestionem
3257 5034 3584 5106 proponebat
3606 5026 3788 5114 dicens:

2262 5131 2392 5198 Quis
2417 5131 2647 5185 ascendit
2680 5131 2735 5183 in
2774 5132 2958 5185 coelum
2994 5139 3149 5199 atque
3184 5124 3487 5180 descendit?
3522 5118 3629 5190 quis
3657 5115 3795 5166 conll‘

2261 5224 2371 5276 nuit
2396 5222 2638 5292 spiritum
2665 5222 2721 5276 in
2743 5220 2983 5274 manibus
3010 5218 3159 5273 suis?
3204 5220 3320 5283 quis
3365 5209 3614 5283 colligavit
3656 5207 3791 5298 alim

2260 5316 2411 5387 quasi
2448 5315 2501 5368 in
2532 5313 2871 5369 vestimento?
2912 5313 3029 5383 quis
3067 5309 3337 5364 suscitavit
3376 5319 3546 5360 omnes
3582 5297 3793 5387 ternario:

2262 5369 2412 5459 ierrte
2429 5403 2609 5474 ἔστιοά
2642 5419 2827 5457 nautea
2848 5369 2947 5471 [itii
2973 5402 3108 5471 ejus,
3126 5402 3169 5454 si
3196 5399 3332 5453 nosti
3348 5398 3373 5450 .’
3397 5393 3571 5466 (Prov.
3596 5397 3709 5443 xxx.
3727 5369 3791 5439 4ο)

2267 5496 2344 5550 Ex
2388 5497 2473 5551 his
2515 5510 2646 5565 ergo
2684 5493 2920 5564 propriis
2966 5491 3293 5563 supradictis
3332 5503 3453 5559 quae
3481 5478 3787 5565 Christum}

2266 5599 2517 5644 creatura
2540 5595 2816 5657 separant,
2849 5585 2919 5639 sit
2958 5598 3057 5653 pro
3087 5584 3295 5638 ratione
3331 5565 3697 5636 demonstratio
3719 5556 3787 5610 dt-

2270 5682 2507 5737 vinitatis
2536 5682 2651 5751 ejus
2691 5680 2792 5735 hoc
2832 5678 3011 5734 modo.
3044 5673 3313 5744 Quidquid
3363 5678 3445 5726 est
3476 5671 3562 5722 aut
3585 5658 3788 5715 Crcator,
