4018 6382
282 318 397 379 δίς

1391 317 1807 375 ΤΒΑΟΤΛΤΗΞ
1829 318 2105 375 CONTRA
2148 318 2458 375 IUDEOS.

3425 325 3531 380 5H

281 444 375 488 aut
396 441 646 486 creatura
675 448 690 485 :
722 430 945 500 proinde
967 431 1113 499 quod
1139 438 1244 491 est,
1267 431 1310 484 si
1343 439 1591 484 creatura
1617 448 1717 485 nou
1750 441 1853 495 est,
1883 439 1932 495 Α
1963 435 2074 486 fere
2109 433 2176 488 de
2202 433 2287 487 his
2320 434 2463 502 quod
2498 432 2817 489 Trinitatem
2850 450 3201 504 personarum
3239 437 3293 494 in
3324 441 3533 496 unitato

271 524 499 578 Creator
527 531 630 575 est.
668 519 803 575 Cum
854 533 981 590 ergo
1024 519 1274 575 Christus
1306 521 1376 575 sit
1424 520 1515 575 Dei
1550 522 1851 589 brachium,

268 617 414 687 quod
436 624 689 671 creatura
714 629 819 669 non
851 622 953 679 est,
978 614 1098 668 sine
1130 614 1294 669 dubio
1323 613 1553 669 Creator
1583 623 1682 670 est.
1719 614 1851 670 Item

267 709 414 762 lilius
439 706 724 770 naturalis,
752 715 806 761 et
833 706 880 759 si
907 721 1137 760 numero
1160 703 1338 760 dill‘ert
1359 706 1564 760 aPatre
1596 721 1696 761 suo
1716 721 1852 775 quo-

266 799 417 852 niam
455 797 594 852 alter
626 807 733 862 est,
768 797 1003 851 naturali
1036 805 1213 852 tamen
1243 795 1560 853 definitione
1581 795 1727 852 Patri
1753 813 1851 852 suo

265 904 436 942 unum
470 888 722 957 idemque
744 896 846 942 est.
889 889 957 941 At
980 887 1229 942 Christus
1258 887 1353 943 Dei
1379 886 1547 942 Filius
1587 887 1850 942 naturalis

262 990 372 1043 cs‘,
404 979 657 1035 Christus
679 980 847 1050 igitur
868 980 1007 1034 idem
1040 981 1182 1050 quod
1207 980 1387 1045 Pater,
1414 980 1560 1035 idest
1589 980 1728 1034 Deus
1744 992 1845 1036 est.

261 1069 462 1139 Liquet
491 1070 657 1140 igitur
686 1072 962 1125 Christum
994 1072 1120 1141 quia
1172 1071 1265 1125 Dei
1308 1072 1590 1127 brachium
1632 1080 1714 1127 est
1744 1072 1848 1127 Do-

258 1159 471 1214 minum
501 1174 644 1224 esse,
667 1168 722 1214 et
744 1161 870 1229 quia
907 1162 996 1215 Dei
1024 1161 1190 1216 Filius
1213 1170 1297 1217 est
1321 1176 1446 1216 esse
1479 1163 1665 1216 Deum.
1700 1161 1845 1217 Prae-

262 1258 350 1303 ter
370 1250 485 1303 htec
514 1251 748 1320 denique
792 1261 920 1305 sunt
969 1252 1223 1306 vaticinia
1255 1254 1500 1322 quaedam
1542 1253 1608 1308 de
1644 1252 1847 1309 Christi

258 1342 551 1397 divinitate
577 1344 657 1399 sic
686 1353 896 1413 aperta,
949 1354 1007 1398 ut
1047 1345 1099 1398 in
1130 1359 1317 1399 eorum
1347 1354 1579 1400 tractatu
1624 1362 1731 1401 non
1776 1348 1849 1401 sit

254 1448 401 1500 opus
445 1434 522 1486 uti
572 1434 1004 1488 ratiocinatione.
1058 1435 1323 1503 Quoniam
1369 1437 1652 1492 evidenter
1695 1435 1844 1491 illum

257 1524 385 1593 ipso
412 1524 633 1580 nomine
657 1525 939 1579 Domimuu
962 1526 1196 1581 clamant
1224 1543 1345 1582 cum
1364 1527 1611 1584 laudibus
1633 1529 1743 1584 Deo
1766 1529 1847 1583 di-

258 1616 406 1685 gnis,
450 1617 700 1685 quamvis
739 1633 843 1671 non
885 1618 1002 1673 sine
1040 1621 1557 1675 commemoratione
1599 1620 1845 1675 humani-

260 1710 395 1757 tatis
421 1705 560 1775 ejus,
605 1721 712 1775 qua
764 1705 826 1759 lit
862 1716 921 1760 ut
966 1707 1110 1763 Deus
1157 1723 1342 1773 verus,
1380 1718 1433 1763 et
1475 1709 1637 1764 homo
1685 1709 1843 1765 simul

1954 524 2252 580 divinitatis
2295 539 2400 579 non
2433 533 2754 595 agnoscunt,
2786 536 2839 581 et
2873 528 3016 597 quod
3057 526 3329 583 Christum
3363 530 3530 585 Deum

1952 631 2076 672 esse
2104 624 2321 685 negant,
2364 614 2450 669 Vel
2484 616 2626 685 quod
2652 616 2890 672 nondum
2923 617 3132 673 venisse
3177 618 3383 675 dicunt.
3430 621 3535 689 Qui

1953 716 2134 762 tamen
2180 709 2246 762 de
2287 708 2388 761 hoc
2434 706 2628 761 ultimo
2665 708 2781 763 sive
2811 709 2972 763 tertio
3011 724 3107 763 eos
3143 710 3536 767 rationabiliter

1952 799 2317 867 convinceret,
2356 809 2487 871 puto
2531 799 2673 870 quod
2712 815 2815 855 non
2863 801 3061 856 habeat
3087 815 3274 871 postea
3307 805 3531 860 nndtum

1950 888 2200 945 laborare
2225 890 2289 945 de
2310 891 2540 946 caneris.
2578 890 2808 946 Probato
2839 893 2981 947 enim
3041 893 3166 964 quia
3200 894 3345 948 venit
3376 895 3533 950 Chri-
3574 912 3579 915 ·

1950 991 2086 1048 stus,
2111 983 2224 1053 ipse
2253 984 2449 1052 poterit
2477 968 2730 1054 deinceps
2771 984 3023 1039 intimare
3042 988 3302 1056 qumrcnti
3327 985 3529 1052 Iudmo,

1950 1074 2079 1144 quid
2112 1076 2319 1130 sentire
2343 1075 2409 1130 de
2439 1075 2651 1131 caeteris
2685 1076 2771 1131 vel
2802 1078 2929 1148 quid
2964 1076 3141 1134 facere
3161 1080 3383 1150 debeat.
3413 1079 3532 1135 Iam

1948 1186 2078 1240 ergo
2104 1171 2441 1242 incipiamus.

2020 1264 2294 1319 Christum
2324 1265 2536 1319 venisse
2563 1264 2755 1333 probat
2784 1265 3001 1336 impleta
3028 1267 3329 1337 prephetia,
3366 1282 3532 1337 quam

1949 1355 2240 1426 scripserat
2291 1354 2503 1427 Moyses
2547 1356 2598 1410 in
2650 1356 2765 1411 haec
2809 1358 2975 1411 verba
3022 1374 3035 1411 :
3088 1355 3212 1411 Non
3263 1358 3535 1428 auferetur

1947 1458 2207 1516 sceptrum
2253 1447 2318 1500 de
2363 1447 2506 1501 Judu
2550 1457 2597 1500 et
2626 1448 2736 1501 (tua:
2775 1448 2839 1501 de
2872 1447 3067 1517 femore
3094 1448 3237 1519 ejus,
3268 1449 3429 1502 donec
3453 1465 3533 1502 ve-

1949 1540 2057 1593 niat
2085 1539 2175 1609 qui
2220 1538 2501 1592 mittendus
2542 1549 2637 1603 est,
2691 1553 2737 1592 et
2784 1540 2894 1608 ipse
2936 1541 3031 1592 erit
3071 1540 3384 1608 exspectatio
3414 1556 3532 1609 gen-

1947 1630 2101 1681 tium.
2174 1626 2290 1683 Non
2357 1638 2441 1684 est
2521 1630 2664 1683 etim
2732 1630 2966 1684 ablatmn
3035 1632 3270 1701 regimen
3360 1632 3531 1685 tribus

1952 1719 2089 1773 Iuda
2134 1719 2201 1774 de
2244 1735 2403 1773 manu
2454 1720 2536 1774 sui
2575 1721 2792 1791 generis
2813 1731 2867 1775 et
2912 1722 3293 1792 transpositam
3328 1722 3379 1775 in
3411 1739 3529 1775 Ina-

258 1806 386 1847 esse
413 1793 687 1848 credatur.
718 1793 792 1849 De
812 1796 1009 1865 quibus
1034 1796 1161 1852 illud
1185 1798 1524 1853 Davidicum:
1551 1798 1712 1855 Sedes
1733 1810 1844 1866 tua,
1879 1783 1923 1841 Β
1951 1825 2053 1865 nus
2118 1826 2304 1883 regum
2375 1783 2801 1883 alienigenarum
2866 1828 3036 1881 usque
3065 1783 3078 1792 ’
3108 1812 3174 1867 ad
3243 1813 3530 1867 adventum

262 1883 432 1948 Deus,
472 1885 527 1937 in
556 1884 813 1939 secutum
842 1888 1047 1951 swculi,
1078 1897 1134 1943 et
1159 1902 1354 1944 caetera
1394 1890 1564 1961 (Psal.
1588 1906 1731 1954 XLIV,
1766 1890 1841 1957 7).

264 1976 333 2030 Et
356 1975 490 2030 illud
515 1975 706 2030 Isaiae:
741 1978 1005 2033 Parvulas
1034 1990 1188 2035 natus
1215 1991 1289 2035 est
1322 1981 1489 2048 nobis,
1521 1982 1660 2037 titius
1689 1983 1844 2037 dotus

259 2078 334 2121 est
366 2065 538 2132 nobis,
565 2078 612 2121 et
648 2069 919 2122 vocabitur
943 2086 1129 2125 nomen
1163 2072 1273 2141 ejus
1302 2072 1643 2127 Admirabilis
1662 2114 1677 2136 ,
1707 2071 1845 2128 Con-

258 2156 518 2222 siliarius,
550 2156 691 2211 Deus
739 2158 912 2227 fortis,
942 2157 1109 2214 Pater
1138 2148 1305 2231 futuri
1344 2162 1545 2229 steculi,
1593 2163 1845 2234 Princeps

254 2250 437 2319 pacis:
471 2250 909 2319 multiplicabitur
931 2253 1047 2322 ejus
1073 2255 1349 2323 imperium
1371 2267 1418 2309 et
1439 2257 1587 2326 pacis
1610 2274 1713 2312 non
1746 2259 1846 2313 erit

255 2344 383 2412 finis
411 2343 550 2413 (lsa.
578 2361 656 2412 ix,
679 2345 755 2415 6).
789 2346 889 2403 Ubi
922 2347 977 2402 in
1000 2347 1085 2403 his
1126 2348 1305 2405 verbis
1328 2349 1479 2405 Isaize
1501 2352 1734 2407 cavenda
1762 2362 1845 2408 est

254 2436 393 2490 falsa
415 2435 726 2492 Iudaeorum
766 2438 1167 2509 interpretatio,
1199 2458 1303 2513 qua
1337 2444 1653 2499 vaticinium
1698 2445 1842 2502 istud

255 2531 325 2585 ad
362 2531 611 2588 Ezechiae
637 2548 833 2589 nomen
855 2534 1134 2591 inﬂectere
1172 2536 1443 2605 laborant,
1480 2542 1698 2611 quando
1720 2557 1841 2596 cum

255 2623 589 2679 Christianis
652 2623 988 2696 simplicibus
1037 2626 1373 2683 altercantur
1415 2647 1430 2683 :
1494 2628 1632 2685 falsa
1672 2640 1840 2698 certe,

255 2714 388 2784 quia
418 2729 523 2769 non
550 2715 781 2770 habetur
808 2710 1153 2787 scriptum'in
1172 2719 1457 2784 Ilcbraico,
1490 2730 1543 2775 et
1564 2724 1845 2776 vocabitur

255 2819 459 2858 nomen
488 2804 606 2872 ejus
635 2804 921 2873 Ezechias,
944 2807 1087 2877 quod
1124 2808 1517 2879 interpretatur
1553 2812 1706 2881 fortis
1734 2811 1842 2866 Do-

258 2893 417 2959 mim‘,
439 2895 533 2949 sed
555 2895 838 2951 vocabitur
859 2913 1055 2953 nomen
1080 2898 1196 2967 ejus
1229 2899 1464 2971 Elgiber,
1489 2901 1630 2970 quod
1673 2902 1841 2956 iutcr-

252 2990 510 3049 pretatur
533 2982 677 3038 Deus
706 2984 893 3054 fortis,
933 2987 1076 3056 quod
1113 3003 1334 3056 nomen,
1372 2990 1423 3044 id
1465 3001 1549 3045 est
1595 2989 1702 3055 El,
1742 2991 1840 3046 soli

250 3071 375 3127 Deo
398 3076 670 3141 convenit,
700 3086 755 3131 et
787 3094 894 3132 non
931 3078 1197 3142 Ezechize,
1238 3081 1326 3134 cui
1361 3096 1461 3136 nec
1500 3093 1693 3136 caetera
1723 3098 1843 3152 quae

252 3177 565 3239 sequuntur
600 3170 894 3227 convenire
922 3183 1169 3243 possunt.
1211 3174 1478 3229 Cancrum
1521 3177 1573 3230 in
1611 3177 1843 3231 vaticino

251 3260 454 3327 David,
482 3263 643 3317 simul
670 3279 792 3318 cum
810 3264 1094 3320 divinitate
1121 3265 1342 3333 Christi,
1367 3248 1655 3338 diligenter
1673 3278 1845 3321 atten-

252 3354 436 3409 denda
462 3366 546 3410 est
569 3356 851 3412 distinctio
875 3358 1075 3423 Patris,
1115 3358 1237 3413 Filii
1266 3369 1322 3414 et
1349 3358 1615 3431 Spriritus
1646 3359 1840 3415 sancti.

251 3445 394 3502 Cum
425 3440 568 3502 enim
594 3450 819 3504 dicitur:
848 3449 1010 3505 Sedes
1043 3462 1159 3515 tua,
1188 3452 1349 3516 Deus,
1382 3451 1435 3505 in
1459 3452 1712 3505 siccatum
1744 3468 1843 3506 sa:-

252 3538 395 3592 culi:
410 3540 548 3610 virga
569 3541 869 3597 directionis
890 3545 1030 3613 virga
1047 3546 1190 3614 regni
1204 3546 1303 3597 tui.
1327 3544 1569 3598 Dilexisti
1577 3545 1841 3614 justitiam

251 3641 304 3683 et
322 3631 474 3684 odisti
490 3633 813 3704 iniquitatem
831 3633 1003 3704 (l’sal.
1022 3654 1139 3690 χιιι
1154 3678 1167 3703 ,
1181 3638 1232 3700 7,
1249 3637 1324 3708 8),
1339 3639 1404 3693 ad
1417 3637 1612 3692 Filium
1628 3639 1841 3694 Domini

253 3719 519 3790 loquitur.
548 3723 683 3777 Cum
717 3724 851 3779 dicit
886 3743 898 3777 :
938 3723 1219 3796 Propterea
1249 3730 1399 3781 unxit
1432 3740 1481 3782 te
1508 3728 1670 3794 Deus,
1704 3729 1841 3786 Deus

250 3822 378 3864 tuus
407 3810 594 3883 (lbid.,
631 3816 711 3883 8),
754 3816 821 3870 de
852 3812 973 3872 'Deo
1027 3819 1191 3874 Patre
1228 3820 1488 3890 loquitur.
1532 3822 1667 3877 Cum
1709 3839 1840 3881 vero

249 3902 557 3974 subjungit,
615 3905 729 3959 oleo
785 3907 983 3963 lwtitia:
1019 3908 1233 3981 (lbid.),
1281 3910 1541 3980 Spiritum
1592 3923 1840 3969 sanctum

247 3998 916 4082 signiﬁcat,n2bilomiuus
936 4003 1131 4071 Deum,
1158 4016 1217 4059 ut
1245 4006 1363 4061 loco
1385 4023 1483 4062 suo
1503 4008 1841 4063 demonstra-

248 4089 420 4144 bitur.

326 4181 410 4236 Ill.
454 4182 644 4255 Magna
667 4186 935 4243 dissensio
964 4197 1047 4245 est
1077 4191 1220 4246 inter
1245 4191 1385 4249 filios
1408 4194 1684 4250 hominum
1713 4212 1835 4251 cum

249 4272 322 4327 de
350 4273 534 4330 multis
559 4276 700 4341 aliis,
726 4287 840 4333 tum
871 4281 1035 4336 etiam
1060 4284 1125 4338 de
1146 4284 1485 4341 confessione
1511 4287 1652 4342 fidei.
1684 4285 1836 4354 Quod

248 4364 443 4420 videns
464 4367 752 4437 Apostolus
773 4372 1018 4427 dicebat:
1062 4373 1174 4429 Nos
1195 4377 1545 4445 prwdicamus
1569 4377 1834 4432 Christum

1948 1903 2162 1958 Domini
2214 1904 2381 1959 nostri
2432 1902 2557 1958 Iesu
2613 1902 2846 1969 Christi,
2901 1919 3060 1973 quem
3123 1920 3221 1959 nos
3280 1904 3530 1959 catholici

1946 1995 2239 2050 Christiani
2284 1996 2648 2067 suscepimus;
2699 2004 2784 2050 est
2838 2005 3016 2049 autem
3059 2011 3124 2051 ex
3172 2005 3307 2051 tunc
3343 2012 3530 2051 revera

1946 2087 2185 2142 ablatum
2210 2097 2483 2158 sceptrum
2509 2087 2574 2142 de
2596 2085 2753 2151 Iuda,
2779 2095 2831 2141 et
2852 2090 3236 2157 transpositum
3262 2090 3313 2141 in
3339 2104 3533 2142 manus

1945 2189 2236 2235 extraneas
2260 2178 2499 2247 ejusdem
2546 2179 2758 2234 Domini
2803 2181 2972 2234 nostri
3019 2180 3145 2235 Iesu
3191 2180 3416 2235 Christi.
3452 2181 3529 2235 Ex

1949 2280 2073 2326 tunc
2097 2271 2259 2340 igitur
2288 2269 2614 2324 auctoritate
2632 2269 2947 2338 prophetica
2972 2278 3119 2339 patet
3144 2270 3352 2325 venisse
3381 2270 3529 2323 illum

1944 2363 2035 2432 qui
2068 2362 2365 2417 mittendus
2406 2369 2547 2424 erat,
2577 2360 2629 2415 id
2658 2370 2744 2415 est
2773 2360 3071 2415 Christum.
3105 2361 3244 2416 Ecce
3281 2361 3529 2431 propOsi-

1948 2455 2147 2509 tionem
2173 2464 2412 2509 nostram
2438 2453 2718 2507 succincte
2747 2452 3141 2510 conclusimus:
3175 2467 3318 2506 nunc
3348 2452 3411 2504 ad
3436 2467 3531 2520 ap-

1944 2545 2318 2616 probationem
2368 2544 2538 2613 ipsius
2581 2543 2897 2598 hisloricam
2948 2545 3233 2598 veritatem
3290 2543 3533 2597 breviter

1944 2636 2294 2705 attingamus.
2326 2633 2771 2688 Demonstrantes
2791 2633 2978 2708 quales
3017 2631 3322 2688 Iudaeorum
3363 2648 3532 2702 pupu-

1944 2726 2027 2781 lus
2054 2727 2122 2778 de
2153 2739 2352 2796 genere
2387 2738 2486 2780 suo
2520 2735 2759 2779 rectores
2784 2708 3056 2790 habuerit,
3089 2724 3305 2793 quando
3331 2724 3531 2776 amise-

1945 2817 2035 2881 rit,
2079 2825 2133 2871 et
2173 2815 2442 2885 quomodo
2478 2815 2578 2869 sibi
2621 2814 2823 2869 ablatio
2870 2814 3150 2883 regimiuis
3181 2823 3237 2867 ct
3267 2813 3530 2867 adventus

1944 2906 2153 2961 Messian
2179 2906 2559 2961 concurrerint
2601 2905 2653 2958 in
2687 2904 2879 2958 diebus
2919 2904 3165 2959 llerodis.
3201 2898 3371 2973 Igitur
3409 2911 3531 2973 post

1945 3000 2188 3071 Moysen,
2238 2999 2331 3070 qui
2375 2999 2714 3070 pr0phetiam
2763 2998 2903 3053 hanc
2949 2996 3196 3067 protulit,
3238 3004 3293 3051 et
3343 2994 3528 3051 Iesum

1946 3106 2319 3148 successorem
2348 3090 2486 3160 ejus,
2523 3101 2760 3144 rectores
2802 3089 2991 3143 habuit
3018 3088 3244 3157 populus
3270 3086 3531 3140 Iudaicus

1945 3184 2012 3236 de
2043 3196 2239 3253 genere
2267 3197 2387 3245 suo,
2419 3181 2510 3250 qui
2545 3180 2760 3250 jndices
2800 3179 3053 3249 appellati
3084 3186 3234 3243 sunt,
3263 3194 3433 3247 usque
3462 3177 3530 3231 ad

1948 3282 2158 3340 tempus
2185 3270 2459 3326 Samuelis
2481 3272 2776 3340 prophette.
2811 3271 3013 3325 Deinde
3036 3270 3126 3339 qui
3163 3285 3318 3340 reges
3341 3268 3527 3339 appel-

1946 3362 2039 3415 lati
2070 3371 2215 3426 sunl,
2245 3363 2496 3417 similiter
2529 3362 2595 3416 de
2620 3376 2817 3429 genere
2855 3377 2976 3427 suo,
3010 3361 3248 3426 Saulem,
3287 3360 3452 3414 David
3474 3369 3529 3415 et

1945 3454 2126 3522 plures
2155 3452 2310 3517 alios,
2342 3468 2513 3523 usque
2538 3454 2606 3507 ad
2648 3451 3183 3521 trausmigralionem
3214 3450 3523 3521 Babylonis.

1944 3544 2000 3598 In
2034 3544 2147 3614 ipsa
2178 3558 2394 3613 quoque
2439 3543 2916 3613 transmigratione
2957 3558 3066 3597 non
3118 3542 3407 3597 defuerunt
3434 3541 3524 3611 .illi

1944 3636 2009 3689 de
2031 3649 2228 3705 genere
2257 3650 2355 3689 suo
2382 3642 2621 3689 rectores
2650 3643 2704 3688 ct
2739 3634 3108 3689 consolatores
3135 3633 3245 3687 Deo
3275 3633 3438 3702 pleni,
3472 3639 3528 3685 et

1943 3727 2076 3797 ipsis
2098 3726 2314 3795 regibus
2338 3725 2770 3790 escellenliores,
2803 3725 2941 3779 sicut
2970 3724 3237 3781 Ieremias
3262 3733 3316 3779 et
3334 3721 3525 3777 Daniel

1943 3817 2239 3887 prophetae.
2266 3814 2396 3869 Post
2423 3815 2652 3868 reditum
2675 3815 2741 3869 de.
2777 3814 3049 3885 Babylone
3097 3814 3315 3868 fuerunt
3349 3813 3421 3866 illi
3451 3812 3525 3865 si-

1942 3906 2141 3961 militer
2179 3906 2246 3959 de
2284 3920 2483 3974 genere
2534 3920 2633 3958 suo
2680 3905 2818 3959 bene
2865 3905 3204 3975 diseiplinata
3261 3902 3522 3973 regimina

1940 3999 2280 4068 pontificum,
2318 4012 2488 4067 usque
2523 3998 2590 4051 ad
2633 3997 2927 4052 Aristobnli
2958 4006 3189 4067 tempus,
3221 3997 3310 4066 qui
3346 3994 3524 4065 ponti-

1943 4089 2024 4142 fex
2054 4088 2262 4143 Iudaici
2297 4087 2474 4157 populi
2504 4088 2758 4142 similiter
2779 4088 2844 4141 de
2873 4104 3073 4158 genere
3100 4103 3198 4141 suo
3227 4095 3280 4140 et
3316 4101 3408 4140 rex
3441 4084 3527 4140 nl-

1941 4181 2102 4235 timus
2158 4180 2276 4234 fuit.
2344 4179 2499 4235 llunc
2555 4189 2734 4234 autem
2790 4180 3161 4235 Aristobulum
3215 4189 3524 4250 expugnata

1938 4272 2313 4342 Hierosolyma
2372 4273 2615 4327 vinctum
2672 4260 2794 4328 cum
2849 4273 3034 4327 liberis
3097 4272 3323 4326 Romam
3376 4274 3526 4328 misit

1937 4362 2225 4431 Pompeius
2257 4362 2629 4417 Romanorum
2654 4364 2784 4430 dux,
2810 4362 3045 4418 Ilircano
3070 4362 3221 4417 fratri
3248 4362 3365 4432 ejus
3386 4379 3522 4434 pon-

248 4458 587 4527 cruciﬁxum,
612 4461 1035 4535 Judwisquidem
1056 4468 1386 4532 scandalum,
1400 4470 1634 4539 gentibus
1659 4482 1831 4524 autem

1944 4454 2199 4509 tificatum
2237 4454 2568 4524 relinquens.
2600 4454 2827 4510 Omnem
2876 4469 3004 4509 vero
3038 4453 3343 4510 Iudaeorum
3392 4471 3524 4526 gen-

246 4546 552 4614 stultitiam,
577 4551 1096 4620 ipsisautemrocatis
1110 4557 1314 4612 Iudicis
1337 4569 1488 4628 atque
1516 4558 1711 4614 Cra-cis
1739 4561 1836 4615 Dei

245 4637 495 4693 virtutem
516 4641 684 4717 et‘Dei
712 4644 1025 4712 sapientiora
1054 4646 1105 4717 (I
1128 4646 1249 4701 Cor.
1276 4666 1314 4714 I,
1336 4650 1428 4712 23,
1458 4648 1570 4721 24).
1606 4650 1719 4705 Non
1749 4666 1835 4707 so-

245 4730 360 4784 lum
392 4742 572 4789 autem
597 4734 838 4792 Gentiles
861 4749 916 4793 et
944 4738 1133 4803 Iudtei,
1168 4742 1261 4796 sed
1291 4752 1344 4797 et
1370 4743 1470 4811 ipsi
1494 4744 1711 4813 quidem
1742 4745 1834 4815 qui

245 4839 309 4878 se
336 4822 673 4884 Christianos
702 4832 957 4901 appellari
975 4833 1177 4897 volunt,
1209 4835 1432 4889 nimiam
1461 4837 1657 4891 habent
1694 4837 1835 4891 inter

245 4927 308 4967 se
337 4914 717 4972 differentiam.
746 4920 878 4974 Cum
912 4922 1002 4976 alii
1032 4938 1219 4978 eorum
1270 4926 1523 4981 catholici
1567 4928 1695 4994 sint,
1744 4928 1831 4981 alii

246 5005 489 5061 haeretici
519 5009 701 5064 multis
722 5013 919 5066 modis.
954 5012 1065 5083 Ego
1092 5031 1221 5069 vero
1242 5014 1544 5079 Fulbertus,
1571 5017 1662 5087 qui
1694 5034 1834 5088 pono

248 5096 399 5159 talia,
445 5098 572 5154 licet
615 5113 867 5171 peccator
899 5114 957 5160 et
1005 5105 1256 5178 indiguus
1289 5109 1592 5178 episcopus,
1629 5120 1829 5177 tamen,

244 5192 375 5261 quia
399 5193 483 5248 vel
514 5194 617 5250 Iide
645 5199 970 5254 catholicum
999 5217 1086 5257 me
1105 5217 1224 5258 esse
1247 5203 1497 5259 desidero
1526 5215 1686 5275 atque
1709 5220 1830 5273 pro-

246 5286 426 5352 Iiteor,
456 5290 629 5359 gratia
676 5292 769 5347 Dei
815 5295 935 5349 volo
962 5295 1102 5361 aliis,
1137 5297 1334 5367 quibus
1366 5306 1572 5367 potero,
1605 5297 1671 5352 de
1709 5312 1831 5351 mea

244 5380 355 5436 ﬁde
380 5390 437 5435 et
458 5398 556 5438 suo
581 5399 769 5441 errore
792 5386 1028 5457 aliquam
1065 5388 1461 5457 portiunculam
1494 5389 1717 5444 reddere
1746 5406 1832 5443 ra-

247 5472 413 5528 tionis
459 5472 575 5543 ejus
612 5491 733 5546 quae
763 5478 814 5531 in
844 5493 931 5533 me
970 5479 1104 5533 satis
1142 5490 1225 5533 est
1255 5488 1307 5533 et
1344 5480 1583 5549 cepiose.
1620 5480 1687 5534 Et
1721 5480 1833 5550 pri-

245 5581 394 5620 mum
427 5567 642 5635 quidem
671 5568 888 5624 Indzcis.
929 5569 995 5624 IIi
1042 5586 1170 5641 ergo
1206 5570 1364 5626 nobis
1397 5574 1703 5627 consentire
1744 5574 1827 5628 di—

243 5667 377 5711 cunt
412 5656 465 5710 in
500 5657 599 5712 hoc
634 5677 644 5711 :
681 5675 843 5714 unum
876 5662 1042 5716 Deum
1069 5662 1392 5741 confitemur
1410 5664 1828 5720 omniumCrea-

246 5757 449 5814 torem;
479 5748 799 5805 dissentiunt
821 5763 999 5807 autem
1032 5754 1094 5809 de
1124 5753 1324 5819 multis,
1359 5755 1448 5807 sed
1474 5754 1827 5824 periculosius

1939 4554 2045 4599 tem
2088 4545 2308 4600 ultimus
2349 4546 2587 4615 pontifex
2634 4562 2730 4615 per
2776 4546 3072 4616 legitimam
3121 4548 3525 4602 successionem

1936 4639 2152 4707 generis
2181 4637 2299 4691 fuit.
2349 4628 2587 4692 Herodes
2631 4638 2838 4707 primus
2876 4654 2944 4691 ex
2988 4639 3168 4692 alieno
3197 4652 3396 4701 genere
3423 4653 3520 4691 rex

1934 4731 2240 4787 Judztorum
2276 4732 2452 4787 factus
2494 4742 2578 4786 est
2619 4747 2715 4801 per
2753 4738 3302 4797 senatusconsultum,
3346 4736 3519 4802 impe-

1938 4838 2094 4883 rante
2139 4832 2401 4900 Augusto.
2455 4830 2574 4895 Quo
2627 4840 2868 4901 tempore
2917 4830 3167 4886 Christus
3221 4834 3522 4888 secundum

1934 4927 2228 4996 prophetia:
2277 4925 2433 4979 fidem
2477 4926 2528 4979 in
2554 4926 2866 4980 Bethlehem
2909 4937 3067 4980 natus
3104 4935 3205 4981 est.
3248 4926 3525 4982 Hactenus

1933 5034 2081 5089 ergo.
2113 5019 2287 5082 idest,
2312 5031 2481 5086 usque
2506 5018 2573 5073 ad
2602 5034 2824 5090 regnum
2847 5018 3075 5073 Herodis
3096 5029 3150 5071 et
3174 5034 3277 5072 non
3305 5027 3518 5087 postea,

1934 5120 2173 5164 ret-tores
2203 5108 2393 5165 habuit
2422 5110 2659 5180 legitime
2686 5110 2910 5180 populus
2937 5110 3192 5164 Iudaicus
3219 5109 3285 5163 de
3315 5124 3517 5180 genere

1934 5217 2032 5253 suo
2066 5220 2078 5255 :
2124 5216 2289 5271 regno
2319 5216 2552 5272 namque
2581 5199 2888 5255 Iudznorum
2931 5201 3175 5271 disrupto
3201 5212 3363 5271 atque
3393 5218 3514 5257 mu-

1935 5303 2066 5357 tato,
2100 5294 2464 5349 sacerdotium
2494 5309 2707 5363 quoque
2729 5282 3029 5363 disrupium
3057 5304 3220 5363 atque
3245 5302 3513 5348 mutatum

1932 5396 2033 5439 est.
2069 5387 2307 5443 Ilerodes
2343 5388 2487 5441 enim
2532 5399 2818 5456 postquam
2871 5401 3094 5456 regnum
3141 5387 3449 5443 Judmorum
3482 5406 3516 5443 a

1936 5478 2198 5532 Romanis
2237 5479 2465 5548 accepit,
2509 5478 2732 5548 antiquo
2768 5476 2913 5545 jure,
2944 5479 3044 5534 hoc
3072 5487 3175 5543 est,
3201 5496 3297 5549 per
3339 5479 3518 5547 legiti-

1932 5585 2074 5623 mam
2103 5568 2501 5622 suceessiouem
2527 5567 2741 5637 generis
2772 5584 2874 5622 non
2901 5568 3267 5623 constituebat
3301 5568 3517 5637 pontiﬁ-

1931 5679 2042 5721 ces,
2076 5662 2168 5716 sed
2194 5661 2500 5732 promiscue
2530 5662 2833 5731 quibusque
2856 5662 3182 5730 ignobilibus
3210 5661 3509 5716 sacerdotia

1932 5754 2279 5821 promittebat
2327 5754 2389 5805 ad
2424 5762 2650 5822 tempus.
2693 5753 2856 5807 Sacra
2890 5768 3102 5822 quoque
3135 5761 3280 5807 veste
3312 5752 3507 5807 summi
