4018 6380
482 376 588 432 585

1442 377 1498 434 s.
1545 379 1885 437 FULBEBTI
1922 355 2402 438 CARNOTENSIS
2444 378 2746 438 cpisset"

3641 388 3742 443 516

484 490 759 561 pontificis
782 491 882 546 sub
909 490 1184 562 signaculo
1226 491 1407 547 clausa
1435 504 1701 563 nusquam
1743 510 1900 549 usum
1944 493 2063 564 ejus
2094 509 2134 559 Λ
2166 503 2296 547 cunt
2345 494 2683 563 prophetiam
2730 494 2870 547 hanc
2933 496 2998 548 ad
3044 495 3206 550 finem
3255 495 3437 550 talium
3476 505 3743 554 rectorum

484 582 828 652 pontificibus
860 584 1224 655 permittebat.
1249 583 1405 641 Hunc
1434 599 1564 655 ergo
1600 600 1912 656 perversum
1954 601 2071 641 mo-

485 688 601 731 rem
643 673 816 727 tenuit
856 683 979 745 post
1025 673 1200 745 ipsum
1248 674 1550 732 Archelaus
1592 692 1880 732 successor
1925 676 2066 746 ejus.

489 762 645 818 llunc
697 764 953 835 deinceps
997 776 1218 821 tenuere
1260 766 1504 841 Romani
1549 768 1850 838 prmpositi,
1902 769 2074 823 donec

490 850 717 908 tandem
734 863 855 924 post
875 856 1181 923 passionem
1197 855 1396 912 Christi
1414 857 1686 912 destructa
1701 857 2073 929 Hierosolyma

491 951 547 999 et
600 945 841 1015 dispersa
880 954 1038 1018 gente
1075 944 1416 1013 Iudaeorum,
1460 963 1637 1017 neque
1677 948 1868 1004 civitas
1932 951 2072 1017 illis,

488 1053 666 1106 neque
708 1053 825 1103 rex,
875 1052 1047 1107 neque
1100 1039 1383 1109 pontifex,
1451 1054 1628 1110 neque
1674 1041 1903 1111 populus
1951 1041 2071 1096 fuit.

491 1131 558 1201 Et
600 1131 703 1186 ista
752 1132 1008 1187 desolatio
1047 1130 1192 1202 jugis
1236 1132 1378 1189 facta
1422 1142 1504 1189 est
1553 1149 1721 1211 usque
1768 1136 1820 1189 in
1868 1136 2078 1190 hodier-

493 1238 622 1275 num
658 1222 821 1277 diem.
861 1222 918 1277 Si
944 1238 1072 1293 ergo
1110 1224 1225 1278 bch
1252 1224 1323 1277 ita
1350 1232 1497 1289 sunt,
1527 1224 1634 1279 imo
1664 1225 1789 1291 quia
1824 1226 1895 1279 ita
1925 1235 2073 1291 sunt,

492 1315 635 1384 quod
672 1330 738 1369 ex
787 1316 1066 1385 prophetia
1116 1316 1593 1384 concluseramus,
1647 1333 1744 1388 per
1794 1319 2075 1375 historiam

495 1416 890 1475 consequenter
935 1409 1384 1478 approbavimus,
1437 1410 1488 1465 id
1535 1421 1655 1478 est,
1713 1427 1778 1465 ex
1836 1424 2079 1482 tempore

494 1510 602 1564 quo
641 1496 879 1568 regimen
928 1498 995 1553 de
1038 1497 1175 1554 Juda
1216 1500 1452 1555 ablatum
1493 1512 1577 1557 est
1622 1512 1677 1558 et
1717 1504 1967 1574 princeps
2012 1507 2080 1561 de

496 1587 701 1643 femore
728 1589 863 1658 ejus,
906 1591 1119 1647 venisse
1162 1591 1435 1648 Messiam.
1466 1593 1620 1650 Nunc
1677 1596 1721 1650 si
1765 1596 1964 1652 habent
1988 1594 2080 1652 Ju-

501 1681 599 1735 dxi
625 1682 750 1752 quid
781 1691 971 1738 contra
1006 1694 1365 1752 murmureut,
1391 1685 1662 1741 audiatur.

566 1774 668 1831 llic
693 1776 867 1831 solent
907 1785 1087 1831 autem
1118 1776 1383 1833 trifariam
1412 1779 1574 1834 verba
1619 1780 1748 1835 dare
1779 1768 1967 1836 contra
1997 1796 2083 1835 ra-

504 1870 705 1926 tionem
739 1871 899 1927 istam
937 1873 1155 1943 quidam
1193 1888 1258 1930 ex
1305 1874 1385 1930 eis
1410 1874 1603 1931 Judaei.
1650 1896 1668 1928 ‹
1700 1876 1940 1938 Primum
1975 1894 2081 1934 non

499 1964 790 2029 credimus,
824 1966 1100 2035 inquiunt,
1134 1967 1347 2022 venisse
1391 1968 1686 2035 Christum,
1716 1972 1839 2041 quia
1875 1972 2082 2042 virgam

501 2053 780 2122 regiminis
801 2053 938 2110 Juda
970 2071 1074 2111 non
1117 2066 1370 2127 putamus
1396 2057 1658 2113 ablatum.
1688 2059 1829 2115 Sunt
1856 2062 2000 2116 enim
2028 2062 2081 2116 in

502 2145 691 2202 multis
720 2147 1030 2217 regionibus
1057 2147 1227 2203 Judaei
1266 2148 1562 2220 locupletes
1585 2158 1641 2206 et
1682 2136 1949 2222 ingeniosi
1994 2151 2084 2222 qui

502 2246 692 2309 regant
722 2248 941 2295 strenue
983 2239 1220 2298 familias
1259 2257 1408 2310 suas,
1436 2252 1493 2299 et
1530 2242 1657 2313 quia
1685 2243 1818 2299 tales
1847 2253 2089 2300 rectores

504 2330 678 2386 adhuc
703 2347 827 2388 esse
872 2333 1139 2401 videmus,
1172 2334 1404 2391 dicimus
1432 2336 1668 2391 nondum
1701 2350 1822 2393 esse
1849 2337 2086 2391 ablatum

505 2431 778 2492 sceptrum
806 2424 872 2478 de
904 2422 1064 2492 Juda,
1085 2441 1258 2494 neque
1287 2427 1503 2483 venisse
1534 2427 1810 2484 Christum
1834 2429 2031 2486 adhuc.
2064 2449 2083 2483 ι

504 2512 690 2570 Potest
716 2530 810 2570 eos
837 2516 1013 2586 quivis
1039 2517 1227 2587 jocosa
1253 2518 1564 2574 urbanitate
1591 2519 1866 2594 deludere,
1896 2520 2089 2575 simul-

505 2622 612 2677 que
640 2609 852 2663 ratione
893 2608 1176 2665 confutare
1220 2611 1325 2666 hoc
1359 2612 1518 2667 modo
1552 2628 1566 2664 :
1598 2611 1644 2667 0
1673 2611 1864 2677 Judaei,
1907 2612 2094 2670 felices

510 2695 837 2751 infortunio!
876 2698 921 2752 si
950 2709 1033 2753 est
1060 2692 1427 2769 verumquod
1463 2701 1666 2767 dicitis,
1717 2703 1955 2774 nunquid
1987 2720 2091 2758 non

508 2784 598 2840 ille
623 2801 719 2841 vos
761 2788 980 2856 copiose
1020 2789 1225 2844 mireve
1252 2789 1451 2855 beavit,
1483 2791 1575 2861 qui
1608 2807 1706 2847 vos
1747 2795 2095 2863 pessundedit

509 2886 671 2945 atque
695 2876 997 2947 dissipavit.
1021 2879 1087 2943 si,
1114 2895 1237 2934 cum
1266 2881 1317 2935 in
1353 2883 1524 2952 patria
1554 2899 1719 2938 unum
1754 2900 1935 2955 regem
1960 2886 2096 2939 ami-

512 2968 716 3034 seritis,
760 2984 903 3023 nunc.
930 2970 984 3023 iu
1028 2970 1220 3025 exsilio
1252 2982 1358 3024 tam
1393 2972 1558 3027 multa
1600 2988 1786 3044 regum
1816 2974 1980 3029 millia
2012 2975 2097 3029 vel

514 3057 799 3113 invenistis
846 3059 927 3113 vel
968 3064 1361 3131 recuperastis?
1400 3065 1505 3120 Sed
1530 3066 1709 3119 nullus
1739 3080 1929 3120 eorum
1953 3066 2097 3120 chri-

515 3160 688 3207 smate
719 3151 871 3223 legali
902 3154 980 3209 vel
1002 3156 1265 3224 spirituali
1290 3168 1481 3215 unctus
1508 3170 1611 3225 est,
1639 3160 1844 3215 nullum
1871 3160 2103 3232 populus

517 3244 783 3311 sequitur,
817 3260 916 3299 nec
942 3245 1055 3315 ipse
1084 3247 1278 3316 populo
1308 3258 1525 3318 prteest,
1558 3258 1889 3319 quapropter
1924 3250 2101 3305 nullus

520 3348 709 3389 eorum
750 3350 926 3404 neque
967 3352 1057 3390 rex
1096 3354 1270 3408 neque
1310 3339 1584 3408 pontifex,
1626 3342 1885 3411 propheta
1930 3356 2105 3423 neque

520 3430 627 3483 dux
660 3429 831 3485 tribus
863 3428 1013 3485 JUdtB
1068 3432 1151 3486 vel
1181 3442 1264 3488 est
1300 3433 1381 3488 vel
1420 3443 1566 3489 certe
1604 3434 1859 3504 appellari
1902 3442 2102 3505 potest.

522 3517 674 3573 Unde
702 3521 846 3574 enim
874 3536 1051 3577 causae
1080 3520 1340 3579 effectivae
1378 3523 1595 3590 desunt,
1634 3525 1704 3579 ibi
1736 3523 1958 3581 effectus
1985 3526 2105 3580 illa-

521 3624 640 3662 rum
674 3623 795 3666 esse
836 3612 1056 3666 minime
1086 3624 1333 3682 possunt.
1378 3614 1420 3669 Ο
1463 3615 1627 3684 igitur
1664 3614 1819 3670 dolor
1850 3616 1933 3671 vel
1967 3616 2107 3671 risus

521 3710 711 3755 contra
734 3701 952 3757 stultam
981 3712 1141 3772 atque
1173 3703 1441 3759 infelicem
1470 3717 1671 3760 sortem
1703 3707 1872 3775 partis
1898 3704 2110 3762 Iudaeo-

523 3804 665 3855 rum,
722 3793 847 3862 qui,
899 3808 1023 3848 cum
1065 3795 1362 3851 insolenter
1402 3805 1457 3851 et
1515 3796 1821 3852 ineonfesse
1870 3798 2107 3868 regimen

524 3898 679 3936 suum
712 3892 901 3951 putant
940 3885 992 3939 itt
1040 3887 1249 3940 turbam
1280 3887 1516 3949 mittere,
1549 3897 1599 3942 et
1641 3888 1966 3958 applaudere
2007 3887 2109 3942 sibi

525 3973 593 4028 de
644 3974 988 4029 multitudine
1036 3991 1253 4045 regum,
1322 3976 1525 4030 nullum
1575 3988 1841 4032 rectorem
1897 3976 2112 4047 penitus

526 4065 948 4132 comprobantur
996 4066 1223 4120 habere!
1280 4066 1538 4122 Sullicere
1589 4070 1759 4139 possit
1819 4069 1921 4123 ista
1974 4069 2113 4124 ratio

527 4170 690 4225 quam
722 4156 975 4221 diximus,
1000 4157 1066 4209 ad
1097 4155 1523 4214 confutationem
1563 4160 1749 4230 prima:
1784 4161 1974 4231 partis.
2006 4159 2112 4216 Sed

528 4246 652 4316 quia
679 4247 831 4301 bonae
860 4262 1038 4302 causae
1075 4248 1205 4304 satis
1232 4249 1385 4304 nobis
1414 4251 1651 4306 rationes
1678 4252 1974 4317 abundant,
2004 4269 2111 4307 non

528 4340 710 4409 pigeat
750 4338 869 4393 illos
917 4338 1110 4394 iterato
1151 4356 1246 4410 per
1290 4342 1619 4422 impossibile
1650 4360 1984 4415 oppugnare,
2014 4346 2116 4401 boc

532 4434 692 4490 modo
720 4452 732 4488 :
764 4433 1051 4504 Prophetia
1081 4436 1147 4491 de
1172 4453 1278 4507 qua
1323 4454 1465 4493 nunc
1496 4440 1726 4509 agimus,
1760 4450 1853 4494 aut
1894 4442 2116 4510 respicit

2173 600 2465 654 respicere,
2494 584 2683 654 quales
2731 592 2936 640 certum
2969 594 3053 640 est
3079 602 3250 656 usque
3277 587 3330 642 in
3357 589 3522 645 finem
3570 590 3749 647 saculi

2173 678 2485 748 perdurare.

2245 768 2343 824 His
2374 768 2446 821 ita
2474 766 2745 833 refutatis,
2778 769 2842 824 de
2873 769 2977 825 hac
3001 768 3308 841 obiectione
3337 771 3559 829 refutati
3585 771 3748 831 «ἰυάωί

2176 868 2459 916 transeunt.
2482 860 2550 915 ad
2571 860 2820 926 alteram,
2845 861 3085 918 dicentes
3113 880 3127 916 :
3166 881 3186 915 ε
3218 863 3332 918 Non
3359 867 3638 923 credimus
3663 884 3750 924 ve-

2111 998 2116 1002 .
2176 950 2319 1005 uisse
2360 948 2661 1014 Christum,
2703 950 2829 1020 quia
2869 961 3141 1023 sceptrum
3184 954 3249 1010 de
3295 952 3432 1010 Juda
3463 970 3573 1010 non
3604 966 3754 1028 puta-

2179 1054 2296 1094 mus
2320 1038 2578 1094 ablatum.
2611 1040 2743 1107 Quis
2767 1042 2870 1096 scit
2902 1041 3045 1097 enim
3070 1052 3250 1098 utrum
3287 1045 3341 1099 in
3389 1045 3572 1116 aliqua
3606 1059 3754 1116 parte

2111 1186 2120 1206 .
2178 1129 2365 1185 mundi
2418 1130 2491 1185 sit
2540 1142 2866 1203 congregata
2935 1133 3223 1192 multitudo
3290 1131 3600 1193 Julzeorum
3642 1154 3755 1209 quae

2178 1237 2359 1294 regem
2399 1232 2619 1278 unctum
2657 1233 2820 1294 atque
2855 1235 3124 1282 sacratum
3157 1228 3354 1284 habeat
3388 1245 3557 1300 super
3589 1245 3649 1286 se
3693 1231 3756 1286 de

2178 1330 2376 1386 genere
2425 1316 2562 1371 suo?
2605 1336 2623 1368 ι
2667 1316 2749 1373 Ad
2806 1319 3345 1390 hoc’respondemus
3396 1323 3541 1392 quod
3584 1323 3756 1379 nullus

2181 1405 2437 1475 utrinque
2459 1414 2705 1461 nostrum
2739 1408 2842 1463 scit
2882 1424 2983 1465 nec
3019 1410 3226 1466 audivit
3252 1412 3305 1466 in
3336 1412 3533 1468 diebus
3563 1413 3758 1468 nostris

2180 1494 2423 1551 Judaeum
2457 1512 2638 1568 regem
2665 1498 2721 1553 in
2761 1498 2864 1553 ulla
2907 1500 3127 1570 regione
3164 1502 3350 1558 mundi
3387 1517 3643 1571 regnare,
3673 1504 3759 1558 sed

2185 1598 2367 1645 tamen
2399 1589 2444 1645 si
2494 1590 2691 1660 aliquis
2732 1589 2949 1649 Iudaeus
2995 1603 3247 1664 regnaret
3279 1594 3331 1649 in
3377 1594 3584 1659 Judzra,
3627 1612 3761 1651 nunc

2184 1680 2538 1736 nihilominus
2568 1681 2806 1737 ablatum
2846 1692 2992 1739 esset
3036 1692 3310 1754 sceptrum
3350 1684 3420 1741 de
3460 1684 3622 1740 Juda.
3670 1685 3762 1741 Per

2185 1783 2245 1825 se
2271 1769 2416 1825 enim
2465 1786 2690 1842 regnum
2719 1770 2856 1827 Juda
2907 1772 3139 1829 divisum
3167 1780 3252 1829 est
3288 1774 3357 1829 ab
3400 1774 3528 1830 aliis
3566 1775 3757 1845 regnis,

2185 1870 2437 1916 constans
2464 1862 2680 1932 propria
2713 1862 2951 1933 regione,
2984 1878 3105 1932 qua:
3133 1862 3333 1918 dicitur
3373 1871 3523 1918 terra
3549 1862 3683 1920 Juda
3713 1870 3764 1918 et

2185 1949 2487 2019 Benjamin,
2521 1951 2742 2020 proprio
2770 1965 2917 2022 rege,
2947 1951 3040 2021 qui
3068 1952 3136 2007 de
3168 1952 3316 2007 tribu
3333 1950 3491 2008 Juda.
3523 1951 3614 2017 Et,
3636 1952 3766 2007 sicut

2186 2038 2381 2095 domus
2443 2038 2698 2108 qnatlibet
2736 2039 2971 2109 propriis
3016 2040 3264 2110 partibus
3303 2048 3550 2106 constat,
3589 2036 3644 2095 id
3691 2047 3767 2094 est

2190 2130 2562 2195 fundamento,
2592 2129 2890 2200 parietibus
2909 2139 2966 2186 et
2997 2140 3160 2197 tecto,
3191 2146 3422 2203 quarum
3459 2132 3510 2188 si
3544 2146 3650 2186 una
3673 2131 3761 2186 de-

2188 2219 2381 2286 fuerit,
2429 2220 2621 2276 domus
2669 2235 2793 2276 esse
2835 2235 2941 2276 non
2984 2221 3174 2293 possit,
3233 2223 3308 2277 ita
3357 2236 3587 2294 regnum
3637 2221 3761 2277 Juda

2191 2310 2435 2382 partibus
2461 2311 2810 2380 supradictis.
2836 2309 2973 2366 Nam
3003 2312 3118 2368 sive
3145 2314 3344 2384 patria,
3373 2314 3493 2369 sive
3523 2314 3762 2384 populus,

2193 2408 2307 2459 sive
2356 2417 2453 2458 rex
2496 2402 2663 2469 desit,
2712 2417 2938 2472 regnum
2978 2417 3100 2458 esse
3138 2417 3245 2459 non
3275 2403 3469 2475 possit.
3504 2403 3609 2460 Ubi
3635 2402 3764 2458 enim

2194 2511 2321 2567 pars
2342 2494 2516 2559 deest,
2548 2502 2722 2550 totum
2745 2510 2867 2550 esse
2892 2508 2996 2550 non
3022 2503 3231 2564 potest;
3259 2502 3316 2548 et
3342 2500 3561 2560 contra,
3588 2492 3673 2547 ubi
3697 2501 3768 2546 to-

2196 2593 2310 2641 tum
2342 2592 2449 2652 est,
2484 2594 2667 2654 partes
2712 2600 2928 2656 quoque
2966 2599 3087 2641 esse
3134 2599 3359 2640 necesse
3396 2592 3503 2639 est.
3547 2583 3696 2651 Quod
3726 2582 3767 2637 si

2200 2694 2306 2731 una
2335 2664 2490 2748 parte
2520 2686 2780 2747 pereunte
2803 2691 3000 2733 nomen
3038 2677 3204 2732 totius
3233 2677 3396 2745 perit,
3428 2684 3634 2745 quanto
3666 2690 3765 2728 ma-

2202 2768 2286 2837 gis
2334 2768 2545 2822 cunctis
2590 2767 2943 2838 pereuntibus
2982 2776 3153 2823 totum
3203 2783 3310 2822 non
3354 2766 3639 2822 subsistit?
3677 2766 3771 2820 Re-

2200 2876 2364 2930 gnum
2382 2868 2560 2914 autem
2586 2853 2725 2915 Juda
2749 2870 2950 2915 terram
2978 2876 3130 2916 suam
3152 2860 3407 2931 perdidit,
3435 2860 3648 2930 quando
3671 2859 3775 2930 ipsa

2200 2951 2254 3004 in
2279 2964 2467 3004 manus
2501 2960 2791 3004 extraneas
2821 2950 2998 3015 venit;
3039 2950 3236 3020 populo
3270 2938 3471 3014 caruit,
3499 2958 3772 3019 postquam

2200 3040 2254 3093 in
2283 3055 2474 3095 omnes
2507 3041 2759 3095 nationes
2789 3040 3068 3111 dispersus
3096 3051 3183 3096 est
3212 3040 3470 3110 populus;
3510 3053 3633 3111 rege
3657 3052 3771 3093 vero

2202 3133 2444 3200 legitimo
2472 3133 2631 3203 longe
2672 3140 2797 3187 ante
2828 3140 3123 3187 caruerat:
3147 3132 3336 3203 sicque
3374 3146 3601 3204 regnum
3627 3130 3769 3194 Juda.

2205 3224 2457 3278 omnibus
2487 3224 2730 3294 partibus
2753 3223 2865 3277 suis
2888 3223 3125 3289 amissis,
3150 3237 3377 3294 regnum
3405 3237 3531 3278 esse
3565 3219 3769 3284 desivit;

2208 3313 2560 3368 manifestum
2598 3313 2895 3384 estigitur,
2937 3324 2992 3368 et
3036 3315 3103 3369 ad
3152 3325 3413 3370 extranea
3458 3331 3622 3385 regna
3653 3310 3772 3366 nihil

2207 3404 2477 3474 pertinere
2520 3414 2793 3475 sceptrum
2846 3405 2912 3460 dc
2947 3404 3106 3469 Juda.
3148 3417 3207 3460 et
3246 3406 3314 3461 de
3359 3397 3460 3461 suo
3505 3406 3626 3475 jure
3667 3415 3774 3458 esse

2209 3496 2466 3551 ablatum.
2501 3495 2656 3564 Quod
2707 3496 2753 3550 si
2784 3496 2906 3565 quis
2949 3497 3145 3553 stultus
3191 3505 3346 3568 putet
3396 3511 3518 3551 esse
3565 3493 3648 3549 vel
3681 3491 3771 3547 dici

2215 3605 2437 3659 regnum
2475 3587 2610 3643 Juda
2662 3587 2968 3658 ubicunque
3014 3598 3204 3659 regnat
3244 3586 3463 3642 Iudaeus
3492 3600 3650 3657 super
3697 3581 3774 3637 Ju-

2210 3679 2374 3745 dacos,
2422 3677 2687 3733 refellitur
2730 3686 2786 3732 et
2834 3695 2892 3732 re
2923 3687 2977 3732 ct
3016 3678 3315 3748 Scriptura.
3348 3675 3486 3732 Nam
3536 3691 3653 3731 cum
3702 3687 3776 3727 rc-

2212 3780 2443 3842 gnarent
2475 3770 2579 3825 duo
2608 3784 2762 3840 rcges
2784 3784 2946 3839 super
2974 3777 3188 3840 gentem
3218 3767 3550 3833 Judaeorum,
3576 3779 3705 3819 unus
3729 3762 3773 3815 in

2214 3861 2554 3915 Hierusalem
2585 3875 2748 3929 super
2789 3860 2922 3914 duas
2949 3859 3144 3925 tribus,
3177 3868 3230 3913 et
3260 3857 3399 3913 alter
3444 3857 3501 3911 in
3544 3853 3769 3911 Samaria

2214 3966 2378 4021 super
2420 3952 2608 4007 decem
2641 3952 2831 4015 tribus,
2883 3951 2972 4006 ille
3004 3959 3214 4004 tantum
3252 3950 3553 4004 vocabatur
3588 3956 3640 4002 et
3676 3951 3777 4000 erat

2228 4061 2322 4100 rex
2350 4044 2506 4112 Juda,
2539 4046 2629 4114 qui
2665 4046 2923 4115 regnabat
2954 4045 3007 4099 in
3036 4043 3410 4103 Hierusalem;
3455 4042 3545 4097 ille
3571 4039 3775 4108 denique

2226 4156 2319 4196 rex
2350 4142 2538 4208 Israel,
2581 4143 2670 4211 qui
2706 4142 2967 4211 regnabat
3017 4142 3070 4196 in
3100 4142 3368 4197 Samaria.
3407 4139 3466 4196 Si
3507 4155 3633 4211 ergo
3671 4149 3772 4192 sce-

2216 4243 2395 4304 ptrum
2434 4233 2569 4289 Juda
2602 4249 2705 4288 non
2730 4235 2966 4304 pertinet
2991 4234 3058 4289 ad
3096 4232 3243 4287 illum
3283 4233 3375 4303 qui
3418 4233 3601 4288 decem
3627 4227 3776 4284 tribu-

2217 4327 2317 4380 bus
2356 4324 2664 4381 Judzcorum
2730 4334 2927 4397 praeest
2973 4327 3026 4381 in
3081 4326 3348 4392 Samaria,
3402 4325 3575 4381 multo
3618 4321 3774 4375 minus

2217 4417 2507 4486 pertinebit
2551 4417 2618 4471 ad
2664 4417 2813 4472 illum
2864 4417 2954 4487 qui
2989 4417 3245 4472 mendose
3289 4416 3514 4484 ﬁngitur
3557 4428 3644 4469 rex
3673 4422 3776 4464 esse

531 4526 599 4581 ad
629 4525 758 4581 tales
788 4543 962 4594 reges,
998 4528 1047 4581 id
1076 4537 1159 4582 est
1190 4504 1421 4584 rusticos
1449 4530 1563 4585 sive
1600 4532 1858 4599 privatos,
1888 4541 1983 4587 aut
2010 4532 2114 4586 mi-
2144 4529 2192 4588 D
2219 4516 2426 4585 alifl“Ol
2472 4509 2780 4565 Juda’or‘m‘
2808 4512 2861 4565 in
2895 4510 3066 4565 “ldia'
3115 4511 3369 4566 Dicamus
3402 4512 3597 4565 “erum
3630 4524 3643 4560 ³
3677 4504 3775 4559 8⁸⁵⁸

532 4617 698 4672 nime.
744 4618 817 4672 At
859 4618 901 4673 si
933 4619 1174 4688 respicit,
1212 4629 1267 4674 et
1304 4630 1523 4691 propter
1553 4620 1763 4675 illorum
1793 4632 2115 4691 praesentem

535 4707 879 4763 existentiam
928 4709 979 4763 in
1012 4710 1113 4763 hac
1147 4710 1278 4775 vita,
1315 4718 1529 4765 constat
1573 4711 1715 4765 inter
1742 4727 1836 4767 vos
1877 4713 2115 4765 nondum

536 4800 752 4855 venisse
802 4799 1099 4863 Christum,
1152 4812 1437 4870 propterea
1491 4801 1632 4855 idem
1664 4802 1931 4857 constabit
1977 4817 2117 4854 nuu-

536 4906 697 4960 quam
728 4905 848 4944 esse
873 4901 1183 4955 venturum,
1218 4893 1389 4945 donec
1420 4907 1610 4946 omnes
1639 4892 1708 4945 ita
1740 4892 1898 4945 deleti
1926 4892 2033 4945 sint
2063 4900 2121 4945 ut

538 4983 714 5037 nullus
745 4998 930 5038 eorum
959 4984 1027 5037 sit
1058 4983 1108 5036 in
1134 4983 1332 5037 mundo
1355 4984 1446 5046 qui
1474 4994 1623 5054 regat
1655 4984 1914 5037 familiam
1943 5000 2118 5038 suam.

542 5074 655 5129 lloc
686 5083 863 5128 autem
898 5075 1114 5143 quando
1146 5075 1285 5128 erit?
1309 5075 1411 5129 nisi
1446 5076 1499 5129 in
1535 5076 1995 5130 consuuunatioue
2022 5089 2124 5127 sre’

541 5162 671 5226 culi,
697 5179 837 5226 cum,
872 5162 1141 5218 defunctis
1163 5163 1436 5229 omnibus,
1466 5165 1643 5218 nullus
1668 5165 1772 5219 erit
1791 5165 1903 5233 jam
1946 5177 2123 5233 neque

544 5252 873 5319 pteniteutiae
905 5269 1078 5323 neque
1115 5254 1284 5308 veniae
1313 5253 1463 5309 locus
1495 5272 1508 5308 :
1544 5262 1597 5309 et
1638 5254 1764 5322 quid
1815 5254 2124 5322 putabimus

474 5347 483 5353 '
546 5354 605 5399 ιιι
629 5355 757 5403 tunc
786 5348 968 5401 veniat
1000 5347 1244 5414 Messias,
1275 5349 1380 5404 nisi
1412 5359 1651 5403 mortuos
1678 5348 1943 5418 sepelire?
1972 5349 2126 5403 llaec-

543 5437 665 5492 cine
700 5454 828 5510 ergo
866 5439 970 5494 erit
1005 5443 1339 5506 exspectatio
1378 5441 1649 5507 gentium?
1676 5441 1823 5493 itane
1850 5442 2123 5509 praemissa

546 5529 825 5598 prophetia
857 5530 1132 5600 redigetur
1170 5530 1235 5584 ad
1278 5531 1541 5585 nihilum?
1578 5531 1762 5584 Absit!
1799 5531 2127 5600 impossibile

548 5626 631 5672 est
655 5620 796 5673 enim
824 5621 1039 5674 mentiri
1072 5621 1234 5674 Deum
1269 5623 1359 5691 qui
1391 5623 1690 5690 repromisit
1722 5633 1873 5676 certo
1897 5622 2127 5677 termino

552 5719 678 5761 ante
704 5707 863 5762 finem
895 5708 1075 5764 szeculi
1110 5709 1386 5764 Christum
1417 5725 1572 5764 suum
1604 5711 1668 5765 ad
1695 5710 2007 5765 salvandum
2038 5726 2128 5781 ge-

550 5818 651 5857 nus
676 5802 967 5858 humanum
1005 5804 1237 5860 mittere.
1265 5803 1406 5860 Falsi
1432 5812 1557 5860 sunt
1586 5788 1754 5875 igitur
1786 5803 1890 5866 illi.
1931 5803 2020 5874 qtti
2051 5804 2128 5858 di-

2218 4606 2354 4659 .lnda
2388 4612 2472 4659 est
2500 4620 2585 4656 vir
2625 4604 2888 4658 oriundus
2928 4603 2996 4657 de
3046 4604 3185 4657 tribu
3221 4602 3381 4669 Juda,
3414 4603 3635 4665 electus,
3676 4606 3775 4653 et:

2222 4696 2460 4765 legitimo
2511 4694 2793 4748 sacerdote
2842 4709 2998 4748 sacro
3047 4693 3341 4748 chrismate
3373 4704 3567 4749 unctus
3600 4690 3659 4745 ad
3696 4702 3777 4744 rc-

2221 4789 2453 4860 gendum
2497 4787 2750 4855 populum
2781 4787 2871 4855 qui
2914 4786 3119 4840 habitat
3168 4787 3220 4839 in
3259 4796 3401 4840 terra
3428 4785 3582 4841 Juda.
3612 4777 3776 4838 Omnis

2222 4888 2402 4931 autem
2434 4891 2532 4930 rex
2556 4886 2846 4932 extraneus
2884 4882 2951 4931 ab
2997 4878 3097 4930 hac
3125 4877 3439 4932 definitione
3468 4876 3666 4931 alienus
3686 4876 3772 4923 est-

2222 4971 2410 5025 Nullus
2440 4971 2603 5039 igitur
2653 4972 2889 5039 ipsorum
2940 4986 3032 5026 rex
3058 4969 3193 5024 Juda
3219 4979 3322 5025 est.
3361 4970 3477 5027 Non
3508 4970 3645 5026 enim
3670 4978 3776 5034 pos‘

2224 5072 2349 5120 sunt
2379 5062 2582 5116 habere
2611 5076 2949 5116 communem
2986 5062 3298 5128 essentiam,
3326 5076 3445 5129 quae
3471 5076 3572 5114 nor.
3603 5056 3775 5111 habent

2225 5168 2564 5211 communem
2606 5152 2993 5206 definitionem.
3032 5152 3202 5205 Porro
3238 5152 3631 5207 conclusionem
3656 5146 3775 5200 hanc

2226 5251 2398 5304 altera
2421 5249 2793 5319 consequitur,
2823 5247 2923 5301 hoc
2948 5247 3107 5301 modo
3134 5263 3147 5299 :
3175 5246 3309 5301 Nam
3338 5246 3381 5300 si
3412 5247 3476 5301 de
3503 5245 3636 5299 tribu
3657 5236 3773 5292 Iuda

2229 5342 2468 5412 legitime
2506 5356 2599 5395 rex
2646 5355 2767 5394 esse
2799 5355 2902 5392 non
2936 5347 3151 5408 poterat
3181 5337 3285 5391 nisi
3330 5353 3489 5406 quem
3527 5328 3772 5389 sacerdos,

2229 5433 2345 5504 ipse
2405 5450 2618 5505 quoque
2672 5444 2866 5488 unctus
2908 5442 3067 5502 atque
3119 5440 3386 5496 sacratus,
3426 5429 3648 5499 legitima
3692 5434 3774 5473 un-

2230 5529 2408 5581 ctione
2453 5536 2714 5591 sacraret,
2746 5525 2995 5580 saccrdes
3021 5533 3200 5577 autem
3231 5523 3283 5575 in
3315 5529 3472 5591 gente
3498 5517 3772 5574 Judzrurutn

2230 5636 2336 5673 non
2375 5619 2493 5682 fttit,
2526 5627 2808 5687 postquam
2844 5616 3080 5671 chrisma
3129 5613 3478 5684 perdiderunt
3510 5617 3562 5663 et
3589 5600 3772 5660 exsula-

2232 5718 2426 5764 verunt
2457 5710 2521 5763 de
2568 5708 2685 5762 loco
2734 5707 2786 5760 in
2819 5722 2925 5774 quo
2963 5705 3075 5758 solo
3105 5704 3187 5758 eis
3232 5700 3535 5755 sacrificare
3578 5693 3772 5748 licebat;

2231 5811 2513 5871 postquam
2538 5799 2843 5855 sacerdotes
2866 5800 2957 5867 qui
2986 5812 3137 5866 reges
3162 5803 3429 5849 unxerunt
3461 5805 3558 5847 non
3581 5782 3772 5843 ρχδῑίωο
