4018 6388
262 380 373 435 517

1408 380 1770 437 SERMONES
1811 384 1902 437 AD
1942 382 2294 440 POI‘ULUM.

3431 392 3547 450 3l8'

263 503 437 561 runt,
495 506 596 548 nec
646 506 804 563 reges
856 491 1074 561 quidem
1120 492 1357 549 existere
1404 504 1715 565 potuerunt.
1753 497 1850 552 Ubi
1883 501 1926 559 Α
1958 500 2127 553 tribus
2175 498 2308 553 Juda
2348 508 2404 555 et
2453 499 2753 569 Benjamin,
2786 501 2990 559 habens
3018 520 3199 560 secum
3247 524 3427 580 regem
3481 523 3545 568 et

264 589 418 643 enim
446 600 624 641 causae
645 584 903 639 eﬂectiva:
928 585 1144 648 desunt,
1168 586 1393 641 effectus
1418 602 1603 642 earmn
1630 589 1861 642 minime

264 694 394 734 esse
418 685 666 748 possunt.
698 675 1053 732 Concluditur
1079 685 1259 746 Itaque
1286 692 1391 731 non
1422 678 1590 731 solum
1626 679 1691 733 de
1715 676 1851 731 Jnda

266 779 553 839 sceptrum
585 767 846 831 ablatura,
874 769 969 822 sed
1004 784 1072 822 ne
1106 782 1285 838 regem
1315 768 1532 838 quidem
1564 769 1633 822 ibi
1666 777 1851 837 postea

264 861 389 916 ﬁeri
413 859 669 931 potuisse.
700 857 852 913 Nune
879 860 1157 913 veniamus
1194 859 1261 913 ad
1288 859 1504 913 tertium
1539 875 1551 910 :
1589 876 1606 908 ι
1629 856 1744 911 Non
1771 869 1854 912 est

264 952 449 1016 nobis,
495 951 767 1019 inquiunt,
821 950 955 1006 tanti
1014 949 1170 1019 signi,
1224 950 1367 1020 quod
1417 950 1632 1005 exsules
1669 966 1854 1006 sumus

263 1058 416 1097 nunc
443 1051 499 1098 et
525 1042 644 1097 sine
670 1056 814 1111 rege,
848 1040 902 1094 id
932 1049 1017 1095 est
1056 1041 1322 1110 principe,
1349 1051 1406 1094 ut
1436 1050 1717 1110 propterea
1742 1055 1853 1095 ere-

260 1133 465 1186 damus
510 1133 723 1186 venisse
773 1130 1044 1186 Messian).
1088 1130 1311 1184 Fuimus
1342 1131 1486 1184 enim
1524 1130 1771 1184 similiter
1800 1130 1852 1183 in

264 1223 573 1295 Babylone,
610 1237 717 1278 non
758 1232 940 1277 tamen
978 1222 1084 1276 ullo
1121 1224 1279 1277 modo
1308 1223 1456 1277 venit
1482 1222 1725 1285 Messias,
1757 1224 1852 1277 sed

260 1324 459 1383 postea
498 1314 701 1369 reversi
743 1312 1166 1383 Hierosolymam
1212 1313 1498 1367 habuimus
1542 1327 1763 1383 regnum
1800 1322 1855 1367 et

260 1402 636 1458 sacerdotium
666 1420 679 1456 :
710 1403 823 1458 haec
845 1410 929 1458 est
958 1416 1087 1473 ergo
1127 1417 1252 1473 spes
1280 1413 1461 1459 nostra
1499 1413 1575 1469 ut,
1608 1404 1856 1459 similiter

262 1493 428 1548 nobis
452 1494 737 1559 restitutis,
766 1509 884 1548 eum
910 1495 1313 1565 placueritDeo,
1344 1511 1532 1551 rursus
1552 1497 1665 1551 haec
1695 1497 1856 1550 adve-

261 1585 477 1638 aiant.»
510 1584 935 1655 Respondemus,
956 1585 1097 1654 quod
1110 1600 1250 1641 nunc
1270 1586 1485 1641 exsules
1509 1587 1852 1657 etsineprin—

259 1676 392 1745 cipe
419 1690 512 1730 vos
540 1690 663 1730 esse
704 1675 941 1740 dixistis,
973 1684 1029 1733 et
1059 1690 1244 1731 verum
1293 1685 1407 1744 est;
1462 1676 1534 1731 ibi
1566 1677 1709 1730 enim
1746 1676 1856 1731 eol-

262 1766 445 1822 luetus
470 1774 591 1820 erat
634 1766 687 1819 in
725 1780 889 1820 unum
936 1765 1163 1837 populus
1199 1765 1607 1837 llierolosymis,
1646 1767 1698 1820 id
1749 1775 1851 1830 est,

1951 590 2267 644 sacerdotes
2306 599 2361 644 et
2391 592 2678 662 prapbctas
2724 607 2872 658 suos,
2902 604 2957 649 et
2996 598 3405 665 promissionem
3436 604 3535 657 da-

1953 687 2060 731 tam
2107 694 2137 732 a
2169 679 2428 746 Domino,
2479 684 2624 752 quod
2671 694 2792 753 post
2834 698 3107 753 peractam
3158 692 3545 757 pcenitentiam

1952 771 2287 839 septuaginta
2313 787 2575 827 annorum
2599 775 2821 829 redituri
2844 788 3029 830 essent
3049 778 3101 832 in
3136 788 3333 835 terram
3358 799 3543 851 suam,

1951 877 2110 931 quam
2133 864 2367 918 nomium
2394 866 2686 921 tradiderat
2711 868 2969 924 Dominus
2995 870 3314 941 alienigenis
3335 876 3400 927 ad
3436 877 3537 930 ha-

1952 951 2253 1017 bitandum,
2286 953 2379 1007 sed
2411 954 2548 1008 sicut
2580 972 2723 1010 nunc
2752 958 2964 1013 deserta
2999 972 3354 1017 remanserat.
3387 963 3540 1021 Nunc

1952 1056 2082 1096 vero
2119 1058 2225 1098 non
2274 1052 2357 1099 est
2404 1047 2556 1102 vobis
2607 1048 2865 1105 collectus
2913 1052 3158 1121 populus,
3212 1058 3347 1111 sicut
3387 1068 3539 1123 tunc,

1956 1146 2134 1201 neque
2185 1149 2300 1200 rex,
2334 1150 2507 1206 neque
2536 1139 2868 1208 sacerdotes,
2899 1158 3070 1213 neque
3110 1148 3405 1216 prophetae,
3451 1163 3541 1202 ne-

1954 1237 2058 1290 que
2096 1234 2237 1277 terra
2285 1224 2498 1280 deserta
2546 1229 2699 1283 vobis
2749 1244 3050 1299 reservata,
3100 1252 3200 1291 nec
3248 1222 3543 1307 promissio

1954 1312 2077 1366 data
2111 1330 2139 1367 a
2174 1312 2426 1380 Domino,
2461 1319 2601 1386 quod
2645 1331 2764 1388 post
2815 1324 3155 1395 septuaginta
3208 1343 3380 1382 annos
3414 1329 3543 1384 illuc

1955 1403 2211 1468 redeatis,
2244 1405 2385 1459 sicut
2412 1414 2556 1471 tunc,
2591 1410 2684 1464 sed
2721 1420 2804 1465 est
2835 1413 3013 1481 potius
3044 1416 3312 1470 sententia
3344 1417 3469 1471 data
3509 1434 3547 1472 a

1956 1490 2205 1556 Domino,
2250 1494 2393 1563 quod
2444 1506 2696 1565 perpetua
2745 1500 2815 1553 sit
2875 1502 2989 1555 lucc
3036 1503 3296 1559 desolatio
3340 1514 3540 1571 vestra,

1956 1583 2098 1652 quod
2138 1583 2192 1637 in
2227 1585 2344 1641 loco
2381 1602 2479 1642 suo
2505 1590 2638 1645 satis
2661 1591 3083 1659 demonstratur,
3114 1610 3234 1665 qua:
3261 1596 3412 1651 vobis
3428 1597 3547 1667 jam

1957 1676 2178 1730 circiter
2199 1693 2372 1734 annos
2403 1681 2546 1737 mille
2582 1685 2862 1752 persolvit,
2899 1686 2970 1740 nil
3000 1686 3314 1744 fraudatura
3344 1706 3442 1746 vos
3472 1691 3547 1745 de

1957 1769 2191 1836 czcteris,
2222 1786 2392 1842 usque
2420 1773 2473 1826 in
2507 1772 2687 1831 ﬁnem.

268 1913 3017 1944 mw

3021 1929 3100 1947 ﬁ

1059 2047 1724 2182 SANCTI
1778 1988 2707 2168 Ponuntur

1429 2239 1908 2298 CARNOTENSIS
1945 2240 2255 2301 EPISCOPI

890 2420 1720 2552 SEBMONES
1811 2417 2022 2547 AD
2119 2426 2915 2563 POPULUM.

1224 2642 1572 2715 (Bibliotheca
1598 2639 1843 2703 Patrum,
1882 2643 2014 2692 tom.
2048 2637 2232 2710 XVIII,
2266 2660 2387 2717 pag.
2416 2650 2541 2723 ὄλ),

787 2845 1019 2903 SERMO
1060 2845 1341 2900 PRIMUS.

346 2946 537 3002 Patres
564 2942 924 3006 venerabiles,
950 2940 1102 2995 chari
1132 2940 1352 3002 fratres,
1387 2937 1481 2992 ﬁlii
1507 2936 1622 3001 Dei,
1655 2934 1858 3005 aliquid

268 3036 433 3091 vobis
460 3035 706 3092 volumus
739 3047 1041 3088 memorare
1088 3030 1154 3085 de
1198 3029 1264 3084 iis
1290 3044 1410 3099 qua:
1454 3042 1728 3097 nunquam
1762 3042 1861 3082 vos

269 3126 524 3181 oblivisci
548 3132 780 3194 Oportet,
809 3122 1060 3176 videlicet
1107 3121 1376 3192 quomodo
1407 3120 1633 3174 credere
1660 3118 1857 3173 debea-

270 3220 353 3272 tis
376 3227 433 3273 et
460 3217 662 3279 vivere,
711 3225 767 3270 et
795 3216 839 3271 si
865 3214 988 3284 quis
1020 3214 1351 3284 peccaverit,
1374 3211 1645 3280 quomodo
1690 3210 1861 3279 possit

271 3320 624 3375 recuperare.
654 3305 777 3359 Tria
809 3314 937 3359 sunt
962 3303 1080 3358 haec
1110 3320 1125 3357 :
1151 3302 1285 3357 ﬁdes
1314 3302 1580 3357 catholica
1612 3302 1729 3355 lucc
1754 3307 1859 3365 est,

272 3409 341 3454 ut
386 3412 551 3452 unum
606 3397 890 3451 Dominmn
945 3397 999 3450 in
1047 3395 1334 3460 Trinitate,
1368 3406 1425 3449 et
1450 3395 1771 3449 Trinitatem
1805 3393 1859 3447 in

272 3492 489 3546 unitate
512 3504 852 3545 veneremur.
890 3487 1041 3543 Multi
1099 3496 1225 3543 sunt
1263 3497 1442 3542 autem
1472 3487 1563 3556 qui
1603 3503 1708 3541 non
1742 3501 1861 3555 pos-

274 3589 409 3637 sunt
435 3581 536 3635 hoc
569 3579 887 3650 intelligere,
927 3579 1031 3634 nisi
1071 3592 1169 3649 per
1200 3578 1459 3649 quasdam
1488 3578 1643 3647 quasi
1673 3577 1862 3632 simili-

279 3673 500 3728 tudines
532 3672 881 3726 inducantur.
913 3670 1257 3742 Quapropter
1285 3671 1528 3727 dicamus
1554 3683 1609 3726 et
1635 3688 1733 3727 nos
1764 3672 1865 3725 ali-

276 3765 411 3834 quid
435 3763 559 3818 tale.
599 3762 657 3817 In
680 3762 794 3818 sole
828 3771 952 3818 sunt
981 3771 1091 3817 tres
1118 3763 1458 3830 naturaliter,
1490 3764 1726 3833 sphaera,
1755 3764 1864 3818 ela-

277 3856 434 3919 ritas,
467 3855 635 3909 calor.
687 3854 906 3923 Sphazra
942 3853 1071 3909 solis
1109 3854 1433 3909 naturaliter
1462 3863 1545 3909 est
1576 3855 1864 3925 splendens

275 3960 335 4004 et
355 3948 560 4003 calens.
593 3946 849 4002 Summus
883 3945 1046 4002 Pater
1077 3946 1396 4002 naturaliter
1418 3956 1502 4001 est
1538 3947 1780 4017 sapiens,
1809 3958 1865 4001 et

280 4057 504 4107 amans;
528 4042 738 4112 sphaara
760 4040 909 4106 solis,
938 4047 992 4094 et
1016 4039 1296 4110 splendor,
1325 4049 1379 4095 et
1402 4040 1579 4104 calor,
1605 4055 1710 4093 non
1739 4047 1866 4093 sunt

2588 2870 2819 2930 SEMID
2856 2873 2920 2928 ll.

2033 3020 2275 3090 Fratres,
2314 3026 2479 3081 credo
2507 3029 2650 3097 quod
2683 3046 2870 3086 omnes
2900 3031 2994 3101 qui
3027 3031 3280 3103 prmsenti
3321 3032 3543 3088 basilica

1963 3116 2327 3181 continemur,
2350 3134 2449 3186 per
2477 3119 2635 3175 ﬁdem
2660 3122 2952 3177 Christiani
3000 3139 3206 3178 sumus.
3236 3124 3554 3178 Reddamus

1962 3223 2092 3278 ergo
2124 3209 2174 3261 in
2202 3209 2394 3278 primis
2423 3209 2537 3266 Deo
2561 3213 2786 3282 gratias,
2820 3215 2910 3282 qui
2961 3228 3060 3267 nos
3091 3214 3159 3267 ad
3197 3213 3354 3268 ﬁdem
3388 3229 3549 3269 suam

1962 3317 2156 3356 vocare
2187 3302 2440 3373 dignatus
2468 3314 2571 3370 est,
2601 3313 2656 3358 et
2684 3321 2779 3373 per
2810 3304 3063 3376 baptismi
3095 3308 3322 3377 gratiam
3355 3323 3385 3359 a
3412 3321 3543 3376 pec-

1962 3404 2085 3446 cato
2116 3394 2398 3459 mundare,
2431 3402 2486 3449 et
2516 3410 2545 3448 a
2571 3395 2784 3449 diabolo
2810 3394 3062 3449 liberare.
3090 3395 3261 3449 Dicite
3288 3396 3398 3449 Deo
3421 3410 3548 3465 gra-

1966 3484 2089 3551 tias,
2130 3483 2378 3540 fratres:
2421 3486 2465 3539 si
2514 3486 3007 3554 permansissemus
3057 3486 3110 3539 in
3158 3485 3247 3540 illa
3282 3484 3546 3540 munditia

1964 3590 2081 3644 quae
2109 3575 2263 3631 nobis
2291 3591 2387 3644 per
2418 3576 2745 3646 baptismum
2769 3576 2891 3630 data
2917 3585 3023 3641 est,
3050 3592 3176 3632 vere
3199 3577 3380 3631 felices
3402 3590 3549 3630 esse-

1964 3682 2105 3722 mus.
2175 3665 2280 3722 Sed
2313 3682 2418 3721 non
2457 3667 2876 3737 permansimus,
2924 3668 3222 3723 cecidimus
3267 3666 3412 3719 enim
3448 3681 3546 3734 per

1965 3770 2205 3814 nostram
2233 3758 2465 3830 culpam,
2490 3776 2596 3814 non
2624 3759 2797 3815 solum
2826 3761 2877 3814 in
2902 3768 3149 3830 peccata.
3176 3758 3267 3812 sed
3300 3756 3462 3811 etiam
3487 3757 3544 3811 in

1966 3851 2193 3906 crimina
2245 3860 2468 3920 propter
2493 3865 2612 3919 quae
2657 3860 2973 3920 peccatores
3004 3852 3073 3904 ab
3120 3847 3361 3904 Ecclesia
3392 3861 3552 3917 sepa-

1967 3951 2180 4007 rantur,
2208 3941 2384 4011 qualia
2415 3950 2542 3996 sunt
2568 3942 2879 4007 homicidia,
2910 3939 3195 4003 adulteria,
3229 3935 3550 3991 fornicatio-

1966 4052 2085 4098 nes,
2110 4036 2415 4104 sacrilegia,
2443 4036 2664 4105 rapinae,
2706 4036 2871 4099 furta,
2917 4033 3052 4088 falsa
3086 4032 3416 4095 testimonia,
3459 4045 3551 4083 su-

284 4141 395 4187 tres
424 4134 587 4193 soles,
618 4132 712 4186 sed
744 4146 883 4186 unus
912 4124 1030 4196 soli
1063 4146 1306 4186 summus
1331 4130 1495 4185 Pater
1515 4140 1571 4185 et
1594 4130 1858 4198 sapientia
1888 4158 1934 4220 ϐ
1968 4127 2174 4195 perbia,
2203 4126 2426 4189 invidia,
2456 4126 2716 4189 avaritia,
2748 4124 2954 4180 diutina
2988 4123 3287 4186 iracundia,
3315 4121 3553 4176 ebrietas

283 4224 417 4293 ejus,
450 4234 504 4277 et
533 4238 685 4277 amor
729 4223 845 4292 ejus
875 4237 981 4275 non
1030 4231 1156 4275 sunt
1188 4230 1298 4275 tres
1340 4221 1435 4286 dii,
1474 4222 1570 4275 sed
1619 4235 1759 4274 unus
1782 4229 1864 4274 est

285 4314 461 4379 Deus;
487 4315 751 4385 sapientia
769 4314 937 4369 Filius
964 4314 1055 4368 Dei
1081 4323 1183 4378 est,
1210 4315 1444 4383 Spiritus
1464 4323 1684 4368 sanctus
1712 4328 1867 4367 amor

285 4416 408 4461 est:
438 4406 599 4461 Pater
626 4407 806 4477 itaque
832 4416 887 4461 et
912 4406 1101 4472 Filius,
1130 4416 1183 4460 et
1212 4405 1448 4475 Spiritus
1477 4416 1699 4461 sanctus
1727 4421 1867 4460 unus

287 4497 431 4553 Deus
455 4505 574 4563 est;
608 4497 697 4553 hic
731 4499 874 4553 Deus
902 4506 1028 4552 ante
1053 4497 1245 4552 saecula
1279 4508 1335 4552 et
1365 4512 1530 4564 nunc,
1559 4504 1615 4551 et
1652 4511 1868 4566 semper

286 4586 418 4643 fecit
438 4588 619 4642 omnia
650 4587 878 4642 visibilia
904 4596 956 4641 et
983 4586 1295 4642 invisibilia.

362 4677 633 4745 Qumritur
659 4687 839 4733 autem
872 4694 972 4734 cur
1000 4679 1144 4733 Deus
1180 4678 1342 4733 Pater
1371 4677 1567 4732 Filium
1608 4692 1789 4741 suum,
1816 4677 1868 4730 id

289 4784 374 4830 est
396 4774 736 4846 sapientiam,
755 4774 1029 4828 hominem
1058 4773 1170 4827 ﬁeri
1201 4773 1401 4827 voluit?
1423 4772 1870 4841 Respondeamus

288 4879 453 4934 quam
485 4865 800 4920 brevissime
813 4878 1121 4934 possumus,
1140 4873 1358 4933 propter
1379 4863 1652 4918 hominem
1678 4864 1868 4932 utique

298 4957 697 5023 redimendum,
728 4959 816 5027 qui
842 4958 997 5026 culpa
1043 4972 1138 5012 sua
1180 4958 1437 5025 perierat,
1474 4964 1529 5010 et
1557 4971 1655 5025 per
1683 4971 1744 5010 se
1765 4954 1877 5008 non

290 5056 507 5119 poterat
540 5049 812 5126 reparari.
863 5047 997 5101 Nam
1045 5056 1334 5116 antequam
1379 5054 1633 5115 peccaret
1689 5046 1870 5110 homo,

290 5151 415 5197 erat
461 5142 696 5212 prudens
723 5151 778 5196 et
809 5139 1148 5207 immortalis,
1185 5148 1239 5194 et
1277 5139 1505 5193 arbitrio
1564 5139 1721 5202 liber,
1773 5138 1876 5191 fuit

294 5242 479 5289 tamen
511 5241 653 5286 tanta
686 5232 956 5285 calliditas
1003 5231 1226 5295 diaboli,
1253 5240 1311 5284 ut
1361 5231 1643 5284 sedoccret
1667 5244 1788 5283 eum
1821 5238 1875 5283 et

296 5324 550 5378 redderet
593 5323 955 5391 insipientem,
989 5320 1268 5382 mortalem
1310 5315 1366 5373 et
1416 5318 1661 5388 fragilem
1693 5337 1706 5374 :
1735 5334 1873 5388 quo-

296 5415 460 5470 modo
501 5429 629 5484 ergo
672 5423 874 5483 posset,
913 5412 1130 5477 stultus,
1170 5418 1225 5465 et
1275 5410 1503 5480 fragilis,
1531 5419 1585 5462 et
1630 5410 1875 5464 mortalis

1967 4217 2203 4271 assidua.
2240 4216 2392 4271 Sicut
2411 4232 2540 4286 ergo
2583 4215 2691 4271 Deo
2713 4218 2921 4287 gratias
2944 4216 3155 4286 egimus
3184 4229 3283 4285 pro
3313 4213 3556 4267 bonitate

1967 4326 2085 4378 sua,
2124 4312 2201 4366 sic
2228 4326 2326 4364 nos
2379 4310 2677 4380 culpabiles
2708 4301 3068 4366 conﬁteantur
3094 4308 3427 4382 promalitia
3457 4321 3555 4361 no-

1969 4411 2101 4467 stra,
2124 4410 2179 4455 et
2205 4403 2448 4457 dicamus
2473 4402 2667 4473 singuli
2693 4420 2706 4456 :
2737 4384 3051 4471 peccatores
3071 4418 3278 4457 sumus.
3305 4400 3547 4461 Fratres,

1968 4507 2097 4547 vere
2121 4492 2255 4547 tales
2285 4507 2472 4546 sumus
2502 4508 2682 4548 coram
2714 4495 2822 4548 Deo
2843 4503 2898 4547 et
2928 4494 3132 4571 sanctis
3156 4492 3295 4562 ejus,
3323 4490 3415 4544 sed
3450 4489 3555 4542 mi-

1971 4586 2263 4642 sericordia
2300 4585 2415 4655 ejus
2465 4603 2657 4658 magna
2704 4598 2808 4654 est,
2843 4589 2933 4656 qui
2986 4588 3142 4643 nobis
3179 4587 3354 4640 adhuc
3386 4585 3554 4639 donat

1970 4675 2146 4732 locum
2175 4677 2287 4731 sive
2311 4686 2521 4748 tempus
2546 4679 2960 4732 emendationis.

2041 4767 2400 4823 Emendemus
2448 4784 2578 4837 ergo
2627 4770 2678 4822 in
2731 4770 2946 4833 melius,
2985 4767 3140 4834 juxta
3190 4766 3552 4836 Seripturam,

1973 4873 2092 4928 qua:
2119 4859 2417 4929 ignorando
2444 4860 2817 4928 peccavimus;
2840 4860 2984 4928 quod
3014 4859 3058 4913 si
3081 4858 3302 4912 nescitis
3323 4855 3557 4924 qualiter

1973 4949 2263 5004 emendare
2308 4948 2570 5013 debeatis,
2601 4949 2889 5004 dicendum
2937 4957 3019 5002 est
3067 4948 3239 5002 vobis.
3276 4948 3335 5000 In
3364 4946 3556 5017 primis

1975 5055 2202 5109 peccare
2242 5041 2522 5095 desistite:
2547 5042 2784 5111 quandiu
2835 5042 2979 5096 enim
3011 5041 3132 5112 quis
3162 5041 3446 5094 Dominum
3475 5035 3555 5089 of-

1977 5131 2195 5187 fendere
2243 5149 2352 5190 non
2400 5143 2596 5200 cessat,
2628 5150 2728 5189 nec
2758 5135 2875 5204 ejus
2918 5135 3235 5203 poenitentia
3269 5131 3548 5185 fructuosa

1975 5233 2078 5291 est,
2106 5235 2161 5279 et
2200 5226 2293 5294 qui
2323 5224 2378 5279 in
2418 5226 2519 5280 hac
2552 5227 2663 5280 vita
2693 5226 2959 5281 criminali
3005 5234 3226 5293 peccato
3253 5224 3411 5277 ﬁnem
3441 5237 3549 5276 non

1980 5318 2320 5386 imposuerit,
2364 5319 2572 5372 veniam
2628 5319 2681 5372 in
2740 5319 2910 5371 altera
2962 5332 3065 5369 non
3124 5317 3360 5371 habebit.
3413 5315 3555 5378 Qua-

1979 5419 2218 5478 propter,
2257 5417 2321 5464 ut
2354 5409 2484 5471 dixi,
2516 5409 2883 5462 necessarium
2911 5416 2995 5461 est
3039 5406 3088 5460 in
3120 5406 3307 5475 primis
3329 5403 3551 5458 crimini

296 5504 541 5565 effectus.
585 5504 857 5560 diabolum
906 5504 1203 5568 revincere,
1232 5511 1286 5555 et
1313 5516 1638 5569 recuperare
1686 5516 1782 5570 per
1816 5516 1873 5555 se
1900 5495 1952 5557 Β
1981 5500 2141 5554 ﬁnem
2170 5499 2319 5561 dare,
2337 5497 2531 5551 deinde
2551 5512 2681 5552 vero
2712 5499 3001 5552 commissa
3030 5498 3213 5552 delere
3264 5511 3358 5564 per
3391 5494 3558 5563 pmni-
3590 5488 3591 5493 “

296 5595 440 5666 quod
467 5596 798 5662 perdiderat,
829 5594 917 5665 qui
950 5609 1178 5663 qmeque
1200 5593 1301 5647 sibi
1333 5594 1509 5646 adhuc
1532 5592 1740 5646 validus
1772 5607 1878 5645 non

297 5689 578 5743 defendit?
601 5689 744 5744 nullo
774 5688 1063 5742 modoerat
1088 5697 1268 5742 tamen
1291 5685 1621 5757 impossibile
1636 5701 1740 5741 non
1772 5685 1877 5740 im-

296 5779 436 5850 pleri
462 5779 606 5850 quod
632 5779 849 5834 volebat
868 5765 1239 5847 Omnipote'as.

1983 5591 2228 5655 tentiam,
2263 5603 2358 5656 per
2392 5587 2810 5658 eleemosynam,
2843 5605 2940 5658 per
2965 5591 3286 5643 orationem.
3338 5585 3554 5639 Modum

1982 5677 2313 5746 poenitentiae
2329 5676 2478 5731 vobis
2505 5679 2831 5732 constituent
2846 5682 3178 5734 sacerdotes.
3204 5677 3390 5731 Modus
3410 5676 3554 5729 elec-

1990 5784 2226 5836 niosjnze
2251 5778 2356 5834 est,
2391 5771 2682 5825 secundum
2716 5769 3028 5824 facultatem
3062 5770 3341 5824 ct.l;onam
3371 5765 3557 5821 volun-
