4018 6378
406 333 508 393 519

1371 342 1429 397 S.
1464 341 1805 399 FULBERTI
1844 340 2326 398 CARNOTENSIS
2361 340 2665 397 EPlSCOPl

3557 344 3667 398 3:20

407 462 572 506 tatem
623 462 879 508 vestram.
933 454 1147 508 ΜυιΙιηιι
1195 456 1475 511 orationis
1506 458 1789 512 constituit
1835 456 1990 511 nobis
2020 461 2064 517 Α
2094 457 2357 526 processit
2385 472 2451 510 ex
2480 454 2786 510 obedientia
2831 454 2982 525 legis,
3016 464 3070 510 ct
3097 468 3280 510 nostra
3306 457 3667 528 signiﬁcative

403 543 654 598 Christus
681 545 890 600 diversa
922 547 1020 601 sub
1047 548 1378 614 conditione,
1405 564 1570 618 quam
1618 551 1810 616 nostis,
1838 551 1988 605 vide-

405 634 530 689 licet
564 643 615 688 ut
650 635 887 690 dimittat
919 638 1061 692 sicut
1085 645 1141 692 et
1167 653 1286 705 nos,
1322 648 1428 694 etc.
1462 638 1753 695 Hortamur
1781 641 1984 712 itaque,

406 727 625 795 fratres,
654 738 711 783 ut
737 730 965 785 crimina
1015 730 1255 801 fugiatis,
1291 733 1589 804 injunctam
1631 735 1784 790 vobis
1809 737 1989 805 panti-

405 822 631 875 tentiam
659 822 913 877 alacriter
933 825 1268 893 suscipiatis,
1296 834 1517 881 strenue
1542 828 1836 899 peragatis.
1864 827 1988 881 Non

402 922 522 964 sunt
535 913 671 966 enim
684 912 955 981 condignm
965 914 1231 980 passiones
1243 917 1312 968 Im
1309 919 1403 986 jus
1414 918 1659 986 temporis
1673 918 1989 986 adiutarent

403 1001 625 1071 gloriam
646 1021 764 1074 qlia:
784 1004 1159 1061 revelabiturin
1180 1008 1326 1062 nobis
1360 1008 1795 1079 (Rom.vm,18).
1834 1009 1989 1065 Elec-

407 1109 686 1164 mosyuam
716 1111 930 1165 quoque
958 1113 1056 1166 pro
1078 1113 1236 1169 posse
1254 1099 1492 1167 faciatis,
1522 1102 1649 1172 quia
1680 1103 1823 1157 sicut
1848 1117 1986 1172 aqua

404 1185 699 1256 exstinguit
747 1188 948 1259 ignem,
1003 1192 1073 1244 ita
1101 1190 1442 1264 eleemosyna
1467 1194 1760 1264 exstinguit
1798 1209 1990 1263 pecca-

410 1287 542 1331 tum.
557 1277 786 1335 Oremus
812 1290 916 1335 tam
932 1299 1028 1352 pro
1042 1284 1269 1340 invicem
1284 1301 1446 1355 quam
1463 1302 1560 1355 pro
1582 1287 1762 1352 nobis,
1778 1287 1991 1345 dicente

411 1368 656 1438 apostolo
688 1386 702 1421 :
748 1369 1080 1439 Conﬁtemini
1108 1373 1423 1430 alterutrum
1469 1387 1683 1446 peccata
1721 1388 1913 1444 vestra,
1943 1387 1990 1434 et

406 1470 551 1515 orate
573 1478 667 1531 pro
701 1463 916 1518 invicem
943 1475 996 1518 ut
1026 1466 1300 1522 salvemini
1330 1467 1470 1539 (Jac.
1502 1485 1559 1532 ν,
1591 1471 1700 1540 16).
1732 1469 1992 1526 Novimus

409 1560 588 1606 antem
637 1570 734 1623 per
762 1554 1132 1624 ptenitentiam
1169 1559 1380 1627 multos,
1416 1561 1658 1617 evasisse
1692 1562 1990 1631 periculum

413 1641 618 1706 mortis,
651 1643 785 1698 alios
813 1660 911 1713 per
947 1647 1268 1702 orationem.
1334 1649 1621 1704 Enitamur
1661 1652 1844 1716 etiam,
1876 1650 1991 1705 fra-

412 1738 540 1796 tres,
569 1731 709 1785 iuter
743 1733 876 1789 tales
919 1736 1170 1800 inveniri,
1197 1738 1323 1807 quia
1356 1756 1571 1809 regnum
1601 1740 1848 1795 cozlofum
1886 1742 1988 1796 vim

2088 548 2289 603 oblatio
2338 559 2446 613 est,
2495 564 2560 603 ex
2610 547 2751 602 dulci
2808 558 2861 604 et
2910 550 3207 604 venerabili
3263 551 3524 608 memoria
3555 569 3672 609 suae

2089 641 2536 711 prmsentationis.
2578 640 2728 696 Nunc
2767 657 2896 711 ergo
2932 643 3183 709 scientes,
3214 660 3376 714 quam
3410 662 3474 700 ex
3502 647 3666 704 bonis

2090 732 2369 802 principiis
2415 732 2733 787 solenmitas
2787 733 2889 787 ista
2939 734 3158 803 prodiit,
3212 745 3268 790 et
3316 753 3479 806 quam
3523 739 3671 808 piam

2090 832 2442 892 sanctamque
2494 822 2943 893 signiﬁcationem
2999 834 3185 879 nostra
3244 826 3448 883 oblatio
3503 829 3671 899 gerit,

2092 909 2489 965 solemnitatem
2540 912 2738 968 divinis
2777 913 3026 969 laudibus
3056 924 3110 970 et
3143 917 3401 985 operibus
3440 934 3675 975 exorne-

2092 1020 2230 1067 mus,
2263 1013 2317 1060 et
2338 1004 2666 1060 oblationem
2697 1007 2786 1075 pio
2808 1007 3147 1084 celebremus
3169 1009 3390 1077 aﬂ'ectu,
3420 1024 3674 1083 rogantes

2090 1092 2386 1161 piissimam
2416 1095 2506 1149 Dei
2539 1094 2761 1150 Matrem
2788 1106 2845 1151 ut
2869 1097 2983 1166 ipsa
3007 1113 3123 1162 nos,
3138 1106 3191 1152 et
3211 1115 3432 1154 munera
3460 1110 3671 1167 ucstra,

2091 1185 2228 1240 Filio
2260 1202 2362 1242 suo
2405 1188 2714 1258 gratiﬁcare
2751 1189 3022 1260 dignetur,
3058 1199 3114 1246 et
3161 1193 3229 1246 ad
3265 1192 3674 1249 similitudinem

2090 1275 2380 1333 oblationis
2407 1286 2624 1344 nostrte,
2648 1295 2768 1349 quae
2794 1282 3014 1345 munda,
3043 1281 3191 1337 clara
3223 1293 3279 1339 et
3318 1283 3523 1340 fervida
3552 1300 3677 1341 esse

2091 1368 2328 1433 videtur,
2353 1369 2609 1441 deposcat
2636 1372 2794 1428 nobis
2813 1373 2882 1426 ab
2912 1372 3028 1442 ipso
3061 1374 3380 1428 munditiam
3403 1375 3587 1432 cordis
3617 1385 3677 1431 et

2092 1461 2356 1529 corporis,
2399 1460 2582 1516 lumen
2625 1462 2891 1528 scientiae,
2931 1462 3199 1519 fervorem
3249 1464 3370 1520 ﬁdei
3414 1466 3678 1522 etchari-

2095 1554 2243 1619 tatis,
2274 1562 2542 1622 quatenus
2568 1570 2683 1610 suae
2703 1555 2894 1625 gratia:
2924 1554 3066 1610 dono
3107 1557 3343 1621 accensi,
3376 1572 3472 1626 per
3501 1556 3680 1627 Spiric

2096 1651 2208 1697 tum
2270 1653 2518 1698 sanctum
2574 1644 2882 1711 illuminati,
2937 1645 3240 1716 puriﬁcatis
3290 1646 3564 1704 mentibus
3621 1647 3678 1704 in

2098 1735 2294 1806 templo
2342 1746 2534 1792 sancto
2575 1737 2765 1808 gloriae
2814 1753 2926 1795 Suze
2961 1738 3238 1794 valeamus
3263 1754 3547 1809 apparere,
3580 1756 3680 1811 per

407 1820 624 1886 patitur,
676 1834 722 1877 et
762 1824 971 1879 violenti
1010 1802 1263 1893 diripiqu
1313 1802 1446 1881 illud
1484 1828 1701 1898 (Matth.
1756 1847 1834 1894 xu,
1874 1831 1987 1902 12).
2021 1802 2065 1860 Β
2092 1802 2339 1880 eumdem
2373 1802 2655 1881 Dominum
2679 1837 2919 1882 nostrum
2951 1827 3134 1883 Jesum
3166 1802 3462 1884 Christum.

411 1910 636 1967 Praestet
675 1916 819 1971 vires
868 1917 1224 1975 imbecillitati
1277 1935 1475 1977 nostra?
1520 1922 1611 1979 ille
1664 1924 1756 1994 qui
1806 1925 1987 1980 dixit:

412 1999 690 2071 Conﬁdite,
718 2023 811 2075 ego
833 2008 933 2061 vici
954 2011 1206 2064 mundum
1235 2012 1415 2082 (Joan.
1442 2030 1553 2079 xvr,
1584 2015 1700 2085 25),
1733 2014 1992 2073 Dominus

414 2104 596 2149 noster
633 2095 791 2154 Jesus
840 2099 1087 2157 Christus
1136 2104 1226 2173 qui
1282 2120 1403 2161 cum
1458 2105 1621 2163 Patre
1685 2116 1741 2164 et
1789 2108 1993 2179 Spiritu

412 2194 601 2238 sancto
628 2188 753 2241 vivit
781 2198 836 2242 et
863 2200 1050 2261 regnat
1098 2191 1242 2249 Deus
1275 2208 1372 2264 per
1414 2196 1623 2252 inﬁnita
1671 2198 1989 2254 saeculorum

413 2274 627 2328 saecula.
656 2276 851 2333 Amen.

1023 2377 1252 2435 SERMO
1292 2379 1373 2435 ΙΙΙ.

704 2481 770 2519 DE
807 2478 1216 2525 PUBIFiCATlONE
1258 2489 1446 2529 REATE
1486 2492 1687 2532 MANE.

486 2558 746 2614 Volumus
780 2562 933 2617 vobis
982 2563 1222 2620 breviter
1258 2583 1549 2637 exponere,
1607 2571 1823 2636 fratres,
1855 2573 1996 2627 unde

415 2647 582 2716 ccepit
630 2648 943 2706 solemnitas
984 2651 1406 2722 Puriﬁcationis,
1448 2674 1609 2728 quam
1658 2660 1817 2715 hodie
1856 2661 1996 2717 cele-

418 2735 601 2798 brutis,
640 2747 690 2790 et
727 2739 853 2806 quid
897 2742 1042 2794 cerei
1098 2743 1399 2812 signiﬁcent
1444 2724 1600 2817 quos
1630 2748 1854 2804 offertis.
1898 2750 1998 2805 So-

417 2826 670 2881 lemnitas
701 2844 829 2900 ergo
870 2831 969 2885 ista
1007 2835 1265 2902 processit
1297 2852 1363 2892 ex
1390 2836 1527 2905 lege.
1558 2839 1818 2911 Praecepit
1847 2842 1991 2897 enim

420 2917 560 2970 Deus
588 2919 637 2972 in
662 2917 777 2989 lege
811 2931 869 2976 ut
904 2924 1095 2978 mulier
1123 2942 1243 2994 quae
1267 2928 1334 2983 de
1362 2930 1463 2983 viri
1491 2931 1571 2984 sui
1602 2944 1861 3001 conceptu
1889 2934 2000 3002 pri-

420 3026 468 3061 m
509 3011 747 3078 genitum
795 3024 1034 3083 pareret,
1095 3019 1511 3088 quadragesimo
1563 3022 1650 3075 die
1702 3023 1998 3081 nativitatis

422 3109 774 3165 praesentaret
812 3118 934 3157 eum
974 3106 1203 3161 Domino
1239 3109 1292 3163 in
1334 3110 1552 3180 templo,
1585 3128 1706 3167 cum
1764 3114 1995 3169 hostiis:
2027 3142 2073 3205 ϐ

420 3199 471 3241 et
508 3191 594 3246 hic
620 3192 734 3247 dies
762 3192 1162 3251 Puriﬁcationis
1209 3208 1457 3253 vocatur.
1486 3200 1638 3268 Quod
1668 3213 1998 3273 praeceptum

424 3280 820 3338 Puriﬁcationis
853 3295 909 3340 et
947 3287 1231 3343 oblationis
1270 3291 1627 3360 impleverunt
1652 3292 1770 3347 alite
1801 3303 2003 3351 matres

420 3389 485 3426 ex
544 3377 883 3443 necessitate,
925 3380 1049 3450 quia
1080 3382 1295 3451 pollutae
1336 3392 1391 3438 et
1432 3387 1767 3454 peccatrices
1799 3396 1999 3442 erant;

422 3467 638 3533 quando
654 3484 780 3525 vero
795 3471 1045 3527 Christus
1070 3482 1228 3530 natus
1246 3478 1328 3530 e'st
1351 3480 1417 3531 de
1443 3478 1757 3534 beatissima
1786 3480 2004 3549 Virgine

425 3556 614 3623 Maria,
646 3560 758 3630 ipsa
798 3578 902 3617 non
950 3564 1221 3635 indigebat
1265 3568 1422 3637 legali
1454 3570 1850 3638 puriﬁcatione,
1878 3573 2001 3641 quia

425 3650 621 3705 munda
671 3662 787 3707 erat
825 3663 880 3710 et
918 3666 1126 3712 sancta.
1163 3658 1498 3717 Humilitatis
1547 3671 1725 3719 tamen
1775 3674 1831 3718 et
1870 3666 2002 3719 obc-

426 3742 639 3796 dientiaa
662 3759 826 3800 causa
853 3747 955 3818 legi
996 3763 1053 3802 se
1082 3751 1339 3815 subdens,
1371 3754 1590 3808 obedire
1620 3755 1721 3821 legi
1756 3758 2004 3825 quamvis

426 3849 530 3887 non
560 3835 856 3906 indigeret,
887 3839 1082 3895 obtulit
1136 3842 1189 3894 in
1230 3843 1432 3913 templo
1470 3845 1562 3899 Dei
1637 3845 1805 3899 ﬁlium
1847 3862 2002 3902 suum

425 3941 547 3980 cum
596 3926 789 3982 hostiis
813 3931 1228 4000 quadragesimo
1276 3933 1363 3987 die
1394 3934 1712 4001 nativitatis,
1755 3936 1895 3991 sicut
1924 3947 2006 3993 est

429 4017 607 4073 hodie.
645 4020 752 4074 Sed
775 4023 1120 4090 praescntatio
1146 4023 1234 4076 illa
1268 4024 1495 4095 insignis
1517 4033 1572 4079 et
1599 4024 1831 4095 gloriosa
1865 4025 2001 4080 fuit:

428 4120 678 4165 movente
691 4111 835 4164 enim
858 4110 1062 4181 Spiritu
1086 4123 1297 4179 sancto,
1322 4126 1681 4171 occurrerunt
1709 4118 1756 4171 ei
1788 4127 2007 4174 sanctus

425 4199 689 4269 propheta
737 4199 957 4257 Simeon
1005 4213 1061 4258 et
1090 4205 1245 4259 Anna
1276 4215 1464 4262 sancta
1491 4208 1648 4262 vidua
1678 4218 1731 4263 et
1778 4210 2009 4278 prophe-

429 4288 581 4353 tissa,
615 4289 896 4349 laudantes
936 4300 991 4348 et
1030 4295 1408 4352 benedicentes
1457 4296 1742 4353 Dominum
1785 4299 1853 4354 de
1909 4300 2007 4353 ad-

426 4388 589 4436 ventu
632 4380 853 4450 Christi,
888 4385 1028 4440 sicut
1048 4385 1245 4457 legitur
1284 4388 1335 4442 in
1385 4387 1700 4460 Evangelia,
1746 4389 2006 4444 miracula

428 4475 749 4544 praebentes.
780 4476 1029 4532 Christus
1062 4494 1296 4550 namque
1340 4481 1393 4534 in
1434 4496 1598 4537 carne
1625 4481 1867 4549 veniens,
1900 4480 2008 4536 fra-

432 4576 562 4632 tres,
594 4568 914 4625 ostendebat
947 4572 1152 4639 paniter
1171 4582 1226 4627 et
1248 4572 1571 4628 humilitatis
1597 4574 1925 4644 exemplum,
1954 4585 2010 4630 et

430 4659 626 4715 divinae
665 4660 883 4730 pietatis
906 4662 1124 4717 indicia.
1152 4661 1307 4719 Sicut
1337 4664 1390 4718 in
1416 4665 1697 4720 nativitate
1725 4681 1841 4728 sua,
1883 4682 2006 4721 cum

424 4750 633 4820 jaceret
660 4753 939 4807 humiliter
974 4753 1027 4807 in
1058 4756 1340 4825 prmsepio,
1374 4771 1513 4812 nova
1544 4757 1722 4824 stella,
1747 4766 1803 4813 et
1831 4758 2007 4813 laudi-

434 4844 533 4897 bus
556 4844 814 4914 angelicis
836 4845 1217 4901 celebrabatur
1244 4848 1298 4902 in
1323 4838 1496 4903 creto:
1526 4849 1605 4904 sic
1630 4858 1685 4905 et
1702 4850 1863 4905 modo
1887 4865 2008 4906 cum

434 4934 689 5003 parvulus
720 4933 1018 4990 infantulus
1044 4946 1466 5006 praesentaretur
1488 4939 1542 4994 in
1571 4939 1788 5009 templo,
1826 4941 1894 4996 ad
1922 4941 2013 4996 de-

433 5026 747 5082 clarandam
797 5028 1135 5083 divinitatem
1184 5044 1337 5084 suam
1386 5030 1438 5084 in
1495 5045 1663 5087 carne
1706 5031 2010 5087 latitantem

435 5116 598 5171 corda
614 5118 997 5186 prophetarum
1020 5119 1364 5175 illuminabat
1385 5120 1619 5190 Spiritus
1640 5132 1881 5178 sanetus.
1904 5121 2014 5177 Nos

435 5222 565 5275 ergo
592 5208 683 5277 qui
710 5206 861 5261 illum
884 5223 1073 5263 verum
1102 5209 1389 5264 Dominum
1431 5221 1488 5265 et
1516 5210 1792 5266 hominem
1820 5211 2014 5265 adora-

442 5315 584 5364 mus,
615 5299 669 5353 in
716 5300 1029 5354 memoriam
1082 5299 1525 5358 Praescntationis
1561 5302 1677 5371 ejus
1720 5304 1773 5357 in
1816 5303 2014 5372 templo

435 5390 772 5446 celebramus
826 5390 971 5445 hunc
1019 5391 1161 5446 diem
1209 5410 1333 5449 cum
1385 5395 1656 5450 oblatione
1686 5410 2011 5450 cereorunt:

437 5496 539 5550 per
568 5481 750 5535 lumen
780 5481 947 5546 cerei,
978 5480 1338 5550 divinitatem,
1364 5500 1464 5555 per
1488 5498 1669 5540 ceram
1699 5483 2012 5555 signiﬁcan-

441 5584 521 5628 tes
547 5587 769 5628 carnem
821 5573 989 5644 ipsius
1018 5574 1358 5646 virginalem.
1404 5576 1535 5646 Apis
1564 5576 1707 5630 enim
1737 5584 1791 5630 et
1818 5574 2013 5648 mellis,

440 5676 495 5721 et
530 5681 673 5721 certe
715 5665 893 5737 opifex
928 5668 1044 5723 sine
1081 5668 1223 5723 coitu
1250 5670 1417 5724 maris
1441 5677 1496 5724 et
1524 5668 1741 5724 feminae
1762 5682 2018 5738 procrea-

445 5767 547 5811 tur.
588 5758 739 5813 Patet
767 5774 896 5829 ergo
934 5760 1061 5830 quia
1109 5758 1460 5815 Praesentatio
1491 5757 1692 5815 Christi
1734 5758 1787 5812 in
1820 5757 2015 5828 templo

2713 1918 2945 1976 SERMO
2980 1920 3073 1976 IV.

2224 2021 2292 2059 DE
2328 2023 2659 2065 NATIVI'I'ATE
2699 2027 3029 2067 BEATISSIIIE
3070 2029 3250 2068 ιλιιιέε
3289 2030 3539 2069 νικϐικις.

2164 2099 2488 2168 Αβιινοιιεηεε
2539 2103 2948 2158 consuetudinis
3007 2115 3091 2161 est
3150 2107 3289 2175 apud
3340 2106 3680 2161 Christianos

2095 2200 2407 2246 sanctorum
2435 2192 2651 2247 Patrum
2699 2195 2813 2249 dies
2845 2196 3117 2253 natalitios
3137 2199 3426 2253 observare
3449 2200 3683 2269 diligen-

2099 2290 2197 2344 ter,
2225 2289 2279 2334 et
2308 2282 2575 2353 praecipue
2602 2283 2827 2340 virtutes
2857 2299 3043 2341 eorum
3071 2287 3371 2360 assignatas
3393 2287 3593 2344 litteris
3622 2288 3675 2343 in

2098 2370 2335 2426 Ecclesia
2376 2374 2606 2429 recitare
2644 2377 2711 2429 ad
2760 2375 2971 2432 laudem
3001 2377 3115 2444 Dei,
3147 2395 3211 2433 ex
3261 2382 3414 2451 cujus
3456 2395 3681 2435 munere

2097 2472 2244 2532 sunt,
2266 2474 2321 2519 et
2346 2464 2412 2519 ad
2438 2466 2799 2522 instrumenta
2831 2468 3122 2526 minorum.
3164 2470 3310 2526 lnter
3337 2488 3527 2527 onmes
3555 2488 3683 2527 san-

2098 2562 2237 2620 ctcs,
2279 2557 2538 2611 memoria
2586 2558 2912 2614 beatissima:
2962 2560 3196 2630 Virginis
3235 2577 3301 2617 eo
3343 2560 3683 2632 frequentius

2098 2648 2276 2718 agitur
2317 2659 2480 2720 atque
2511 2647 2779 2716 festivius,
2826 2666 2933 2720 quo
2972 2651 3230 2720 majorem
3268 2653 3497 2725 gratiam
3538 2657 3683 2726 apud

2101 2737 2386 2793 Dominum
2408 2742 2647 2795 creditur
2667 2742 2956 2799 invenisse.
2982 2742 3134 2797 Unde
3161 2754 3282 2813 post
3305 2744 3407 2798 alia
3433 2748 3683 2815 quadam

2100 2830 2270 2900 ipsius
2299 2834 2603 2902 antiquiora
2631 2834 2912 2898 solemnia,
2950 2852 3056 2890 non
3088 2836 3184 2891 fuit
3214 2846 3466 2892 contenta
3512 2838 3681 2892 devo-

2104 2922 2178 2977 tio
2218 2922 2476 2989 ﬁdelium,
2518 2925 2648 2993 quin
2682 2926 2983 2980 nativitatis
3021 2926 3260 2982 solemne
3296 2928 3688 2996 superadderet

2103 3018 2449 3074 hodiernum.
2491 3019 2603 3074 Hac
2649 3020 2832 3089 itaque
2858 3021 2943 3075 die
2973 3021 3317 3089 peculiariter
3344 3019 3399 3074 in
3444 3018 3685 3089 Ecclesia

2105 3108 2416 3164 recitandus
2455 3124 2577 3164 esse
2607 3109 2823 3165 videtur
2848 3110 2936 3165 ille
2965 3110 3120 3174 liber,
3165 3110 3257 3180 qui
3305 3111 3371 3163 de
3401 3118 3523 3164 ortu
3564 3110 3687 3179 ejus

2104 3207 2158 3252 et
2180 3200 2288 3253 vita
2313 3201 2548 3270 scriptus
2576 3196 2974 3268 inveniebatur,
2998 3202 3044 3256 si
3074 3218 3178 3256 non
3209 3201 3539 3271 iudicassent
3558 3216 3686 3255 eum

2105 3289 2296 3345 Patres
2328 3291 2469 3344 inter
2516 3292 2821 3363 apocrypha
2871 3292 3280 3348 numerandum.
3328 3292 3397 3347 At
3421 3294 3685 3364 quoniam

2104 3384 2316 3452 magnis
2349 3384 2778 3453 acsapieutibus
2805 3383 2940 3439 viris
2978 3384 3051 3439 ita
3088 3385 3263 3441 visum
3293 3394 3396 3453 est,
3440 3399 3539 3440 nos
3578 3386 3689 3441 alia

2105 3477 2373 3543 quadam,
2416 3476 2511 3531 sed
2566 3493 2671 3532 non
2727 3476 2901 3532 aliena
2944 3477 3203 3549 legentes,
3251 3479 3691 3534 ecclesiasticum

2107 3583 2311 3622 morem
2336 3568 2531 3623 debitis
2543 3566 2734 3622 ciliciis
2757 3583 3135 3639 exsequamur.
3150 3570 3310 3625 Beata
3330 3586 3458 3640 ergo
3472 3569 3690 3625 Domini

2106 3659 2276 3714 Mater
2299 3668 2353 3713 et
2381 3667 2636 3729 perpetua
2652 3658 2817 3731 Virgo
2836 3659 3020 3723 Maria,
3039 3660 3352 3730 priusquam
3378 3669 3695 3715 nasceretur

2104 3748 2337 3804 oraculis
2366 3749 2644 3805 enuntiata
2676 3759 2784 3815 est,
2822 3758 2877 3805 et
2906 3750 3181 3821 designata
3230 3750 3527 3817 miraculis,
3562 3760 3693 3804 nata

2108 3854 2236 3892 vero
2258 3839 2513 3909 progenie
2533 3839 2793 3894 divinitus
2821 3840 3092 3905 ordinata,
3121 3839 3399 3910 privilegio
3426 3841 3693 3895 virtutum

2108 3930 2333 4001 insignis
2362 3932 2576 3995 enituit,
2611 3931 2948 3988 Salvatorem
2977 3932 3145 3988 edidit
3189 3948 3219 3987 a
3250 3948 3358 4004 quo
3387 3932 3693 4004 gloriﬁcata

2108 4023 2160 4076 in
2210 4022 2370 4086 coelo,
2416 4038 2692 4092 nunquam
2744 4023 3033 4095 terrigenis
3080 4024 3406 4094 patrocinari
3450 4024 3689 4080 desistit.

2109 4113 2538 4182 Propositionem
2565 4123 2824 4184 sequatur
2841 4115 3033 4171 ordine
3059 4130 3156 4170 sua
3180 4116 3440 4170 narratio.
3461 4113 3695 4186 Jamque

2110 4201 2410 4256 referamus
2441 4217 2607 4256 unum
2643 4202 2711 4257 de
2741 4203 3053 4273 praetaxatis
3101 4203 3357 4268 oraculis,
3402 4219 3469 4259 ac
3495 4205 3695 4260 deinde

2110 4294 2295 4363 paucis
2327 4294 2695 4363 expediamus.
2719 4295 2866 4350 Dixit
2890 4296 3148 4352 IEIernus
3174 4297 3240 4352 ad
3263 4304 3525 4363 veterem,
3550 4297 3697 4352 Dens

2110 4386 2177 4439 azl
2206 4394 2511 4455 serpentem
2541 4402 2554 4438 :
2590 4384 2910 4442 Inimicitias
2945 4390 3137 4459 penam
3175 4390 3311 4443 inter
3344 4399 3395 4443 te
3426 4399 3477 4443 et
3504 4389 3700 4444 mulie-

2040 4485 2083 4543 υ
2114 4493 2243 4542 rem,
2288 4487 2337 4532 et
2381 4494 2555 4532 semen
2586 4489 2754 4546 tuum,
2793 4491 2841 4534 et
2887 4497 3062 4535 semen
3104 4480 3249 4536 illius
3279 4478 3433 4552 (Gen.
3465 4496 3553 4546 tu,
3584 4481 3692 4552 15).

2112 4566 2249 4632 ρυιά
2280 4568 2382 4632 est',
2411 4566 2628 4633 fratres,
2659 4569 2711 4623 in
2754 4585 2857 4626 noc
2882 4570 3002 4626 loco
3027 4572 3296 4641 serpentis
3321 4581 3483 4641 caput
3506 4581 3693 4625 conte-

2115 4672 2254 4725 rere,
2294 4659 2397 4714 nisi
2439 4661 2791 4730 principalem
2837 4662 3033 4718 diaboli
3067 4664 3487 4735 suggestionem,
3533 4663 3586 4718 id
3612 4672 3696 4717 est

2111 4752 2626 4822 concupiscentiam,
2652 4753 2952 4808 resistendo
2973 4756 3268 4823 superare?
3298 4752 3355 4809 Si
3392 4768 3525 4823 ergo
3551 4768 3697 4823 qua:-

2114 4851 2264 4897 ratur
2312 4858 2561 4912 quamam
2606 4844 2802 4897 mulier
2830 4844 3134 4914 huiusmodi
3157 4844 3442 4899 victoriam
3467 4853 3693 4912 operata

2113 4934 2221 4989 sit?
2268 4933 2512 5004 profecto
2563 4950 2668 4989 non
2724 4936 2993 5004 reperitur
3040 4935 3094 4990 in
3139 4934 3280 4989 linea
3329 4935 3697 5006 generationis

2113 5024 2381 5091 humane,
2409 5024 2581 5080 donec
2611 5027 2958 5094 perveniatur
2983 5025 3052 5080 ad
3084 5025 3231 5081 illam
3256 5026 3323 5081 de
3349 5041 3454 5095 qua
3485 5026 3695 5096 agimus

2114 5125 2421 5171 sanctarum
2453 5125 2718 5172 sanctam.
2751 5116 2821 5171 At
2868 5117 2913 5171 si
2949 5117 3330 5187 interrogetur,
3356 5116 3410 5170 in
3443 5131 3553 5185 quo
3581 5130 3696 5170 ser-

2116 5205 2293 5274 pentis
2342 5214 2505 5275 caput
2551 5205 2633 5261 vel
2672 5206 2786 5277 ipsa
2830 5206 3185 5262 contriverit?
3231 5206 3487 5260 nimirum
3533 5205 3590 5259 in
3632 5219 3698 5259 eo

2114 5297 2256 5365 quod
2285 5297 2651 5366 virginitatem
2676 5296 2836 5351 simul
2869 5304 2925 5352 et
2950 5294 3312 5351 humilitatem
3338 5295 3448 5350 Deo
3478 5292 3695 5349 sacriﬁ-

2116 5388 2280 5443 cavit.
2301 5387 2626 5459 Virginitate
2670 5403 2908 5458 namque
2950 5397 3165 5443 servata
3195 5387 3459 5457 probatur
3491 5386 3702 5441 exstim

2117 5481 2262 5535 xisse
2289 5478 2783 5549 concupiscentiam
2811 5479 3022 5543 carnis;
3063 5477 3390 5543 humilitate,
3416 5491 3539 5546 quae
3570 5474 3698 5530 facit

2118 5587 2408 5644 pauperem
2448 5571 2663 5641 spiritu,
2702 5569 3196 5640 concupiscentiam
3230 5569 3448 5625 mentis.
3497 5567 3697 5638 Sicque

2118 5662 2401 5734 principali
2431 5663 2775 5733 suggestione
2801 5662 3002 5718 diaboli
3042 5662 3186 5717 victa
3213 5702 3229 5725 ,
3252 5660 3505 5715 vitiosum
3536 5671 3701 5730 caput

2120 5753 2336 5809 virtutis
2360 5752 2497 5823 pede
2526 5753 2800 5808 contrivit.
2847 5749 2963 5809 Non
3002 5762 3179 5808 tamen
3226 5752 3326 5807 hoc
3349 5749 3484 5816 solo,
3517 5751 3614 5806 sed
3634 5765 3699 5805 eo
