4018 6410
366 268 376 279 ο

334 330 428 385 S'II

1546 320 1912 379 SERMONES
1951 324 2043 378 AD
2080 322 2351 379 POPULU
2362 325 2428 377 Μ.

3499 337 3605 392 3‘29.

331 459 493 513 quatn
518 438 753 497 maxime
776 436 1150 507 triumphavit,
1175 436 1318 506 quod
1346 436 1413 490 de
1436 451 1531 491 sua
1565 438 1919 492 mundissima
1956 449 1999 502 Α
2028 441 2427 510 dispensatione
2455 457 2646 497 nomen
2680 446 2905 514 accepit,
2932 446 3005 502 ita
3037 458 3093 503 ut
3124 448 3237 520 ipsa
3272 467 3487 523 quoque
3516 471 3606 509 vo-

328 550 494 590 carne
522 538 807 602 corporata
839 527 1100 599 sapientia
1125 527 1282 592 dicit,
1315 526 1717 596 Usquequaque
1758 526 1914 581 mali-

331 625 460 678 tiatn
508 624 783 693 attingens
826 636 854 674 a
903 619 1009 673 fine
1054 632 1225 687 usque
1276 618 1342 671 ad
1382 617 1542 671 ﬁnem
1592 616 1916 683 fortiter,et

326 719 621 787 disponens
645 713 825 768 omnia
854 711 1094 768 suaviter
1117 710 1269 781 (ευρ.
1286 725 1409 773 vin,
1435 710 1509 778 l).
1535 709 1658 765 Iltrc
1680 720 1763 764 est
1785 724 1915 780 ergo

327 807 522 861 mulier
562 806 822 875 adquam
868 802 1110 856 divinum
1177 801 1305 855 illud
1359 801 1672 854 intendebat
1719 816 1913 855 oracu-

324 901 435 954 lum
461 941 477 965 ,
540 900 683 954 banc
724 896 1052 967 quandoque
1082 894 1415 948 nascituram
1464 893 1741 958 innuebat,
1775 892 1914 947 banc

321 990 677 1061 singulariter
707 986 1014 1042 intimabat.
1047 985 1308 1055 Expedito
1352 999 1514 1053 quam
1565 983 1751 1053 paucis
1789 998 1913 1037 ora-

318 1083 471 1147 culo,
508 1096 676 1136 unum
716 1078 970 1148 quodque
1002 1077 1068 1132 de
1099 1075 1376 1130 miraculis
1398 1073 1734 1129 absolvatur.

391 1174 644 1242 Accepta:
692 1176 819 1224 sunt
860 1184 891 1222 a
936 1175 1125 1222 sancto
1156 1165 1334 1237 Moyse
1365 1163 1589 1236 singula:
1633 1164 1800 1235 virga:
1838 1164 1906 1219 de

313 1264 549 1333 singulis
578 1261 824 1317 tribubus
848 1259 1035 1324 Israel,
1059 1258 1369 1313 nominibus
1397 1272 1584 1312 earum
1613 1255 1907 1326 inscriptae,

306 1357 543 1427 iubente
595 1355 847 1418 Domino,
899 1361 954 1409 et
1001 1354 1189 1425 posita:
1245 1353 1297 1407 in
1347 1352 1695 1408 tabernaculo
1741 1352 1905 1421 ejus:

262 1474 267 1479 λ
314 1450 468 1503 inter
505 1461 640 1517 quas
681 1459 790 1499 una
828 1460 950 1515 qua:
997 1443 1173 1499 fuerat
1216 1443 1421 1498 Aaroni
1468 1445 1686 1498 inventa
1717 1455 1909 1499 estse-

308 1540 506 1609 quenti
548 1539 635 1593 die
657 1537 1010 1607 germinassc,
1048 1534 1323 1601 floruisse,
1361 1535 1687 1600 fronduisse,
1727 1545 1781 1591 et
1816 1553 1909 1606 pe-

309 1630 526 1699 perisse
571 1626 875 1699 amygdala.
922 1625 1113 1681 Sciens
1144 1639 1277 1696 crgo
1319 1624 1581 1679 Dominus
1618 1625 1722 1682 hoc
1771 1642 1907 1696 Opus

308 1736 474 1774 suum
507 1718 687 1789 magni
720 1730 841 1773 esse
871 1716 1140 1787 mystcrii,
1165 1715 1335 1787 jussit
1364 1716 1572 1771 servari
1602 1718 1810 1788 virgam
1836 1718 1905 1772 ad

2020 531 2195 586 cabuli
2224 532 2306 586 sui
2340 532 2505 603 ﬁgura
2535 549 2786 605 magnum
2821 538 3075 607 quiddam
3118 540 3397 599 innueret:
3433 545 3602 602 inter-

2019 632 2265 690 pretatur
2295 624 2438 678 enim
2463 628 2625 679 maris
2652 628 2822 682 stella.
2855 629 2994 694 Quid
3025 647 3152 702 ergo
3176 634 3459 704 mysticum
3488 638 3604 691 haec

2019 715 2393 783 interpretatio
2423 726 2594 787 gerat,
2640 734 2737 788 per
2782 721 3189 777 similitudinem
3232 725 3599 781 ostendamus.

2016 801 2203 857 Nautis
2232 805 2429 875 quippe
2479 822 2627 861 mare
2676 810 3097 875 transeuntibus,
3134 822 3322 867 notare
3352 829 3487 885 Opus
3518 825 3602 869 est

2015 896 2224 951 stellam
2262 897 2425 963 hanc,
2458 898 2611 969 longe
2636 914 2665 953 a
2690 915 2899 956 summo
2921 901 3040 956 cmli
3068 904 3290 959 cardine
3314 921 3603 961 coruscan-

2017 998 2145 1057 tem,
2177 1001 2231 1046 et
2279 1008 2342 1045 ex
2396 1004 2642 1062 respectu:
2700 994 2841 1049 illius
2870 995 3140 1053 mstimare
3169 1006 3331 1068 atquc
3367 998 3600 1069 dirigere

2014 1095 2231 1135 cursum
2276 1097 2452 1147 suum,
2487 1092 2545 1136 ut
2573 1093 2786 1153 portum
2818 1085 3146 1140 destinatum
3190 1087 3600 1156 apprchendere

2011 1175 2237 1243 possint.
2293 1173 2467 1229 Simili
2519 1178 2717 1241 modo,
2764 1174 2998 1242 fratres,
3050 1187 3264 1249 Oportet
3318 1180 3599 1234 universos

2011 1262 2382 1328 Christicolas,
2435 1264 2577 1320 inter
2625 1266 2818 1323 fluctus
2850 1267 3006 1335 lmjns
3042 1269 3220 1323 εωρυιὶ
3249 1269 3597 1340 remigantes,

2011 1356 2290 1411 attendere
2331 1358 2498 1415 maris
2547 1359 2759 1413 stellam
2805 1360 2963 1425 hanc,
3014 1361 3064 1413 id
3097 1371 3180 1415 est
3208 1359 3597 1432 Mariam,qute

2010 1462 2264 1517 supremo
2293 1463 2470 1503 rerum
2493 1450 2695 1503 cardini
2734 1450 2840 1504 Deo
2866 1452 3105 1519 proxima
3135 1463 3237 1517 est,
3266 1462 3321 1505 et
3353 1461 3593 1522 respectu

2008 1538 2239 1609 exempli
2271 1537 2386 1608 ejus
2410 1556 2626 1595 cursum
2660 1542 2779 1597 vita:
2815 1543 3067 1612 dirigere.
3102 1542 3253 1609 Quod
3286 1544 3375 1613 qui
3408 1542 3600 1599 fecerit

2009 1644 2113 1683 non
2145 1629 2443 1699 jactabitnr
2516 1649 2669 1688 vanae
2719 1634 2904 1704 glorim
2949 1645 3129 1699 vento,
3170 1651 3268 1690 nec
3323 1635 3599 1708 frangetur

2007 1723 2243 1793 scopulis
2277 1724 2652 1791 adversorum,
2695 1742 2794 1781 nec
2843 1726 3221 1782 absorbebitur
3269 1727 3483 1799 scyllam
3506 1743 3599 1781 vo-

306 1813 737 1867 monimentum.
790 1808 1153 1864 Monebantur
1177 1808 1322 1863 enirn
1356 1808 1451 1863 ﬁlii
1490 1808 1652 1864 Israel
1673 1826 1903 1882 pra-sen-
1937 1811 1979 1869 Β
2010 1815 2197 1884 ragine
2224 1814 2584 1885 voluptatum,
2635 1816 2727 1871 sed
2767 1832 3027 1887 prospere
3059 1818 3237 1874 veniet
3283 1819 3349 1873 ad
3381 1828 3596 1890 portum

308 1903 390 1956 tia
433 1903 621 1972 virgte,
674 1914 920 1971 quaerere
974 1898 1212 1953 sollicite
1257 1899 1387 1968 quid
1416 1898 1749 1969 signiﬁcaret
1796 1907 1905 1954 tam

309 1993 561 2048 mirabile
590 1991 815 2056 factum,
849 1990 992 2060 quod
1043 1989 1204 2061 longo
1244 1997 1366 2059 post
1407 1990 1660 2061 aperiens
1691 1992 1906 2046 divinus

307 2088 479 2141 Isaias
518 2102 531 2137 :
568 2084 902 2155 Egredietur,
930 2082 1127 2152 inquit,
1170 2082 1314 2152 virga
1352 2082 1417 2134 de
1452 2082 1627 2135 radice
1654 2082 1821 2150 Jcsse,
1856 2095 1904 2137 et

303 2180 413 2248 ﬂos
440 2178 505 2231 de
546 2178 725 2231 radice
771 2177 888 2247 ejus
918 2179 1187 2242 ascendet,
1224 2185 1271 2229 et
1306 2175 1584 2245 requiescet
1610 2192 1767 2245 super
1786 2194 1905 2230 eum

305 2272 540 2340 Spiritus
565 2269 777 2324 Domini
809 2268 945 2340 (Isa.
982 2284 1054 2335 st,
1086 2266 1159 2340 l).
1187 2268 1268 2322 Ad
1312 2268 1425 2323 haec
1459 2268 1618 2323 verba
1649 2279 1903 2338 tanquam

305 2364 587 2419 auditores
611 2361 728 2432 ejus
753 2362 1027 2431 dicerent:
1055 2359 1439 2430 Opaterlsaia,
1468 2361 1697 2415 obscure
1727 2360 1905 2431 loque-

313 2459 411 2523 ris“,
436 2457 524 2512 dic
564 2457 744 2522 nobis,
776 2469 983 2526 quaeso,
1016 2455 1188 2525 ipsam
1216 2470 1329 2508 rem
1364 2454 1673 2521 manifeste,
1706 2455 1905 2524 adjecit

305 2553 617 2606 claritatem
641 2559 697 2605 et
720 2550 795 2603 ait
812 2567 825 2603 :
842 2548 978 2603 Ecce
1000 2549 1141 2619 virgo
1165 2547 1414 2617 concipiet
1438 2556 1485 2601 et
1510 2550 1677 2618 pariet
1707 2547 1902 2617 ﬁlium,

303 2657 357 2699 et
384 2646 653 2699 vocabitur
682 2658 868 2696 nomen
890 2641 1004 2711 ejus
1038 2637 1353 2694 Emmanuel
1400 2636 1536 2712 (Isa.
1569 2655 1664 2704 vn,
1694 2640 1799 2709 14).
1821 2640 1904 2695 Fi-

306 2741 441 2794 lium
466 2752 683 2809 quoque
710 2736 967 2807 Virginis,
998 2734 1050 2789 id
1079 2745 1162 2789 est
1186 2732 1609 2799 Emmanuelem,
1643 2731 1903 2801 praeclare

304 2833 650 2887 describens:
688 2828 849 2896 Puer,
903 2828 1098 2900 inquit,
1152 2836 1306 2881 natus
1326 2837 1400 2880 est
1435 2826 1602 2892 nobis,
1639 2827 1778 2881 filius
1807 2829 1904 2880 «ια-

311 2937 399 2981 tus
446 2935 523 2980 est
573 2925 744 2990 nobis,
777 2933 825 2977 et
864 2922 1342 2976 coeabiturnomen
1390 2918 1506 2989 ejus
1538 2917 1900 2985 Admirabilis,

304 3015 835 3083 Consiliarius,Deus
859 3013 1033 3083 fortis,
1050 3009 1214 3065 Pater
1231 3010 1399 3082 futuri
1421 3010 1624 3077 steculi,
1652 3009 1901 3081 Princeps

301 3110 481 3180 pacis:
514 3095 952 3177 multipficabitur
971 3102 1087 3173 ejus
1110 3100 1385 3172 imperium
1411 3110 1459 3153 et
1488 3100 1633 3171 regni
1655 3101 1771 3170 ejus
1794 3118 1897 3154 non

304 3205 403 3257 erit
449 3201 573 3272 ﬁnis
624 3199 760 3273 (Isa.
812 3213 891 3264 tx,
930 3195 1006 3267 6).
1050 3192 1203 3262 Quod
1237 3207 1369 3263 ergo
1412 3191 1553 3247 Deus
1596 3192 1900 3262 designavit

306 3294 591 3360 miraculo,
620 3292 723 3348 hoc
766 3308 798 3346 a
837 3297 1049 3346 secreto
1075 3285 1243 3341 Isaias
1290 3283 1470 3355 prodit
1514 3284 1794 3339 vaticinio.
1832 3284 1899 3339 Et

305 3390 448 3460 quod
472 3400 626 3443 vates
656 3385 873 3451 cecinit,
900 3387 1299 3453 consequenter
1326 3377 1405 3433 rei
1426 3378 1603 3434 exitus
1632 3380 1898 3449 approba-

306 3482 402 3535 vit.
430 3479 567 3535 Nam
610 3480 751 3535 sicut
799 3477 888 3533 illa
933 3475 1085 3545 virga
1132 3473 1249 3529 sine
1282 3473 1479 3535 radice,
1509 3472 1629 3527 sine
1658 3472 1899 3543 quolibet

308 3582 519 3627 natura:
548 3571 627 3626 vel
658 3570 792 3624 artis
838 3566 1169 3623 adminiculo
1210 3563 1586 3619 fructiﬁcavit:
1627 3566 1699 3621 ita
1738 3565 1898 3639 Virgo

308 3661 476 3716 Maria
509 3661 625 3715 sine
673 3658 940 3730 conjugali
980 3672 1143 3727 opere
1175 3655 1342 3710 filium
1374 3658 1697 3724 procreavit,
1729 3657 1898 3717 filium

308 3769 439 3809 sane
486 3750 617 3808 flore
643 3751 980 3822 designatum
1016 3760 1070 3806 et
1093 3748 1274 3807 fructu
1298 3767 1313 3817 ;
1341 3749 1495 3818 flore,
1528 3762 1746 3821 propter
1773 3766 1899 3820 spe-

306 3846 467 3909 ciem,
510 3840 707 3909 fructu,
744 3851 965 3912 propter
992 3842 1300 3896 utilitatem.
1329 3841 1427 3897 Est
1452 3841 1600 3899 enim
1631 3843 1897 3912 speciosus

307 3936 478 4005 {arma
516 3950 625 4006 pra:
651 3932 777 4003 filiis
810 3933 1081 3987 hominum
1112 3928 1284 4004 (Psal.
1322 3947 1473 3997 XLIV,
1520 3932 1599 4004 5),
1641 3944 1691 3988 et
1721 3932 1901 3988 vitalis

308 4027 532 4084 refectio
562 4043 668 4082 non
711 4026 884 4081 solum
914 4025 1218 4091 hominum,
1247 4026 1341 4080 sed
1372 4024 1535 4080 etiam
1564 4024 1897 4095 angelorum.

308 4119 445 4174 IIinc
480 4118 717 4174 breviter
746 4126 952 4171 asserta
996 4115 1379 4187 propositionis
1406 4114 1673 4187 particula
1702 4117 1899 4186 prima,

307 4210 452 4281 quod
474 4209 721 4282 sequitur
749 4208 1099 4279 attingamus.

378 4302 517 4359 Nata
562 4310 646 4358 est
688 4294 851 4372 igitur
899 4302 1215 4358 beatissima
1247 4301 1431 4374 Virgo,
1466 4300 1609 4357 sicut
1652 4298 1898 4372 legimus,

306 4407 460 4468 patre
517 4393 815 4459 Nazarene,
872 4404 1048 4450 matre
1093 4392 1512 4458 Bethleltemita,
1562 4407 1702 4462 quas
1731 4391 1893 4446 urbes

2008 1904 2205 1974 quietis
2238 1914 2471 1960 aeternae.
2530 1905 2627 1961 llic
2666 1908 2709 1961 si
2738 1908 2858 1977 quis
2890 1908 3188 1979 interroget
3229 1909 3433 1976 dicens,
3464 1909 3595 1978 quid

2006 2012 2136 2066 ergo
2158 2005 2316 2066 ptttas
2342 1998 2517 2068 qualis
2541 1998 2667 2053 olim
2698 1999 2751 2054 in
2802 2001 2981 2054 anima
3012 2000 3194 2066 fuerit,
3220 2001 3304 2056 vel
3332 2018 3474 2056 nunc
3500 2002 3593 2063 sit,

2008 2090 2123 2144 hate
2168 2106 2418 2160 persona,
2449 2106 2569 2160 qua:
2620 2092 2698 2146 sic
2744 2093 2993 2147 onmibus
3052 2103 3252 2149 sanctis
3304 2095 3595 2165 spectanz'a

2007 2189 2169 2249 atque
2193 2182 2450 2235 imitanda
2484 2183 2848 2253 proponitur?
2892 2186 3161 2241 veraciter
3188 2186 3595 2256 respondemus,

2006 2276 2131 2346 quia
2181 2274 2338 2346 longe
2367 2276 2654 2347 perfectior
2679 2293 2839 2348 quam
2872 2286 3056 2332 nostra
3085 2279 3333 2333 oratione
3367 2278 3593 2333 demon-

2005 2368 2167 2423 strari
2199 2370 2388 2439 possit.
2423 2368 2627 2425 Tamen
2670 2385 2737 2424 ne
2765 2370 2839 2424 ibi
2872 2370 3004 2424 nihil
3053 2371 3233 2426 dicere
3279 2385 3590 2441 argnamur.

2006 2463 2095 2518 ubi
2152 2463 2322 2532 tnajor
2360 2461 2529 2518 afllnit
2577 2464 2732 2533 copia
2794 2463 3144 2518 dicendorum
3174 2502 3191 2529 ,
3254 2473 3594 2519 reservantes

2007 2556 2169 2611 multa
2198 2567 2363 2627 atque
2392 2572 2581 2627 magna
2613 2556 2879 2619 facundis,
2917 2559 3112 2611 saltem
3150 2571 3320 2625 pauca
3349 2556 3594 2611 dicamus

2004 2661 2166 2716 super
2197 2648 2321 2713 boc,
2354 2657 2409 2704 et
2441 2664 2561 2718 qua:
2587 2646 2745 2702 facile
2790 2648 3087 2718 probentur
3114 2648 3317 2702 audita.
3350 2646 3466 2703 Hoc
3495 2648 3595 2720 igi-

2007 2751 2093 2796 tur
2121 2741 2173 2795 in
2199 2742 2389 2811 primis
2412 2752 2659 2796 astruere
2692 2741 2773 2797 fas
2819 2749 2923 2804 est,
2949 2740 3093 2809 quod
3133 2741 3313 2813 anima
3345 2739 3515 2810 ipsius
3540 2749 3596 2794 et

2003 2846 2133 2888 caro
2157 2847 2320 2901 quam
2349 2832 2542 2903 elegit,
2570 2841 2624 2887 et
2651 2830 3013 2885 habitaculum
3038 2831 3138 2885 sibi
3165 2829 3292 2885 fecit
3315 2829 3592 2901 Sapientia

2003 2921 2099 2978 Dei
2126 2920 2328 2988 Patris,
2358 2921 2426 2976 ab
2448 2921 2593 2977 omni
2618 2920 2820 2976 malitia
2844 2931 2900 2976 et
2928 2921 3268 2975 immunditia
3290 2920 3593 2991 purissimae

2004 3015 2250 3081 fuerunt,
2283 3014 2586 3070 afﬁrmante
2603 3013 2913 3084 Scriptura:
2940 3013 3199 3083 Quoniam
3214 3015 3268 3067 in
3287 3012 3595 3068 malevolam

2002 3111 2235 3164 animant
2269 3124 2372 3162 non
2405 3107 2637 3162 introibit
2672 3108 2952 3178 sapientia,
2990 3122 3083 3161 nec
3112 3105 3365 3159 habitabit
3394 3106 3449 3160 in
3474 3120 3593 3158 cor-

1997 3220 2123 3274 pore
2143 3201 2349 3257 subdito
2374 3200 2598 3272 peccatis
2633 3198 2783 3271 (Sap.
2824 3216 2863 3265 ι,
2890 3199 2970 3270 4).
3002 3198 3132 3254 Item
3156 3206 3377 3253 econtra
3416 3195 3592 3252 conﬁ-

1998 3294 2191 3351 denter
2220 3295 2539 3359 asserimus,
2570 3293 2696 3364 quia
2723 3291 2870 3348 nullo
2899 3292 3161 3346 virtutum
3193 3304 3393 3362 genere
3424 3303 3589 3344 vaca-

1996 3388 2108 3453 bat,
2143 3388 2227 3444 cui
2276 3386 2663 3459 plenitudinem
2711 3385 2898 3456 gratim
2949 3382 3044 3439 Dei
3076 3382 3295 3439 nuntius
3319 3380 3596 3437 asserebat

1999 3483 2201 3538 inesse.
2234 3481 2407 3549 Quod,
2453 3488 2748 3536 attestante
2773 3477 3124 3550 archangelo,
3155 3476 3403 3548 quamvis
3430 3488 3593 3529 nemo

2000 3588 2132 3629 sana
2163 3582 2341 3628 mente
2369 3572 2659 3635 discredat,
2696 3580 2875 3625 tamen
2908 3571 2952 3624 si
2982 3569 3105 3640 quis
3126 3569 3301 3624 adhuc
3336 3566 3424 3638 pio
3445 3564 3591 3621 desi-

2000 3667 2154 3723 derio
2182 3674 2390 3738 quaerat
2426 3674 2742 3736 argumenta
2772 3663 3032 3717 virtutum
3055 3676 3121 3715 ex
3146 3660 3326 3716 verbis
3355 3665 3410 3713 et
3429 3656 3589 3712 factis

2000 3757 2118 3828 ejus
2149 3774 2271 3829 qua:
2311 3756 2596 3825 Scriptura
2642 3761 3053 3817 commemorat,
3086 3757 3234 3805 tanto
3255 3748 3356 3804 sibi
3379 3746 3592 3803 facilius

2000 3857 2331 3915 occurrent,
2359 3856 2562 3917 quanto
2607 3846 2721 3916 ipse
2763 3844 2818 3899 in
2864 3843 3156 3915 quaerendo
3211 3840 3419 3896 fidelior
3463 3838 3590 3893 erit.

2002 3942 2141 4000 Sunt
2158 3949 2335 3997 autem
2358 3954 2423 3994 ex
2444 3938 2523 3993 eis
2543 3936 2788 4008 quaedam
2816 3935 2963 3990 omni
2997 3934 3111 3991 fere
3132 3933 3439 3989 Christiano
3462 3949 3592 4005 pcr-

2001 4034 2206 4106 spicua.
2236 4032 2371 4100 Quis
2393 4031 2537 4086 enim
2580 4029 2782 4099 estqui
2809 4043 2931 4082 cum
2954 4026 3193 4097 jucunda
3233 4027 3592 4085 admiratione

2000 4144 2108 4184 non
2136 4125 2445 4198 speculetur
2475 4123 2642 4192 ipsius
2674 4130 2901 4177 maturae
2932 4118 3291 4174 adolescentis
3324 4118 3591 4174 fortitudi-

2002 4233 2150 4284 nem,
2190 4225 2246 4273 et
2292 4214 2659 4286 prudentiam,
2692 4220 2746 4268 et
2775 4210 2935 4266 ﬁdem
2988 4210 3041 4264 in
3092 4209 3363 4280 colloquio
3389 4210 3595 4278 angeli-

2002 4325 2093 4375 co,
2117 4308 2211 4363 ubi
2242 4318 2351 4363 tam
2380 4312 2693 4362 constanter
2720 4301 3014 4371 eloquitur,
3038 4309 3146 4354 tam
3177 4300 3478 4369 prudenter
3508 4300 3592 4354 in~

2004 4410 2264 4471 terrogat,
2292 4408 2403 4453 tam
2433 4395 2590 4451 facile
2612 4394 2826 4449 credit?
2848 4393 2980 4461 Quis
3004 4392 3148 4448 enim
3184 4408 3290 4449 non
3321 4391 3501 4446 videat
3526 4407 3593 4444 ac

307 4485 511 4541 tlbristi
556 4483 825 4539 nativitati
868 4482 952 4538 vel
995 4482 1395 4539 conversationi
1438 4482 1735 4537 destinatas
1780 4497 1902 4537 esse
1933 4503 1980 4562 ι)
2007 4491 2236 4547 videndo
2257 4491 2486 4544 miretur
2500 4485 2769 4555 justitiam
2792 4482 2929 4553 ejus,
2950 4498 3056 4552 qua
3080 4480 3160 4535 sic
3179 4482 3428 4535 universa
3453 4495 3591 4550 pm.

308 4579 585 4652 pmpbetae
612 4594 719 4634 non
753 4586 1055 4633 tacuerant.
1088 4575 1373 4632 Descendit
1398 4582 1582 4631 autem
1608 4576 1676 4630 ab
1716 4574 1898 4629 radice

310 4672 453 4726 illius
504 4669 609 4724 ﬁde
637 4669 884 4739 praeclari
933 4667 1184 4734 Abrabaa,
1229 4667 1313 4722 cui
1358 4681 1590 4738 superne
1635 4666 1900 4737 promissa

309 4763 487 4817 fuerat
511 4760 814 4818 benedictio
841 4760 1081 4815 omnium
1110 4760 1353 4831 gentium
1384 4760 1439 4813 in
1468 4759 1675 4815 semine
1702 4775 1818 4825 suo,
1846 4768 1904 4814 et

309 4854 377 4909 ab
402 4853 573 4923 stirpe
605 4852 791 4916 David,
822 4865 983 4921 quem
1006 4850 1146 4906 Deus
1171 4860 1387 4922 propter
1417 4860 1601 4906 notam
1631 4850 1734 4906 sibi
1771 4866 1899 4921 pro-

308 4946 535 4999 bitatem
586 4943 799 5015 egregia
843 4942 999 4998 laude
1062 4942 1394 5011 sublimavit,
1434 4944 1622 5000 dicens
1663 4961 1678 4998 :
1718 4942 1902 4998 Inveni

310 5038 479 5091 virum
508 5036 795 5090 secundum
825 5050 916 5089 car
952 5050 1122 5088 meum
1152 5033 1289 5106 (Act.
1321 5050 1442 5103 xui,
1472 5034 1589 5103 ἓξ).
1618 5035 1693 5090 De
1729 5034 1895 5105 regali

310 5142 506 5199 nempe
549 5127 692 5181 tribu
735 5125 896 5182 simul
948 5134 1005 5181 et
1049 5126 1372 5182 sacerdotali
1417 5128 1574 5183 duxit
1609 5128 1898 5199 originem,

311 5237 434 5292 qutc
455 5235 723 5276 summum
742 5218 941 5287 ltegem
960 5227 1121 5289 atque
1144 5216 1463 5275 Pontificetn
1490 5228 1611 5275 erat
1635 5219 1898 5290 paritura.

313 5312 430 5367 Non
463 5320 644 5365 tamen
687 5310 802 5365 hzec
842 5308 1045 5365 idcirco
1085 5308 1411 5371 dixerimus.
1458 5310 1602 5383 quod
1643 5310 1902 5366 Dominus

312 5402 404 5471 qui
436 5409 750 5471 peccatores
780 5414 975 5454 vocare
1008 5399 1176 5467 venit,
1224 5399 1543 5472 dedignatus
1574 5401 1646 5455 sit
1673 5409 1901 5456 matrem

314 5508 469 5548 suam
513 5503 827 5562 peccatores
880 5491 1082 5546 habere
1110 5501 1387 5562 cognatos,
1434 5492 1575 5546 inter
1605 5507 1740 5554 quos
1776 5508 1897 5563 spe-

315 5586 462 5641 ciosa
492 5585 640 5639 velut
667 5585 807 5639 inter
836 5585 1020 5655 spinas
1044 5586 1218 5641 lilium
1239 5596 1542 5658 appareret.
1569 5586 1694 5641 Ilaec
1726 5598 1903 5656 itaque

316 5682 486 5737 electa
519 5691 575 5738 et
628 5682 853 5749 insignis
900 5683 1043 5738 inter
1084 5681 1245 5749 ﬁlias,
1276 5697 1380 5738 non
1414 5682 1637 5736 fortuitu
1660 5683 1902 5753 quidem,

317 5785 411 5839 aut
436 5777 551 5832 solo
600 5775 799 5847 placito
851 5784 1137 5845 parentum
1178 5783 1249 5828 ‘ut
1296 5773 1553 5845 plerique,
1600 5775 1691 5828 sed
1723 5772 1901 5829 divina

2000 4590 2156 4652 cepta
2194 4580 2392 4634 divinat
2422 4576 2555 4647 legis
2584 4574 2864 4644 satagebat
2910 4570 3157 4641 implere,
3187 4581 3246 4625 ut
3293 4585 3393 4625 nec
3430 4571 3496 4625 ad
3531 4585 3592 4625 se

1999 4669 2323 4742 pertinentia
2347 4666 2611 4736 inexpleta
2640 4660 3011 4732 relinqueret?
3039 4660 3198 4715 Verbi
3233 4659 3403 4729 gratia
3429 4675 3442 4711 :
3470 4668 3591 4727 post

2002 4770 2218 4834 partum
2245 4759 2392 4815 enim
2422 4753 2797 4826 purificatione
2846 4750 3002 4821 legali
3044 4764 3207 4819 quam
3239 4749 3452 4819 agebat,
3479 4763 3586 4801 non

2003 4854 2219 4925 egebat,
2253 4850 2379 4920 quia
2404 4847 2583 4901 virum
2613 4845 2666 4900 in
2698 4842 3053 4914 concipiendo
3080 4856 3187 4894 non
3234 4849 3477 4895 noverat.
3512 4836 3589 4894 De

2006 4941 2357 5014 temperantia
2385 4952 2600 5010 quoque
2624 4934 2793 5006 ipsius
2819 4933 3068 5004 superius
3097 4931 3297 4987 dictum
3328 4938 3431 4995 est,
3467 4945 3591 4999 quas

2006 5037 2116 5092 Deo
2148 5030 2475 5105 virginitatis
2507 5030 2677 5086 lilium
2719 5030 2773 5083 in
2803 5024 3121 5083 humilitatis
3144 5024 3283 5080 valle
3310 5023 3582 5094 produxit.

2004 5126 2138 5182 Cum
2163 5138 2295 5195 ergo
2314 5122 2604 5178 virtutibus
2626 5116 2951 5189 supradictis
2970 5114 3114 5172 facta
3137 5128 3255 5185 ejus
3277 5115 3433 5187 plena
3459 5124 3589 5171 sunt

2004 5228 2166 5288 atque
2189 5216 2354 5282 dicta,
2384 5212 2729 5269 manifestum
2755 5219 2837 5266 est
2888 5224 2995 5264 non
3022 5207 3195 5264 solum
3237 5206 3587 5263 attestatioue

2004 5310 2267 5382 angelica,
2298 5308 2393 5365 sed
2410 5307 2576 5363 etiam
2608 5320 2791 5361 rerum
2812 5310 3131 5374 argumento
3153 5301 3357 5357 nullum
3373 5300 3589 5357 virtutis

2006 5399 2332 5457 beatissima:
2387 5396 2593 5468 Virgini
2643 5394 2899 5451 defuisse.
2951 5394 3346 5463 Depromebant
3404 5392 3588 5461 itaque

2006 5496 2235 5550 virtutes
2262 5494 2315 5548 in
2342 5491 2672 5562 cogitatione
2710 5498 2768 5545 et
2804 5489 2999 5544 affectu
3029 5489 3210 5543 cordis
3251 5486 3367 5556 ejus
3397 5484 3585 5542 ineffa-

2006 5585 2168 5640 bilem
2198 5582 2561 5646 harmoniam,
2586 5595 2749 5651 quam
2780 5580 2898 5650 ipsa
2944 5579 3182 5636 creatrix
3229 5587 3286 5632 et
3315 5576 3588 5632 inhabita-

2007 5680 2110 5733 trix
2157 5677 2276 5748 ejus
2326 5676 2421 5730 Dei
2457 5674 2719 5745 sapientia
2750 5674 3121 5729 delectabatur
3169 5671 3385 5735 audire;
3435 5683 3591 5723 coru-

2007 5772 2235 5828 scabant
2262 5769 2392 5826 foris
2422 5770 2474 5824 in
2518 5768 2801 5839 superficie
2850 5766 3118 5822 sermonis
3148 5773 3200 5820 et
3242 5773 3418 5828 actus,
3446 5761 3588 5816 unde
