4018 6380
444 287 560 346 325

1414 271 1469 327 S.
1495 268 1835 326 FULBERTI
1872 262 2347 324 CARNOTENSIS
2377 262 2691 321 .EI’ISCOPI

3605 269 3717 325 32a

456 397 655 453 merito
684 398 904 464 possent
928 387 1174 445 homines
1196 382 1498 456 gloriﬁcare
1553 382 1740 445 Deum,
1769 391 1823 436 ct
1851 394 2035 435 exem-
2064 387 2111 444 Λ
2139 386 2307 449 peret,
2373 377 2543 433 tacies
2596 376 2808 433 refulsit
2853 387 2913 432 ut
2956 378 3059 435 sol.
3090 379 3424 453 Peractoque
3457 382 3722 457 deinceps

456 487 546 558 pla
593 484 781 541 salutis
826 480 1092 550 accipere.
1125 476 1241 531 Tali
1273 490 1403 544 ergo
1453 482 1722 542 tantccqnc
1772 487 2033 543 persontc,

461 579 589 649 quid
621 576 836 632 tandem
887 574 953 627 ad
989 570 1208 626 honoris
1258 567 1530 622 cumulum
1580 566 1751 635 potuit
1780 564 2039 618 accedere

463 670 665 741 majus:
696 683 760 722 eo
783 666 926 737 quod
940 664 1086 720 DeiF
1093 664 1240 719 ilium
1266 661 1430 732 Virgo
1456 659 1898 728 concepit,Virgo
1928 673 2040 711 ma-

466 771 550 815 ter
578 759 766 824 edidit,
805 758 907 812 hac
932 771 1123 824 nempe
1146 755 1406 823 dignitate
1436 751 1761 806 venerabilis
1795 749 1933 803 facta
1957 756 2043 804 est

468 851 598 921 ipsis
626 865 840 920 quoque
874 857 1180 903 sanctorum
1207 837 1490 900 ordinibus
1526 842 1860 913 angelorum.
1885 841 2039 908 Quod

466 955 630 1009 opere
656 939 941 993 manifesto
968 937 1265 993 declaravit
1304 936 1394 989 ille
1435 950 1661 1004 magnus
1694 942 1858 1001 atque
1887 930 2043 985 fortis

475 1029 828 1099 archangelus
862 1027 1100 1094 Gabriel,
1142 1027 1233 1097 qui
1264 1041 1383 1081 eam
1425 1035 1711 1096 antequam
1743 1024 1838 1078 Dei
1871 1031 2044 1077 mater

472 1122 646 1189 ﬁeret,
682 1122 808 1191 quia
838 1121 1072 1175 futuram
1110 1127 1353 1183 noverat,
1401 1126 1547 1172 tanta
1590 1116 1938 1171 veneratione
1960 1130 2043 1170 sa-

468 1213 692 1267 lntando
733 1212 1016 1283 praevenit,
1069 1211 1171 1265 hac
1219 1210 1404 1264 eadem
1461 1208 1720 1278 dignitate
1769 1204 1914 1260 facta
1965 1212 2048 1260 est

468 1306 632 1360 etiam
664 1305 974 1376 imperiosa,
1013 1302 1305 1357 secundum
1340 1300 1662 1356 eharitatem
1710 1313 1838 1368 erga
1891 1312 2048 1367 snpe-

460 1412 668 1462 ros,ac
698 1409 863 1466 super
911 1393 1114 1448 inferos
1144 1407 1238 1462 per
1281 1390 1687 1446 discretionem.
1736 1386 1890 1443 Unde
1932 1386 2048 1458 plu-

470 1488 609 1542 rima
637 1486 838 1555 scripta
871 1493 997 1539 sunt
1024 1481 1392 1551 exemplorum
1423 1477 1841 1548 argumenta,de
1857 1475 2049 1546 quibus

472 1577 539 1630 ad
568 1590 804 1646 praesens
832 1574 1076 1643 quaedam
1116 1570 1347 1625 sufﬁciat
1394 1581 1713 1623 memorare.
1764 1565 1855 1619 llla
1888 1565 2051 1635 igitur

470 1664 597 1720 olim
628 1665 681 1718 in
708 1662 966 1717 auxilium
993 1662 1168 1734 magni
1190 1660 1367 1714 Patris
1391 1658 1570 1713 Basilii
1621 1656 1767 1711 misit
1804 1663 2048 1711 sanctum

2140 468 2341 534 triduo,
2366 483 2485 521 cum
2514 468 2760 523 laudibus
2785 468 2837 522 in
2884 468 3112 525 ecclesia
3134 473 3237 541 pia:
3262 472 3450 529 Matris
3475 473 3718 543 Domini,

2140 574 2238 628 per
2263 573 2422 626 quam
2452 558 2826 614 reconciliatus
2851 557 3048 629 fuerat,
3068 575 3105 615 va
3132 561 3408 620 laboribus
3422 565 3536 621 suis
3557 566 3726 624 beato

2141 647 2246 703 ﬁne
2271 648 2474 717 quievit

2218 736 2439 791 Talibus
2461 752 2591 809 ergo
2616 737 2771 794 factis
2796 740 3125 810 approbatur
3150 742 3276 813 quia
3308 743 3521 801 Domini
3546 746 3727 801 Mater

2145 828 2343 896 ubique
2373 829 2662 898 imperiosa
2705 839 2810 895 est,
2854 830 3052 901 ubique
3101 834 3407 903 magniﬁca,
3440 847 3585 893 certe
3631 838 3728 893 cui

2144 937 2369 991 pronum
2396 932 2479 977 est
2509 932 2726 979 sanctos
2753 926 2973 995 angelos
3007 927 3059 980 in
3096 927 3728 997 ntinisteriummittere,

2144 1021 2200 1066 et
2226 1013 2292 1066 ad
2323 1014 2715 1084 heneplacitum
2744 1032 2901 1071 suum
2940 1017 3238 1073 inferorum
3268 1029 3422 1089 pacta
3448 1036 3673 1080 eassare
3706 1041 3725 1090 ;

2147 1103 2232 1158 his
2280 1119 2494 1174 quoque
2542 1115 2597 1160 et
2625 1107 2747 1162 aliis
2798 1107 2993 1164 inﬁniti
3043 1111 3254 1165 numeri
3285 1112 3564 1169 beneﬁciis
3606 1130 3734 1184 qua:

2148 1194 2235 1249 vel
2272 1197 2473 1266 scripta
2497 1206 2646 1264 sunt,
2687 1198 2772 1253 vel
2805 1198 3002 1269 passim
3033 1200 3146 1271 jugi
3171 1201 3483 1257 sentiuntur
3505 1203 3729 1267 effectu,

2150 1286 2291 1355 quod
2314 1296 2364 1341 et
2384 1288 2547 1357 justis
2584 1297 2639 1343 et
2684 1290 3061 1359 peccatoribus
3098 1291 3330 1348 ﬁdeliter
3352 1294 3737 1351 invocantibus

2149 1391 2208 1431 se
2246 1386 2445 1445 przcsto
2478 1388 2581 1444 est,
2628 1388 2683 1432 et
2734 1395 3008 1450 nunquam
3056 1381 3137 1437 eis
3187 1382 3442 1452 opitulari
3491 1384 3732 1441 desistit.

2157 1466 2384 1521 Veniant
2411 1469 2574 1539 igitur
2608 1470 2675 1523 ad
2707 1485 2824 1524 eam
2867 1470 3000 1540 justi
3043 1487 3165 1527 cum
3197 1472 3401 1530 Basilio
3442 1474 3739 1533 laudantes

2153 1570 2218 1610 ac
2248 1556 2647 1622 benedicentes,
2693 1557 3055 1631 eﬁ‘ectumque
3101 1560 3335 1618 celerem
3365 1564 3480 1619 suis
3523 1568 3740 1622 sanctis

2154 1635 2439 1702 desideriis
2450 1650 2797 1718 postulantes
2811 1652 2931 1706 sine
2960 1652 3122 1708 dubio
3144 1660 3473 1726 percepturi.
3500 1657 3745 1712 Veniant

471 1757 816 1829 angelum,et
856 1728 1451 1815 mortuumsuseitavit,
1476 1750 1565 1819 qui
1615 1747 1754 1801 male
1782 1747 2048 1800 viventem
2084 1728 2125 1786 υ
2156 1747 2469 1808 peccatores
2507 1757 2628 1795 cum
2687 1741 2986 1813 Theophilo
3047 1746 3334 1802 tundentes
3379 1763 3472 1804 rea
3509 1759 3740 1818 pectora

464 1845 841 1920 pessumdedit
866 1850 1269 1914 persecutorem
1293 1838 1412 1909 ejus
1432 1838 1703 1892 lulianum
1729 1846 2048 1907 apostatam,

473 1948 529 1994 et
562 1940 675 1992 lucc
699 1935 927 1990 historia
957 1932 1235 1987 notissima
1280 1940 1382 1985 est.
1414 1928 1505 1983 Illa
1535 1929 1701 1983 etiam
1736 1936 1808 1993 te,
1852 1942 1887 1981 ο
1927 1941 2054 1996 pec-

464 2039 627 2086 cator
672 2027 943 2098 quondam
1000 2023 1318 2094 Tthphilc,
1371 2022 1721 2093 pmnitentcm
1770 2030 1824 2074 et
1853 2019 2053 2089 suppli-

477 2122 616 2176 citer
647 2120 984 2173 invocantem
1035 2116 1103 2170 ab
1135 2114 1262 2184 ipsis
1287 2113 1485 2168 diaboli
1535 2110 1779 2166 faucibus
1811 2117 2056 2181 potenter

467 2211 693 2280 eripuit.
723 2209 828 2263 Sed
845 2207 972 2278 quid
996 2220 1284 2277 graventur
1310 2204 1468 2273 hujus
1500 2203 1634 2273 lapsi
1662 2201 2054 2272 reparationem

476 2301 667 2374 paucis
694 2298 868 2363 effari,
894 2312 1017 2352 cum
1044 2294 1233 2349 audire
1255 2295 1326 2350 sit
1355 2308 1532 2364 operte
1560 2291 1839 2362 pretium?

547 2393 597 2447 Is
622 2394 750 2463 ergo
773 2389 1102 2460 Theophilus
1142 2387 1397 2442 incedens
1419 2386 1543 2441 olim
1597 2387 1650 2440 in
1679 2385 1847 2456 patria
1872 2381 2055 2452 cujus-

478 2483 602 2539 dam
643 2481 877 2553 episcopi
920 2480 1239 2544 ciliciorum,
1286 2486 1343 2532 ut
1380 2479 1648 2547 scriptura
1695 2476 1939 2546 quasdam
1981 2485 2058 2529 te-

480 2585 674 2641 statur,
705 2583 924 2646 propter
976 2570 1270 2626 infortunia
1305 2584 1398 2624 sua
1435 2569 1490 2622 in
1538 2566 1813 2622 tristitiam
1840 2565 2054 2630 cecidit,

476 2668 623 2720 unde
650 2664 875 2720 contulit
899 2678 1018 2719 sesc
1045 2662 1111 2716 ad
1137 2661 1423 2731 quemdam
1456 2659 1697 2714 Judaeum
1732 2657 2058 2723 maleficum,

480 2755 599 2825 ejus
625 2753 911 2808 consilium
955 2761 1010 2805 ct
1038 2751 1298 2806 auxilium
1350 2757 1560 2818 petens.
1618 2746 1732 2801 Hoc
1764 2746 2060 2801 mcdiatore

476 2846 698 2902 locutus
726 2859 847 2899 eum
875 2840 1087 2899 diabolo
1113 2840 1578 2896 Christianitatem
1602 2838 1908 2909 abnegavit,
1941 2837 2059 2891 dia-

484 2937 662 2993 bolum
698 2935 959 3001 adoravit,
1009 2934 1167 3003 eique
1208 2933 1275 2988 de
1301 2948 1397 2988 sua
1438 2931 1831 3001 mancipatione
1877 2930 2059 2985 chiro-

484 3028 749 3099 graphum
775 3025 997 3081 tradidit
1039 3023 1241 3079 annulo
1266 3039 1364 3079 suo
1390 3024 1679 3094 signatura.
1716 3021 1911 3077 Postea
1932 3036 2062 3075 vero

484 3119 613 3175 facti
656 3119 943 3190 paenitens,
972 3117 1306 3185 multumque
1360 3130 1419 3171 se
1461 3116 1643 3171 animo
1687 3129 1890 3185 angens
1933 3114 2062 3183 quid

484 3211 710 3276 faceret,
738 3224 845 3281 quo
897 3224 957 3264 se
1002 3217 1262 3274 verteret,
1305 3209 1517 3263 tandem
1570 3207 1810 3262 collectis
1847 3204 1969 3261 ﬁdei
2007 3214 2064 3260 et

477 3303 600 3374 spei
629 3303 856 3368 viribus,
884 3299 1128 3373 confugit
1155 3301 1222 3355 ad
1249 3301 1538 3356 ecclesiam
1577 3299 1862 3369 quamdam
1892 3304 2063 3354 beatm

488 3392 670 3447 Maria:
695 3392 886 3447 matris
911 3391 1124 3446 Domini
1153 3390 1427 3444 memoria:
1449 3389 1776 3454 dedicatam,
1803 3388 1893 3442 ubi
1925 3404 2063 3456 qna-

474 3482 735 3553 draginta
760 3482 966 3536 dierum
994 3479 1284 3534 aﬁlictione
1334 3488 1600 3533 mactatus
1626 3480 1805 3533 animo
1830 3479 2065 3533 contrito

485 3594 681 3634 nomen
719 3579 835 3649 ejus
883 3578 1170 3632 invocabat
1211 3574 1430 3647 jngiter,
1465 3590 1529 3629 ac
1569 3573 1923 3644 patrocinium
1965 3574 2066 3627 im-

482 3669 754 3742 plorabat.
783 3668 920 3736 Quid
947 3667 1145 3722 multa?
1174 3667 1429 3737 Respexit
1475 3667 1619 3721 hunc
1642 3667 1872 3735 propitia
1896 3666 2059 3719 mise-

486 3760 733 3815 ricordia:
779 3759 969 3822 Mater,
992 3767 1046 3811 et
1095 3771 1192 3826 per
1238 3755 1501 3810 visionem
1561 3755 1638 3810 illi
1691 3770 1957 3824 apparens
1999 3755 2066 3809 de

488 3852 767 3921 impietate
783 3849 1056 3920 “coarguit,
1078 3847 1142 3901 ad
1157 3846 1357 3902 Christi
1379 3845 1770 3901 confessionem
1798 3846 2062 3900 excitans.

488 3941 774 3997 Consolata
812 3948 898 3994 est
946 3938 1215 3993 dolentem
1260 3937 1567 4006 pollicendo
1614 3950 1844 4001 veniam,
1903 3947 1957 3989 et
2001 3950 2067 3988 ne

488 4032 763 4088 dubitaret
809 4030 874 4085 de
902 4029 1188 4099 promisso,
1233 4024 1600 4097 supradictum
1650 4026 2067 4097 chirographum

491 4121 701 4177 diabolo
727 4126 976 4189 potenter
1002 4127 1247 4186 ereptum
1271 4117 1483 4185 captivo
1514 4115 1744 4170 reddidit
1785 4115 1839 4169 in
1874 4115 2069 4185 pignus

487 4212 777 4269 libertatis.
804 4210 957 4277 Quod
1006 4225 1127 4264 cum
1180 4209 1442 4279 evigilans
1497 4223 1656 4277 supra
1698 4216 1886 4279 pectus
1912 4223 2066 4263 suum

489 4304 725 4374 positum
754 4302 1043 4366 inveniret,
1067 4289 1231 4370 quam
1264 4302 1417 4356 lactus
1457 4300 1748 4365 exstiterit,
1779 4316 1940 4370 quam
1982 4300 2069 4369 pio

2153 1844 2274 1883 cum
2308 1831 2523 1886 interno
2544 1829 2697 1897 ﬁetu,
2751 1834 2853 1904 ipsi
2882 1849 3117 1909 quoque,
3167 1836 3214 1891 si
3250 1851 3375 1892 vere
3409 1840 3740 1909 pmniteant,

2157 1918 2519 1975 desideratam
2579 1924 2794 1978 veniam
2836 1905 3101 1996 adepturi,
3133 1927 3199 1981 de
3247 1905 3476 1998 quorum
3507 1905 3744 1986 numero

2157 2011 2252 2066 tibi
2276 2012 2656 2080 assistentibus
2679 2015 2834 2069 nobis
2867 2024 2926 2070 ut
2952 2017 3241 2073 subvenire
3258 2018 3369 2088 jam
3406 2030 3462 2075 et
3488 2021 3747 2076 auxiliari

2156 2102 2415 2173 digneris,
2446 2105 2817 2175 imploramus,
2855 2122 2888 2161 ο
2917 2108 3200 2177 prmelecta
3229 2112 3243 2164 !
3270 2125 3303 2164 ο
3327 2112 3544 2166 sancta!
3571 2126 3749 2167 vene—

2157 2195 2345 2251 rabilis
2375 2206 2429 2253 et
2451 2199 2744 2268 imperiosa
2778 2199 2791 2252 !
2823 2215 2857 2254 o
2878 2199 3116 2257 clemens
3155 2210 3209 2257 et
3236 2203 3467 2274 propitia
3507 2205 3747 2259 Domina

2157 2296 2365 2351 nostra,
2393 2303 2501 2357 quo
2530 2289 2800 2357 possimus
2854 2294 3178 2359 recuperare
3206 2301 3260 2348 et
3302 2294 3504 2349 habere
3542 2310 3745 2366 perpe-

2159 2384 2306 2430 tuam
2337 2378 2565 2446 gratiam
2611 2378 2704 2432 ﬁlii
2738 2380 2812 2433 tui
2854 2377 2981 2436 Jcsu
3030 2380 3233 2436 Christi
3278 2382 3489 2438 Domini
3542 2385 3743 2448 nostri,

2158 2465 2247 2534 qui
2275 2481 2397 2520 cum
2436 2466 2601 2521 Patre
2620 2477 2674 2522 et
2696 2467 2906 2539 Spiritu
2934 2480 3121 2527 sancto
3150 2472 3282 2527 vivit
3301 2480 3356 2527 et
3385 2486 3578 2545 regnat
3602 2490 3750 2533 unus

2160 2556 2304 2612 Deus
2334 2557 2387 2612 in
2412 2567 2694 2613 aeternum.
2722 2561 2912 2616 Amen.
3190 2558 3194 2562 ’

2790 2650 3022 2708 SERMO
3057 2650 3127 2710 ν.

2402 2757 2532 2797 ῙἹἘΜ
2565 2757 2638 2797 DE
2677 2760 3007 2801 ΝΔΤΙἨΤΔΤΕ
3046 2761 3224 2802 ΙΔΒΙΕ
3264 2764 3512 2805 γικςῐκιε.

2233 2828 2458 2888 Fratres
2480 2835 2813 2902 charissimi,
2848 2835 2902 2890 in
2931 2838 3033 2891 hac
3065 2839 3150 2892 die
3183 2838 3520 2895 celebramus
3558 2842 3753 2897 natale

2162 2921 2409 2992 gloriosa:
2427 2925 2667 2980 Domina:
2686 2935 2887 2982 nostra:
2904 2927 3085 2984 Maria:
3107 2930 3353 2985 videlicet
3367 2930 3754 3002 Redemptoris

2167 3015 2337 3069 nostri
2365 3015 2574 3072 Matris.
2598 3016 2855 3073 Volumus
2872 3019 3026 3075 vobis
3050 3021 3250 3092 aliquid
3271 3021 3475 3077 referre
3504 3023 3756 3078 breviter

2167 3105 2233 3160 de
2260 3105 2532 3162 natalibus
2569 3107 2711 3176 ejus,
2745 3119 2798 3163 et
2827 3110 2936 3165 vita
2967 3120 3022 3167 et
3050 3113 3176 3179 ﬁne,
3228 3122 3282 3169 et
3311 3113 3594 3182 adjutoriis
3620 3128 3754 3183 qua:

2166 3196 2281 3266 ipsa
2312 3197 2637 3252 Christianis
2661 3210 2714 3254 et
2733 3198 2895 3268 justis
2917 3212 2970 3258 et
2998 3205 3380 3273 peccatoribus
3427 3205 3753 3275 impendere

2166 3290 2323 3344 solet.
2348 3289 2483 3345 ‘Htcc
2528 3292 2711 3361 itaque
2743 3302 2867 3347 nata
2894 3305 2974 3349 est
3002 3296 3069 3349 de
3117 3297 3286 3366 stirpe
3314 3295 3544 3353 Abrahae
3581 3306 3756 3368 atque

2170 3381 2335 3435 David
2375 3383 2540 3452 regis,
2565 3383 2762 3452 quibus
2792 3400 2823 3438 a
2856 3384 2968 3440 Deo
2988 3387 3277 3455 promissio
3309 3387 3448 3442 facta
3471 3398 3573 3452 est,
3598 3388 3755 3457 quod

2167 3474 2220 3526 in
2251 3474 2458 3527 semine
2489 3474 2751 3543 ipsorum,
2786 3475 2839 3529 id
2868 3483 2950 3531 est
2990 3478 3043 3531 in
3080 3466 3319 3542 Christo,-
3368 3479 3757 3535 benedicendte

2164 3562 2346 3617 forent
2379 3580 2568 3619 omnes
2623 3566 2796 3620 ttibus
2842 3576 3027 3622 terra}.
3077 3566 3212 3622 Nata
3256 3577 3339 3623 est
3388 3579 3563 3624 autem
3591 3568 3759 3637 juxta

2170 3656 2487 3710 relationem
2555 3664 2609 3711 et
2667 3657 2964 3727 scripturas
3043 3669 3351 3713 sanctorum
3407 3657 3627 3713 Patrum
3692 3660 3757 3714 in

2168 3747 2391 3803 civitate
2428 3746 2719 3816 Nazareth,
2750 3759 2907 3820 patre
2949 3750 3165 3805 nomine
3201 3749 3445 3805 Joachim
3468 3768 3532 3805 ex
3557 3750 3757 3805 eadem

2170 3839 2301 3893 urbe
2323 3839 2579 3905 oriundo,
2629 3850 2802 3894 matre
2833 3855 2960 3895 vero
2985 3840 3138 3894 Anna
3172 3842 3385 3896 nomine
3414 3840 3639 3895 oriunda
3677 3855 3756 3895 ex

2169 3928 2389 3982 civitate
2426 3928 2765 3984 Betltlehem.
2822 3928 2940 3984 Vita
2975 3945 3203 3997 quorum
3257 3928 3481 3998 simplex
3514 3938 3569 3983 et
3599 3940 3756 3984 recta

2169 4034 2294 4078 ante
2339 4022 2649 4087 Dominum,
2679 4022 2818 4092 apud
2870 4023 3121 4078 homines
3164 4021 3651 4093 irrcpre‘hcnsibilis
3694 4031 3759 4077 et

2170 4114 2258 4183 pia
2306 4123 2443 4169 erat.
2484 4113 2620 4168 Nam
2662 4130 2879 4171 omnem
2925 4116 3282 4171 substantiam
3329 4132 3481 4171 suam
3541 4118 3759 4174 trifarie

2171 4206 2503 4273 dividebant,
2552 4222 2713 4261 unam
2758 4217 2963 4276 partem
3007 4207 3204 4277 templo
3240 4218 3321 4262 .et
3373 4209 3553 4278 templi
3585 4211 3758 4264 servi-

2173 4297 2380 4351 toribus
2418 4296 2839 4365 impendebant,
2897 4297 3056 4351 aliam
3105 4298 3407 4367 peregrinis
3458 4308 3514 4353 et
3551 4313 3760 4368 paupe-

493 4396 688 4451 aﬁ‘ectu
722 4409 881 4449 voces
917 4393 1294 4448 exsultationis
1321 4402 1375 4446 et
1419 4392 1775 4447 confessionis
1814 4391 2067 4456 ediderit,
2102 4407 2148 4466 ι)
2176 4392 2325 4446 ribus
2355 4392 2681 4461 erogabant,
2737 4392 2953 4446 tertiam
3004 4392 3106 4447 sibi
3138 4401 3193 4445 ct
3226 4407 3337 4447 suae
3387 4392 3609 4446 familiae
3649 4394 3760 4447 usi-

492 4495 715 4543 nonest
747 4485 904 4540 facile
940 4485 1106 4539 dictu.
1145 4484 1370 4540 Noctem
1413 4498 1540 4538 vero
1581 4483 1727 4537 illam
1776 4490 2067 4563 consecuta

493 4590 581 4637 cst
612 4578 894 4636 Dominica
927 4576 1062 4643 dies,
1092 4591 1198 4647 qua
1234 4575 1582 4645 Theophilus,
1614 4574 1767 4644 quasi
1809 4589 1932 4629 cum
1962 4573 2068 4628 Do-

494 4672 641 4727 mino
664 4686 695 4725 a
725 4669 951 4725 mortuis
975 4682 1282 4735 resurgens,
1301 4667 1562 4737 episc0po
1589 4680 1647 4721 se
1672 4680 1851 4720 coram
1876 4663 2071 4734 populo

493 4762 862 4835 prmsentavit,
915 4769 970 4815 et
1001 4774 1113 4814 rem
1173 4760 1314 4814 sicut
1365 4766 1484 4814 erat
1528 4756 1797 4828 exposuit.
1846 4754 2072 4811 Videres

492 4856 747 4925 populum
776 4853 934 4908 modo
960 4867 1026 4906 ex
1062 4852 1246 4905 auditu
1277 4860 1382 4905 tam
1424 4851 1682 4905 horrendi
1713 4851 1934 4907 sceleris
1971 4865 2071 4905 ex-

494 4959 715 5011 pavere,
740 4942 899 4996 modo
920 4940 1261 4994 considerata
1291 4940 1464 4994 macie
1486 4941 1741 5011 vultuque
1763 4941 2073 5011 paenitentis

494 5032 893 5103 coitacryntari.
925 5031 1030 5085 Sed
1054 5031 1238 5084 audito
1260 5039 1516 5098 quantam
1560 5040 1613 5085 et
1639 5047 1798 5100 quam
1838 5032 2069 5087 celerem

496 5122 928 5178 misericordiam
970 5121 1146 5176 fuerat
1176 5131 1525 5187 consecutus,
1566 5137 1759 5176 omnes
1803 5123 1894 5191 qui
1932 5122 2071 5176 mala

494 5215 824 5272 conscientia
857 5215 1031 5269 territi
1072 5229 1209 5283 pene
1260 5214 1590 5279 defecerant,
1632 5215 1699 5268 ad
1722 5230 1870 5284 spem
1898 5216 2074 5268 venite

494 5319 620 5359 cum
650 5304 845 5376 gaudio
875 5303 1233 5374 respirabant.
1265 5301 1384 5357 Jam
1420 5318 1547 5359 vero
1570 5312 1627 5358 ut
1648 5318 1759 5358 rem
1788 5305 1937 5358 brevi
1969 5304 2075 5360 line

497 5396 910 5461 concludamus,
934 5398 1188 5466 episcopo
1212 5397 1438 5467 jubente
1485 5396 1625 5450 male
1652 5404 1872 5450 cautum
1896 5395 2076 5450 chiro-

496 5486 761 5555 graphum
792 5485 1119 5555 Theophilus
1153 5488 1276 5557 igne
1306 5486 1585 5541 cremavit.
1633 5485 1836 5539 Deinde
1877 5484 2074 5539 suﬂra-

495 5584 659 5648 gante
693 5577 837 5631 clero
865 5585 919 5631 et
949 5578 1145 5647 populo
1174 5580 1366 5633 ductus
1388 5578 1455 5632 ad
1504 5577 1695 5633 altare.
1745 5592 1864 5630 cum
1895 5592 2089 5653 sacro-_

497 5678 740 5724 sanctam
759 5668 1194 5726 communionem
1229 5666 1312 5721 'de
1334 5680 1500 5723 manu
1521 5668 1674 5740 episc
1709 5669 1763 5741 pi
1786 5682 1882 5726 ore
1900 5686 1993 5730 sus
2004 5670 2047 5733 vi
2062 5701 2093 5744 -_

2170 4482 2272 4536 bus
2305 4481 2677 4535 reservabant.
2712 4479 2790 4535 lta
2824 4482 2955 4551 justi
3008 4483 3133 4547 Deo,
3183 4493 3238 4537 et
3283 4484 3593 4539 hominibus
3623 4499 3758 4554 pau-

2172 4588 2348 4642 peros,
2406 4587 2579 4627 annos
2621 4572 2842 4629 circiter
2892 4575 3116 4645 viginti,
3152 4585 3358 4632 castum
3386 4578 3600 4633 Domini
3626 4593 3761 4633 con-

2166 4660 2412 4730 jugium,
2458 4663 2576 4716 sine
2625 4663 2921 4718 liberorum
2979 4666 3355 4734 procreatione
3402 4669 3755 4723 exercebant.

2177 4754 2447 4808 Voverunt
2476 4763 2676 4821 tamen,
2710 4757 2752 4811 si
2787 4756 2925 4811 forte
2950 4756 3092 4812 Deus
3118 4758 3345 4813 donaret
3382 4760 3463 4815 eis
3491 4762 3754 4829 sobolem,

2172 4861 2291 4899 eam
2319 4860 2377 4899 se
2400 4848 2610 4902 Domini
2643 4849 2863 4904 servitio
2889 4850 3309 4920 mancipaturos.
3353 4850 3595 4907 Evolutis
3624 4869 3755 4927 ergo

2176 4943 2252 4990 tot
2285 4952 2547 4991 annorum
2585 4940 2890 5007 curriculis,
2922 4942 3120 4997 missus
3160 4952 3245 4997 est
3289 4943 3511 5015 angelus
3537 4943 3754 5001 Domini

2175 5028 2322 5097 prius
2347 5028 2414 5082 ad
2437 5026 2699 5097 Joaclrim,
2742 5033 2956 5087 denutm
2996 5034 3063 5089 ad
3103 5034 3336 5101 Annam,
3383 5039 3640 5093 nuntians
3679 5040 3756 5095 eis

2176 5118 2502 5171 nasciturum
2535 5118 2703 5174 ﬁliam
2746 5123 2962 5176 nomine
3004 5123 3249 5189 Mariam,
3295 5126 3381 5179 cui
3410 5126 3604 5182 similis
3634 5144 3759 5182 san-

2175 5207 2365 5262 ctitate
2413 5223 2513 5264 nec
2535 5219 2691 5265 antea
2724 5224 2849 5267 nata
2888 5213 3051 5269 fuerit
3075 5229 3173 5271 nec
3202 5227 3391 5286 postea
3418 5228 3751 5274 nasceretur.

2177 5297 2398 5352 Factum
2435 5307 2519 5353 est
2546 5299 2728 5369 itaque
2752 5301 2907 5371 juxta
2936 5305 3158 5359 verbum
3190 5289 3365 5374 angeli
3393 5324 3405 5361 :
3436 5316 3564 5361 nata
3590 5319 3675 5361 est
3700 5308 3751 5361 in

2175 5390 2394 5445 civitate
2414 5389 2681 5446 Nazareth
2703 5395 3043 5449 sanctissima
3073 5396 3235 5465 Virgo
3258 5395 3449 5462 Maria,
3476 5407 3531 5451 et
3560 5398 3753 5452 mansit

2178 5482 2250 5536 ibi
2285 5483 2456 5537 tribus
2483 5485 2641 5540 annis
2671 5485 2724 5538 itt
2754 5495 2981 5551 paterna
3009 5487 3198 5554 domo;
3234 5498 3415 5551 postea
3440 5504 3591 5553 vero,
3617 5489 3752 5544 sicut

2179 5583 2431 5643 parentes
2458 5575 2601 5629 illam
2646 5575 2756 5631 Deo
2785 5587 3063 5638 voverant.
3096 5580 3254 5636 ducta
3286 5558 3673 5651 Hierosolymis
3699 5580 3748 5632 in

2181 5669 2381 5740 templo
2432 5669 2641 5725 Domini
2697 5683 3018 5730 conservata
3051 5683 3134 5730 cst
3184 5689 3353 5747 usque
3399 5675 3464 5728 ad
3500 5683 3747 5747 quartum
