3974 5374
248 150 335 219 595

1316 153 1682 210 SERMONES
1717 154 1809 209 AD
1846 153 2192 213 POPULUM.

3372 162 3479 219 336

249 273 487 328 decimum
541 287 767 339 annum,
817 270 1040 342 jejuniis
1085 280 1140 325 et
1195 270 1532 326 orationibus
1562 270 1802 325 serviens
1831 276 1878 333 Λ
1908 272 2066 328 nibus
2116 271 2263 342 praef.
2286 273 2528 338 rendam,
2587 273 2740 343 cujus
2800 276 2959 332 hodie
3008 278 3291 349 praelueida
3342 283 3479 338 reci-

246 365 321 418 die
358 378 413 416 ac
454 372 635 427 nocte,
689 361 756 417 et'
790 362 1161 433 virginitatem
1218 376 1369 416 suam
1410 377 1630 427 vovens,
1657 361 1799 431 quod

245 464 359 509 ante
405 456 549 525 virgo
602 454 710 507 ulla
771 468 877 506 non
937 453 1160 518 fecerat,
1207 452 1467 524 angelicis
1518 452 1800 523 colloquiis

246 544 532 616 frequenter
558 555 733 599 utens.
764 544 970 599 Deinde
1019 560 1144 599 eum
1195 556 1339 600 esset.
1368 560 1581 601 reversa
1608 544 1673 597 ad
1707 544 1801 598 do-

246 655 371 693 nmm
400 645 679 708 parentum
711 651 932 691 suorum
956 636 1007 689 in
1038 636 1310 691 civitatem
1338 634 1628 693 Nazareth.
1667 634 1797 688 mis-

246 744 321 782 sus
344 736 424 782 est
453 727 520 781 ad
554 742 675 781 eam
707 725 929 796 angelus
970 725 1186 780 Gabriel
1236 741 1265 779 a
1305 727 1414 782 Deo
1452 725 1709 780 nuntians
1750 724 1797 779 ei

245 822 631 892 conceptionem
678 820 796 875 Filii
848 820 968 875 Dei.
1014 820 1142 876 Fuit
1187 837 1318 892 ergo
1366 830 1657 891 conceptus
1704 820 1798 874 Dei

243 915 389 970 Filius
415 914 464 967 in
495 910 792 977 Natareth,
823 920 982 966 natus
1032 911 1087 965 in
1136 911 1471 965 Bethlebem.
1501 911 1628 966 Post
1662 910 1801 965 nati-

242 1007 439 1059 vitatem
488 1016 623 1059 vero
677 1002 877 1058 Christi
932 1004 1137 1058 mansit
1184 1019 1306 1058 cum
1362 1003 1471 1057 lilio
1527 1017 1699 1073 usque
1733 1003 1799 1056 ad

243 1096 525 1164 passionem
586 1092 788 1155 crucis,
839 1090 931 1146 ubi
969 1092 1219 1147 Christus
1249 1090 1530 1162 Virginem
1574 1102 1800 1148 matrem

244 1184 415 1255 virgini
440 1182 703 1253 discipulo
731 1181 923 1237 Joanni
974 1182 1217 1252 apostolo
1260 1183 1677 1238 commendavit.
1704 1181 1802 1236 Hie

244 1275 619 1330 ministravitei
658 1282 782 1345 post
819 1273 1128 1344 passionem
1161 1283 1216 1329 et
1254 1272 1800 1329 resurrectionem'et

244 1369 590 1425 ascensionem
620 1367 836 1423 Domini
878 1350 941 1422 in.
980 1366 1162 1422 ﬁnem.
1191 1367 1320 1422 Fuit
1374 1378 1552 1423 autem
1592 1366 1800 1436 sepulta

242 1462 558 1517 sanctissima
606 1461 659 1515 in
711 1459 850 1515 valle
910 1458 1193 1529 Josaphat,
1253 1459 1345 1513 ubi
1409 1468 1492 1513 est
1536 1458 1799 1513 aedificata

241 1552 444 1608 ecclesia
494 1553 550 1606 in
598 1551 860 1606 honorem
903 1552 1039 1622 ejus,
1091 1561 1146 1605 et
1184 1559 1405 1605 sanctus
1452 1548 1689 1605 Joannes
1716 1563 1804 1603 se-

240 1646 396 1716 pultus
423 1654 506 1699 est
557 1644 791 1715 Epheso.
844 1643 975 1699 Post
1026 1659 1155 1698 vero
1184 1659 1328 1704 .cum
1377 1643 1614 1712 religiosi
1646 1642 1800 1697 Chri-
1831 1622 1873 1679 Β

239 1736 378 1790 stiani
414 1736 673 1805 reliquias
704 1735 894 1790 matris
928 1750 1067 1804 ejus,
1126 1734 1378 1789 videlicet
1429 1733 1664 1799 Domini,
1713 1749 1796 1788 re-

239 1828 422 1896 spicere
443 1826 666 1892 vellent,
697 1826 1004 1895 sepulcrum
1032 1840 1261 1882 vacuum
1293 1825 1616 1881 invenerunt
1649 1841 1664 1891 ;
1692 1825 1798 1902 sed

239 1920 358 1974 etin
396 1920 648 1990 sepulcro
676 1920 820 1974 beati
866 1904 1090 1974 Joannis
1151 1918 1527 1989 respicientes,
1573 1932 1677 1972 non
1720 1917 1800 1971 in-

238 2025 478 2071 venerunt
501 2015 606 2070 nisi
635 2031 854 2070 manna.
883 2013 1068 2069 Credit
1089 2015 1270 2084 itaque
1294 2013 1603 2068 Christiana
1628 2012 1799 2083 pietas

240 2108 350 2175 quia
372 2106 620 2162 Christus
670 2108 812 2162 Deus
846 2106 937 2161 Dei
991 2106 1161 2160 Filius
1214 2105 1440 2159 Matrem
1479 2120 1635 2160 suam
1687 2103 1802 2174 glo-

238 2199 360 2252 riose
405 2197 841 2252 ressuscitaverit
868 2206 922 2251 et
950 2196 1271 2250 exaltaverit
1328 2209 1489 2265 super
1531 2193 1719 2258 cmlos,
1747 2204 1802 2247 et

236 2289 360 2359 quod
411 2291 603 2345 beatus
648 2286 888 2343 Joannes
936 2288 1087 2359 virgo
1124 2295 1178 2342 et
1223 2285 1582 2352 evangelista,
1626 2284 1716 2354 qui
1748 2283 1799 2337 ei

211 2383 543 2438 'ministravit
588 2384 641 2438 in
687 2395 850 2448 terra,
896 2383 1126 2455 gloriam
1175 2381 1293 2453 ejus
1322 2380 1651 2452 participare
1684 2394 1799 2434 me-

238 2483 396 2527 reatur
424 2476 480 2528 in
504 2474 666 2530 coalo.
706 2473 803 2528 Est
830 2481 1011 2528 autem
1062 2471 1334 2527 ineffabile
1376 2485 1540 2541 quam
1567 2469 1800 2539 gratiam

236 2572 281 2616 et
311 2564 524 2635 gloriam
566 2565 777 2620 dederit
819 2564 1079 2619 Dominus
1116 2562 1271 2617 Matri
1303 2578 1413 2618 sure
1441 2579 1455 2628 ;
1488 2561 1592 2616 hoc
1620 2571 1800 2614 tamen

236 2664 366 2710 ενι-ιο
406 2656 610 2712 scimus
659 2655 787 2726 quia
810 2656 942 2727 justi
997 2653 1256 2725 quidquid
1314 2653 1381 2707 ab
1410 2666 1475 2706 eo
1504 2650 1797 2721 postulant,

236 2760 317 2815 per
340 2746 782 2801 intercessionem
836 2745 1027 2800 matris
1052 2742 1283 2800 celerius
1322 2742 1634 2812 impetrant,
1676 2754 1799 2810 pec-

237 2845 428 2894 catores
474 2852 697 2909 quoque
727 2838 924 2909 sacpius
961 2835 1393 2892 misericordiam
1440 2843 1569 2889 sunt
1608 2848 1802 2889 conse-

1904 373 2082 422 tantur
2106 368 2402 424 nativitatis
2455 370 2628 427 initia.
2678 374 2759 427 Ad
2788 375 2941 445 cujus
2977 390 3106 445 ergo
3132 377 3483 445 magnificen-

1903 457 2030 510 tiam
2063 458 2496 525 collandandam,
2553 472 2608 517 et
2645 462 2868 533 gloriam
2910 466 3302 534 perferendam,
3333 474 3481 522 tanta

1901 549 2442 606 valcantetuberare
2465 555 2753 622 praeconia,
2797 568 3061 625 quantum
3088 556 3164 611 illi
3210 560 3478 630 congruit,
3552 581 3560 587 -

1902 655 2021 709 qua:
2066 650 2288 696 cunctas
2350 644 2731 711 superexcellit
2772 646 2825 700 in
2881 647 3282 716 prareminendo
3332 665 3487 704 erea-

1904 744 2071 797 turas,
2103 742 2156 788 ct
2184 734 2480 803 angelicam
2528 736 2864 807 dignitatem.
2919 739 2985 793 Et
3033 739 3122 794 ubi
3151 754 3374 808 usquam
3400 740 3485 811 in-

1900 826 2073 881 veniri
2101 834 2314 895 poterat
2360 828 2532 893 locus,
2588 830 2677 898 qui
2710 829 2848 884 infra
2897 846 2956 886 se
3000 832 3345 888 concluderet
3372 848 3486 887 ma-

1895 918 2145 989 jestatem
2169 918 2492 987 coasqualcm
2522 920 2689 985 Patri,
2707 931 2981 977 auctorem
3004 924 3244 978 omnium
3277 939 3483 987 rerum,

1902 1012 2005 1066 nisi
2038 1021 2223 1067 uterus
2250 1012 2429 1066 Mariae
2459 1022 2585 1068 ante
2633 1014 2828 1068 saecula
2864 1016 3187 1084 praescitus?
3233 1016 3286 1070 in
3339 1017 3484 1072 hunc

1902 1103 2166 1173 siquidem
2198 1112 2309 1159 tota
2331 1102 2593 1159 divinitas
2616 1120 2740 1159 cum
2768 1106 3105 1161 humanitate
3132 1116 3349 1162 versata
3378 1118 3481 1163 est.

1904 1195 1969 1248 Et
1989 1195 2078 1265 qui
2108 1196 2160 1249 in
2183 1195 2564 1265 coaequalitate
2596 1205 2791 1251 cuncta
2846 1196 3168 1267 disponebat
3216 1198 3482 1264 ccclestia,

1901 1295 1956 1342 et
2002 1286 2304 1352 terrestria,
2358 1287 2410 1340 in
2439 1287 2678 1357 virginea
2734 1298 3060 1357 perangusta
3110 1298 3260 1359 septa
3291 1299 3485 1345 ventu-

1903 1393 2019 1431 ram
2060 1385 2111 1432 et
2140 1378 2461 1448 promissam
2513 1378 2850 1450 prmparabat
2895 1379 3075 1434 carnis
3124 1394 3235 1434 sua:
3278 1380 3485 1435 redem-

1903 1469 2158 1538 ptionem.

1975 1561 2122 1617 Felix
2172 1564 2293 1620 talis
2320 1575 2506 1635 partus
2556 1573 2609 1621 et
2654 1574 2827 1631 ortus,
2889 1564 2955 1619 de
2984 1563 3137 1635 cujus
3183 1563 3485 1620 substantia

1902 1663 2176 1724 assumpta
2215 1664 2301 1710 est
2327 1656 2447 1710 talis
2479 1658 2654 1728 virgo,
2685 1672 2804 1726 qum
2847 1657 3057 1713 tolleret
3103 1666 3356 1714 veternas
3392 1675 3487 1729 pa-

1901 1755 2117 1800 rentum
2174 1746 2408 1803 offensas
2436 1790 2452 1814 ,
2501 1757 2557 1804 et
2618 1749 2887 1806 relevaret
2931 1765 3251 1805 concussum
3298 1753 3486 1806 orbem

1901 1836 1992 1905 qui
2027 1836 2128 1891 sub
2159 1851 2302 1891 εξενο
2334 1836 2452 1891 duri
2481 1845 2598 1893 erat
2625 1837 2798 1893 hostis
2824 1838 3083 1893 dominio.
3112 1839 3276 1908 Cujus
3304 1841 3487 1911 itaque

1901 1935 2107 1996 partus,
2131 1937 2187 1980 ut
2214 1942 2520 1990 censemus,
2553 1927 2620 1981 ad
2672 1927 2805 1981 nihil
2850 1929 3080 1993 exstitit,
3114 1930 3214 1984 nisi
3247 1939 3304 1984 ut
3333 1930 3488 1986 fieret

1902 2015 2019 2086 ejus
2042 2026 2226 2071 saneta
2252 2017 2509 2087 pudicitia
2561 2018 2753 2072 domus
2789 2026 2842 2070 et
2872 2019 3141 2088 susceptio
3173 2018 3293 2074 Filii
3322 2020 3491 2076 Altis-

1903 2109 2049 2163 simi.
2098 2107 2180 2162 Ad
2226 2108 2354 2175 quid
2402 2108 2547 2162 enim
2578 2108 2774 2163 aliud?
2808 2123 3008 2180 ergone
3053 2111 3213 2181 hujus
3263 2112 3489 2168 castitas

1901 2212 1994 2257 aut
2021 2211 2147 2257 ante
2193 2211 2429 2273 partum,
2458 2201 2543 2257 vel
2588 2214 2710 2272 post
2756 2203 2973 2272 dignum
3004 2204 3196 2273 pignus
3222 2205 3486 2273 genitum,

1901 2294 2104 2349 foedata
2143 2303 2226 2348 est
2270 2294 2452 2364 aliquo
2482 2294 2780 2364 contagio?
2819 2293 2971 2348 Hanc
2997 2295 3138 2348 enim
3169 2294 3308 2349 nulla
3358 2310 3487 2365 gra-

1901 2384 2041 2438 vitas
2071 2370 2163 2437 aut
2206 2382 2365 2437 clfeta
2409 2384 2683 2439 successio
2730 2382 2960 2437 filiorum
3015 2383 3196 2455 fregit,
3246 2393 3305 2439 ut
3353 2384 3491 2440 solet

1900 2472 1980 2528 eis
1996 2474 2309 2543 contingere
2332 2489 2450 2543 qua:
2480 2473 2771 2527 humanam
2812 2473 3050 2529 sobolem
3082 2475 3344 2530 maternis
3363 2490 3489 2547 ege-

1902 2571 2031 2618 runt
2057 2564 2376 2619 visceribus.
2408 2562 2554 2617 Felix
2603 2563 2748 2617 enim
2805 2564 2980 2633 culpa,
3008 2564 3101 2619 sed
3127 2572 3314 2619 sancta
3351 2580 3457 2622 con

1850 2724 1853 2727 Α
1895 2655 2094 2728 jugalis
2119 2657 2373 2723 societas,
2424 2670 2545 2725 qum
2569 2654 2674 2709 tale
2707 2670 2772 2710 ac
2801 2663 3010 2710 tantum
3041 2656 3379 2727 specialeque
3403 2656 3489 2712 vel

1902 2746 2175 2818 singulare
2214 2745 2379 2800 decus
2414 2744 2655 2816 profudit
2682 2744 2735 2799 in
2795 2744 2949 2812 orbe,
2982 2744 3050 2800 de
3080 2760 3338 2801 concesso
3388 2762 3489 2803 nu-

1902 2836 2049 2909 ptiali
2081 2836 2458 2892 contubernio.

235 2927 362 2981 cuti:
393 2930 666 2984 habemus
705 2928 859 3000 plura
898 2928 1142 2998 exempla
1183 2928 1249 2983 de
1292 2926 1557 2997 utrisque,
1598 2926 1693 2981 sed
1731 2925 1797 2982 ad
1825 2968 1870 3032 Ο
1973 2930 2217 3002 Denique
2264 2930 2317 2985 in
2372 2928 2534 3000 hujus
2580 2929 2932 2999 conceptione
2980 2927 3287 2984 necessaria
3341 2926 3488 2982 haud

234 3035 441 3089 praesens
467 3025 590 3080 haec
610 3023 900 3079 sufﬁciant.

820 3116 1055 3173 SERMO
1090 3116 1178 3171 Vl.

364 3227 414 3266 IN
448 3226 597 3267 οιιτυ
638 3226 797 3266 Αωῑῶ
837 3225 1068 3266 VIRGINIS
1106 3224 1286 3264 HARIJE
1324 3223 1653 3263 lNVlOLAT.-£.

296 3300 473 3358 Mutua:
503 3303 821 3359 dilectionis
856 3318 1044 3358 amore
1070 3311 1129 3357 ct
1175 3301 1372 3357 sedula:
1402 3298 1800 3357 adhortationis

236 3404 347 3447 nutu
376 3409 403 3447 a
431 3395 765 3466 quibusdam
817 3394 927 3449 Deo
957 3393 1344 3449 sacratissimis
1388 3401 1442 3447 et
1473 3391 1684 3447 dilectis
1713 3407 1800 3446 co-

236 3484 391 3553 gimur
428 3487 494 3541 de
544 3485 917 3550 sanctissima,
958 3495 1012 3540 et
1056 3485 1197 3539 ultra
1255 3500 1415 3554 quam
1469 3485 1573 3539 diei
1631 3483 1801 3554 possit

233 3577 404 3633 dilecta
442 3578 695 3651 Virgine,
746 3593 946 3650 sponsa
993 3578 1207 3635 scilicet
1252 3587 1308 3633 et
1363 3584 1536 3631 matre
1587 3575 1797 3631 Domini

235 3664 397 3732 Maria,
444 3671 700 3741 aliquam
739 3669 1120 3726 allocutionem
1175 3668 1376 3735 facere,
1406 3668 1474 3723 de
1502 3676 1625 3724 ortu
1653 3667 1801 3721 vide-

232 3758 338 3815 licet
379 3763 514 3834 ejus,
568 3776 684 3817 non
749 3760 1103 3816 historialiter
1155 3768 1368 3822 texere,
1416 3760 1509 3816 sed
1556 3759 1800 3831 mysticis

230 3866 473 3909 exornare
524 3853 807 3917 laudibus,
858 3861 914 3907 et
959 3850 1238 3907 beneficiis
1291 3849 1684 3920 congratulari,
1732 3850 1800 3903 ad

231 3946 366 4012 cujus
389 3948 516 4001 tanti
545 3946 793 4018 mysterii
824 3945 1111 3999 materiam
1136 3957 1236 3998 nec
1264 3944 1441 3998 omnis
1469 3951 1648 4012 potest
1687 3940 1800 3996 suf-

231 4031 369 4086 ficere
399 4034 654 4097 mundus,
716 4032 761 4088 si
818 4033 869 4086 in
920 4047 1087 4086 unum
1127 4032 1291 4086 etiam
1336 4039 1493 4086 coeat
1529 4030 1797 4086 ordinem.

231 4121 331 4178 Erit
372 4136 546 4182 autem
597 4127 686 4183 eis
731 4125 1036 4196 inceptum,
1088 4134 1142 4180 et
1187 4124 1464 4179 exsecutio
1512 4123 1796 4189 meritum,

229 4228 430 4279 quorum
482 4218 715 4273 obtentu
761 4215 1075 4286 pervenerit
1122 4216 1187 4269 ad
1238 4224 1453 4285 portum
1504 4215 1620 4269 sine
1667 4229 1801 4268 nau-

1901 3022 2124 3078 dubium
2174 3030 2257 3076 est
2296 3021 2425 3091 quin
2482 3029 2771 3090 utrumque
2817 3029 3098 3090 parentem
3137 3018 3386 3075 vivificus
3434 3028 3491 3074 et

1901 3111 2099 3165 ardens
2126 3109 2359 3180 Spiritus
2386 3108 2645 3180 singulari
2690 3124 2914 3164 munere
2959 3110 3269 3179 repleverit,
3322 3110 3490 3179 quod-

1901 3219 2007 3273 que
2037 3205 2104 3260 ab
2144 3204 2225 3259 eis
2253 3212 2563 3259 sanctormn
2592 3202 2909 3274 angelorum
2937 3201 3184 3258 custodia
3220 3217 3335 3259 seu.
3357 3202 3489 3259 visi-

1905 3293 2036 3349 tatio
2084 3308 2359 3363 nunquam
2407 3291 2661 3348 abfuerit.
2720 3290 2913 3346 Merito
2961 3293 3005 3347 si
3056 3293 3274 3363 quidem
3330 3291 3490 3362 hujus

1900 3392 2100 3438 sanctae
2133 3383 2366 3453 Virginis
2417 3382 2642 3436 multum
2669 3382 2805 3436 adeo
2852 3381 3103 3437 laudandi
3153 3391 3279 3437 sunt
3306 3391 3361 3437 et
3392 3399 3488 3438 ex.

1904 3475 2125 3531 tollendi
2180 3474 2509 3529 sanctissimi
2562 3481 2970 3544 procreatores,
3020 3476 3109 3543 qui
3176 3474 3229 3527 in
3274 3475 3487 3530 eunetis

1902 3565 2334 3622 institutionibus
2394 3573 2574 3620 tantos
2628 3580 2690 3619 ac
2727 3564 2858 3619 tales
2904 3580 2963 3619 se
3006 3565 3393 3634 praestiterunt,
3424 3575 3486 3620 ut

1902 3676 2009 3714 non
2036 3658 2308 3714 immerito
2332 3658 2399 3713 de
2424 3672 2610 3713 eorum
2638 3658 2807 3727 stirpe
2829 3656 3071 3728 prodiret
3099 3656 3222 3710 talis
3264 3670 3485 3712 succes-

1902 3753 2002 3817 sio,
2033 3767 2153 3821 quac
2178 3751 2335 3806 ﬁeret
2359 3758 2414 3805 et
2439 3751 2634 3820 priscis
2662 3752 2915 3806 aatatibus
2948 3758 3005 3805 et
3033 3749 3487 3819 subsequentibus

1901 3841 2206 3913 exemplum
2242 3842 2408 3897 totius
2458 3840 2738 3916 bonitatis.
2785 3840 2963 3907 Felix,
3017 3850 3073 3896 et
3121 3857 3231 3911 prae
3272 3840 3485 3896 caeteris

1902 3933 2147 4002 patribus
2193 3932 2426 3996 felicior,
2480 3933 2573 4002 qui
2621 3941 2784 3988 tanta:
2835 3933 3004 4004 prolis
3034 3934 3233 3988 meruit
3263 3933 3487 3988 vocitari

1902 4033 2164 4095 patrator.
2220 4024 2373 4079 Felix
2418 4023 2583 4079 etiam
2636 4024 2726 4093 qui
2776 4040 2883 4078 non
2927 4023 3131 4094 plures,
3179 4025 3274 4079 sed
3321 4039 3484 4078 unam

1901 4118 2201 4187 promeruit
2232 4118 2508 4187 suscipere
2540 4127 2745 4182 natam,
2782 4133 2903 4187 quae
2930 4118 3149 4172 unicum
3176 4119 3486 4188 conciperet

1902 4218 1957 4261 et
1985 4209 2254 4278 proferret
2286 4209 2379 4273 Dei
2405 4208 2622 4264 Filium.
2647 4208 2756 4265 Nec
2775 4210 2921 4264 enim
2949 4210 3177 4265 decebat
3220 4219 3281 4264 ut
3324 4208 3486 4277 hujus

230 4303 379 4374 fragio
409 4309 714 4379 remigium.
770 4307 938 4376 Igitur
989 4307 1151 4360 nimis
1186 4305 1471 4360 amabilem
1533 4320 1597 4360 ac
1646 4304 1793 4360 salu-
1825 4315 1872 4372 ι)
1901 4301 2192 4372 singularis
2238 4301 2477 4373 Virginis
2525 4301 2852 4357 sanctissimi
2902 4302 3274 4373 progenitores
3314 4301 3490 4356 foeda-

231 4395 419 4451 tifcram
442 4400 701 4454 omnibus
728 4396 942 4452 saeculis
963 4405 1020 4452 et
1064 4395 1332 4450 terrieolis
1358 4395 1469 4450 veri
1500 4394 1799 4462 aeternique

230 4482 373 4554 Regis
419 4503 479 4542 ac
528 4486 749 4543 Domini
794 4486 967 4541 nostri
1021 4485 1353 4539 nativitatem
1387 4499 1587 4539 cernua
1623 4483 1802 4538 immi-

231 4572 361 4629 litate
407 4586 785 4642 recensentes,
825 4587 881 4631 et
927 4590 1103 4631 annua
1153 4575 1331 4630 orbita
1380 4575 1683 4631 recolentes
1711 4591 1799 4631 so-

230 4660 427 4731 lemnia,
455 4667 635 4737 primo
687 4674 866 4721 ratum
913 4667 1165 4722 duximus
1191 4678 1544 4736 utrorumque
1571 4682 1799 4721 sexuum

230 4752 428 4828 collegia
453 4759 619 4812 etiam
652 4758 726 4813 ad
756 4757 994 4812 divinam
1025 4767 1082 4813 et
1107 4758 1397 4829 gloriosam
1449 4756 1797 4814 festivitatem

228 4845 525 4911 quibusdam
568 4848 1051 4905 adhortationibus
1097 4851 1352 4917 invitare,
1379 4859 1440 4905 ut
1468 4849 1598 4906 dum
1646 4861 1801 4906 utra-

229 4950 436 5010 rumque
492 4943 742 5012 partium
799 4942 1013 4998 devotio
1063 4944 1147 5001 his
1200 4945 1373 5001 sacris
1428 4943 1583 5000 festis
1644 4946 1799 5001 nefas

228 5027 423 5087 duxerit
461 5050 567 5089 non
612 5035 903 5098 interesse,
938 5051 1043 5090 una
1091 5039 1330 5094 omnium
1380 5048 1502 5093 vota
1545 5040 1799 5109 capacius

228 5118 440 5185 ejusdem
472 5142 646 5181 sacrae
680 5126 924 5195 Virginis
956 5130 1097 5184 circa
1142 5145 1202 5187 se
1242 5131 1581 5202 persentiant
1606 5136 1798 5189 adesse

221 5217 496 5277 juvamina.

285 5307 371 5362 Est
392 5312 535 5365 enim
566 5311 671 5366 ista
700 5320 962 5374 suSpecta
986 5311 1273 5374 festivitas.
1300 5331 1409 5374 non
1434 5317 1661 5372 modicis
1696 5329 1798 5370 nec

1903 4405 2091 4448 rentur
2119 4394 2477 4465 plurimorum
2512 4394 2895 4464 propagatione
2925 4393 3181 4460 filiorum,
3213 4395 3304 4463 qui
3330 4401 3487 4449 erant

1900 4484 2064 4540 futuri
2088 4487 2261 4542 unicae
2290 4487 2480 4541 matris
2510 4485 2719 4540 Domini
2748 4485 3052 4556 provisores
3074 4493 3130 4539 et
3164 4486 3485 4539 educatores

1898 4576 2122 4647 egregii.
2148 4575 2289 4631 Vere
2334 4576 2493 4631 beata
2543 4583 2598 4630 et
2635 4576 2782 4630 omni
2815 4576 3167 4629 veneratione
3217 4574 3485 4638 habenda,
3552 4648 3559 4654 η

1899 4677 1954 4721 et
1980 4666 2209 4736 quodam
2240 4666 2522 4738 privilegio
2549 4682 2708 4722 sacro
2727 4665 3087 4737 praedicanda,
3124 4672 3298 4718 mater
3327 4664 3491 4732 hujus

1901 4768 2123 4824 sanctae,
2157 4774 2278 4830 quae
2322 4760 2568 4816 omnium
2617 4756 2913 4814 antecessit
2957 4766 3159 4810 matres
3203 4755 3257 4809 in
3306 4752 3493 4806 conci-
3566 4815 3572 4821 ε

1899 4852 2097 4923 piendo
2144 4858 2201 4909 et
2242 4850 2556 4921 generando
2607 4866 2728 4909 eam
2775 4862 2895 4918 qua:
2940 4863 3098 4901 suum
3148 4855 3203 4902 et
3246 4845 3486 4901 omnium

1900 4955 2183 5019 generaret
2220 4958 2545 5003 creatorem.
2589 4945 2781 5003 Gaude
2817 4948 2875 5007 et
2907 4940 3111 5005 laetare,
3151 4953 3183 4992 ο
3228 4936 3353 5017 felix
3395 4949 3496 5004 pro

1904 5037 1996 5092 tali
2037 5037 2167 5105 lilia,
2218 5040 2476 5107 quoniam
2528 5037 2628 5093 tali
2684 5038 2807 5092 dote
2852 5030 3051 5086 donata
3083 5046 3165 5093 es,
3193 5045 3301 5098 qua
3350 5027 3495 5080 nulla

1900 5137 2025 5183 ante
2072 5140 2124 5185 te
2165 5140 2356 5198 postea
2410 5129 2621 5185 meruit
2666 5122 2931 5184 antecelli.
2988 5122 3201 5189 Quanta
3249 5128 3500 5190 putamus

1897 5220 2136 5289 provisio
2164 5222 2333 5275 fuerit
2359 5226 2685 5278 sanctorum
2714 5215 3053 5287 angelorum.
3090 5214 3234 5268 Circa
3256 5218 3363 5263 lam
3391 5206 3503 5260 υθο

1898 5310 2240 5374 gratissimos
2286 5316 2570 5374 parentes,
2634 5313 2704 5367 ab
2759 5305 2915 5361 initio
2945 5318 3059 5357 sure
3089 5296 3498 5374 procreationis,
