4018 6382
508 298 614 351 527

1578 292 1629 347 S.
1655 289 1998 348 FULBERTI
2034 288 2513 347 CARNOTENSIS
2554 290 2848 349 EPISCON

3668 300 3783 356 328

508 420 624 464 tuto:
649 409 673 463 ’ἰ
698 406 833 463 Nulli
856 406 997 463 enim
1030 405 1265 461 ﬁdelium
1289 405 1506 460 dubium
1529 404 1774 473 estquod
1801 405 1944 459 circa
1970 419 2089 459 eam
2120 412 2165 467 Α
2199 418 2323 459 cum
2379 402 2576 457 mentis
2617 403 2943 474 jubilatione
2998 406 3337 477 recipienteﬁ
3392 408 3537 464 omni
3576 421 3783 467 conatu

514 502 693 556 omnis
722 502 1022 570 frequentia
1066 500 1369 554 ccelestium
1422 498 1696 569 agminum
1760 497 2093 568 invigilabat,

506 601 695 662 utpote
722 607 885 661 quam
937 605 1099 661 supra
1150 605 1207 644 se
1243 589 1580 644 exaltandam
1613 589 1835 642 minime
1858 589 2097 658 ambige-

510 686 663 738 bant.
695 683 739 739 0
768 684 931 737 nimis
967 697 1235 752 superque
1255 682 1410 735 beata
1440 681 1623 750 Virgo,
1654 695 1771 750 qua:
1793 679 1920 733 nulli
1950 694 2096 734 com-

508 777 749 844 paranda
777 786 860 831 est
887 777 1105 840 merito,
1131 790 1227 830 nec
1253 773 1578 843 cozequanda
1610 772 1877 827 castitatis
1899 772 2096 826 titulo?

513 864 652 919 Vere
674 867 876 920 etenim
907 867 1061 922 beata
1097 867 1184 921 illa
1208 866 1430 930 saecula,
1460 881 1579 935 qua:
1598 880 1662 919 ex
1694 873 1912 920 sacrato
1940 874 2095 918 utero

512 964 564 1007 te
585 957 1155 1027 meruerintexcipere
1205 972 1303 1012 suo
1332 956 1384 1009 in
1425 964 1687 1026 tempore.
1735 956 1879 1010 Sane
1925 957 1969 1011 si
2002 957 2093 1025 qui

511 1053 738 1107 sollicita
782 1059 959 1105 mente
990 1059 1046 1104 et
1071 1049 1310 1104 studiosa
1344 1048 1753 1119 investigatione
1780 1049 2097 1118 perquirunt

508 1160 609 1196 cur
654 1152 965 1197 sanctorum
1015 1139 1432 1211 praecedentium
1462 1140 1737 1193 memoria:
1776 1136 1933 1206 hujus
1960 1153 2098 1207 prae-

510 1233 635 1288 fatae
662 1234 897 1303 Virginis
925 1242 1272 1303 temporanea
1307 1231 1460 1285 initia
1484 1231 1599 1285 suis
1631 1224 1877 1285 ﬁdelibus
1902 1246 2097 1301 sequa-

508 1327 664 1382 cibus
693 1325 1014 1381 enucleatint
1067 1340 1172 1379 non
1212 1330 1632 1388 exornaverunt,
1663 1329 1721 1375 ut
1747 1322 1812 1376 ad
1857 1321 2095 1375 omnium

510 1421 759 1474 notitiam
784 1420 1088 1490 vulgarent,
1116 1424 1371 1471 noverint
1409 1430 1519 1469 non
1572 1417 1792 1486 ignaros
1816 1429 1908 1468 eos
1932 1413 2099 1468 exsti-

514 1511 646 1564 tisse
691 1511 978 1571 lnereseos,
1015 1522 1135 1577 qua:
1175 1521 1272 1575 pro
1299 1505 1495 1573 insigni
1522 1514 1575 1558 et
1599 1503 1915 1559 admirando
1941 1500 2098 1556 huius

510 1613 680 1653 sacra:
706 1597 893 1667 puellre
946 1595 1218 1667 ριιεροιιίο
1248 1603 1502 1649 exortura
1550 1602 1689 1661 erat,
1739 1603 1791 1647 et
1819 1594 1889 1648 ob
1937 1593 2009 1657 id,
2052 1592 2095 1648 si

512 1689 641 1757 quid
672 1704 737 1743 ex
757 1688 877 1758 ejus
914 1696 1035 1742 ortu
1067 1687 1428 1757 protulerunt,
1481 1685 1661 1757 sagaci
1710 1684 1967 1739 industria
2011 1698 2102 1739 ce-

2195 493 2497 558 claborate,
2527 500 2587 546 nt
2640 501 2785 546 tanta
2837 493 3082 549 hodierni
3123 497 3230 551 diei
3275 496 3614 566 jneunditas,
3647 503 3784 556 dum

2196 587 2482 640 mundanis
2528 585 2795 640 excolitur
2826 595 2875 639 et
2930 587 3232 642 honoratur
3269 589 3581 660 obsequiis,
3636 592 3785 646 hanc

2202 677 2429 732 interior
2476 687 2529 734 et
2580 695 2715 749 pura
2765 681 3095 734 conscientia
3134 680 3291 751 iustis
3340 693 3396 737 et
3439 700 3787 756 consequen-

2199 768 2340 823 tibus
2396 777 2756 839 prosequatur
2802 770 3059 823 servitiis.
3120 769 3378 840 Namque
3418 775 3509 842 qui
3561 776 3787 844 piorum

2196 870 2523 915 venerantur
2609 875 2765 915 sacra
2843 862 3035 915 merita
3067 901 3085 926 ,
3167 862 3373 932 quique
3445 865 3786 921 omnimodis

2197 953 2458 1010 interesse
2535 937 2826 1023 peropt'ant
2902 967 3261 1022 supernorum
3339 955 3612 1024 agminum
3696 956 3787 1010 fe-

2197 1047 2314 1109 stis,
2373 1049 2455 1101 sic
2524 1046 2577 1100 in
2627 1046 2985 1116 praesentibus
3034 1057 3393 1102 exerceantur
3462 1058 3788 1103 sanctorum

2198 1137 2477 1201 natalitiis,
2500 1147 2559 1193 ut
2591 1153 2695 1192 non
2725 1139 3003 1209 contingat
3034 1138 3144 1193 illic
3170 1139 3251 1194 eis
3298 1139 3487 1194 abesse
3519 1140 3789 1210 deinceps

2198 1231 2263 1286 de
2290 1246 2518 1301 quorum
2574 1231 2663 1287 hic
2690 1232 3135 1303 congratulantur
3187 1232 3493 1303 triumphis.
3527 1232 3792 1303 Quapro-

2196 1331 2318 1391 pter
2378 1322 2632 1392 praesenti
2683 1322 3091 1387 celebratione,
3142 1324 3382 1377 onmium
3432 1326 3792 1395 prudentium

2198 1413 2467 1483 virginum
2495 1413 2739 1483 reginam
2785 1412 2990 1467 sedulis
3029 1415 3312 1484 exposcite
3360 1415 3633 1485 precibus,
3656 1430 3792 1485 qua:

2199 1503 2564 1573 principatmn
2604 1503 2812 1557 obtinet
2848 1502 2988 1556 inter
3011 1502 3208 1558 choros
3261 1514 3572 1558 sanctarum
3615 1505 3794 1576 virgi-

2200 1609 2350 1673 num,
2395 1609 2493 1648 suo
2527 1594 2839 1647 interventu
2871 1591 3070 1647 efﬁciat
3127 1594 3386 1664 possibile
3434 1609 3542 1663 quo
3579 1606 3794 1650 sancta:

2199 1686 2460 1742 Ecclesia:
2482 1695 2799 1751 concentus,
2832 1700 2954 1739 cum
2991 1700 3110 1740 eam
3150 1685 3335 1740 humili
3360 1701 3463 1755 qua
3492 1686 3632 1739 valet
3648 1701 3795 1757 ope-

511 1781 729 1835 landmn
756 1779 966 1835 :emulis
1001 1788 1057 1834 ct
1089 1778 1395 1834 inﬁdelibus
1424 1778 1805 1841 decreverunt,
1830 1790 1897 1830 ne
1946 1775 2100 1828 inve-
2133 1771 2178 1831 Β
2209 1779 2436 1842 ratione,
2464 1774 2695 1846 percolit
2746 1775 2798 1829 in
2857 1775 3041 1841 terris,
3107 1775 3323 1829 demum
3354 1775 3405 1829 in
3456 1775 3640 1831 laetitia
3694 1790 3794 1847 pe-

513 1874 655 1928 niret
706 1887 849 1927 cmca
900 1870 1189 1941 garrulitas
1233 1870 1563 1940 perﬁdorum
1607 1867 1750 1921 unde
1792 1874 2096 1921 maternum

511 1970 690 2024 sinum
732 1956 992 2023 Ecclesia:
1034 1966 1355 2021 verberaret
1406 1980 1503 2019 sua
1555 1961 1835 2032 multiplici
1861 1960 2095 2015 fallacia.

510 2062 645 2117 Nam
677 2063 862 2117 ethoc
895 2060 1040 2132 quod
1072 2060 1173 2115 levi
1204 2067 1260 2113 ct
1310 2056 1490 2112 subtili
1541 2055 1824 2119 relatione,
1860 2066 1955 2109 aut
1983 2052 2096 2108 for-

512 2156 654 2209 sitan
686 2154 1081 2223 conscriptione
1134 2152 1201 2206 dc
1244 2150 1435 2204 matris
1466 2147 1679 2203 Domini
1719 2147 2005 2202 nativitate
2047 2155 2101 2201 et

515 2246 739 2300 infantia
762 2244 1001 2315 ejusdem
1033 2242 1243 2298 Domini
1273 2248 1656 2313 perceperunt,
1701 2241 1776 2293 ita
1802 2248 2018 2294 versuta
2045 2246 2101 2293 et

510 2345 890 2403 argumentosa
932 2333 1145 2387 fallacia
1185 2332 1564 2400 deturparunt,
1590 2337 1648 2382 nt
1678 2341 1777 2383 nec
1808 2342 1931 2381 vera
1954 2327 2100 2382 dein-

502 2441 638 2495 ceps
674 2439 701 2476 a
726 2423 1050 2492 quibusdam
1081 2420 1469 2476 ecclesiasticis
1498 2417 1811 2473 doctoribus
1863 2417 2097 2472 reciten-

505 2523 621 2578 tur,
648 2512 897 2583 quamvis
927 2512 1149 2565 minime
1179 2509 1552 2579 repudiantur.

584 2605 773 2657 Exstat
833 2616 962 2656 vero
1007 2600 1248 2669 qumdam
1296 2615 1401 2653 non
1464 2600 1662 2653 usitata
1707 2596 1922 2662 relatio,
1980 2611 2100 2666 qua:

509 2692 803 2749 clarissimi
823 2692 1134 2762 interpretis
1160 2690 1471 2763 Hieronymi
1502 2699 1834 2760 przenotatur
1856 2689 2095 2752 nomine,

515 2785 757 2841 referens
778 2786 992 2840 beatum
1024 2784 1334 2839 Mattbzetnn
1378 2792 1498 2853 post
1517 2783 1717 2837 editum
1747 2781 2097 2851 Evangelium

502 2888 692 2933 ortum
740 2876 978 2948 prtefatre
1006 2877 1244 2948 Virginis
1299 2885 1460 2945 atque
1509 2875 1841 2930 initiamenta
1873 2875 2097 2945 puerilia

515 2970 645 3026 Jesu
672 2971 900 3035 Christi,
932 2971 1006 3024 ita
1032 2970 1283 3025 obscuris
1322 2984 1485 3023 manu
1546 2969 1760 3038 propria
1789 2969 2099 3038 obsigna:se

514 3061 711 3116 litteris
732 3060 1016 3115 Hebraicis
1039 3054 1095 3114 ιιί
1127 3060 1287 3114 nullis
1317 3059 1616 3114 inﬁdelium
1646 3058 1774 3113 illud
1805 3058 1965 3113 vellet
2010 3074 2099 3128 pa-

2201 1869 2380 1934 renni,
2404 1869 2469 1922 de
2508 1866 2623 1937 ejus
2654 1875 2883 1935 utraque
2912 1866 3253 1937 congaudent
3285 1864 3667 1921 sublimatiune
3736 1875 3795 1921 et

2200 1961 2392 2033 gloria.
2447 1960 2555 2014 Ista
2597 1969 2681 2015 est
2725 1959 2869 2013 enim
2922 1958 3188 2029 prtecipua
3239 1959 3525 2024 festivitas,
3578 1959 3632 2014 in
3679 1975 3792 2031 qua

2200 2051 2377 2106 omnis
2408 2051 2721 2122 angelorum
2772 2049 2967 2104 militia
3014 2050 3274 2117 exsultat,
3322 2051 3376 2105 in
3417 2066 3520 2121 qua
3550 2051 3795 2121 prophe-

2205 2153 2384 2198 tarum
2423 2144 2739 2214 panduntur
2763 2142 3044 2209 vaticinia,
3077 2143 3131 2197 in
3173 2157 3279 2213 qua
3309 2144 3473 2198 etiam
3503 2144 3790 2214 gentilium

2202 2244 2517 2290 reserantur
2543 2234 2845 2305 prtenuntia
2873 2236 3095 2305 scripta,
3148 2235 3200 2290 in
3234 2251 3340 2306 qua
3369 2236 3545 2290 oritur
3587 2251 3791 2306 sponsa

2200 2329 2319 2383 sine
2347 2329 2597 2399 exemplo
2624 2329 2735 2384 Deo
2781 2328 3092 2400 conjuncta,
3123 2329 3188 2383 de
3214 2343 3369 2398 enjus
3420 2337 3569 2383 casta
3594 2345 3792 2400 corpo-

2201 2422 2277 2475 ris
2298 2422 2525 2476 materia
2573 2421 2747 2475 oritur
2792 2420 2975 2475 lumen
3002 2420 3056 2474 in
3110 2421 3349 2476 tenebris
3393 2421 3460 2475 ad
3488 2420 3792 2475 esturban-

2199 2516 2298 2570 das
2322 2525 2563 2571 veterum
2586 2514 2921 2585 piaculorum
2945 2513 3193 2569 nebulas.
3225 2513 3349 2569 Ha:c
3373 2524 3480 2581 est,
3533 2515 3784 2584 inquam,

2200 2608 2315 2664 dies
2341 2608 2393 2663 in
2427 2607 2855 2679 quaprazlneida
2918 2606 3094 2672 stella,
3134 2608 3242 2661 imo
3273 2612 3451 2662 lumen
3508 2609 3793 2677 insepara—

2199 2698 2308 2754 bile
2350 2700 2537 2765 maris,
2570 2701 2672 2754 hoc
2700 2708 2784 2754 est
2815 2697 2975 2768 hujus
3018 2699 3229 2764 mundi,
3270 2699 3418 2753 velut
3443 2697 3613 2764 Eous,
3662 2714 3787 2753 cum

2201 2791 2413 2845 decoris
2467 2792 2783 2861 ammnitate
2809 2806 2876 2845 ex
2911 2790 3127 2846 mortali
3160 2790 3408 2859 genitura
3436 2772 3651 2846 eunetis
3695 2792 3787 2864 qui

2200 2881 2443 2937 salvandi
2474 2892 2600 2937 sunt
2629 2882 2825 2936 illuxit.
2861 2881 2986 2937 Haec
3027 2888 3112 2937 est
3150 2882 3464 2936 honoranda
3514 2882 3631 2937 dies
3650 2882 3787 2936 lteti-

2202 2973 2312 3039 tim,
2340 2973 2393 3026 in
2447 2988 2552 3042 qua
2583 2970 2740 3040 juxta
2785 2972 2970 3026 rnnndi
2998 2971 3287 3042 qualitates
3328 2980 3666 3043 praeparatur
3691 2987 3789 3027 vas

2199 3063 2521 3134 virginemn,
2547 3062 2745 3117 divinis
2767 3060 3187 3116 charismatibus
3207 3069 3266 3115 ut
3310 3059 3627 3131 margaritis
3650 3059 3791 3115 inef-

514 3162 632 3207 tere
657 3150 939 3222 supernuis
956 3159 1019 3206 et
1050 3151 1395 3206 mordacibus
1438 3151 1687 3216 rictibus,
1717 3166 1839 3222 qua:
1889 3161 2019 3206 tunc
2065 3168 2095 3206 a
2125 3124 2168 3186 C
2202 3153 2444 3210 fabiliter
2465 3164 2746 3216 ornatum,
2779 3154 2833 3207 in
2864 3168 2972 3223 quo
2994 3153 3230 3223 qualitas
3260 3154 3353 3207 Dei
3391 3154 3550 3206 mista
3584 3152 3787 3207 homini

504 3244 802 3313 prmlibato
816 3244 1109 3312 interprete
1129 3242 1374 3297 feruntur
1391 3250 1755 3312 transportata
1775 3242 2097 3313 quihusdam

515 3337 714 3392 obnixe
752 3338 1063 3406 petentibus
1108 3335 1173 3389 ad
1221 3334 1429 3388 Latinae
1478 3334 1673 3405 lingua:
1716 3334 1989 3389 notitiam;
2034 3334 2100 3389 Et

506 3430 644 3499 quia
670 3429 785 3484 haec
814 3428 1006 3482 relatio
1032 3428 1176 3482 inter
1204 3442 1374 3483 sacra:
1402 3426 1697 3497 Scriptura:
1726 3442 1964 3483 canones
1990 3443 2097 3482 non

520 3520 756 3575 habetur
788 3520 1011 3581 inserta,
1059 3519 1181 3574 ideo
1209 3519 1486 3574 unanimis
1520 3518 1775 3574 Ecclesia:
1804 3511 2101 3575 conventus

521 3612 573 3665 in
606 3612 881 3666 recitando
902 3620 1087 3681 aperte
1128 3626 1231 3665 nec
1257 3625 1479 3665 omnino
1527 3610 1699 3681 eligit,
1747 3625 1848 3666 nec
1890 3611 1943 3664 in
1994 3625 2099 3665 non

518 3705 831 3774 recipiendo
878 3704 1076 3772 rejieit,
1104 3719 1225 3758 cum
1268 3702 1537 3769 .nonnulla
1588 3703 1931 3774 reperiantur
1958 3703 2100 3758 dicta

520 3798 606 3852 vel
634 3797 772 3852 facta
806 3811 923 3865 qua:
957 3796 1010 3849 in
1047 3795 1271 3864 praefata
1320 3796 1461 3849 serie
1501 3794 1850 3864 impossibilia
1882 3795 2104 3849 videan-

520 3897 633 3954 tur,
663 3904 782 3957 qute
811 3898 988 3941 tamen
1011 3886 1316 3941 volentibus
1348 3894 1402 3940 et
1430 3886 1738 3941 amantibus
1765 3885 1964 3955 legere,
1995 3900 2100 3940 non

518 3979 751 4047 denegat
780 3973 1015 4029 ﬁdelium
1045 3974 1330 4029 industria.
1362 3973 1529 4030 Nobis
1555 3985 1735 4031 autem
1772 3984 1826 4031 et
1855 3975 2102 4031 omnibus

522 4068 780 4122 Ecclesia:
832 4066 976 4131 ﬁliis,
1028 4066 1161 4120 satis
1209 4080 1479 4136 superque
1523 4066 1592 4121 sit
1641 4067 1773 4122 ﬁdes
1815 4076 1871 4122 et
1910 4068 2101 4123 devOta

520 4160 840 4221 credulitas,
871 4174 977 4228 qua
1000 4174 1130 4213 vere
1155 4173 1277 4214 eam
1311 4160 1638 4215 conﬁtemur
1669 4160 1941 4233 Virginem
1969 4171 2023 4217 et
2047 4163 2100 4218 in

528 4261 649 4306 ortu
679 4262 728 4305 et
763 4254 812 4305 in
840 4254 983 4306 omni
1012 4266 1110 4305 sua
1136 4255 1467 4322 operatione.
1498 4253 1667 4324 llnjus
1696 4272 1926 4327 namque
1949 4268 2104 4327 pater

520 4353 577 4395 et
606 4350 777 4396 mater
806 4341 1052 4397 carnales
1082 4341 1250 4398 fuisse
1282 4343 1544 4411 feruntur,
1578 4345 1825 4403 Joacbim
1852 4359 1905 4404 et
1925 4351 2100 4416 Anna,

2201 3244 2684 3318 compaginaretur
2709 3245 3086 3315 corporaliter,
3113 3260 3219 3300 non
3267 3245 3562 3299 secundum
3592 3259 3789 3314 prepa-

2201 3338 2495 3408 gationem,
2534 3335 2625 3392 sed
2670 3337 2966 3392 secundum
3012 3337 3250 3407 Spiritus
3297 3337 3469 3391 sancti
3517 3337 3788 3405 operatio-

2204 3444 2346 3483 nem.
2375 3426 2528 3494 Quis,
2553 3442 2757 3497 quzeso,
2788 3442 3022 3497 unquam
3045 3436 3137 3481 aut
3159 3436 3282 3480 ante
3307 3427 3446 3481 hanc
3477 3424 3784 3496 Virginem,

2202 3527 2295 3573 aut
2322 3527 2443 3589 post
2473 3520 2636 3583 hanc,
2666 3519 2719 3574 in
2742 3520 2892 3573 omni
2933 3527 3199 3572 terrarum
3252 3518 3426 3588 spatio
3469 3518 3659 3573 audire
3699 3530 3789 3569 va-

2203 3611 2322 3678 luit,
2376 3622 2434 3667 ut
2483 3610 2659 3667 factor
2702 3612 2943 3667 omnium
2991 3626 3197 3677 rerum,
3251 3625 3531 3681 possessor
3577 3608 3700 3664 curti
3737 3616 3791 3661 et

2204 3710 2387 3769 teme,
2426 3703 2544 3758 Rex
2580 3719 2767 3773 regum
2789 3711 2845 3759 et
2890 3703 3142 3759 Dominus
3179 3703 3545 3766 dominorum,
3594 3698 3789 3770 Snlju-

2205 3795 2384 3857 stitiae,
2431 3795 2613 3849 lumen
2647 3795 3034 3866 insuperabile,
3079 3796 3221 3850 intra
3270 3792 3506 3865 Virginis
3536 3810 3595 3851 se
3640 3801 3787 3848 arcta

2204 3886 2555 3942 concluderet
2584 3894 2734 3957 septa
2767 3886 2779 3941 ι
2813 3886 2857 3942 Ο
2886 3903 3080 3959 magna
3129 3896 3185 3942 et
3230 3886 3569 3942 admirabilis
3623 3885 3787 3958 ipsius

2206 3977 2300 4033 Dei
2327 3978 2662 4043 distributio,
2723 3979 2834 4034 imo
2879 3979 3201 4034 miseratio!
3240 3988 3299 4033 ut
3344 3979 3487 4033 enim
3516 3977 3788 4050 protopla-

2206 4080 2349 4125 stum
2377 4080 2659 4140 parentem
2699 4079 2754 4125 et
2780 4073 3178 4127 successionem
3217 4070 3448 4126 ﬁliorum
3477 4072 3597 4142 ejus
3639 4052 3775 4125 iuno:

2205 4172 2377 4226 varet,
2407 4177 2567 4233 quem
2612 4171 2827 4217 constat
2863 4164 2933 4219 ob
2962 4164 3064 4219 hoc
3098 4164 3326 4229 editum,
3380 4175 3439 4218 ut
3469 4165 3785 4236 superbien-

2208 4253 2339 4307 tium
2396 4254 2712 4323 angelorum
2776 4253 3049 4324 suppleret
3095 4270 3379 4310 numerum
3428 4264 3485 4310 et
3520 4257 3783 4321 ordinem,

2206 4359 2312 4398 non
2342 4344 2562 4415 indigne
2591 4344 2813 4415 pertulit
2846 4346 2989 4400 intra
3018 4345 3255 4418 Virginis
3279 4347 3459 4401 alvum
3488 4348 3708 4403 caelitus
3731 4361 3785 4401 se

522 4451 645 4505 qua:
667 4440 800 4492 bene
820 4437 919 4491 sibi
942 4439 1005 4493 de
1032 4439 1264 4494 nominis
1294 4440 1737 4510 interpretatione
1758 4452 2099 4513 competunt:
2134 4472 2180 4530 ο
2207 4437 2507 4507 corporari,
2537 4445 2596 4492 ut
2637 4438 3003 4494 cnnsocialem
3050 4437 3282 4493 formam
3334 4454 3442 4494 non
3492 4440 3782 4496 secundum

520 4526 766 4581 Joacbim
818 4528 1015 4597 quippe
1061 4530 1378 4600 prwparalio
1430 4531 1640 4587 Domini
1680 4533 1898 4599 dicitur,
1952 4533 2102 4587 Anna

523 4632 654 4671 vero
702 4618 874 4686 gratia
922 4617 1017 4671 Dei
1063 4619 1468 4689 interpretatur.
1516 4623 1572 4677 In
1624 4626 1819 4679 horum
1873 4624 2102 4679 duorum

528 4705 810 4760 nominum
861 4706 1306 4778 interpretatione
1330 4712 1457 4781 quid
1486 4714 1750 4781 innuitur,
1784 4716 1887 4769 nisi
1931 4715 2101 4786 gratia

523 4814 687 4869 quam
722 4800 883 4853 simul
907 4801 1086 4869 adepti
1117 4803 1295 4856 sunt?
1349 4805 1437 4859 ubi
1484 4821 1718 4875 namque
1749 4807 1946 4875 poterit
1984 4822 2104 4862 esse

523 4891 718 4960 gratia,
744 4890 845 4944 nisi
870 4891 958 4945 ubi
982 4890 1270 4946 famulatur
1293 4897 1613 4966 przeparatio
1634 4898 1979 4952 conscientia:
2005 4897 2031 4950 ‘.’
2050 4907 2105 4953 et

522 4983 614 5037 ubi
648 4982 824 5038 locum
857 4983 1077 5038 habebit
1136 4989 1463 5057 praeparatio
1496 4988 1849 5057 operationis,
1887 4989 1988 5043 nisi
2015 4989 2101 5044 ubi

526 5083 651 5128 ante
683 5076 1023 5142 prmeesscrit
1069 5076 1163 5129 Dei
1204 5076 1395 5149 largita
1447 5079 1680 5149 gratia?
1730 5078 1821 5135 Sic
1870 5094 1999 5151 ergo
2048 5081 2103 5135 in

521 5180 691 5217 mium
726 5165 846 5219 dua:
884 5177 1180 5237 compacta:
1209 5170 1418 5238 gratim,
1446 5172 1770 5242 disponente
1822 5172 1914 5228 Dei
1947 5184 2102 5241 nutu,

522 5253 804 5324 proferunt
837 5270 904 5311 ex
946 5272 1004 5313 se
1057 5261 1288 5330 gratiam
1336 5277 1440 5318 non
1471 5278 1716 5334 parvam,
1764 5265 2101 5336 profuturam

523 5344 679 5400 valde
701 5347 911 5402 cunctis
937 5349 1266 5405 hominibus.

598 5435 723 5490 llaec
752 5437 937 5506 paucis
981 5439 1121 5495 dicta
1181 5441 1246 5497 de
1276 5453 1588 5500 sanctorum
1617 5458 1897 5518 parentum
1943 5449 2101 5520 digna

521 5528 1041 5583 commemoratione
1094 5533 1222 5587 satis
1252 5533 1378 5588 sint.
1429 5534 1580 5591 Nunc
1608 5539 1674 5592 ad
1719 5538 2008 5594 erolvenda
2039 5556 2100 5595 ea

523 5629 648 5686 qua:
673 5619 922 5676 Christus
949 5623 1158 5680 dederit
1180 5629 1479 5683 veniamus.
1530 5630 1819 5701 Propterea
1849 5633 2104 5688 honoriﬁ-

524 5711 835 5769 ccntissime
873 5717 1068 5771 summi
1112 5716 1365 5776 Auctoris
1390 5729 1444 5776 et
1466 5720 1740 5778 Creatoris
1768 5723 2098 5782 Genitricent

2208 4528 2401 4582 divina:
2428 4529 2744 4584 substantia:
2798 4532 3157 4600 quantitatem
3200 4532 3284 4586 vel
3307 4531 3649 4603 qualitatem,
3698 4532 3784 4587 sed

2199 4617 2353 4686 juxta
2387 4636 2707 4691 corporeum
2750 4622 3143 4679 incrementum
3176 4622 3381 4694 absque
3410 4627 3625 4681 macula
3675 4642 3785 4698 pec-

2205 4712 2311 4767 cati
2343 4712 2446 4767 sibi
2490 4722 2833 4784 compaetum
2884 4730 2950 4770 eo
2974 4717 3208 4786 erigeret
3249 4716 3390 4771 unde
3435 4726 3490 4771 et
3519 4732 3710 4772 suasor
3734 4727 3784 4770 et

2208 4800 2297 4856 ille
2324 4802 2633 4868 succubuit,
2674 4802 2883 4873 perﬁda
2914 4804 3253 4862 fraudatione
3280 4808 3539 4877 praecepti
3567 4818 3784 4878 uterque

2206 4890 2409 4960 ejectus
2430 4900 2536 4947 est.
2562 4892 2700 4948 Ecce
2743 4894 2925 4964 itaque
2950 4896 3131 4950 cuncti
3185 4897 3276 4966 qui
3306 4897 3372 4951 ad
3404 4912 3619 4952 sacram
3665 4914 3783 4952 con-

2206 4984 2406 5038 venitis
2462 4981 2704 5054 Virginis
2753 4986 3113 5052 nativitatem,
3145 5002 3337 5043 omnes
3384 5003 3679 5059 corporeus
3704 5002 3785 5041 vo-

2207 5072 2412 5127 biscum
2443 5073 2650 5129 all'crtis
2677 5089 2892 5142 sensus,
2931 5075 3175 5133 fortassis
3198 5089 3253 5133 et
3293 5076 3407 5148 jam
3459 5095 3565 5134 non
3597 5081 3782 5135 desunt

2206 5161 2358 5218 vobis
2388 5164 2675 5221 interiores
2731 5169 2911 5224 cordis
2970 5169 3299 5225 intellectus.
3348 5169 3499 5225 Haud
3568 5175 3781 5227 dntnuzn

2206 5256 2373 5322 enim,
2395 5272 2516 5312 cum
2541 5259 2859 5330 disperutor
2890 5277 3113 5317 suarum
3138 5262 3399 5317 virtutum
3432 5278 3781 5333 unumquem-

2205 5363 2311 5416 que
2339 5358 2579 5404 vestrum
2609 5366 2707 5407 suo
2732 5352 3018 5424 donaverit
3042 5354 3206 5421 dono,
3236 5355 3328 5424 qui
3359 5357 3462 5410 scit
3484 5355 3537 5410 in
3565 5354 3782 5427 singulis

2207 5436 2280 5489 ita
2331 5437 2616 5509 dispertire
2651 5458 2747 5496 sua
2793 5444 2934 5499 dona
2978 5455 3033 5500 et
3077 5461 3299 5500 munera
3353 5455 3514 5517 prout
3561 5449 3780 5518 quisque

2206 5535 2439 5603 laborat,
2490 5547 2550 5593 ut
2597 5539 2867 5597 efﬁciatur
2914 5543 3031 5612 ejus
3079 5543 3469 5600 habitaculum.
3519 5547 3781 5618 Operatnr

2207 5638 2386 5683 autem
2420 5629 2542 5696 hoc,
2572 5640 2630 5686 ut
2665 5634 2741 5689 ait
2779 5634 3089 5706 Apostolus,
3132 5654 3269 5692 unus
3303 5650 3466 5707 atque
3495 5640 3637 5694 idem
3668 5639 3780 5709 Spi-

2209 5724 2361 5792 titus,
2390 5726 2479 5797 qui
2509 5728 2558 5781 in
2592 5731 2801 5784 cunctis
2851 5732 3146 5786 secundum
3189 5735 3488 5802 gratiarum
3526 5742 3774 5790 rat.o:;e.-n
