4018 6420
190 429 307 493 329

1397 425 1765 484 SERMONES
1801 424 1891 484 AD
1919 427 2263 486 POPULUM.

3324 433 3437 490 33.

189 545 487 618 spargitur,
538 552 594 597 et
651 540 704 597 in
750 538 974 612 singulis
1030 538 1189 594 unice
1240 538 1528 593 invenitur.
1566 539 1767 608 Erigite
1794 546 1839 602 Α
1869 543 2128 611 compede
2181 540 2602 597 misericorditer
2647 542 2805 600 eruit.
2850 540 3081 598 lnsn‘ltas
3121 541 3350 616 denique
3380 549 3430 602 ei

180 653 327 708 "ergo
376 644 587 692 mentes
626 642 837 689 vestras
877 631 945 686 ad
995 630 1275 700 praesentis
1323 630 1512 685 tnatris
1558 629 1769 684 festivi-

190 734 387 790 tatem,
435 733 498 779 ut
536 723 743 779 nullum
792 720 990 776 mentis
1040 720 1120 774 vel
1150 720 1392 790 corporis
1438 719 1768 775 domicilium

184 831 297 873 seu
328 814 581 884 jubilatio
628 809 954 877 inveniatur,
1013 824 1132 879 quae
1174 824 1282 863 non
1329 816 1443 863 tota
1484 817 1771 877 concrepet

188 903 252 960 in
284 913 391 959 tam
429 900 689 973 praeclara
741 899 1140 970 procreatioue.
1190 897 1532 969 Congaudeat
1579 897 1633 952 in
1665 897 1771 954 hac

181 994 513 1050 celebritate
559 1001 788 1061 uterque
835 1004 999 1044 sexus
1034 997 1098 1044 et
1134 988 1380 1043 conditio
1430 987 1769 1042 dominorum

188 1098 293 1142 seu
321 1080 716 1153 subjectorum,
742 1080 872 1150 quia
898 1094 1001 1148 per
1037 1079 1178 1134 hanc
1205 1078 1480 1150 Virginem
1505 1087 1773 1133 utrorum-

182 1194 301 1251 Quo
318 1180 469 1236 venit
494 1175 810 1246 redemptio.
851 1173 1061 1229 scilicet
1104 1171 1484 1227 innnaculatus
1510 1170 1771 1226 Dominus

183 1269 490 1326 carnaliter
517 1265 771 1338 prodiens
805 1264 872 1319 de
906 1263 1047 1318 illius
1085 1270 1259 1316 utero.
1290 1260 1574 1315 Gaudeant
1612 1274 1773 1315 senes

190 1362 306 1417 Deo
329 1361 629 1432 placentes,
661 1356 919 1428 quoniam
951 1355 1018 1409 ab
1047 1353 1172 1407 aula
1200 1351 1323 1407 εαξη
1372 1352 1655 1407 descendit
1684 1352 1772 1408 ille

176 1450 243 1505 in
275 1452 397 1520 ejus
425 1450 616 1519 puellae
638 1449 876 1510 viscera,
910 1447 1005 1516 qui
1028 1443 1183 1498 novit
1210 1458 1316 1497 non
1356 1443 1514 1497 modo
1559 1442 1771 1497 animas

186 1539 804 1603 tantum,v€rumetiam
848 1550 1101 1606 corpora,
1150 1536 1218 1589 ad
1258 1534 1533 1590 meliorem
1576 1534 1771 1605 juveng
1814 1548 1821 1551 ‘

192 1639 367 1684 tutem
400 1627 607 1684 referre
626 1643 657 1681 a
677 1625 847 1681 veteri
879 1624 1054 1686 ruina,
1079 1621 1234 1693 juxta
1266 1624 1588 1695 sententiam
1621 1624 1772 1679 Davi-

176 1722 391 1787 dicam,
417 1719 768 1774 Renovabitur
789 1726 851 1770 ut
874 1714 1068 1787 aquila:
1086 1715 1331 1784 juventus
1357 1723 1448 1768 tua
1478 1713 1651 1779 (Paul.
1671 1729 1765 1779 cn,

186 1812 272 1876 5):
296 1812 586 1868 Imitentur
633 1809 798 1865 etiam
839 1806 1000 1873 tidem
1040 1806 1388 1876 antiquorum
1420 1805 1672 1872 Patrum,
1702 1822 1771 1864 ex

1869 631 2027 685 modo
2048 632 2139 701 qui
2172 640 2223 686 te
2267 632 2467 687 dttdttm
2514 648 2612 688 suo
2658 634 2896 692 venefico
2954 650 3117 692 suasu
3152 634 3433 705 infecerat.

1868 720 1992 790 quia
2021 721 2190 776 habes
2218 731 2365 777 tuum
2392 722 2623 793 plastem
2667 726 2779 780 sive
2804 735 3080 794 parentetn
3123 728 3436 797 propitium,

1868 809 1959 879 qui
2013 824 2111 865 suo
2180 811 2453 881 triumpho
2502 814 2664 868 nobili
2715 829 2999 884 procacem
3029 816 3337 871 exturbavit
3364 817 3441 874 tui

1864 901 2042 957 hostis
2067 901 2421 958 dominatum.
2469 896 2572 959 Exi
2620 921 2786 968 nunc,
2815 921 2848 960 ο
2892 904 3055 959 fallax
3090 913 3145 961 et
3194 905 3442 963 inventor

1868 991 2363 1060 antiquicriminis,
2412 1007 2442 1046 a
2478 994 2725 1049 secundo
2770 994 2932 1049 noxio
2975 1009 3125 1060 sexu,
3170 995 3295 1064 quia
3327 997 3442 1068 ipse

1872 1081 1962 1148 qui
1996 1079 2137 1155 sine.
2160 1079 2363 1135 carnali
2391 1095 2556 1136 onere
2582 1082 2648 1136 ab
2676 1083 2864 1137 eodem
2906 1082 3190 1153 pullulavit
3221 1082 3436 1148 ordine,

1871 1189 2028 1230 suam
2057 1174 2216 1230 hodie
2239 1174 2742 1246 genitricem'istam
2762 1175 2893 1232 fecit
2918 1178 3137 1247 prodire
3160 1178 3211 1233 in
3237 1179 3437 1234 lucem.

1872 1262 2096 1318 Terreat
2121 1273 2172 1317 te
2202 1263 2388 1333 procul
2419 1265 2665 1321 secundae
2690 1264 2925 1337 Virginis
2953 1267 3018 1321 de
3038 1267 3174 1323 coelo
3199 1266 3439 1336 collapsa

1872 1354 2195 1418 benedictio,
2242 1354 2332 1423 qui
2387 1354 2599 1410 laetatus
2639 1371 2699 1410 es
2734 1357 2788 1411 in
2838 1357 3024 1425 prima:
3076 1356 3301 1426 virginis
3343 1372 3439 1426 op-

1868 1442 2110 1514 probrio.
2154 1442 2395 1513 Namque
2424 1444 2514 1513 qui
2550 1444 2831 1515 gaudebas
2875 1445 2926 1499 in
2970 1445 3201 1500 articulo
3253 1445 3438 1500 condi-

1874 1533 2034 1587 tionis
2065 1534 2538 1603 humanmpriuios
2582 1550 2612 1589 a
2662 1551 2759 1591 suo
2800 1534 2940 1593 felici
2990 1536 3224 1592 incolatu
3257 1546 3441 1594 extur-

1872 1621 2031 1677 basse
2061 1621 2298 1685 colonos,
2331 1638 2475 1678 nunc
2504 1639 2533 1677 a
2563 1624 2800 1680 secundo
2821 1623 3037 1679 homine
3067 1624 3175 1680 lilio
3201 1624 3438 1697 Virginis

1868 1722 2070 1768 aeterna
2098 1712 2452 1769 exsultatione
2483 1728 2648 1769 nexus
2676 1728 2758 1779 es.

1939 1802 2233 1871 Quocirca,
2275 1803 2537 1859 habentes
2571 1805 2641 1861 ob
2669 1802 2855 1869 oculos
2905 1805 3284 1861 sacratissime
3314 1803 3438 1861 Vir-

177 1920 295 1975 qua
325 1911 546 1959 constat
573 1901 694 1957 illos
722 1899 992 1970 placuisse
1013 1897 1152 1962 Deo,
1186 1912 1290 1952 nec
1341 1913 1373 1952 a
1420 1898 1679 1953 memoria
1709 1896 1769 1952 il-
1798 1890 2009 1968 Bginis
2038 1895 2433 1953 sanctissimam
2476 1895 2581 1951 diei
2616 1886 3039 1963 venerationem,
3065 1912 3171 1953 non
3200 1898 3252 1952 in
3273 1914 3439 1952 .mun-

186 1994 367 2057 lorum
394 1990 647 2062 refugiat,
687 1990 940 2059 quoniam
973 2004 1068 2058 per
1093 1988 1248 2058 hujus
1284 1988 1526 2058 Virginis
1552 1996 1768 2058 partum

176 2084 357 2141 etiam
390 2082 444 2139 in
476 2089 719 2136 extrema
749 2092 940 2134 eorum
989 2088 1137 2135 sorte
1162 2079 1481 2132 conceditur
1526 2078 1633 2133 illis
1677 2093 1766 2132 rc-

186 2172 385 2244 petitio
408 2185 551 2227 verte
592 2170 803 2225 salutis.
827 2168 1111 2224 Laetentur
1140 2168 1370 2237 juvenes
1398 2166 1566 2225 fortes
1588 2169 1641 2223 in
1667 2170 1768 2225 hac

186 2265 297 2331 die,
323 2262 584 2334 quoniam
632 2260 793 2317 hodie
830 2261 1031 2332 prodiit
1072 2261 1125 2316 iu
1158 2261 1311 2316 hanc
1360 2260 1535 2317 lucem
1578 2259 1770 2331 Virgo,

177 2369 253 2411 ex
279 2353 438 2422 cujus
470 2351 695 2408 secretis
722 2360 883 2408 natus
922 2360 1007 2406 est
1044 2349 1280 2419 juvenis,
1339 2350 1619 2419 speciosus
1650 2366 1767 2421 prae

186 2446 336 2499 natis
366 2445 671 2509 hominum,
719 2445 785 2505 de
834 2441 986 2512 cujus
1014 2441 1171 2497 labiis
1211 2440 1402 2498 dill'usa
1451 2450 1535 2496 est
1589 2441 1768 2497 omnis

186 2538 367 2606 gratia
425 2536 632 2606 perlata
683 2550 781 2605 per
825 2533 1213 2603 quadripartita
1274 2531 1460 2587 mundi
1522 2530 1762 2586 climata.

186 2630 459 2683 Vit-tmen]
483 2643 697 2698 quoque
725 2628 966 2696 corporis
1002 2628 1055 2681 in
1107 2624 1273 2680 animi
1314 2626 1552 2695 vigorem
1582 2632 1767 2680 trans-

180 2728 421 2781 mittent,
450 2725 505 2772 et
532 2729 630 2787 per
662 2717 822 2785 hujus
854 2732 1023 2772 sacrae
1044 2716 1282 2785 Virginis
1305 2716 1586 2771 obtentum
1608 2731 1764 2770 suam

180 2807 408 2881 Christo
452 2809 830 2864 commendent
886 2806 1244 2876 juventutem.
1313 2804 1767 2875 Congratulentur

182 2902 354 2955 etiam
379 2900 606 2971 pueriet
636 2897 871 2959 infantes
911 2899 962 2955 in
1008 2896 1166 2966 hujus
1191 2896 1421 2952 maxime
1450 2896 1639 2968 puella:
1664 2897 1765 2955 ini-

176 2994 283 3054 ‘tio,
320 3007 416 3047 sua
441 2991 664 3047 Christo
688 3000 744 3046 et
766 2991 946 3048 Mariae
976 2990 1217 3046 dicantes
1262 2989 1563 3045 crescentia
1597 3006 1765 3046 mem-

175 3084 306 3148 ‘bra,
327 3085 585 3154 quoniam
616 3082 817 3138 habent
848 3097 1071 3154 puerum
1100 3081 1385 3143 castitatis,
1431 3090 1487 3136 et
1511 3082 1763 3151 puritatis

181 3174 516 3238 ministrum,
545 3181 600 3229 et
627 3172 847 3226 Mariam
876 3169 1164 3243 singularis
1194 3170 1489 3240 pudicitiae,
1513 3185 1580 3224 ex
1607 3171 1758 3241 cujus

1867 1988 2022 2041 danis
2048 1987 2248 2043 laetitiis
2274 1996 2525 2042 exercete
2548 1989 2709 2042 corda
2741 1999 2941 2052 vestra,
2969 1978 3072 2048 Sed
3092 1998 3260 2045 totum
3279 2005 3437 2047 men-

1867 2080 1940 2135 tis
1990 2079 2261 2150 ingenium
2312 2079 2459 2148 figite
2511 2079 2563 2132 in
2600 2079 2869 2148 praeclara:
2920 2077 3155 2154 Virginis
3203 2096 3436 2150 superna

1869 2169 1955 2224 illa
1988 2169 2147 2234 festa,
2174 2169 2227 2223 in
2258 2170 2455 2239 quibus
2479 2168 2684 2222 diutina
2728 2169 2880 2225 laude
2902 2157 2969 2224 ab
2994 2171 3198 2241 angelis
3227 2170 3434 2225 festivis

1868 2262 2164 2318 honoratur
2200 2260 2463 2316 servitiis.
2518 2260 2813 2316 Procurate
2857 2262 3163 2332 Principem
3193 2272 3433 2318 vestram

1867 2353 2073 2410 festivis
2118 2360 2178 2408 ut
2228 2352 2420 2407 valetis
2478 2343 2723 2407 laudilms
2776 2364 2838 2407 et
2896 2354 3140 2425 benignis
3184 2354 3440 2423 operibus

1862 2444 2140 2517 prosequi,
2168 2452 2229 2499 ut
2254 2444 2473 2515 possitis
2517 2460 2639 2501 cum
2685 2459 2748 2499 ea
2794 2444 2996 2512 absque
3036 2444 3437 2499 coruscantium

1866 2536 2171 2593 defectione
2228 2536 2596 2608 lampadarum
2644 2538 2856 2608 Agnum
2920 2535 3071 2605 sequi
3119 2549 3439 2605 quocunque

1867 2630 1992 2685 ierit
2041 2628 2227 2700 (Apoc.
2276 2645 2390 2694 xtv,
2434 2629 2511 2695 4).
2569 2628 2737 2684 lludie
2770 2628 3075 2700 primicerio
3122 2638 3178 2683 et
3226 2628 3434 2684 ductrix

1866 2719 2149 2791 Virginum
2174 2736 2202 2774 a
2236 2722 2442 2776 sanctis
2470 2721 2746 2792 prophetis
2775 2711 3059 2774 vaticinata
3086 2720 3281 2784 oritur,
3307 2733 3437 2773 con-
3510 2711 3517 2715 ’

1864 2811 2203 2885 gratulentur
2226 2813 2277 2866 ei
2302 2821 2514 2867 cuncta:
2542 2812 2797 2882 virgines,
2820 2811 2944 2881 quia
2971 2808 3215 2864 nascitur
3239 2808 3433 2879 pudica

1864 2904 2065 2976 puella,
2118 2918 2240 2973 quae
2279 2911 2574 2956 amatorem
2617 2903 2827 2973 peperit
2871 2903 3092 2972 integra:
3146 2900 3435 2954 castitatis.

1861 2995 2070 3050 Felices
2098 2993 2223 3058 illae,
2255 3009 2376 3063 qua:
2398 2994 2515 3048 sine
2546 2993 2868 3063 cognitionis
2894 2990 3125 3046 ludibrio
3148 3000 3256 3044 tam
3281 2989 3429 3043 miri-

1861 3080 2023 3142 ﬁcam
2046 3085 2139 3139 Dei
2170 3082 2497 3141 Genitricem
2546 3092 2813 3153 quantum
2849 3082 2900 3136 in
2950 3082 3078 3152 ipsis
3107 3092 3207 3147 est,
3250 3095 3439 3153 prose-

1860 3170 1996 3234 Cuue
2039 3176 2243 3233 fuerint
2290 3176 2544 3246 puritatis
2592 3176 2939 3231 commercio.
2978 3174 3117 3246 Ergo
3143 3175 3267 3244 quia
3290 3188 3436 3245 gau-

184 3274 341 3320 utero
368 3273 559 3320 sancto
585 3262 784 3318 Christi
832 3230 1057 3316 infantia
1103 3268 1187 3314 est
1225 3268 1492 3330 suscepta.
1522 3258 1760 3314 Psallant
1783 3230 1829 3292 Ο
1852 3269 2052 3325 denter
2091 3230 2365 3339 suscipitis
2408 3266 2525 3336 ejus
2553 3277 2755 3332 ortum,
2785 3266 2850 3320 ad
2889 3230 3432 3336 οιῂιιειγυέιιοιιυιηε-

177 3354 451 3424 apirituali
474 3353 660 3408 laatitia
696 3368 749 3406 tn
771 3350 992 3421 hacIdie
1038 3358 1093 3404 et
1116 3348 1190 3402 illi
1221 3349 1311 3418 qui
1339 3348 1479 3403 forte
1503 3364 1761 3404 exercue-
1859 3358 2036 3413 sitatis
2082 3359 2360 3429 pertinet-9,
2404 3356 2751 3428 colloquium,
2798 3356 3027 3428 εριρείιρ
3050 3371 3148 3411 vos
3176 3355 3247 3410 ξω
3277 3370 3437 3412 εχει-.-

187 3453 313 3500 Tum
342 3445 677 3500 άοηιίιιέιῑυηι
705 3458 871 3515 super
912 3440 1092 3499 εκειιιί
1126 3440 1360 3511 ηθῧοῑίθν
1385 3440 1639 3510 quoniam
1664 3454 1761 3509 Per
1858 3464 1984 3505 cere
2034 3450 2088 3505 in
2137 3449 2451 3505 cmlestibus
2507 3449 2738 3519 negotiis
2763 3489 2779 3513 ,
2833 3457 2891 3502 ut
2935 3454 3436 3518 postexsuperatos

189 3535 464 3607 Virginem
517 3535 668 3589 venit
728 3533 987 3587 Dominus
1035 3530 1274 3585 nomium
1331 3538 1658 3600 potestatum
1705 3537 1762 3584 et
1858 3539 2077 3593 ωιιιιρω
2138 3539 2309 3607 pestis
2368 3538 2620 3602 labores,
2681 3538 2807 3592 dum
2862 3547 3083 3591 νθηωηι
3134 3535 3307 3592 fuerit
3363 3535 3433 3589 ad

183 3627 445 3682 virtutum
475 3635 534 3682 et
560 3626 1005 3684 dominatiomnu.
1052 3623 1335 3680 Gaudeant
1382 3623 1602 3688 subditi,
1632 3634 1686 3679 et
1713 3624 1757 3678 si
1848 3640 2212 3700 'prmoplatum
2266 3630 2457 3685 divinae
2514 3638 2681 3699 porta:
2722 3627 3109 3699 spectaculum,
3149 3627 3435 3698 pulsantes

171 3732 321 3787 quos
349 3717 550 3787 premit
598 3716 832 3771 alienum
881 3713 1101 3785 jugum,
1146 3713 1398 3783 quoniam
1438 3712 1758 3782 quandoque

173 3808 429 3865 exsolvet
450 3808 619 3865 Filius
650 3804 900 3881 Virginis,
934 3807 1043 3860 imo
1087 3804 1205 3870 Dei,
1245 3805 1289 3859 si
1331 3803 1385 3858 ei
1432 3804 1755 3875 placuerint,

187 3902 367 3972 iniqua
385 3901 515 3973 juga
541 3916 573 3956 a
602 3899 905 3956 cervicibus
954 3896 1164 3952 illorum
1194 3895 1475 3965 depellere,
1507 3910 1571 3950 ac
1596 3910 1754 3965 supe-

177 3994 355 4048 viores
382 3991 576 4048 elIlciet
601 4005 698 4047 eos
727 3989 984 4046 Dominus
1013 3988 1126 4043 suis
1171 3995 1226 4042 et
1262 4002 1371 4056 ,per
1416 4002 1527 4042 sua:
1570 3985 1757 4042 Matris

185 4084 518 4156 suﬂ‘ragium.

251 4178 538 4246 Cumorgo
566 4175 635 4231 ad
666 4174 904 4231 omnium
937 4171 1173 4226 virorum
1217 4177 1409 4225 aetates
1438 4176 1617 4223 nostra
1652 4167 1756 4223 col-

187 4268 382 4324 locutio
428 4279 589 4336 atque
639 4264 944 4320 exhortatio
999 4261 1337 4333 pervenerit,
1406 4271 1611 4316 rectum
1674 4261 1754 4315 vi-

172 4360 342 4415 detur
394 4365 456 4413 ut
500 4358 567 4412 ad
612 4356 757 4412 illum
804 4371 997 4412 sexum
1034 4365 1219 4413 nostra
1276 4357 1452 4413 denuo
1496 4357 1756 4429 dirigatur

174 4450 397 4514 oratio,
449 4465 519 4505 ex
565 4463 672 4518 quo
718 4448 919 4504 scimus
979 4449 1258 4504 Dominum
1316 4448 1553 4505 carnalia
1602 4449 1754 4503 initia

1860 3734 1967 3775 non
1997 3719 2377 3789 repudiemini,
2410 3736 2508 3775 ceu
2538 3721 2606 3775 de
2645 3719 2839 3789 ineptis
2877 3719 3178 3789 virginibus
3210 3717 3428 3780 dicitur,

1857 3825 1976 3880 qua:
2015 3825 2045 3863 a
2091 3824 2293 3878 sponso
2340 3811 2640 3881 reprobatte
2689 3818 2813 3864 sunt
2843 3820 3238 3879 proptersuam
3285 3808 3431 3863 iner—

1858 3898 2007 3962 tiam,
2040 3898 2166 3952 dum
2206 3896 2263 3951 in
2302 3898 2444 3953 vasis
2469 3897 2581 3953 suis
2609 3897 2809 3954 habere
2824 3897 3027 3963 oleum,
3056 3896 3160 3951 hoc
3185 3906 3269 3951 est
3292 3896 3432 3951 bona

1847 4002 2045 4057 opera,
2070 3986 2393 4059 neglexere;
2423 3988 2518 4042 sed
2558 3989 2742 4059 potius
2782 4004 2904 4044 cum
2953 3989 3069 4059 ipso
3092 3988 3159 4043 ad
3186 3987 3432 4043 cmlestia

1845 4079 2053 4151 .palatia
2080 4080 2265 4145 simul,
2283 4088 2346 4134 et
2382 4095 2508 4135 cum
2552 4081 2707 4137 beata
2731 4080 3011 4137 Geuitrice
3041 4081 3157 4153 ejus
3182 4080 3430 4152 progredi

1856 4167 2101 4223 valeatis.
2126 4167 2258 4223 Cum
2292 4167 2454 4238 igitur
2495 4168 2599 4224 ista
2647 4169 2962 4245 solenmitas
3004 4169 3255 4224 omnibus
3301 4168 3430 4221 tide-

1855 4256 1997 4314 libus
2027 4273 2277 4329 congrua
2309 4260 2377 4313 ab
2417 4259 2657 4314 omnium
2696 4260 3095 4316 conventiculis
3137 4259 3428 4315 catholico—

1844 4364 1975 4404 rum
2016 4350 2198 4406 debito
2241 4350 2456 4404 honore
2499 4361 2875 4421 prosequatur,
2912 4352 3178 4423 pmcipue
3208 4360 3345 4407 tunc
3392 4366 3421 4405 a

1854 4441 2027 4504 sacris
2059 4441 2359 4513 virginibus
2386 4440 2542 4495 valde
2582 4443 2949 4512 prosequenda
2992 4453 3095 4511 est,
3141 4451 3196 4498 et
3234 4458 3423 4514 perco-

177 4541 496 4614 sumpsisse.
546 4541 640 4596 Ille
697 4540 841 4594 enim
894 4540 1285 4598 maledictionis
1332 4550 1514 4596 notam
1563 4541 1752 4610 primae
1781 4533 2033 4622 Dlenda,
2057 4535 2182 4605 quia
2213 4533 2372 4588 hodie
2402 4534 2568 4589 decus
2609 4535 2933 4604 prudentum
2979 4535 3274 4605 virginum,
3322 4533 3425 4589 nos

128 4632 135 4637 ’
178 4631 405 4704 virginis
464 4630 520 4686 iu
580 4630 1006 4687 benedictionem
1059 4632 1308 4687 secundae
1367 4630 1751 4685 transmutavit

182 4720 456 4796 Virginis,
496 4722 587 4793 qui
628 4729 751 4777 ante
805 4737 982 4776 rerum
1026 4720 1258 4777 formam
1307 4719 1648 4793 pratsciverat
1685 4736 1752 4776 ex

176 4816 368 4870 eodem
392 4831 527 4870 sexu
563 4830 717 4870 suum
763 4814 815 4869 in
862 4814 967 4869 fme
1009 4821 1310 4884 temporum
1350 4811 1752 4885 procreandum

184 4905 296 4961 fore
323 4906 543 4971 Filium,
595 4906 974 4976 quiuniversis
1018 4921 1179 4961 omne
1231 4906 1448 4961 atferret
1469 4905 1748 4977 gaudium.

188 4993 323 5051 Vere
345 4997 497 5053 beata
511 4996 866 5052 collaudanda
890 4995 989 5053 Dei
1020 4996 1300 5062 beneﬁcia,
1325 5012 1445 5066 quze
1476 5012 1573 5066 per
1591 4996 1749 5051 illum

182 5098 370 5140 sexum
391 5088 746 5142 decreverunt
785 5087 1071 5157 provenire
1109 5096 1290 5141 nostra
1327 5086 1380 5141 in
1415 5097 1673 5157 tempora,
1717 5101 1747 5140 a

186 5188 291 5243 quo
324 5175 494 5244 primo
540 5175 819 5244 terrigena:
856 5174 1195 5245 propinatum
1244 5183 1328 5229 cst
1375 5174 1569 5244 iniqua:
1617 5189 1744 5230 sua-

181 5264 346 5320 tionis
367 5266 838 5320 medicamentum.
864 5263 909 5320 Ο
941 5264 1050 5319 Eva
1091 5272 1229 5337 tunc
1268 5263 1449 5319 infelix
1479 5265 1491 5318 !
1530 5280 1635 5319 non
1661 5280 1749 5320 so-

185 5353 291 5409 lum
318 5371 410 5425 pro
434 5354 813 5410 inobedientiaz
839 5355 1077 5425 piaculo,
1119 5355 1469 5409 verumetiam
1497 5371 1595 5424 pro
1628 5372 1744 5410 ma-

181 5440 476 5500 ledictionis
502 5443 677 5509 titulo,
717 5459 858 5499 nunc
885 5459 1015 5499 vero
1039 5443 1167 5498 felix
1216 5460 1313 5514 pro
1355 5445 1746 5501 immutationis

183 5533 416 5606 largiﬂuo
451 5535 615 5590 dono.
671 5532 883 5590 Laetare
945 5546 1025 5599 tu,
1080 5544 1254 5590 mater
1304 5537 1587 5599 omnium,
1637 5552 1742 5593 non

182 5625 343 5679 solum
390 5626 516 5696 quia
575 5627 794 5681 evasisti
842 5626 1250 5697 proscriptionis
1299 5624 1589 5690 excidium,
1647 5627 1743 5682 sed

182 5717 334 5772 etiam
360 5719 486 5788 quia
513 5718 578 5773 de
606 5726 697 5771 tua
725 5717 989 5773 consimili
1030 5716 1178 5787 prole
1219 5715 1505 5788 profudisti
1533 5730 1654 5771 eum
1684 5715 1740 5772 in

178 5806 446 5874 saeuitum,
505 5806 595 5881 qui
653 5816 704 5861 te
757 5816 1014 5876 tuamque
1068 5807 1378 5878 progeniem
1434 5806 1624 5861 mortis
1675 5807 1740 5861 de

564 5919 814 5975 Pyram.
880 5919 1093 5977 CXLI.

1853 4625 2051 4697 campi,
2105 4625 2246 4679 idem
2294 4635 2492 4680 sanctae
2535 4624 2813 4689 Ecclesiae,
2849 4640 2969 4695 qum
3006 4626 3425 4696 pretiosissimis

1852 4716 2106 4786 impletur
2134 4715 2466 4788 margaritis,
2495 4730 2562 4771 ex
2602 4716 2721 4770 .lilio
2764 4716 3111 4779 convallium,
3152 4717 3291 4771 idem
3323 4718 3426 4771 htt-

1851 4806 2059 4862 milium
2098 4807 2377 4862 hominum
2416 4806 2679 4877 processit
2722 4806 2789 4861 ad
2835 4817 3031 4860 ortum.
3055 4806 3300 4862 "Gaudete
3324 4821 3424 4878 per

1846 4913 2065 4952 omnem
2093 4897 2331 4962 modum,
2353 4911 2541 4951 omnes
2581 4897 2837 4967 virgines,
2866 4913 2985 4966 quae
3009 4913 3103 4951 vos
3141 4906 3247 4951 tam
3286 4912 3422 4953 sau—

1842 4996 1937 5042 clo
1959 4995 2014 5042 et
2041 4985 2331 5059 praelucido
2371 4986 2512 5041 dono
2546 4987 2636 5041 Dei
2683 4986 2880 5043 dilatas
2910 4986 3023 5041 fore
3045 4986 3410 5055 cognoscitis;

1849 5088 2065 5147 sperate
2092 5076 2145 5130 in
2176 5091 2263 5141 ea,
2304 5092 2426 5147 quae
2471 5077 2630 5147 hujus
2669 5077 2793 5131 doni
2842 5091 3059 5147 compos
3085 5074 3273 5131 elfecta
3304 5086 3409 5140 est,

1848 5180 1904 5225 et
1925 5178 2292 5240 antepartum
2339 5178 2393 5224 et
2440 5178 2559 5239 post
2608 5168 3036 5238 parturitionem.
3079 5167 3417 5237 Magnilirate

1844 5277 1966 5317 eam
2021 5260 2289 5317 indefessa
2342 5276 2551 5314 morum
2609 5260 2975 5329 exhibitione,
3026 5257 3279 5326 quoniam
3320 5273 3420 5329 pro

1846 5353 2247 5424 perseverantia
2284 5351 2528 5422 virginis,
2579 5365 2698 5404 cum
2750 5348 3017 5420 tympanis
3042 5349 3419 5403 exsultatiouis

1844 5432 1898 5499 et
1927 5444 2151 5507 laetitiae,
2178 5458 2359 5497 coram
2406 5441 2691 5511 praesentia
2726 5439 2913 5494 Matris
2948 5439 3181 5504 Domini,
3217 5440 3341 5509 quia
3365 5440 3420 5493 in

1845 5532 2074 5588 sidereis
2120 5529 2386 5585 cubilibus
2439 5527 2706 5583 habebitis
2755 5541 2878 5582 cum
2919 5542 2981 5581 ea
3013 5528 3313 5597 gratulari.
3368 5528 3417 5582 si

1843 5632 2078 5692 cmptam
2149 5619 2311 5674 animi
2370 5617 2719 5688 corporisque
2787 5617 3145 5689 integritatem
3204 5620 3412 5671 sincera

1841 5715 2108 5785 probitate
2130 5710 2497 5767 servaveritis.
2525 5708 2732 5764 Hilares
2762 5718 2940 5765 estote
2978 5721 3034 5765 ct
3069 5726 3194 5773 vos,
3225 5708 3414 5779 puella!

1840 5820 1957 5860 aevo
1988 5814 2207 5869 tenerae,
2237 5801 2361 5870 quia
2394 5800 2607 5855 habetis
2642 5806 2699 5855 et
2730 5815 2826 5855 vos
2844 5800 3075 5872 puellam
3100 5799 3410 5870 angelorum

2946 5916 3017 5974 11
