4018 6460
257 498 359 558 353

1506 487 1871 549 SERMONES
1901 487 1991 543 AD
2019 484 2366 545 DOPULUM.

3364 439 3493 538 sit

257 625 482 669 ctornm.
511 608 660 666 Scito
680 620 810 680 ergo
830 615 881 664 et
907 606 1275 662 animadverte
1300 624 1313 661 :
1345 606 1427 660 Ab
1451 605 1595 659 exitn
1626 619 1829 659 sermo-
1856 604 1902 662 A
1927 602 2157 671 justum:
2189 602 2303 672 ipse
2330 609 2412 656 est
2440 601 2681 656 exoratio
2704 615 2801 680 pro
2834 598 3072 670 peccatis
3099 586 3496 665 nostris(lbid.,

257 703 359 768 nis,
389 710 451 755 ut
481 700 677 754 iterum
707 696 1001 752 aedificetur
1024 695 1345 757 Jerusalem,
1372 710 1541 765 usque
1565 694 1629 749 ad
1673 692 1829 749 Chri-

254 800 394 847 stum
440 790 630 845 ducem
678 788 1038 843 hebdomade:
1076 796 1312 855 septem,
1362 794 1416 839 et
1466 784 1828 839 hebdomades

255 880 533 951 sexaginta
562 880 681 934 duae
704 886 902 934 erunt:
932 886 986 933 et
1017 892 1231 931 rursum
1253 875 1605 931 :cditicabitur
1629 875 1826 943 platea,

252 981 309 1029 et
334 973 473 1028 muri
495 972 551 1028 in
573 966 819 1043 angustia
844 979 1164 1040 temporum.
1195 969 1262 1023 Et
1298 977 1419 1038 post
1468 966 1829 1023 hebdomades

252 1069 530 1138 sexaginta
569 1069 702 1121 duas
748 1064 1026 1120 occidetur
1045 1062 1289 1118 Christus
1318 1078 1331 1115 :
1357 1068 1410 1115 et
1434 1075 1538 1114 non
1569 1060 1675 1112 erit
1712 1057 1829 1126 cjns

250 1156 519 1228 populus,
578 1155 671 1226 qui
729 1160 852 1208 cum
915 1158 1208 1224 negaturus
1259 1160 1362 1206 est.
1424 1150 1492 1204 Et
1554 1149 1828 1203 civitatem

252 1256 309 1303 et
360 1246 725 1302 sanc'tuarium
765 1242 1047 1312 dissipabit
1076 1241 1302 1312 pepnlus
1344 1254 1465 1294 cum
1519 1239 1657 1293 duce
1701 1252 1830 1289 ven-

253 1347 407 1405 turo,
459 1344 513 1392 et
574 1335 700 1390 finis
749 1334 867 1404 ejus
910 1333 1156 1396 vastitas,
1209 1341 1264 1385 et
1332 1337 1454 1400 pest
1509 1328 1670 1384 linem
1704 1326 1828 1383 belli

251 1436 457 1482 statuta
546 1423 836 1480 dcsoiatio.
919 1420 1274 1478 Conﬁrmabit
1356 1428 1535 1473 autem
1613 1423 1828 1488 pactum

250 1515 440 1571 multis
474 1513 811 1569 bebdomada
844 1525 971 1567 una.
1020 1511 1088 1566 Et
1136 1512 1189 1566 in
1221 1510 1443 1564 dimidio
1477 1509 1830 1565 hebdomadis

249 1606 469 1661 deficiet
515 1604 688 1660 hostia
749 1611 806 1659 et
856 1602 1214 1666 sacriﬁcium,
1267 1610 1321 1655 et
1370 1599 1423 1655 in
1473 1598 1672 1669 templo
1727 1598 1832 1652 erit

244 1696 585 1751 abominatio
641 1693 1020 1755 desolationis.
1088 1700 1143 1747 et
1202 1702 1375 1762 nsque
1434 1691 1501 1745 ad
1573 1704 1830 1745 consum-

246 1788 546 1843 mationem
623 1795 678 1841 et
728 1785 890 1841 linem
945 1785 1313 1855 perseverabit
1355 1782 1617 1840 desolatio
1654 1772 1827 1854 (Dan.

249 1897 305 1934 ιι
324 1920 342 1946 ,
365 1878 576 1950 Ξί-ΞἸ).
613 1897 633 1931 ι

330 1991 350 2023 ι
377 1959 625 2037 Domine,
645 1968 767 2040 quis
780 1969 1008 2025 credidit
1025 1967 1147 2022 andi
1154 1966 1229 2021 tui
1244 1958 1465 2021 nostro?
1478 1976 1530 2021 et
1548 1964 1828 2020 brachium

248 2059 486 2125 Demim',
522 2059 606 2114 cui
644 2059 935 2114 revelatum
966 2058 1087 2113 est?
1107 2055 1175 2113 Et
1201 2057 1452 2113 ascendet
1479 2054 1835 2126 sicutvirgul-

249 2160 580 2205 tnm'coram
614 2162 700 2215 eo,
735 2157 790 2205 et
811 2150 951 2205 sicut
979 2148 1131 2203 radix
1168 2149 1234 2202 de
1271 2157 1414 2202 terra
1444 2147 1646 2203 sitienti
1681 2164 1695 2202 :
1727 2162 1833 2201 non

247 2250 339 2297 est
370 2241 581 2311 species
602 2240 650 2294 ei
689 2246 864 2309 neque
894 2239 1096 2294 decor:
1125 2248 1181 2294 et
1218 2236 1449 2293 vidimus
1475 2253 1620 2303 eum,
1642 2246 1696 2293 et
1727 2253 1834 2293 non

246 2340 373 2386 erat
398 2340 671 2401 aspectus,
702 2340 756 2386 et
782 2329 1205 2388 desideravimus
1233 2344 1354 2383 eum
1391 2343 1405 2383 :
1439 2329 1749 2399 despectum
1780 2339 1834 2385 et

249 2424 606 2479 novissimum
650 2426 919 2489 virorum,
968 2422 1143 2477 virum
1180 2421 1425 2478 dolorum
1471 2431 1527 2478 et
1571 2423 1832 2478 scientem

244 2514 732 2587 inﬁrmitatemﬁet
759 2514 910 2584 quasi
934 2512 1281 2569 absconditus
1305 2512 1482 2568 vultus
1512 2514 1629 2584 ejus
1659 2521 1714 2569 et
1743 2515 1834 2569 de-

243 2613 493 2675 spectus,
522 2606 662 2659 unde
694 2618 793 2659 nec
814 2602 1185 2673 reputavimus
1209 2600 1356 2656 eum.
1374 2599 1516 2656 Vere
1544 2601 1832 2671 languores

246 2706 473 2751 nostros
502 2697 618 2766 ipse
647 2694 791 2760 tulit,
835 2701 891 2748 ct
923 2692 1138 2747 dolores
1184 2701 1399 2747 nostros
1428 2692 1540 2761 ipse
1574 2693 1829 2762 portavit,

246 2796 303 2843 et
337 2802 438 2842 nos
466 2787 772 2857 putavimus
795 2798 918 2839 eum
941 2784 1094 2854 quasi
1118 2783 1408 2854 leprosum,
1434 2788 1490 2837 et
1512 2798 1828 2852 percussum

247 2893 279 2933 a
338 2879 469 2941 Deo,
506 2887 562 2933 et
615 2876 978 2932 hnmiliatum.
1012 2875 1129 2945 Ipse
1175 2883 1355 2930 autem
1410 2874 1723 2930 vulneratus
1748 2882 1832 2931 est

241 2979 477 3041 propter
507 2968 821 3039 iniquitates
852 2962 1085 3031 nostras,
1118 2965 1337 3020 attritus
1357 2973 1442 3019 est
1463 2975 1684 3035 propter
1712 2979 1831 3021 sce-

248 3063 365 3116 lera
403 3068 612 3114 nostra.
643 3056 934 3128 Disciplina
973 3057 1122 3128 pacis
1169 3066 1369 3112 nostrre
1414 3070 1575 3126 super
1603 3073 1750 3124 eum,
1775 3067 1830 3114 et

248 3149 428 3204 livore
460 3146 576 3216 ejus
604 3146 780 3202 sanati
814 3160 1025 3201 sumus.
1053 3144 1254 3202 Omnes
1286 3146 1385 3202 nes
1411 3146 1564 3217 quasi
1588 3162 1717 3212 oves
1738 3163 1827 3203 er-

250 3239 518 3293 ravimus.
558 3235 944 3308 Unusquisque
984 3235 1038 3290 in
1065 3234 1388 3291 viam'suam
1416 3235 1743 3292 declinavit:
1774 3246 1829 3294 et

248 3327 518 3384 Dominus
556 3328 738 3399 posuit
766 3327 820 3382 in
850 3341 916 3383 eo
942 3326 1255 3396 iniquitates
1291 3327 1530 3382 omnium
1560 3338 1824 3383 nostrum.

247 3419 479 3475 Oblatus
499 3417 731 3488 estquia
760 3417 876 3487 ipse
899 3416 1085 3481 voluit,
1111 3424 1166 3469 et
1192 3431 1297 3470 non
1328 3417 1539 3487 aperuit
1558 3432 1619 3472 os
1648 3433 1823 3472 sumn.

250 3508 413 3565 Sicut
469 3508 587 3563 ovis
650 3509 718 3563 ad
777 3506 1104 3563 occisionem
1162 3505 1391 3561 ducetur
1451 3508 1607 3577 quasi
1664 3521 1832 3574 agnus

247 3616 442 3656 coram
475 3599 732 3655 tondente
780 3613 839 3654 se
879 3598 1236 3663 obmutescet,
1285 3608 1340 3653 et
1386 3615 1491 3654 non
1524 3601 1727 3671 aperiet
1770 3616 1833 3656 os

253 3704 446 3745 suum.
468 3690 544 3744 De
577 3689 826 3761 angustia
851 3700 907 3743 et
935 3689 1003 3744 de
1024 3689 1229 3760 judicio
1250 3689 1495 3745 sublatus
1523 3701 1624 3746 est.
1657 3690 1833 3748 Gene-

247 3781 524 3834 rationem
555 3778 672 3849 ejus
707 3777 831 3848 quis
854 3778 1174 3833 enarrabi-t?
1202 3777 1336 3845 Quia
1364 3779 1635 3835 abscissus
1661 3788 1744 3835 est
1764 3780 1832 3834 de

244 3880 406 3926 terra
438 3870 756 3925 viventium.
786 3868 1015 3940 Propter
1041 3868 1219 3924 scelus
1247 3869 1426 3939 populi
1458 3872 1560 3924 mei
1589 3850 1832 3939 percussi

247 3976 403 4016 cum.
435 3959 504 4014 Et
535 3958 684 4015 dabit
709 3958 903 4029 impios
928 3973 1028 4030 pro
1056 3958 1349 4029 sepultura,
1390 3968 1445 4015 et
1468 3960 1688 4016 divitem
1736 3978 1832 4033 pro

249 4061 437 4107 morte
462 4066 557 4106 sua
581 4067 597 4105 :
618 4065 693 4107 eo
712 4049 854 4121 quod
877 4050 1218 4121 iniquitatem
1239 4066 1344 4105 non
1374 4051 1579 4117 fecerit,
1612 4067 1714 4108 nec
1738 4054 1835 4108 do-

247 4147 337 4202 lus
366 4145 610 4201 fueritin
649 4160 744 4201 ore
786 4142 925 4214 ejus.
974 4145 1040 4200 Et
1067 4145 1326 4201 Dominus
1351 4146 1519 4202 voluit
1549 4157 1834 4205 conterere

245 4256 377 4295 cum
410 4239 463 4294 in
494 4239 828 4294 inﬁmitate.
861 4237 919 4294 Si
948 4238 1192 4309 posuerit
1222 4252 1319 4309 pro
1346 4251 1568 4310 peccato
1595 4242 1832 4296 animum

245 4346 438 4397 suam,
473 4330 677 4385 videbit
703 4343 888 4386 semen
919 4329 1220 4400 longrevum
1245 4338 1301 4385 et
1335 4331 1584 4387 voluntas
1623 4333 1832 4388 Domini

246 4422 305 4476 in
340 4436 507 4475 manu
528 4420 645 4491 ejus
670 4419 952 4490 dirigetur.
979 4418 1087 4474 Prb
1104 4434 1170 4475 eo
1190 4419 1331 4488 quod
1366 4421 1630 4475 laboravit
1654 4421 1834 4482 anima

244 4511 297 4581 ej
309 4528 403 4576 us,
432 4511 638 4565 videbit
668 4519 726 4565 et
751 4510 1123 4565 saturabitur:
1153 4509 1212 4565 in
1242 4510 1472 4565 scientia
1503 4526 1598 4565 sua
1634 4510 1834 4582 justiﬁ-

1926 693 2004 763 2).
2036 711 2055 744 ι
2086 693 2317 748 Jacobus
2344 692 2458 748 ait:
2486 710 2506 744 ι
2543 678 2883 747 Conliteinini
2923 691 3241 745 alterutrum
3275 698 3496 759 peccata

1898 769 2130 848 'veslra,
2163 794 2218 839 et
2246 780 2411 839 orate
2432 799 2530 854 pro
2570 783 2820 847 invicem,
2853 793 2913 836 ut
2952 780 3231 837 salvcmini
3266 780 3497 851 μηροῦ..

1928 875 2097 945 v.16)
2132 894 2150 927 ι
2201 874 2515 945 Fulgentius
2556 891 2569 927 :
2610 892 2629 925 ‹
2675 873 3005 943 Quocunqnc
3046 880 3286 941 tempore
3340 870 3500 924 homo

1929 964 2101 1034 egerit
2126 964 2519 1033 pcnnitentiam,
2543 963 2836 1034 quamlibet
2862 963 3177 1027 annosus,si
3203 970 3315 1015 toto
3341 961 3501 1015 corde

1931 1055 2318 1111 renuntiaverit
2348 1056 2584 1124 peccatis
2615 1055 2924 1125 praeteritis,
2962 1063 3019 1108 ct
3043 1067 3143 1122 pro
3177 1051 3256 1106 eis
3286 1052 3339 1105 in
3366 1042 3497 1105 con-

1930 1156 2114 1217 speetn
2146 1145 2355 1201 Domini
2396 1161 2499 1200 non
2527 1145 2698 1201 solum
2727 1144 2989 1215 corporis,
3018 1145 3110 1200 sed
3138 1143 3300 1198 etiam
3325 1142 3502 1197 cordis

1930 1237 2197 1309 lacrymas
2225 1237 2444 1302 fuderit,
2469 1245 2523 1292 et
2552 1236 2813 1292 malorum
2834 1250 3060 1307 operum
3090 1233 3326 1290 maculas
3348 1231 3503 1286 bonis

1928 1326 2181 1397 operibus
2228 1326 2433 1383 diluere
2494 1326 2815 1394 curaverit,
2872 1325 3110 1383 omnium
3156 1331 3502 1396 peccatorum

1930 1416 2314 1491 indulgentiam
2334 1413 2573 1476 habebit.
2609 1440 2627 1474 ›
2654 1418 2940 1500 Ezechiel:
2976 1438 2995 1471 ι
3026 1414 3083 1475 Si
3118 1418 3313 1490 impius
3332 1415 3503 1487 egerit

1914 1510 2301 1580 paenitentiam
2329 1510 2396 1564 ab
2417 1509 2668 1566 omnibus
2688 1510 2926 1581 peccatis
2948 1509 3081 1573 suis,
3105 1523 3225 1579 qua:
3249 1513 3504 1577 operatus

1930 1610 2033 1664 est,
2071 1609 2126 1655 et
2151 1600 2467 1656 custodierit
2494 1609 2758 1671 prrecepta
2796 1615 2914 1656 mea
2941 1600 3207 1658 universa,
3233 1606 3288 1652 et
3314 1595 3504 1652 fecerit

1925 1692 2214 1763 justitiam,
2244 1692 2351 1746 vita
2379 1693 2542 1758 vivet,
2580 1701 2634 1748 et
2659 1707 2764 1747 non
2795 1692 3095 1747 morietur:
3121 1689 3371 1743 omnium
3396 1687 3504 1742 ini-

1930 1783 2196 1853 quitatum
2222 1782 2357 1852 ejus,
2381 1798 2514 1854 quas
2534 1770 2784 1854 operatus
2803 1791 2909 1846 est,
2932 1797 3037 1836 non
3058 1780 3385 1836 recordabor
3409 1795 3422 1832 :
3448 1778 3502 1833 in

1926 1876 2132 1946 justitia
2159 1893 2279 1939 sua,
2305 1894 2465 1948 quam
2492 1887 2746 1948 operatus
2785 1885 2889 1945 est,
2929 1876 3093 1930 vivet.
3128 1874 3377 1945 Nunquid
3406 1889 3504 1927 vo-

1936 1969 2156 2025 luntatis
2208 1985 2341 2025 mem
2371 1978 2452 2024 est
2486 1984 2634 2023 mors
2671 1968 2862 2039 impii?
2893 1968 3021 2023 dicit
3054 1966 3312 2023 Dominus
3341 1965 3503 2026 Deus.

1918 2056 1989 2118 et
2019 2077 2121 2117 non
2155 2072 2212 2116 ut
2236 2069 2583 2115 convertatur
2610 2076 2638 2114 a
2680 2061 2781 2113 viis
2811 2058 2922 2114 suis
2947 2066 3003 2114 et
3026 2056 3215 2113 vivat?
3237 2056 3295 2113 Si
3326 2066 3503 2112 autem

1934 2155 2192 2210 averterit
2237 2152 2550 2222 sejustusa
2590 2151 2798 2220 justitia
2842 2167 2959 2214 sua,
3002 2159 3056 2205 et
3086 2149 3277 2206 fecerit
3311 2149 3508 2218 iniqui-

1936 2254 2102 2301 tatem
2131 2245 2429 2301 secundum
2457 2258 2645 2299 omnes
2683 2244 3110 2298 abominationcs
3132 2257 3268 2314 quas
3292 2242 3503 2313 operari

1934 2335 2071 2392 solet
2117 2334 2333 2406 impius,
2362 2333 2604 2405 nunquid
2644 2333 2822 2389 vivet?
2868 2332 3067 2390 Omnes
3104 2332 3330 2403 justitiac
3364 2330 3504 2401 ejus,

1928 2426 2068 2498 quas
2094 2424 2305 2489 fecerit,
2338 2440 2444 2479 non
2473 2424 2900 2480 recordabuntur
2930 2443 2942 2479 :
2978 2425 3031 2479 in
3064 2423 3508 2495 praevaricatione

1933 2506 2038 2591 qua
2062 2517 2448 2590 praevaricatus
2469 2525 2572 2581 est,
2600 2524 2655 2569 et
2696 2514 2749 2569 in
2772 2516 2996 2586 peeca'to
3025 2530 3124 2570 suo
3145 2512 3286 2585 quod
3306 2528 3505 2585 pecca-

1932 2610 2096 2674 vit,in
2116 2606 2247 2680 ipsis
2269 2608 2549 2663 morietur.
2579 2605 3025 2677 Unumqnemque
3047 2605 3200 2677 juxta
3226 2608 3343 2662 vias
3379 2620 3507 2662 suas

1926 2694 2178 2771 iudicabo
2222 2696 2412 2753 domus
2448 2697 2635 2766 lsrael,
2687 2698 2763 2753 ait
2794 2698 3070 2754 Dominus.
3115 2697 3505 2753 Convertimini

1931 2799 1986 2847 et
2007 2789 2529 2861 agitepoenitentiam
2552 2789 2620 2845 ab
2640 2774 3277 2860 omnibusiniquitatilnis
3292 2790 3505 2848 vestris,

1930 2887 1987 2939 et
2036 2896 2141 2938 non
2177 2882 2280 2937 erit
2310 2881 2463 2937 vobis
2496 2881 2550 2936 in
2587 2881 2798 2936 ruinam
2853 2882 3131 2951 iniquitas.
3177 2878 3438 2949 Prnjicitc
3474 2897 3504 2934 a

1929 2970 2082 3029 vobis
2138 2987 2327 3027 omnes
2388 2962 2873 3042 praevaricationes?
2918 2978 3148 3035 vestras,
3209 2970 3263 3024 in
3311 2969 3508 3038 quibus

1927 3060 2263 3131 prtevaricati
2298 3059 2449 3127 estis,
2475 3068 2530 3116 et
2560 3059 2721 3115 facite
2754 3059 2906 3115 vobis
2929 3073 3024 3115 cor
3052 3074 3247 3114 novum
3269 3067 3323 3113 et
3342 3058 3504 3128 spiri-

1931 3161 2042 3206 tum
2066 3167 2261 3207 novum
2288 3169 2300 3205 :
2324 3163 2378 3208 et
2417 3164 2631 3222 :quare
2664 3151 3003 3216 moriemini,
3060 3150 3253 3207 domus
3300 3146 3507 3204 lsrael?

1855 3271 1903 3333 Ο
1933 3244 2060 3314 quia
2098 3242 2220 3300 nolo
2252 3252 2479 3299 mortem
2511 3243 2811 3309 morientis,
2849 3243 2981 3299 dicit
3030 3241 3288 3298 Dominus
3345 3243 3505 3310 Dens,

1934 3333 2265 3390 revertimini
2294 3342 2348 3390 et
2372 3333 2537 3390 vivite
2568 3332 2783 3404 (Ezeclt.
2821 3332 3021 3400 21-24,
3057 3333 3303 3404 30-32).:

2505 3425 2737 3483 SERMO
2774 3424 2905 3481 Vlll.

2490 3515 2942 3588 tFragmentum.)

2005 3610 2115 3665 [loc
2139 3624 2265 3665 vero
2322 3617 2558 3678 tempore
2605 3616 2791 3677 postea
2832 3620 2994 3677 quam
3032 3604 3363 3661 resurrectio
3402 3604 3505 3660 Do-

1932 3703 2065 3757 mini
2097 3699 2266 3756 nostri
2292 3698 2418 3755 Jesu
2455 3697 2679 3764 Christi,
2712 3694 3215 3752 manifestissimum
3241 3694 3504 3765 judicium

1932 3805 2130 3852 nostra:
2157 3793 2451 3861 libertatis,
2491 3791 2686 3857 illuxit,
2716 3805 2818 3846 nec
2852 3803 3040 3845 eorum
3070 3789 3345 3858 signorum
3387 3802 3508 3858 qua:

1928 3887 2037 3958 jam
2088 3884 2435 3956 intelligimus
2490 3882 2802 3954 Operatione
2856 3880 3005 3951 gravi
3053 3878 3262 3935 onerati
3298 3894 3507 3944 smnus,

1932 3981 2026 4037 sed
2058 3980 2301 4050 qumdam
2332 3992 2498 4047 pauca
2536 3990 2634 4046 pro
2665 3973 2867 4039 multis,
2900 3972 3196 4042 eademque
3251 3970 3395 4027 factu
3423 3970 3507 4025 fa-

1934 4070 2131 4126 cillima
2161 4078 2213 4123 et
2244 4067 2628 4122 observatitme
2663 4062 2988 4130 castissima,
3021 4061 3136 4133 ipse
3167 4060 3424 4115 Dominus
3455 4068 3512 4115 ct

1934 4158 2227 4230 apostolica
2261 4156 2485 4212 tradidit
2513 4154 2815 4224 disciplina.
2852 4147 3024 4208 Sicuti
3059 4159 3114 4205 et
3147 4150 3395 4220 baptismi
3424 4165 3511 4205 sa-

1934 4255 2267 4306 eramentnm
2294 4259 2350 4303 et
2402 4246 2694 4304 celebratio
2723 4245 2968 4317 corporis
3010 4252 3067 4300 et
3096 4243 3372 4313 sanguinis
3403 4243 3509 4298 Do-

1934 4332 2091 4404 mini,
2122 4354 2243 4411 quae
2269 4337 2663 4407 unusquisque,
2697 4350 2817 4390 cum
2845 4333 3094 4405 percipit,
3135 4348 3243 4404 quo
3274 4332 3512 4389 referan-

1938 4438 2025 4484 tur
2056 4430 2293 4484 imbutus
2319 4426 2584 4497 agnoscit,
2615 4434 2678 4479 ut
2727 4438 2791 4478 ea
2841 4439 2945 4478 non
2988 4423 3192 4478 carnali
3228 4423 3509 4490 servitute,

1935 4525 2030 4578 sed
2058 4520 2323 4593 spirituali
2358 4519 2538 4591 potius
2568 4519 2816 4573 libertate
2847 4531 3190 4572 veneremur.

251 4603 417 4658 ab“
447 4601 563 4672 ipse
592 4599 772 4669 Ῑυειῑιε
801 4614 992 4655 servus
1006 4614 1161 4655 meus
1183 4598 1403 4664 ῐηυιιοεν
1432 4607 1488 4655 ει
1515 4598 1832 4671 iniquitates
1860 4614 1910 4675 Ι)
2008 4612 2128 4668 Nisi
2166 4606 2626 4675 manducareritis,
2678 4607 2876 4677 inquit,
2902 4617 3110 4660 carnem
3139 4603 3239 4673 filii
3287 4603 3511 4658 hominis

246 4708 449 4750 eorum
470 4693 591 4760 ipse
613 4692 871 4762 portabit.
893 4689 1016 4745 Ideo
1038 4690 1355 4760 dispertiam
1383 4690 1434 4745 ei
1460 4692 1747 4759 plurimos,
1775 4700 1833 4746 ct

247 4783 714 4840 fortium-dividet
746 4781 939 4852 spolia,
975 4795 1074 4850 pro
1102 4795 1168 4835 eo
1195 4781 1340 4849 quod
1365 4781 1589 4836 tradidit
1609 4782 1662 4835 in
1696 4796 1838 4837 mor-

248 4886 365 4931 tem
388 4875 625 4929 animam
645 4889 822 4938 suam,
842 4882 897 4927 et
943 4887 1068 4927 cum
1116 4871 1394 4929 sceleratis
1422 4880 1702 4943 reputatus
1731 4881 1835 4930 est.

246 4968 320 5023 Et
381 4966 499 5037 ipse
557 4975 777 5036 peccata
806 4964 1099 5020 multorum
1133 4963 1274 5027 tulit,
1306 4971 1361 5018 et
1396 4978 1495 5034 pro
1532 4973 1835 5036 transgres-

245 5057 476 5112 scribus
516 5056 694 5110 oravit
733 5054 867 5125 (Iaa.
910 5054 1051 5123 Lm),
1090 5074 1110 5106 ι
1143 5063 1204 5109 ιιι
1248 5069 1354 5109 non
1386 5054 1646 5124 perirent,
1705 5057 1836 5112 dicit

246 5148 523 5205 Dominus
551 5148 911 5217 omnipotens.

320 5237 582 5293 Christus
618 5237 696 5291 ait
739 5254 752 5290 :
800 5250 827 5288 r
872 5235 1138 5292 Gaudium
1164 5244 1248 5292 est
1289 5235 1495 5306 angelis
1527 5252 1690 5308 super
1726 5253 1835 5293 uno

241 5336 546 5400 peccatore
598 5327 969 5397 paenitentiam
1010 5335 1223 5398 agente,
1262 5342 1424 5396 quam
1456 5343 1620 5397 super
1662 5343 1833 5383 nona-

242 5422 409 5489 giuta
462 5434 653 5474 novem
697 5417 878 5487 justis,
930 5417 1022 5489 qui
1068 5433 1172 5472 non
1215 5418 1456 5489 indigent
1516 5420 1833 5490 pmnitentia

243 5510 416 5581 (Luc.
456 5527 547 5575 xv,
581 5511 658 5581 7).
712 5528 732 5563 ι
778 5510 935 5565 Joan.
994 5508 1182 5578 Apost.
1242 5510 1322 5564 sic
1365 5509 1463 5574 ait,
1533 5511 1674 5565 inter
1728 5526 1837 5564 ere-

247 5615 378 5658 tera
404 5604 470 5658 ad
495 5602 606 5671 jam
643 5603 944 5673 baptizatos
970 5618 984 5655 :
1018 5618 1037 5653 t
1066 5600 1269 5666 Filioli,
1312 5602 1426 5656 ham
1473 5602 1653 5657 scribo
1681 5602 1835 5657 vobis

242 5704 308 5750 ut
337 5709 454 5748 non
485 5686 719 5763 peccetis
739 5694 792 5764 (1
814 5692 978 5748 Joan.
1008 5704 1073 5757 u,‘
1105 5693 1179 5763 l).
1217 5711 1235 5743 ι
1273 5693 1338 5747 Ει
1370 5710 1383 5746 :
1421 5698 1449 5744 ι’
1480 5692 1537 5747 Si
1566 5693 1687 5763 quis
1712 5709 1831 5763 pec-

242 5786 490 5850 caverit,
520 5786 838 5843 advocatum
892 5784 1156 5840 habemus
1210 5785 1351 5855 apud
1404 5784 1616 5839 Patrem
1649 5784 1830 5840 Jesum

1939 4712 1985 4758 et
2016 4701 2322 4772 sanguinem
2348 4699 2599 4763 biberitis,
2647 4713 2749 4751 non
2778 4695 3034 4749 habebitis
3066 4694 3218 4748 vitam
3247 4694 3302 4747 in
3351 4693 3509 4747 vobis.

1939 4794 2173 4850 Facinus
2226 4792 2310 4846 vel
2358 4790 2619 4860 ﬂagitium
2661 4786 2877 4842 videtur
2913 4783 3124 4854 jubere.
3158 4782 3354 4854 Figura
3382 4798 3511 4853 ergo

1940 4894 2023 4940 est
2054 4883 2189 4955 (54),
2205 4882 2346 4936 dicet
2369 4878 2675 4941 interelicus,
2696 4873 3012 4946 praecipiens
3035 4872 3275 4927 Passioni
3301 4870 3510 4925 Domini

1939 4987 2060 5028 esse
2113 4967 2623 5025 connnunieandum
2665 4971 2895 5027 tantum,
2949 4974 3003 5017 et
3055 4960 3296 5016 suaviter
3348 4966 3515 5028 atque.

1938 5062 2144 5115 utiliter
2187 5058 2587 5114 recondendum
2634 5056 2687 5109 in
2735 5053 3014 5118 memoria,
3041 5052 3182 5122 quod
3207 5067 3305 5122 pro
3357 5050 3512 5106 nobis

1938 5167 2066 5207 caro
2091 5149 2208 5220 ejus
2231 5150 2488 5205 crucitixa
2516 5156 2571 5202 et
2610 5145 2888 5199 vul..erata
2912 5146 3002 5197 sit.

2009 5241 2113 5308 Qui
2155 5240 2436 5295 manducat
2483 5252 2650 5291 nteant
2690 5251 2897 5290 carnem
2931 5243 2976 5287 et
3008 5232 3133 5287 bibit
3167 5248 3338 5286 meum
3383 5247 3511 5286 san-

1937 5337 2165 5405 guinem,
2204 5333 2355 5387 habet
2401 5332 2561 5385 vitam
2600 5341 2869 5384 retentam.
2922 5324 3020 5381 llic
3048 5324 3370 5395 quandoque
3416 5338 3513 5393 per

1940 5424 2117 5481 cibum
2145 5432 2200 5478 et
2226 5431 2411 5493 potum
2455 5420 2770 5475 societatem
2801 5417 2913 5472 vult
2942 5416 3165 5488 intelligi
3192 5417 3436 5485 corporis
3458 5424 3512 5469 et

1940 5514 2305 5570 membrorum
2340 5525 2585 5575 suorum,
2639 5510 2781 5578 quod
2810 5515 2895 5562 est
2940 5515 3125 5562 sancta
3160 5505 3424 5569 Ecclesia,
3457 5504 3509 5557 in

1939 5603 2332 5676 prmdestiuatis
2357 5612 2411 5658 et
2435 5602 2642 5657 vocatis
2677 5608 2732 5655 et
2761 5597 3072 5669 justilicatis
3108 5605 3163 5652 et
3201 5594 3513 5668 gloriﬁcatis

1938 5695 2141 5749 sanctis
2169 5700 2222 5746 et
2267 5690 2512 5746 ﬁdelibus
2558 5688 2694 5757 ejus.
2724 5688 2962 5755 Quorum
3016 5685 3248 5757 primum
3274 5682 3385 5754 jam
3432 5683 3515 5737 fa-

1939 5794 2083 5837 ctum
2138 5790 2221 5837 est
2276 5782 2326 5837 id
2361 5790 2443 5836 est
2486 5778 2930 5850 prmdestinatio:
2961 5776 3258 5831 seetmdum
3302 5786 3357 5830 et
3400 5783 3509 5829 ter-

321 5898 448 5971 (54)
483 5892 854 5972 Interpretatio
872 5908 957 5955 est
982 5899 1221 5970 mystica,
1256 5909 1310 5953 et
1346 5910 1470 5954 nota
1496 5900 1609 5955 haec
1656 5901 1759 5956 duo
1794 5900 1978 5965 verba,
2011 5900 2140 5952 dire:
2167 5899 2458 5965 Ιιαινειῑτηε,
2490 5913 2594 5953 non
2643 5896 2827 5952 haberi
2889 5896 2941 5952 in
3000 5912 3102 5953 ms.
3159 5896 3220 5950 D.
3280 5891 3506 5951 Petavii.
