3974 5374
498 305 604 364 355

1446 300 1505 354 8.
1537 297 1875 354 FULBERTI
1915 290 2392 349 CARNOTENSIS
2433 290 2734 348 EPISCOPI

3644 285 3747 342 336

502 417 633 471 tium
665 414 866 471 factum
899 422 999 480 est,
1047 422 1104 466 et
1143 411 1202 466 lit
1236 419 1288 466 et
1315 410 1423 476 lict,
1459 411 1508 464 id
1536 419 1620 463 est
1667 406 1874 461 vocatio
1922 413 1973 456 et
1995 399 2076 470 jn-
2104 406 2149 462 Α
2177 414 2296 452 eam
2345 414 2464 452 esse
2512 397 2786 467 prol'eSsus
2815 407 2916 451 est.
2953 398 3015 453 Et
3067 397 3184 461 ideo
3206 398 3452 466 quamvis
3496 397 3640 453 dicat
3680 399 3746 453 ad

475 506 753 564 'stiﬁeatio
785 525 798 560 :
828 515 1078 576 quartmn
1125 517 1252 557 vero
1283 517 1425 556 nunc
1473 500 1526 553 in
1567 514 1683 568 spe,
1721 497 1772 550 in
1811 510 1868 548 rc
1895 502 2072 546 autem

501 597 738 652 futurum
793 605 906 660 est,
940 596 991 650 id
1039 601 1122 649 est
1166 591 1510 664 gloriﬁcatio.
1553 588 1722 658 Hujus
1760 586 1835 641 rei
1897 600 2076 639 sacra-

501 700 763 750 mentum,
792 687 844 741 id
871 695 973 749 est,
999 683 1223 738 unitatis
1258 681 1507 752 corporis
1531 689 1585 734 et
1613 677 1889 749 sanguinis
1917 674 2076 729 Chri-

499 779 590 841 sti,
622 777 818 832 alicubi
858 776 1098 846 quotidie
1125 775 1290 829 certis
1323 769 1615 826 intervallis
1645 769 1850 824 dierum
1890 768 1942 820 in
1974 767 2076 821 Do-

500 875 699 928 minica
750 888 932 928 mensa
981 878 1332 942 prteparatur,
1370 877 1425 921 et
1453 865 1518 921 de
1560 878 1742 920 mensa
1798 861 2076 916 Dominica

499 964 732 1019 sumitur
785 981 798 1016 :
830 961 1149 1032 quibusdam
1179 959 1245 1012 ad
1298 958 1481 1019 vitam,
1509 954 1830 1026 quibusdam
1860 951 1926 1005 ad
1957 950 2074 1005 exi-

479 1054 655 1109 tium.
695 1052 802 1106 lies
846 1066 974 1104 vero
1000 1049 1109 1120 ipsa
1145 1045 1297 1118 cujus
1322 1053 1719 1102 sacramentum
1770 1050 1886 1106 est,
1928 1040 2078 1093 cunni

498 1143 704 1196 homini
741 1142 805 1196 ad
833 1141 996 1195 vitam
1017 1181 1031 1203 ,
1082 1139 1210 1193 nulli
1243 1138 1308 1192 ad
1340 1137 1586 1200 exiliunt,
1619 1135 1928 1204 quicunque
1961 1130 2077 1200 ejus

499 1233 768 1304 particeps
816 1232 995 1287 fuerit.
1039 1232 1174 1302 lpse'
1204 1231 1461 1285 Dominus
1509 1227 1668 1298 paulo
1713 1236 1834 1296 post
1860 1223 2079 1295 exponit

498 1323 626 1394 quid
654 1324 725 1378 sit
755 1322 1078 1377 manducare
1102 1337 1296 1392 corpus
1316 1319 1432 1390 ejus
1454 1328 1507 1375 et
1526 1317 1842 1389 sanguinem
1871 1315 2072 1369 bilzere.

485 1414 602 1479 ‘Qut
651 1415 933 1466 manduca!
965 1429 1173 1466 carnem
1204 1429 1369 1465 meam
1415 1421 1462 1465 et
1492 1411 1614 1464 bibit
1657 1425 1824 1462 meum
1863 1407 2077 1476 sangui-

498 1522 637 1564 nem,
663 1507 716 1558 in
753 1522 834 1558 me
863 1513 1059 1569 manet,
1096 1514 1143 1557 et
1179 1521 1270 1574 ego
1295 1504 1346 1555 in
1377 1502 1488 1556 illo.
1523 1502 1634 1555 lloe
1663 1512 1743 1553 est
1770 1515 1897 1569 ergo
1925 1514 2078 1550 man.

497 1597 696 1651 tlucare
753 1596 898 1649 illam
937 1611 1150 1660 escam,
1203 1603 1258 1649 et
1319 1593 1465 1647 illum
1521 1602 1704 1661 potum
1756 1589 1964 1652 bibere,
2024 1587 2078 1640 in

495 1683 712 1738 Christo
755 1698 993 1746 manere,
1024 1691 1078 1736 et
1119 1682 1265 1736 illum
1319 1689 1622 1734 manentem
1654 1679 1705 1733 iu
1759 1693 1816 1732 se
1853 1677 2074 1732 habere.

2177 506 2318 546 nos:
2357 492 2538 554 Amen,
2561 490 2722 544 Amen
2779 493 2895 545 dico
2949 492 3120 556 vobis,
3171 492 3271 545 nisi
3306 491 3745 545 manducaveritis

2177 597 2384 634 carnem
2410 580 2508 642 ﬁlii
2536 580 2780 644 hominis,
2806 591 2852 634 et
2883 581 3110 635 biberitis
3133 582 3247 652 ejus
3269 567 3596 652 sanguinem,
3616 590 3747 644 etc.,

2178 687 2283 724 non
2312 681 2491 726 tamen
2530 686 2649 726 eam
2674 680 2733 726 ut
2758 673 2993 728 hominis
3015 673 3172 729 unius
3207 689 3270 730 ex
3297 673 3455 729 nobis
3481 674 3751 729 aestimare

2178 763 2438 818 debemus
2467 763 2758 833 (quomodo
2791 765 2934 818 enim
2955 763 3110 832 juxta
3145 774 3392 818 naturam
3437 777 3593 817 suam
3615 762 3752 816 vivi-

2179 853 2387 908 ﬁcatrix
2417 869 2536 909 esse
2563 869 2692 909 caro
2717 853 2951 908 hominis
2977 853 3239 925 poterit?)
3265 852 3358 909 sed
3394 863 3452 907 ut
3475 867 3604 908 vere
3629 867 3750 923 pro-

2177 944 2346 1012 priam
2379 943 2496 1012 ejus
2543 943 2766 1010 factam,
2798 944 2888 1013 qui
2919 954 3138 1014 propter
3191 959 3291 998 nos
3317 943 3486 998 Filius
3520 943 3751 999 hominis

2176 1046 2231 1092 et
2260 1035 2434 1091 factus
2465 1046 2549 1092 est
2575 1048 2629 1092 ct
2667 1045 2906 1092 vocatus.
2951 1035 3225 1107 Sylvester
3258 1051 3395 1106 papa
3427 1049 3446 1090 :
3476 1053 3499 1088 ‹
3541 1035 3751 1090 Primus

2175 1127 2346 1183 Adam
2376 1144 2536 1184 suasu
2585 1129 2852 1198 serpentis
2888 1138 3118 1184 mortem
3155 1128 3406 1194 incurrit,
3429 1137 3486 1184 et
3506 1168 3521 1196 ,
3552 1127 3753 1197 eiectus

2177 1219 2243 1276 de
2271 1220 2518 1289 paradiso
2545 1220 2858 1276 deliciarum
2886 1221 3004 1285 Dei,
3034 1220 3086 1274 in
3117 1220 3306 1276 labore
3328 1229 3386 1276 et
3409 1220 3610 1276 sudore
3648 1220 3756 1276 edit

2178 1326 2392 1381 p:mem.
2426 1312 2590 1366 Terra
2642 1320 2820 1365 autem
2851 1311 2915 1364 de
2937 1326 3038 1380 qua
3071 1311 3243 1365 factus
3276 1319 3394 1378 est,
3421 1311 3575 1381 virgo
3619 1320 3752 1366 erat.

2181 1402 2429 1470 Oportuit
2478 1417 2607 1470 ergo
2636 1403 2930 1455 secundum
2953 1401 3124 1454 Adam
3157 1401 3223 1455 de
3244 1400 3458 1472 virgine
3490 1400 3642 1455 nasci
3667 1399 3759 1470 qui

2179 1502 2481 1559 serpentem
2533 1499 2822 1542 lentautrm
2855 1504 2916 1543 se
2965 1490 3228 1554 vinceret,
3279 1499 3336 1544 et
3377 1489 3654 1544 hominem
3697 1488 3759 1542 de

2180 1582 2489 1649 Captivitate
2515 1581 2632 1652 ejus
2675 1581 2763 1651 qui
2788 1581 3021 1651 primum
3067 1581 3271 1635 vicerat
3296 1581 3573 1636 liberaret.
3616 1581 3758 1648 Quo-

2183 1672 2329 1726 niam
2370 1671 2460 1740 qui
2511 1671 2638 1724 Adze
2680 1671 2852 1726 victor
2892 1671 2945 1724 in
2994 1671 3248 1739 paradiso
3288 1671 3604 1735 exstiterat,
3654 1671 3761 1740 ipse

496 1776 573 1830 Ac
600 1789 695 1846 per
727 1775 829 1830 hoc
854 1774 944 1845 qui
978 1790 1082 1850 non
1112 1781 1294 1827 manet
1328 1773 1380 1826 in
1409 1771 1644 1834 Christo,
1668 1777 1722 1824 et
1749 1770 1802 1824 in
1833 1784 1940 1838 quo
1971 1783 2076 1822 non

2187 1770 2420 1814 Ieutator
2468 1759 2676 1815 Domini
2705 1759 2882 1813 factus
2911 1768 2992 1814 est
3022 1759 3075 1813 in
3115 1759 3332 1814 deserto
3361 1777 3374 1812 :
3408 1769 3470 1813 ut
3502 1759 3595 1830 qui
3627 1761 3764 1814 vice-

499 1876 685 1922 manet
727 1867 1008 1932 Christus,
1055 1865 1240 1936 procul
1284 1864 1446 1920 dubio
1483 1880 1588 1918 non
1622 1862 1913 1917 manducat
1962 1859 2078 1942 ejus

498 1973 744 2022 carnem,
780 1973 878 2012 nec
924 1957 1061 2012 bibit
1114 1956 1230 2025 ejus
1260 1957 1609 2026 sanguinem,
1642 1955 1805 2008 etiam
1839 1953 1881 2007 si
1920 1960 2080 2006 luntre

498 2046 576 2101 rei
608 2056 1008 2100 sacramentum
1040 2047 1106 2100 ad
1133 2044 1397 2112 judicium
1427 2044 1528 2099 sibi
1578 2043 1868 2103 manducet
1915 2051 1970 2096 et
1999 2041 2078 2096 bi-

495 2137 608 2194 bat.
644 2137 776 2193 item
799 2138 957 2207 paulo
987 2146 1106 2207 post
1129 2137 1461 2208 Augustinus
1495 2145 1650 2190 tract.
1674 2133 1742 2188 26
1768 2154 1819 2189 ε(
1851 2133 2077 2203 Signum

497 2229 624 2298 quia
640 2229 1050 2285 manducavitet
1072 2228 1224 2293 bibit,
1241 2229 1342 2283 hoc
1363 2227 1530 2283 est:si
1549 2235 1790 2282 manctet
1806 2235 2074 2291 manetur,

495 2319 838 2376 sihabitatac
863 2320 1220 2384 inhabitatur,
1243 2320 1286 2374 si
1322 2321 1559 2374 hrcretet
1581 2333 1686 2372 non
1713 2318 2013 2374 deseratur.
2055 2337 2072 2367 ι

675 2410 907 2482 Haymo,
933 2429 1090 2482 super
1121 2411 1416 2480 Epistulam
1443 2411 1512 2464 ad
1544 2408 1867 2464 Corinthios.

565 2501 706 2557 Caro
737 2519 896 2573 quam
927 2503 1160 2557 Verbum
1185 2503 1277 2557 Dei
1309 2502 1486 2556 Patris
1512 2502 1804 2572 assumpsit
1842 2502 1891 2554 in
1924 2511 2079 2556 utero

498 2592 759 2662 Vit-ginali
794 2595 844 2647 in
875 2593 1083 2648 unitate
1111 2609 1220 2648 sure
1264 2609 1525 2662 persona),
1555 2603 1610 2646 et
1638 2593 1791 2663 panis
1815 2594 1904 2664 qui
1946 2609 2076 2648 con-

496 2695 744 2738 secratur
779 2683 830 2736 in
861 2683 1125 2748 Ecclesia,
1159 2699 1321 2737 unum
1363 2699 1559 2754 corpus
1587 2684 1786 2738 Christi
1823 2702 1834 2736 :
1871 2685 1938 2737 ita
1981 2685 2079 2738 iste

498 2775 652 2845 panis
685 2775 879 2847 transit
911 2775 960 2828 in
1001 2790 1196 2844 corpus
1221 2775 1444 2839 Christi,
1480 2791 1577 2829 nec
1605 2787 1729 2829 sunt
1757 2777 1860 2828 duo
1889 2791 2079 2844 corpo-

500 2881 578 2931 ra,
629 2867 720 2920 sed
773 2883 936 2920 unum
987 2883 1204 2936 corpus.
1251 2867 1558 2922 Divinilatis
1591 2870 1733 2921 enim
1782 2869 2075 2938 plenitudo,

498 2973 620 3027 qua:
653 2955 752 3010 fuit
783 2957 834 3010 in
869 2957 983 3022 illo,
1015 2957 1184 3028 repleat
1211 2958 1371 3013 istum
1404 2973 1624 3028 panem;
1653 2968 1708 3013 et
1738 2959 1849 3029 ipsa
1892 2959 2078 3012 divini-

501 3041 586 3103 tas
617 3048 799 3109 Verbi,
835 3062 956 3120 qua:
996 3047 1183 3118 implet
1224 3050 1419 3104 cmlum
1467 3060 1520 3104 et
1557 3060 1756 3103 terram
1807 3057 1859 3101 et
1895 3050 2075 3102 omnia

498 3156 619 3211 qum
652 3141 702 3194 in
742 3142 822 3196 eis
851 3149 1003 3204 sunt,
1037 3141 1147 3212 ipsa
1191 3143 1361 3211 replet
1396 3158 1590 3213 corpus
1617 3142 1819 3197 Christi
1871 3143 2012 3210 quod
2050 3156 2080 3195 a

503 3236 686 3289 multis
741 3236 1111 3290 sacerdotibus
1144 3250 1239 3305 per
1275 3235 1583 3291 universum
1624 3236 1808 3291 orbem
1844 3234 2084 3289 sanctiﬁ-

502 3335 679 3390 catur,
723 3336 776 3379 ct
825 3325 952 3381 facit
999 3341 1162 3380 unum
1207 3341 1403 3396 corpus
1434 3326 1639 3381 Christi
1659 3340 1796 3381 esse.
1849 3326 1915 3380 Et
1944 3327 2085 3380 sicut

503 3418 593 3472 ille
617 3418 774 3488 panis
803 3427 856 3472 et
888 3417 1111 3488 sanguis
1137 3417 1190 3471 in
1219 3432 1418 3489 corpus
1452 3417 1655 3472 Christi
1687 3424 1987 3480 transeunt,
2013 3417 2084 3470 ita

502 3511 682 3563 outuis
725 3499 828 3578 qui
866 3509 920 3563 in
962 3508 1200 3564 Ecclesia
1233 3508 1392 3578 digne
1435 3509 1670 3564 comedit
1715 3507 1864 3573 illm],
1917 3523 2083 3562 unum

503 3615 700 3668 corpus
729 3599 931 3656 Christi
973 3607 1077 3664 est,
1126 3599 1268 3654 sicut
1302 3599 1416 3670 ipse
1456 3600 1632 3655 dixit:
1670 3598 1773 3664 Qui
1803 3598 2085 3652 mandarat

503 3707 717 3744 carnem
755 3707 921 3744 meam
959 3701 1006 3744 et
1039 3690 1163 3744 bibit
1204 3705 1378 3743 meum
1419 3689 1745 3760 sanguinem,
1783 3690 1836 3742 iu
1869 3704 1949 3742 me
1969 3705 2086 3741 ma-

506 3793 612 3848 net,
635 3793 682 3836 et
705 3800 797 3852 ego
822 3785 877 3836 in
897 3783 987 3837 illo
1005 3782 1184 3854 (Joan.
1211 3799 1288 3848 vt,
1317 3782 1430 3848 57).
1455 3781 1658 3836 Tamen
1683 3779 1769 3834 illa
1787 3795 1913 3836 caro
1927 3795 2086 3850 quam

506 3874 820 3941 assumpsit,
869 3881 922 3926 et
984 3873 1084 3926 ism
1137 3873 1315 3941 panis,
1363 3873 1648 3942 omnisque
1677 3871 1942 3936 Ecclesia,
1981 3887 2086 3926 non

507 3961 715 4018 faciunt
745 3963 845 4015 tria
875 3977 1102 4031 corpora
1141 3959 1364 4023 Christi,
1396 3961 1490 4015 sed
1551 3976 1718 4014 unum
1761 3977 1975 4030 corpus.
2024 3961 2092 4016 Et

509 4055 649 4109 sicut
676 4054 766 4124 qui
817 4055 1030 4124 corpori
1063 4063 1118 4108 et
1142 4054 1388 4124 sanguini
1425 4052 1626 4109 Christi
1665 4055 2088 4122 communicant,

512 4161 678 4198 Illlllm
708 4161 906 4214 corpus
941 4162 1062 4200 cum
1094 4159 1158 4198 eo
1184 4142 1507 4209 eﬂiciuntur,
1536 4145 1614 4199 sic
1648 4154 1702 4199 et
1735 4144 1822 4215 qui
1853 4160 2092 4199 commu-

512 4237 701 4290 nicant
739 4237 978 4291 scienter
1025 4239 1092 4291 de
1131 4236 1472 4308 idolothytis,
1519 4253 1685 4291 unum
1717 4253 1840 4292 cum
1879 4236 2091 4292 diabolo

509 4341 709 4398 corpus
744 4329 1002 4383 existunt.

860 4417 926 4472 In
957 4417 1205 4490 Symbolo
1237 4418 1484 4490 Ephesmi
1513 4419 1738 4475 concilii.

585 4511 905 4568 Necessario
933 4523 986 4568 et
1011 4513 1112 4568 hoc
1133 4513 1465 4568 addiscimus
1493 4531 1506 4567 :
1538 4513 1922 4567 annuntiantes
1949 4510 2094 4565 cnim

513 4606 809 4660 secundum
840 4619 1062 4660 carnem
1088 4613 1315 4660 mortem
1345 4604 1603 4674 unigeniti
1632 4602 1750 4656 Filii
1777 4602 1894 4665 Dei,
1934 4601 1983 4655 id
2015 4610 2098 4656 est

515 4698 639 4754 Jesu
683 4697 909 4758 Christi,
957 4706 1013 4752 et
1060 4698 1506 4752 resurrectionem
1565 4693 1713 4763 ejus,
1748 4704 1804 4749 et
1849 4695 1900 4748 in
1945 4693 2097 4748 caelis

517 4771 892 4841 ascensionem
947 4787 1152 4855 pariter
1181 4785 1520 4849 confitentes,
1569 4786 1908 4839 incruentam
1956 4781 2099 4836 cele-

517 4878 740 4932 bramus
780 4879 833 4931 in
869 4879 1118 4933 ecclesiis
1143 4878 1397 4932 sacrilicii
1441 4881 1778 4932 servitutem.
1813 4876 1904 4930 Sic
1933 4875 2100 4928 etiam

519 4970 589 5025 ad
618 4969 876 5040 mysticas
906 4969 1312 5024 benedictiones
1340 4970 1666 5032 accedimus,
1699 4977 1753 5022 et
1793 4967 2098 5021 sanctiﬁca-

521 5077 665 5127 mur,
694 5060 986 5131 participes
1007 5061 1180 5116 sancti
1215 5057 1453 5128 corporis
1481 5066 1536 5111 et
1572 5057 1791 5126 pretiosi
1823 5056 2102 5127 sanguinis

2184 1860 2266 1905 rat
2317 1850 2751 1914 manducantem,
2779 1849 3089 1904 vinceretur
3129 1865 3158 1902 a
3200 1847 3500 1918 jejunante.
3533 1849 3601 1904 Et
3630 1850 3763 1904 sicut

2183 1952 2408 1996 mortem
2452 1955 2556 1995 non
2599 1940 2877 1993 inveniunt
2904 1940 3002 1993 nisi
3035 1941 3127 2010 qui
3169 1943 3281 1994 nati
3327 1952 3549 1996 suntex
3599 1955 3761 1995 carne

2181 2034 2327 2099 Adae,
2361 2035 2432 2088 ita
2465 2035 2629 2087 vitam
2659 2048 2763 2087 non
2794 2031 3072 2086 inveniunt
3101 2033 3202 2088 nisi
3233 2033 3321 2102 qui
3347 2033 3521 2088 renati
3548 2031 3764 2087 fuerunt

2180 2139 2244 2179 ex
2279 2140 2418 2194 aqua
2447 2134 2500 2179 et
2523 2124 2726 2193 Spiritu
2757 2131 2966 2184 sancto,
2995 2133 3049 2176 et
3081 2139 3300 2177 carnem
3322 2123 3529 2179 Christi
3553 2134 3611 2178 et
3646 2139 3766 2179 san-

2181 2217 2397 2288 guinem
2432 2231 2543 2270 sua:
2581 2215 2733 2270 carni
2781 2222 2836 2270 et
2879 2216 3127 2284 sanguini
3159 2217 3529 2282 sociaverunt,
3563 2217 3658 2288 qui
3689 2218 3762 2270 vi-

2180 2309 2584 2375 citdiabolum,
2613 2307 2920 2378 paradisum
2972 2307 3227 2375 reddidit,
3271 2319 3329 2366 et
3376 2310 3504 2366 vitm
3552 2321 3765 2366 πίθηκε

2175 2396 2394 2467 jamtam
2435 2399 2706 2470 patefecit.
2741 2418 2760 2450 ι

2792 2488 3025 2546 SERMO
3054 2487 3146 2544 IX.

2555 2597 2620 2634 DE
2648 2595 3080 2635 ANNUNTIATIONE
3107 2595 3384 2636 DOMINICk.

2287 2671 2443 2742 (Opp.
2474 2671 2536 2726 S.
2565 2673 2701 2744 Aug.
2739 2683 2868 2727 tom.
2898 2672 2960 2739 V,
3000 2673 3271 2744 Append.,
3311 2691 3476 2729 serm.
3509 2675 3660 2746 194.)

2255 2768 2304 2822 l.
2350 2768 2473 2824 Eva?
2503 2769 2720 2833 damna,
2753 2779 2799 2824 et
2833 2769 3024 2824 Maria:
3078 2770 3350 2840 beneﬁcia.
3388 2772 3562 2828 Adest
3590 2775 3761 2829 nobis.

2180 2863 2537 2927 dilectissimi,
2567 2871 2782 2934 optatus
2809 2863 2926 2919 dies
2946 2864 3117 2919 beata:
3130 2878 3195 2918 ac
3210 2863 3538 2918 venerabilis
3554 2877 3766 2933 semper

2183 2957 2417 3026 Virginis
2454 2957 2636 3012 Mariae
2664 2975 2677 3010 :
2721 2957 2842 3013 ideo
2866 2974 2988 3014 cum
3021 2972 3230 3013 summa
3257 2955 3621 3012 exsultatione
3645 2973 3766 3028 μιν

2183 3049 2307 3102 deat
2334 3059 2476 3103 terra
2518 3058 2728 3114 nostra,
2781 3059 2943 3104 tanta:
2976 3048 3216 3120 Virginis
3262 3049 3532 3103 illustrata
3561 3048 3654 3104 die
3682 3063 3766 3103 so-

2187 3140 2370 3196 lemni.
2423 3141 2549 3195 llazc
2598 3150 2681 3196 est
2729 3142 2870 3196 enim
2905 3141 3000 3195 llos
3023 3143 3219 3211 campi,
3252 3142 3318 3196 de
3345 3156 3450 3209 qua
3483 3151 3667 3195 ortum
3693 3148 3769 3195 est

2184 3236 2479 3306 pretiosum
2522 3235 2690 3289 lilium
2722 3235 3066 3299 convallium,
3103 3251 3197 3305 per
3217 3236 3384 3306 cujus
3411 3243 3630 3304 partum
3655 3250 3762 3287 mu-

2190 3335 2334 3379 tatur
2394 3334 2610 3390 natura,
2667 3327 3229 3395 prot0plastorumque
3277 3326 3489 3380 deletur
3516 3334 3573 3379 et
3595 3325 3764 3396 culpa.

2191 3416 2478 3470 Pt-tecisum
2527 3426 2612 3470 est
2671 3417 2722 3470 in
2753 3431 2815 3470 ea
2849 3417 2974 3470 illud
3013 3418 3136 3470 Eva:
3164 3417 3504 3472 infelicitatis
3537 3417 3765 3488 elogium

2187 3521 2294 3574 quo
2343 3505 2563 3570 dicitur,
2596 3505 2662 3560 In
2696 3508 2912 3560 tristitia
2954 3509 3128 3576 paries
3154 3507 3295 3575 [ilics
3329 3507 3487 3578 (Gen.
3525 3523 3611 3572 tu,
3641 3510 3763 3574 46):

2188 3599 2314 3668 quia
2351 3599 2451 3653 ista
2488 3599 2538 3652 in
2590 3598 2774 3652 laetitia
2805 3600 3088 3653 Dominum
3135 3600 3443 3668 parturivit.
3481 3599 3598 3656 Eva
3633 3602 3766 3655 enim

2191 3691 2346 3752 luxit,
2375 3690 2476 3745 ista
2511 3688 2828 3755 exsultavit;
2863 3690 2969 3744 Eva
2999 3691 3290 3760 lacrytnas,
3323 3690 3489 3745 Maria
3523 3693 3770 3762 gaudium

2192 3781 2243 3836 in
2271 3789 2458 3835 ventre
2483 3781 2718 3849 portavit
2745 3798 2760 3832 ;
2785 3781 2907 3850 quia
2945 3780 3031 3834 illa
3072 3791 3440 3850 peccatorem,
3481 3782 3590 3836 ista
3614 3782 3772 3838 edidit

2193 3873 2554 3928 innocentem.
2593 3870 2754 3941 Virgo
2784 3872 2984 3941 quippe
3005 3872 3212 3942 genuit,
3245 3873 3372 3942 quia
3399 3873 3557 3944 virgo
3585 3889 3772 3929 conce-

2191 3964 2296 4032 pit;
2348 3963 2602 4019 inviolata
2651 3965 2884 4032 peperit,
2912 3965 3035 4033 quia
3086 3966 3136 4018 in
3163 3976 3428 4033 conceptu
3460 3965 3633 4021 libido
3669 3981 3765 4020 non

2193 4057 2316 4112 fuit.
2352 4057 2648 4128 Utrobique
2687 4057 3026 4119 miraculum,
3061 4068 3116 4112 et
3144 4060 3262 4113 sine
3288 4061 3642 4131 corruptione
3661 4075 3770 4132 gra-

2193 4148 2334 4210 vida,
2367 4157 2420 4202 et
2458 4148 2508 4202 in
2535 4157 2691 4217 partu
2730 4148 2882 4218 virgo
2911 4164 3198 4219 puerpera.
3236 4149 3528 4206 Descendit
3555 4153 3771 4220 angelus

2193 4237 2262 4292 de
2288 4237 2424 4292 cmlo
2453 4237 2652 4292 missus
2683 4253 2713 4291 a
2746 4235 2904 4292 Patre
2935 4239 3044 4291 Deo
3087 4239 3136 4291 in
3164 4248 3363 4293 nostra:
3392 4239 3776 4311 redemptionis

2194 4327 2495 4387 exordium,
2537 4328 2603 4382 ad
2631 4329 2845 4383 beatam
2875 4328 3215 4382 salutandam
3257 4329 3481 4384 Mariam
3510 4334 3670 4395 :Ave,
3699 4332 3776 4386 in-

2123 4433 2173 4494 D
2197 4419 2316 4488 quit
2363 4419 2585 4489 angelus
2614 4421 2680 4474 ad
2715 4435 2857 4485 eam,
2888 4420 3059 4488 gratia
3101 4419 3280 4489 plena,
3305 4420 3565 4476 Dominus
3587 4432 3770 4477 tecum.

2197 4510 2418 4580 lmpleta
2449 4521 2533 4564 est
2563 4525 2692 4580 ergo
2721 4510 2886 4562 Maria
2916 4511 3111 4580 gratia,
3169 4521 3224 4565 et
3251 4512 3357 4565 Eva
3383 4523 3615 4566 vacuata
3638 4523 3718 4568 est
3744 4527 3772 4565 a

2198 4603 2374 4670 culpa.
2434 4602 2737 4657 Maledictio
2793 4603 2914 4656 Erae
2974 4602 3026 4655 in
3071 4602 3508 4658 benedictionem
3543 4612 3775 4658 mutatur

2199 4691 2419 4746 Mariae:
2453 4693 2578 4758 Ave,
2607 4693 2778 4762 gratia
2827 4691 3002 4760 plena,
3046 4690 3303 4747 Dominus
3345 4703 3539 4748 tecum.
3581 4693 3772 4748 Tecum

2201 4781 2463 4836 Dominus
2491 4781 2543 4834 in
2569 4781 2948 4838 corde.tecum
2978 4776 3030 4833 in
3062 4790 3274 4846 ventre,
3304 4789 3486 4837 tecum
3516 4782 3570 4837 in
3602 4793 3777 4843 utero,

2202 4879 2377 4925 tecum
2407 4871 2458 4924 in
2489 4870 2709 4924 auxilio.

2269 4963 2320 5015 2.
2367 4962 2541 5015 Maria
2569 4978 2773 5015 onmem
2801 4975 3010 5030 superat
3031 4962 3264 5016 laudem.
3288 4962 3597 5025 Gratulare,
3625 4965 3776 5018 beata

2203 5054 2366 5125 Virgo
2391 5053 2665 5108 :Christus
2684 5068 2773 5107 rex
2797 5068 2828 5106 e
2849 5051 2988 5107 ccelo
3015 5067 3115 5107 suo
3129 5056 3275 5108 venit
3298 5054 3348 5106 in
3366 5065 3580 5108 uterum
3606 5065 3774 5113 tuum.

2453 5142 2490 5154 n
