4018 6380
243 349 346 407 337

1414 339 1777 395 SEltMONES
1821 340 1913 393 AD
1948 339 2292 395 POPULUM.

3397 338 3508 398 ὅδε

244 463 516 521 bedieutia
576 459 730 516 enim
773 459 1076 515 obedientia
1123 470 1510 524 commutatur,
1561 459 1694 513 ﬁdes
1733 475 1828 528 pro
1860 469 1898 521 Α
1934 458 2024 512 bat
2052 459 2299 522 salutem,
2341 460 2497 513 matri
2549 462 2862 532 praeriperet
2891 462 3223 536 integritatis
3259 463 3501 535 dignita-

236 557 468 628 perﬁdia
521 561 926 622 compensatur.
964 551 1108 606 Laeta
1139 552 1304 622 igitur
1350 551 1515 605 Maria
1539 560 1714 620 gestat
1744 553 1826 604 in-

244 648 468 707 fantem,
521 641 804 696 exsultans
860 639 1198 708 amplexatur
1243 640 1432 704 ﬁlium,
1463 651 1690 710 portata
1719 655 1826 710 quo

243 737 586 808 portabatur.
625 730 742 794 Nec
768 733 1012 796 fortuitu,
1061 740 1118 784 ut
1149 731 1354 800 ﬁngunt
1393 731 1708 795 Sabelliani,
1742 745 1824 784 re-

245 828 385 898 perit
418 824 738 896 parvulum;
788 823 883 878 sed
913 821 1156 876 decursis
1207 835 1397 875 novem
1435 820 1710 884 mensibus
1737 834 1824 888 pe-

238 917 386 987 perit
405 915 704 970 Christum.
730 912 956 969 Plaudat
983 926 1126 965 nunc
1146 911 1364 981 organis
1395 910 1583 974 Maria,
1607 918 1662 964 et
1685 910 1826 964 inter

239 1008 463 1062 veloces
517 1003 778 1060 articulos
837 1013 1092 1077 tympana
1144 1019 1422 1075 puerperae
1473 1013 1822 1073 ι-,οιιοιθθρεξηι⁸

242 1099 550 1153 Cunciuant
579 1095 828 1150 laetantes
873 1095 1048 1161 chori,
1084 1105 1144 1152 et
1173 1095 1566 1151 alternantibus
1598 1095 1826 1151 modulis

246 1191 534 1246 dulcisona
580 1188 823 1244 carmina
866 1189 1216 1244 misceantur.
1271 1186 1466 1242 Audite
1505 1187 1668 1256 igitur
1695 1201 1827 1256 que-

239 1279 592 1336 madmodum
654 1278 1028 1349 tympanistria
1088 1285 1273 1331 nostra
1329 1277 1637 1332 cantavcrit
1688 1292 1702 1341 ;
1751 1276 1827 1329 ait

234 1373 427 1428 enim:
454 1369 759 1440 Magniﬁcat
789 1369 967 1422 anima
994 1384 1109 1422 mea
1133 1367 1447 1426 Dominum;
1477 1375 1524 1420 et
1549 1364 1825 1420 exsultavit

238 1466 465 1533 spiritus
486 1478 630 1516 meus
674 1462 727 1514 in
753 1461 860 1515 Deo
883 1460 1106 1515 salutari
1138 1476 1250 1513 meo
1277 1475 1296 1513 :
1319 1459 1443 1530 quia
1480 1459 1699 1528 respexit
1729 1460 1825 1511 Im-

236 1556 522 1608 militatem
556 1551 763 1605 ancilla:
785 1567 894 1606 sua:
910 1567 930 1616 ;
974 1566 1089 1604 erce
1120 1548 1258 1603 enim
1293 1565 1358 1602 ex
1387 1549 1483 1601 hoc
1513 1547 1716 1600 beatam
1746 1563 1826 1601 me

235 1649 417 1702 dicent
447 1649 622 1699 omnes
650 1627 1024 1714 generationes.
1058 1641 1195 1707 Quia
1225 1641 1343 1709 fecit
1370 1639 1498 1693 milii
1519 1656 1710 1709 magna
1738 1639 1825 1710 qui

231 1749 426 1810 potens
457 1744 554 1792 est.
585 1733 760 1792 Causa
793 1735 958 1806 igitur
999 1742 1160 1788 tanta}
1208 1731 1589 1786 invalescentis
1629 1730 1826 1785 laetitiae

1931 556 2058 603 tem.
2105 547 2238 601 Nam
2294 550 2385 618 qui
2439 560 2603 617 terra,
2653 553 2786 607 mari
2842 553 3085 623 coeloque
3132 569 3238 611 non
3267 556 3514 625 capitur,

1928 641 2066 693 iutra
2095 642 2251 695 unius
2281 643 2584 712 corpusculi
2632 643 2868 698 membra
2931 644 3237 714 suscipitur.
3273 643 3398 701 llaec
3417 655 3504 700 est

1929 730 2016 784 illa
2039 733 2248 785 novitas
2273 731 2518 787 Jeremite
2542 734 2814 803 prepbeta:
2834 735 3089 789 vaticiuio
3110 737 3496 805 prteuuutiata:

1929 819 2130 884 Faciet,
2162 822 2357 891 inquit,
2383 823 2634 879 Dominus
2659 841 2844 878 novum
2865 841 3021 895 super
3040 835 3271 890 terram;
3303 825 3500 895 femina

1927 911 2266 966 circumdabit
2294 914 2459 967 cirum
2486 913 2699 983 (Jercm.
2727 931 2874 979 uiti,
2903 915 3015 987 22).
3048 915 3092 972 Ο
3115 914 3311 971 femina
3339 933 3501 987 super

1928 1001 2156 1058 feminas
2208 1005 2511 1071 benedicta,
2570 1023 2690 1076 qua:
2731 1008 2904 1062 virum
2933 1008 3154 1064 omnino
3189 1024 3295 1064 non
3328 1011 3496 1076 novit,

1927 1102 1982 1144 et
2013 1093 2184 1147 virum
2212 1109 2310 1148 suo
2363 1105 2518 1151 utero
2563 1097 2914 1154 circumdedit
2945 1101 2958 1154 l
2990 1099 3299 1172 Circumdat
3324 1101 3498 1156 virum

1928 1182 2094 1236 Maria
2123 1185 2310 1256 angelo
2338 1184 2494 1241 ﬁdem
2523 1189 2698 1243 dando
2723 1206 2736 1255 ;
2780 1190 2903 1258 quia
2928 1191 3036 1246 Eva
3066 1192 3301 1262 perdidit
3323 1192 3498 1247 virum

1927 1274 2159 1342 serpenti
2177 1276 2581 1332 conscutiendo.
3509 1343 3513 1348 ,

1995 1363 2050 1418 4.
2089 1365 2273 1436 Angeli
2297 1367 2365 1419 ad
2380 1362 2608 1423 Mariam
2635 1371 2804 1425 verba.
2831 1370 3021 1428 Mariae
3041 1370 3328 1428 obedientia
3356 1391 3497 1429 com-

1926 1461 2223 1514 meudatur.
2255 1461 2464 1516 Salutat
2511 1463 2732 1535 angelus
2761 1465 2992 1536 puellam
3039 1466 3139 1522 viri
3166 1457 3503 1522 salutationis

1927 1553 2199 1623 ignaram;
2228 1563 2464 1609 terretur
2481 1543 2654 1627 Virgo
2669 1558 2907 1612 novitate
2920 1557 3226 1613 verborum.
3244 1543 3326 1614 Ad
3340 1574 3500 1628 quam

1928 1645 2171 1716 angelus,
2215 1654 2271 1700 ut
2301 1647 2548 1717 superius
2593 1649 2936 1719 protulimus,
2969 1651 3102 1705 dixit
3141 1670 3153 1705 :
3187 1649 3269 1705 Ne
3296 1653 3498 1716 timeas,

1929 1733 2137 1800 Maria;
2170 1737 2408 1790 invenisti
2446 1739 2581 1791 enim
2631 1740 2852 1809 gratiam
2893 1738 3032 1810 apud
3065 1739 3362 1794 Dominum.
3401 1740 3510 1808 Ne,

237 1837 366 1884 erat
407 1826 727 1882 miraculum
775 1841 993 1880 novum.
1035 1824 1217 1879 Novus
1270 1821 1450 1877 Mariae
1489 1831 1676 1892 partus
1705 1837 1821 1892 par-
1851 1805 1900 1866 Β
1930 1823 2124 1894 inquit,
2172 1841 2202 1880 a
2233 1836 2526 1897 conspectu
2559 1843 2702 1893 meo,
2752 1827 2924 1884 Mater
2974 1830 3184 1883 Domini
3230 1830 3353 1893 mci,
3390 1805 3499 1884 ter;

232 1931 361 1976 tum
390 1920 515 1976 Erae
539 1918 721 1983 evicit,
769 1927 823 1973 et
843 1917 968 1972 Evm
994 1917 1271 1987 planctum
1309 1912 1490 1968 Mariae
1519 1920 1708 1967 cantus
1733 1927 1826 1966 ex-

229 2010 427 2065 clusit.

313 2118 370 2173 5.
410 2116 598 2171 Mundi
649 2115 794 2170 salus
844 2131 909 2168 ex
939 2113 1130 2168 Maria:
1164 2128 1378 2167 assensu
1413 2111 1618 2181 pendet.
1651 2108 1824 2162 Maria

237 2210 422 2264 Mater
450 2218 497 2262 et
559 2205 740 2276 Virgo.
775 2204 970 2274 Nupsit
999 2204 1098 2274 ipsi
1132 2203 1264 2257 Deo.
1291 2203 1535 2257 Jeremiw
1558 2201 1621 2253 de
1651 2199 1824 2252 Maria

227 2300 538 2371 prophetia.
569 2299 812 2366 Denique
861 2306 982 2366 post
1018 2297 1160 2350 illius
1201 2295 1596 2352 benedictionis
1628 2308 1821 2362 praesa-

234 2394 418 2466 gium,
462 2391 586 2444 dum
621 2390 784 2444 tacita
814 2403 996 2443 secum
1046 2386 1209 2457 Virgo
1240 2387 1436 2440 mentis
1475 2382 1824 2440 altercatione

232 2480 571 2552 conﬂigeret,
608 2479 784 2551 qualis
818 2488 963 2534 esset
1012 2477 1116 2532 ista
1155 2476 1443 2541 salutatio,
1487 2474 1708 2531 nuntius
1744 2473 1826 2527 in-

233 2573 402 2626 terim
422 2570 658 2625 cmlestis
677 2570 992 2639 exsequitur
1011 2568 1160 2640 (Luc.
1184 2568 1223 2638 ι)
1254 2586 1265 2620 :
1294 2566 1583 2629 Netiuteas,
1619 2565 1822 2628 Maria;

227 2663 478 2717 invenisti
488 2663 713 2732 gratiam
725 2662 864 2731 apud
880 2645 1180 2714 Dominum.
1199 2658 1330 2712 Ecce
1343 2660 1488 2712 conci
1491 2659 1599 2728 pies
1611 2659 1663 2710 in
1679 2667 1822 2709 utero

223 2764 278 2807 et
312 2753 480 2822 paries
506 2751 696 2820 ﬁlium,
721 2761 767 2803 et
795 2751 999 2826 vocabis
1028 2767 1211 2803 nomen
1231 2749 1343 2818 ejus
1368 2747 1571 2802 Jesum.
1604 2747 1673 2800 At
1699 2747 1816 2800 illa:

233 2844 556 2910 Quomodo,
604 2843 800 2913 inquit,
853 2843 941 2912 ﬁet
987 2843 1162 2905 istud,
1210 2842 1460 2906 quoniam
1508 2841 1672 2895 virum
1721 2857 1821 2893 nou

230 2949 492 3002 cognosco
519 2932 632 2986 ?Et
661 2932 888 3002 angelus
932 2931 998 2984 ad
1028 2947 1147 2985 eam
1175 2949 1186 2984 :
1213 2930 1463 3000 Spiritus,
1494 2931 1589 2995 ait,
1611 2941 1821 2983 sanctus

229 3025 559 3094 superveniet
589 3024 642 3076 in
665 3033 734 3085 te,
767 3033 814 3077 et
845 3024 1009 3076 virtus
1036 3023 1292 3076 Altissimi
1341 3021 1665 3075 obumbrabit
1697 3022 1820 3085 tibi;

230 3117 456 3185 ideoque
483 3114 621 3185 quod
637 3125 880 3167 nascetur
900 3131 963 3168 ex
989 3125 1036 3168 te
1070 3113 1346 3177 Sanctum,
1363 3114 1630 3167 vocabitur
1647 3111 1818 3166 Filius

231 3205 354 3259 Dei.
394 3201 513 3258 1am
549 3203 743 3257 audisti
793 3203 1054 3273 quomodo
1095 3203 1183 3271 [iet
1221 3204 1338 3265 hoc,
1386 3204 1649 3271 responde
1679 3218 1820 3255 nunc

234 3294 500 3357 verbum;
530 3303 589 3346 ut
617 3293 744 3361 quid
794 3292 1029 3346 turbaris
1082 3292 1240 3345 modo
1270 3292 1292 3344 ?
1322 3291 1530 3345 Audisti
1561 3291 1820 3358 quomodo

231 3388 322 3454 ﬁet
363 3387 484 3450 hoc,
533 3386 659 3454 quia
699 3385 928 3454 Spiritus
982 3393 1194 3438 sanctus
1229 3385 1552 3454 superveniet
1580 3385 1724 3447 inte,
1765 3391 1823 3436 ut

238 3479 450 3547 prolem
475 3478 682 3548 gignas,
728 3486 783 3530 et
831 3476 1200 3546 virginitatem
1249 3492 1353 3530 non
1386 3476 1610 3546 perdas;
1653 3474 1820 3527 ﬁlium

233 3566 507 3636 proferas,
535 3573 734 3635 etpost
783 3575 1000 3636 partum
1049 3565 1359 3634 incorrupta
1408 3564 1820 3634 permaneas.0

231 3661 398 3715 beata
429 3659 617 3723 Maria,
665 3659 919 3713 saeculum
950 3671 1111 3712 omne
1142 3657 1414 3726 captivum
1461 3665 1609 3709 ttnnn
1633 3657 1820 3724 depre-

234 3760 398 3803 catur
419 3762 701 3802 assensum
733 3765 749 3802 z
779 3758 851 3808 te,
874 3747 1122 3811 Domina,
1141 3747 1372 3800 mundus
1393 3761 1502 3800 sua:
1529 3745 1646 3798 ﬁdei
1672 3743 1813 3798 obsi-

239 3839 368 3892 dem
421 3836 572 3891 lecit.
619 3835 739 3890 Noli
791 3836 1018 3899 morari,
1048 3834 1252 3905 Virgo:
1288 3835 1476 3890 nuntio
1503 3833 1820 3889 festinanter

235 3927 509 3998 responde
545 3927 797 3989 verbum,
847 3935 903 3981 et
956 3926 1171 3995 suscipe
1221 3925 1422 3992 ﬁlium;
1463 3925 1527 3980 da
1560 3925 1738 3990 ﬁdem,
1765 3932 1820 3979 et

226 4017 382 4072 senti
429 4017 706 4070 virtutem.
765 4014 920 4078 Ecce,
981 4014 1176 4082 inquit,
1206 4014 1400 4068 ancilla
1441 4014 1691 4067 Domini:
1721 4014 1816 4081 ﬁat

233 4109 368 4161 milii
402 4107 688 4162 secundum
720 4107 926 4160 uerbum
959 4118 1127 4160 tuum.
1159 4105 1268 4160 Nec
1314 4121 1487 4171 mora,
1529 4108 1845 4162 revertitur

233 4197 504 4262 nuntius,
586 4204 640 4252 et
743 4195 1058 4266 virginalem
1147 4195 1439 4249 thalamum
1519 4195 1818 4264 ingreditur

235 4289 515 4344 Christus.
601 4286 845 4343 Eﬁicitur
908 4287 1087 4342 subito
1145 4302 1427 4357 praegnans
1508 4286 1662 4342 beata
1721 4287 1816 4342 Dei

239 4380 507 4451 genitrix,
554 4388 608 4434 et
655 4390 850 4434 cuncta
905 4395 1000 4449 per
1067 4379 1259 4433 saecula
1318 4370 1640 4448 praedicatur
1692 4379 1818 4435 hinc

233 4470 394 4524 felix.
446 4467 705 4539 Concepit
751 4485 872 4524 mox
899 4470 964 4521 ad
1002 4467 1375 4521 credulitatem
1419 4468 1600 4532 verbi,
1649 4468 1818 4522 virilis

233 4559 430 4632 ignara
473 4560 728 4617 consortii
789 4579 802 4612 :
860 4559 1110 4629 impletur
1157 4570 1342 4614 uterus
1392 4559 1537 4613 nullo
1582 4559 1816 4614 humano

233 4653 475 4723 pollutus
503 4651 774 4722 amplexu.
808 4651 998 4705 Exstat
1027 4651 1207 4721 itaque
1231 4651 1382 4720 virgo
1408 4667 1528 4706 cum
1560 4651 1815 4721 concipit,

231 4745 392 4812 virgo
415 4743 656 4814 gravida,
686 4744 836 4812 virgo
856 4758 976 4795 cum
1005 4743 1166 4812 parit,
1187 4752 1240 4796 et
1265 4743 1416 4810 virgo
1432 4752 1550 4812 post
1579 4750 1812 4812 partmn.

232 4831 504 4887 Praeclara
543 4845 674 4900 ergo
702 4831 790 4884 illa
821 4831 1130 4900 virginitas,
1157 4841 1208 4884 et
1231 4832 1462 4900 gloriosa
1487 4831 1811 4886 fecunditas.

235 4923 490 4977 Exsultat
540 4919 725 4984 Maria,
762 4930 818 4975 et
845 4930 1074 4974 matrem
1116 4935 1173 4973 se
1209 4920 1325 4972 lzeta
1372 4921 1619 4984 miratur,
1661 4923 1812 4974 etde

235 5015 443 5084 Spiritu
477 5022 664 5067 sancto
687 5027 744 5067 sc
770 5013 1043 5080 peperisse
1065 5010 1261 5080 gaudet
1286 5027 1298 5063 :
1333 5025 1431 5064 nec
1460 5011 1588 5080 quia
1606 5011 1813 5080 peperit

234 5105 484 5173 innupta,
518 5111 799 5166 terretur;
839 5101 934 5155 sed
963 5101 1089 5170 quia
1127 5102 1391 5169 genuerit,
1431 5117 1553 5154 cum
1581 5101 1813 5155 exsulta-

233 5195 387 5248 tione
441 5193 688 5246 miratur.
724 5190 1067 5245 Caudeamus
1092 5205 1223 5258 ergo
1263 5199 1318 5244 et
1349 5207 1470 5254 nos,
1512 5190 1732 5253 fratres,
1757 5191 1810 5246 in

237 5284 326 5336 die
359 5290 524 5336 tanta:
580 5279 836 5350 Virginis,
887 5295 1005 5348 quae
1038 5279 1164 5332 dum
1196 5279 1612 5349 desponsaretur
1641 5279 1810 5342 fabro,

231 5374 362 5430 caeli
414 5374 596 5443 nupsit
643 5373 961 5426 architecto.
1017 5371 1358 5425 Pretnittitur
1399 5371 1541 5424 enim
1576 5371 1624 5423 ei
1674 5371 1813 5424 ﬁlius

239 5481 336 5534 per
365 5464 731 5519 visitationem
783 5463 955 5516 sancti
999 5460 1255 5530 Spiritus.
1306 5459 1431 5514 llzec
1467 5460 1555 5513 illa
1591 5463 1814 5515 audiens

240 5555 453 5623 gaudet,
492 5553 746 5622 cupitque
777 5551 913 5606 eiiici
940 5559 1132 5605 mater.
1164 5551 1301 5617 Quid
1328 5551 1492 5619 igitur
1519 5551 1734 5613 mirum,
1766 5549 1811 5604 si

241 5643 355 5695 sine
381 5642 728 5711 corruptione
750 5639 1009 5699 nascitur.
1036 5639 1127 5708 qui
1150 5638 1215 5691 de
1239 5637 1666 5693 sanctiﬁcatione
1685 5654 1814 5692 con-

241 5731 473 5801 cipitur:
515 5747 621 5787 non
671 5731 814 5786 enim
845 5729 1069 5786 decebat
1098 5738 1156 5783 ut
1202 5728 1291 5786 ille
1313 5730 1401 5800 qui
1430 5729 1585 5804 nobis
1607 5728 1802 5786 affere-

1927 1914 2096 1968 rearis
2129 1934 2142 1968 :
2179 1930 2278 1986 ego
2307 1909 2673 1987 conoeptiouis
2727 1926 2830 1973 tua:
2874 1919 3122 1974 minister
3150 1919 3364 1986 adveni,
3397 1937 3500 1974 nou

1924 2013 1986 2058 ut
2010 2005 2372 2076 virginitatem
2428 2008 2710 2066 amitteres
2757 2011 3052 2078 interveni;
3095 2010 3218 2085 ipse
3251 2029 3335 2068 me
3357 2013 3510 2088 misit

1926 2094 1992 2148 ad
2037 2103 2106 2159 te,
2150 2095 2241 2166 qui
2290 2106 2375 2152 est
2419 2098 2727 2154 nasciturus
2778 2115 2844 2156 ex
2879 2109 2948 2156 te.
2990 2099 3258 2172 Concipics
3288 2101 3501 2157 enimet

1925 2192 2096 2260 paries
2145 2191 2356 2260 ﬁlium;
2395 2208 2502 2248 non
2540 2193 2826 2262 cujuslibet
2871 2195 3046 2250 meriti
3082 2195 3374 2261 hominem,
3408 2196 3501 2254 sed

1929 2283 2092 2337 totius
2138 2283 2320 2338 sreculi
2377 2283 2735 2338 Salvatorcm.
2792 2283 3011 2351 Recole,
3067 2285 3256 2352 Maria,
3288 2285 3340 2340 in
3365 2285 3502 2338 libro

1927 2376 2074 2432 Isaia:
2117 2378 2413 2447 prophetze,
2459 2377 2720 2448 virginem
2772 2392 2932 2447 quam
2974 2377 3270 2447 parituram
3320 2376 3499 2448 legisti

1927 2466 2062 2539 (Isa.
2096 2483 2191 2531 vn,
2224 2467 2345 2536 14);
2381 2479 2433 2521 ct
2462 2467 2634 2538 gaude
2663 2477 2826 2538 atque
2874 2467 3106 2532 exsulta,
3147 2467 3270 2538 quia
3297 2475 3350 2521 tu
3381 2481 3500 2522 esse

1928 2560 2189 2614 meruisti.
2223 2559 2300 2614 Tu
2327 2559 2398 2614 ibi
2426 2560 2764 2630 praefigurata
2813 2575 2872 2615 es
2911 2561 3093 2631 Virgo,
3129 2572 3182 2615 tu
3209 2575 3338 2615 cecc
3363 2550 3496 2613 con-

1923 2654 2092 2723 cipies
2131 2652 2183 2706 in
2215 2660 2389 2718 utero,
2421 2668 2525 2706 non
2553 2652 2617 2707 de
2656 2653 2798 2718 viro,
2830 2652 2923 2708 sed
2947 2652 3012 2708 de
3039 2652 3241 2723 Spiritu
3269 2659 3493 2710 sancto:

1925 2755 1978 2800 et
2001 2745 2219 2815 gravida
2258 2743 2387 2807 eris,
2433 2752 2488 2797 ct
2531 2743 2841 2812 incorrupta
2895 2742 3256 2813 permanebis.
3310 2740 3498 2796 Paries

1925 2835 2140 2904 quidem
2164 2833 2352 2895 ﬁlium,
2379 2841 2434 2887 et
2465 2832 2796 2902 virginitatis
2822 2848 2926 2887 non
2950 2832 3169 2904 patieris
3197 2831 3494 2886 detrimen-

1924 2935 2059 2981 tum.
2094 2926 2355 2981 Eliicieris
2392 2909 3028 2996 gravida,eterisimater
3045 2915 3494 2995 semperintarta.

1923 3016 2140 3072 Senties
2179 3018 2417 3086 pondera
2469 3017 2699 3082 ventris,
2757 3026 2813 3072 et
2860 3017 3117 3086 pudorem
3170 3033 3274 3071 non
3305 3007 3508 3087 perdes.

1921 3109 2210 3165 castitatis.
2247 3108 2611 3165 intumesceut
2639 3110 2803 3164 ubera
2841 3119 2954 3174 tua,
2977 3121 3032 3165 et
3059 3109 3258 3164 intacta
3281 3114 3499 3162 manent

1923 3199 2176 3271 genitalia
2208 3210 2322 3254 tua.
2345 3199 2414 3254 At
2441 3199 2531 3254 illa
2554 3199 2717 3254 dixit:
2743 3199 2877 3254 Ecce
2905 3199 3099 3254 ancilla
3132 3199 3380 3253 Domini:
3401 3198 3497 3267 ﬁat

1921 3290 2050 3343 mihi
2083 3290 2372 3344 secundum
2412 3293 2618 3344 verbum
2675 3300 2843 3343 tuum.
2887 3290 2931 3346 Ο
2955 3289 3082 3345 felix
3111 3291 3441 3354 obedientia,
3463 3305 3497 3344 ο

1923 3383 2151 3453 insignis
2173 3384 2368 3452 gratia,
2390 3397 2510 3453 qua:
2531 3383 2655 3437 dum
2682 3384 2840 3438 ﬁdem
2865 3384 3140 3439 humiliter
3172 3385 3342 3447 dedit,
3371 3384 3495 3439 caeli

1917 3475 1974 3528 in
2023 3491 2081 3529 se
2119 3475 2368 3543 opiﬁcem
2395 3475 2707 3543 corporavit
2732 3477 2746 3528 ι
2771 3475 3012 3544 implevit
3036 3476 3088 3528 in
3115 3490 3177 3528 ea
3213 3477 3491 3537 Dominus,

1921 3566 2064 3634 quod
2113 3565 2312 3618 dudum
2359 3565 2684 3635 praedixerat
2715 3579 2730 3618 :
2759 3563 3119 3620 Obedientium
3163 3564 3305 3618 malo
3336 3573 3500 3634 quant-

1920 3655 2260 3724 sacriﬁcium,
2307 3665 2356 3709 et
2403 3656 2674 3709 scientiam
2720 3653 2818 3709 Dei
2844 3655 2960 3724 plus
2989 3671 3147 3724 quam
3191 3653 3498 3709 holocausis

1920 3742 2074 3814 (Osee
2095 3760 2171 3807 vt,
2196 3745 2272 3814 6).
2298 3743 2423 3799 [hec
2445 3743 2542 3797 fuit
2565 3759 2692 3798 vera
2722 3743 3026 3799 obedientia
3049 3743 3194 3797 omni
3227 3742 3494 3796 sacriﬁcio

1920 3839 2143 3910 gratior,
2175 3838 2289 3892 lucc
2313 3835 2564 3893 voluntas
2585 3837 2798 3894 cunctis
2823 3835 3018 3892 hostiis
3039 3833 3341 3903 acceptior;
3363 3833 3493 3888 hinc

1923 3931 2220 3998 promeruit
2269 3927 2515 3998 gloriam,
2549 3943 2711 3997 quam
2747 3927 2859 3997 ipsa
2892 3926 3229 3996 postmodum
3255 3924 3487 3994 plausit:

1913 4020 2076 4083 Ecce,
2098 4021 2263 4084 ait,ex
2283 4022 2378 4074 hoc
2393 4019 2594 4072 beatam
2624 4034 2704 4072 me
2722 4017 2892 4071 dicent
2909 4032 3086 4070 omnes
3111 4016 3487 4087 generationes.

1988 4111 2160 4166 5.·Αά
2189 4112 2396 4165 beatam
2432 4109 2698 4181 Virginem
2727 4109 2976 4178 precatio.
3009 4106 3053 4162 Ο
3092 4107 3249 4162 beata
3299 4105 3488 4168 Maria,

1918 4204 2040 4274 quis
2069 4203 2161 4258 tibi
2184 4203 2344 4274 digne
2370 4201 2678 4273 valeatjura
2704 4201 2998 4271 gratiarum
3027 4215 3091 4254 ac
3121 4198 3334 4254 laudum
3353 4214 3492 4268 prte-

1919 4293 2074 4349 conia
2108 4292 2440 4361 impendere,
2468 4305 2588 4360 quae
2619 4290 2875 4360 singulari
2911 4299 3001 4342 tuo
3030 4303 3252 4342 assensu
3288 4286 3490 4348 mundo

1919 4381 2232 4436 succurristi
2297 4381 2566 4452 perdito?
2611 4381 2757 4447 Quas
2818 4380 2910 4434 tibi
2973 4378 3159 4432 laudes
3221 4376 3488 4448 fragilitas

1846 4494 1895 4552 ι)
1923 4475 2139 4528 humani
2170 4473 2383 4543 generis
2405 4473 2697 4543 persolvat,
2737 4487 2856 4541 qua}
2892 4471 3005 4526 solo
3036 4479 3128 4523 tuo
3158 4470 3494 4544 commercio

1922 4563 2270 4633 recuperandi
2294 4563 2498 4617 aditum
2525 4561 2731 4615 invenit
2761 4561 2993 4628 ?Accipe
3017 4559 3197 4628 itaque
3219 4573 3489 4627 quascun-

1919 4667 2022 4720 que
2058 4651 2256 4715 exiles,
2304 4665 2655 4721 quascunqne
2708 4649 2920 4704 meritis
2955 4650 3060 4703 tuis
3097 4649 3330 4718 impares
3360 4662 3488 4717 gra-

1920 4743 2114 4796 tiarmn
2162 4744 2410 4798 actiones
2459 4753 2561 4797 :et
2607 4758 2731 4797 cum
2789 4741 3090 4810 susceperis
3128 4751 3272 4805 vota,
3303 4740 3488 4809 culpas

1917 4830 2131 4888 nostras
2157 4825 2363 4889 orando
2384 4847 2602 4889 excusa.
2631 4833 2865 4888 Admitte
2887 4842 3103 4888 nostras
3127 4839 3314 4902 pretes
3345 4831 3488 4886 intra

1916 4924 2212 4978 sacrarium
2260 4923 2642 4988 exauditionis,
2698 4931 2912 4994 reporta
2975 4923 3129 4978 nobis
3185 4922 3483 4977 antidotum

1915 5013 2396 5070 reconciliationis.
2436 5012 2519 5069 Sit
2565 5029 2665 5084 per
2693 5023 2744 5069 te
2784 5012 3096 5069 excusabile
3137 5012 3280 5082 quod
3309 5025 3405 5082 per
3434 5019 3486 5066 te

1915 5103 2208 5173 ingerimus
2239 5120 2250 5156 :
2283 5103 2376 5157 ﬁat
2416 5101 2752 5171 impetrabile
2799 5101 2938 5171 quod
2968 5100 3072 5154 ﬁda
3102 5109 3283 5156 mente
3311 5102 3487 5170 posci-

1916 5209 2052 5245 mus.
2103 5193 2301 5262 Accipe
2320 5192 2461 5262 quod
2492 5191 2788 5256 olferimus,
2826 5192 3025 5246 redona
3039 5190 3180 5260 quod
3203 5205 3482 5260 rogamus;

1913 5295 2109 5334 excusa
2139 5281 2281 5349 quod
2307 5282 2577 5336 timemus.
2613 5279 2770 5350 (Quia
2800 5289 2852 5334 tu
2876 5295 2934 5334 es
2960 5295 3087 5349 spes
3112 5279 3271 5334 unica
3294 5293 3488 5350 pecca-

1917 5367 2121 5433 torum,
2173 5385 2270 5439 per
2307 5378 2358 5424 te
2415 5383 2696 5440 speramus
2725 5370 2938 5423 veniam
2965 5369 3313 5433 delictorum;
3348 5377 3402 5421 ct
3433 5369 3498 5430 in

1917 5468 1990 5525 te,
2020 5462 2360 5522 beatissima,
2406 5470 2713 5514 nostrorum
2758 5468 2840 5513 est
2869 5461 3204 5529 exspectatio
3231 5461 3496 5530 praemio.

1914 5553 2078 5619 rum.)
2109 5551 2307 5606 Sancta
2345 5550 2533 5616 Maria,
2565 5568 2821 5608 succurre
2853 5555 3086 5616 miseris,
3113 5555 3240 5623 jnva
3265 5561 3498 5621 pug-ina-

1916 5646 2106 5706 uimes,
2133 5644 2314 5698 refove
2341 5643 2565 5706 ﬂebiles,
2589 5659 2683 5698 ora
2719 5661 2816 5714 pro
2843 5646 3061 5714 populo,
3093 5646 3316 5699 intervm
3347 5651 3370 5709 ’ί
3403 5650 3498 5722 pro

1913 5733 2058 5787 clero
2108 5732 2380 5787 iuterccdc
2408 5747 2504 5801 pro
2551 5735 2744 5789 devoto
2775 5733 3006 5789 l‘cmineo
3037 5750 3189 5790 sexu.
3251 5735 3495 5797 διιηιῑςιιιί
