4018 6378
539 262 644 322 539

539 390 730 433 «mnes
762 383 912 432 tuum
958 376 1238 447 juvamen,
1281 373 1597 448 quicunque
1633 371 1916 428 celebrant
1968 378 2114 425 tuam

539 467 1134 523 commemorationem.
1150 466 1361 522 Assiste
1383 473 1571 536 parata
1598 463 1740 517 votis
1755 460 2112 533 poscentium,

538 568 596 613 ct
615 558 850 629 repende
875 557 1126 615 omnibus
1179 565 1423 629 optatum
1459 553 1735 610 eﬂcctum.
1759 554 1843 613 Sit
1874 552 1970 607 tibi
2000 559 2115 604 stu-

1491 263 1548 319 S.
1579 260 1920 319 FULBERTI
1948 255 2427 317 CARNOTENSIS
2463 252 2767 313 EPISCOPI

2222 369 2369 425 dium
2400 367 2613 423 assidue
2665 378 2827 421 orare
2861 374 2959 431 pro
3001 358 3201 430 populo
3229 357 3348 422 Dei,
3407 368 3528 425 qua:
3554 353 3772 410 meruisti

2222 457 2505 513 benedicta
2536 454 2769 524 pretium
2801 450 2946 506 ferre
2980 446 3167 502 mundi
3234 445 3326 517 qui
3359 443 3496 499 vivit
3535 451 3589 497 et
3610 452 3777 515 regnat

2223 547 2278 602 in
2299 544 2494 601 saecula
2523 542 2862 598 saeculorum.

3683 242 3770 301 διο

1470 648 3759 703 ΞΜ

1336 777 1485 866 DE
1559 768 2112 866 PECCATIS
2181 758 2998 863 CAPITALIBUS.

564 677 1634 710 Ν

972 1121 1049 1177 De
1084 1122 1384 1191 pauitantia
1411 1119 1667 1175 [uicorum

568 1222 571 1225 “
615 1216 672 1272 Si
716 1214 837 1285 quis
865 1214 1138 1270 hominem
1168 1214 1429 1270 occiderit
1454 1224 1669 1285 sponte,
1721 1223 1929 1287 septem
1966 1214 2124 1270 annis

540 1307 825 1378 poeniteat.
855 1304 913 1362 Si
942 1305 1292 1370 immeritum,
1324 1304 1511 1360 decem
1553 1304 1713 1361 annis
1759 1305 2036 1374 pmniteat.
2069 1302 2125 1360 Si

545 1396 852 1458 diaconum,
885 1394 1289 1464 quatuordecim
1324 1394 1482 1449 annis
1504 1395 1781 1465 paeniteat.
1817 1394 1875 1450 Si
1905 1395 2130 1467 presby-

547 1485 934 1555 ternmyigiuti
959 1492 1013 1540 et
1036 1499 1142 1543 uno
1172 1499 1317 1539 anno
1346 1484 1692 1554 pceniteat.Si
1709 1485 1831 1555 quis
1854 1486 2128 1540 hominem

544 1592 651 1633 non
680 1588 869 1647 sponte
881 1577 1158 1643 occiderit,
1177 1577 1348 1632 tribus
1363 1577 1519 1633 annis
1540 1577 1822 1648 poeniteat.
1845 1577 1900 1634 Si
1919 1578 2131 1648 publico

544 1668 712 1735 bello,
732 1682 838 1723 uno
862 1683 1003 1723 anno
1028 1668 1304 1740 poeniteat.
1329 1667 1385 1724 Si
1404 1669 1806 1744 quisbominem
1822 1670 2130 1726 debilitave-

544 1761 636 1825 rit,
690 1760 866 1817 tribus
929 1760 1297 1831 quadragenis.
1336 1761 1613 1828 poenileat.
1671 1760 1731 1818 Si
1786 1762 1909 1835 quis
1958 1777 2128 1821 mem-

550 1855 707 1909 brum
734 1852 1030 1924 principale
1047 1852 1206 1907 alicui
1233 1852 1434 1918 tulerit,
1455 1854 1626 1909 tribus
1651 1854 1808 1926 annis
1831 1837 1887 1908 et
1906 1852 2131 1919 dimidio

542 1946 825 2015 paeniteat.
853 1944 910 2000 Si
934 1945 1057 2023 quis
1084 1943 1436 2001 sodomiticus
1459 1945 1542 2002 vel
1563 1960 1687 2021 cum
1713 1946 1915 2016 pecude
1937 1944 2129 2011 semel,

546 2042 753 2105 septem
794 2034 951 2090 annis
982 2035 1262 2106 poeniteat.
1310 2034 1367 2105 Si
1405 2036 1768 2103 consueverit,
1802 2036 2132 2106 quattuorde-

558 2126 664 2180 cim
702 2125 860 2191 annis
889 2125 1168 2196 poeniteat.
1203 2124 1259 2180 Si
1285 2125 1406 2195 quis
1434 2125 1731 2187 fornicatur
1759 2127 1899 2185 inter
1925 2125 2131 2183 femora

548 2217 738 2283 semel,
761 2226 996 2289 quatuor
1015 2218 1372 2289 quadragenis
1397 2218 1747 2290 poeniteat.Si
1766 2218 2132 2286 consueverit,

2154 1035 2205 1092 Α
2235 1029 2326 1102 rus
2356 1040 2647 1107 exstiterit,
2676 1047 2880 1110 septem
2927 1034 3082 1091 annis
3110 1032 3391 1104 pteuiteat.
3421 1029 3483 1086 Si
3510 1030 3627 1100 quis
3654 1028 3781 1098 iurat

2228 1146 2419 1204 contra
2448 1148 2660 1205 pacem,
2691 1145 2799 1186 uno
2823 1143 2965 1184 anno
2991 1125 3253 1197 paeniteat
3278 1138 3403 1178 cum
3432 1121 3782 1193 elcemosynis,

2228 1238 2305 1305 et‘
2346 1226 2554 1305 redeat.
2593 1223 2650 1283 Si
2692 1224 2812 1301 quis
2863 1218 3215 1293 pertinaciter
3266 1216 3402 1283 odit,
3450 1214 3781 1270 excommuni~

2230 1303 2404 1380 cetur.

2660 1499 2739 1554 De
2765 1498 3066 1570 pauitantia
3094 1494 3391 1553 mulierum.

2301 1596 2360 1651 Si
2405 1609 2511 1666 qua
2533 1590 2727 1648 mulier
2747 1590 2955 1645 duobus
2979 1585 3240 1643 fratribus
3269 1581 3541 1655 nupserit,
3574 1580 3786 1652 quinque

2229 1684 2386 1740 annis
2427 1681 2705 1754 paeniteat.
2752 1678 2811 1734 Si
2847 1693 2952 1749 qua
2984 1684 3198 1747 partum
3242 1681 3433 1737 necat,
3471 1683 3565 1735 aut
3596 1673 3776 1728 excitat

2230 1784 2461 1848 sponte:
2508 1774 2554 1830 si
2576 1772 2691 1843 jam
2734 1771 2894 1838 vivit,
2922 1767 3205 1825 duodecim
3253 1766 3443 1831 annis;
3475 1766 3521 1820 si
3548 1779 3647 1830 non
3673 1764 3782 1829 vivit

2231 1867 2424 1933 adhuc,
2469 1880 2568 1921 sex
2601 1864 2757 1920 annis
2805 1869 2930 1934 post
2980 1848 3271 1932 pteniteat;
3304 1866 3363 1914 et
3404 1871 3617 1927 semper
3653 1864 3783 1911 sexta

2231 1958 2369 2014 feria
2401 1957 2630 2028 jejunet.
2683 1954 2743 2010 Si
2791 1960 2966 2009 mater
2994 1938 3270 2007 dormiens
3319 1947 3492 2002 lilium
3522 1945 3604 2000 vel
3642 1944 3781 1999 ﬁliam

2231 2048 2585 2122 oppresserit,
2621 2045 2796 2116 tribus
2830 2043 2988 2099 annis
3011 2042 3289 2112 preniteat.
3314 2036 3374 2093 Si
3408 2035 3584 2091 infans
3616 2032 3783 2088 alicubi

2233 2140 2515 2207 ceciderit,
2561 2148 2615 2195 et
2651 2136 2870 2201 obierit,
2899 2149 3097 2206 parens
3127 2147 3234 2187 uno
3265 2146 3413 2185 anno
3443 2127 3708 2201 paeniteat.
3733 2124 3785 2179 Si

2234 2229 2414 2287 infans
2447 2235 2692 2285 mortuus
2737 2225 2902 2282 fuerit
2939 2240 3036 2295 per
3065 2221 3450 2294 negligentiam
3485 2217 3600 2273 sine
3629 2215 3782 2285 bapti-

548 2308 721 2365 tribus
757 2309 913 2365 annis
941 2326 956 2378 ;
982 2310 1026 2366 si
1057 2309 1313 2381 parvulus
1337 2326 1626 2381 oppressus
1649 2311 1753 2366 hoc
1768 2310 1994 2380 patitur,
2027 2325 2132 2371 una
2164 2374 2205 2387 ﬁ
2232 2336 2372 2386 ειηο,
2414 2320 2586 2375 [ribus
2633 2317 2791 2384 annis
2837 2315 3131 2387 panileat;
3163 2326 3272 2367 uno
3314 2324 3383 2365 ex
3435 2308 3519 2364 his
3565 2306 3713 2370 foris,
3737 2311 3782 2358 et

547 2400 891 2472 quadragena
919 2401 1197 2470 paeniteat.
1236 2399 1295 2457 Si
1322 2416 1419 2471 per
1445 2417 1504 2458 se
1534 2401 1734 2472 ipsum,
1762 2401 1972 2476 duabus
2000 2415 2135 2469 qua-
2165 2397 2170 2434 ¹

2235 2426 2450 2484 semper
2500 2418 2655 2484 sexta
2702 2408 2837 2465 feria
2900 2405 3130 2475 jejunet.
3185 2401 3388 2469 Fidelis
3442 2399 3577 2455 bene
3622 2397 3781 2451 vivens

552 2492 802 2564 dragenis
834 2492 1112 2562 paeniteat.
1147 2491 1204 2547 Si
1246 2493 1604 2558 consueverit,
1648 2509 1755 2571 uno
1787 2508 1931 2548 anno
1961 2491 2135 2563 paeni-

2234 2480 2458 2560 secu‘rus
2481 2480 2608 2557 hinc
2634 2501 2768 2557 exit.
2794 2498 3109 2570 Baptizatus
3146 2494 3212 2550 ad
3238 2495 3432 2549 horam
3456 2505 3614 2562 agens
3632 2485 3782 2559 paeni-

545 2592 572 2639 ι
591 2594 679 2641 'at.
698 2585 891 2653 Siquis
914 2585 1185 2641 adulterat
1211 2584 1550 2658 simpliciter,
1574 2585 1811 2656 quinque
1833 2584 1988 2639 annis
2014 2596 2131 2654 pre-

2236 2596 2459 2651 tentiam
2508 2593 2633 2649 dum
2686 2607 2853 2648 sanus
2897 2597 2980 2648 est
3018 2597 3074 2645 et
3108 2585 3513 2648 reconciliatus,
3538 2590 3589 2635 et
3627 2586 3783 2649 postea

552 2674 740 2732 niteat.
771 2672 827 2761 Si
861 2674 1166 2751 dupliciter,
1192 2675 1377 2729 decem
1415 2674 1571 2747 annis
1604 2674 1884 2744 poeniteat.
1927 2672 1984 2726 Si
2012 2672 2132 2740 quis
2234 2687 2375 2744 bene
2404 2685 2537 2741 νίγίι
2585 2698 2829 2740 εθουτυε,
2877 2680 3003 2749 Qui,
3035 2678 3244 2750 positus
3272 2675 3329 2730 ίη
3357 2672 3542 2737 ultima
3573 2664 3778 2723 necessi.

549 2758 1004 2836 Υδριυιῐιῖεοθτῖι.
1030 2765 1202 2828 "ibus
1223 2764 1398 2831 annis.
1432 2778 1541 2827 uno
1570 2764 1637 2820 de
1682 2765 1767 2819 hi5
1798 2763 1930 2821 ἷονίε
1963 2763 2133 2819 θεοιθ·
2234 2786 2368 2843 tate,
2416 2773 2792 2849 paenitentiam
2838 2752 3035 2841 accipit
3079 2776 3135 2823 et
3175 2766 3319 2829 exit,
3369 2761 3559 2824 fateor,
3598 2771 3693 2811 non
3719 2753 3782 2809 illi

552 2855 632 2912 εἶθ
676 2855 956 2926 Ραθηίίεεη·
998 2855 1056 2911 Si
1105 2854 1248 2927 (Ιυῖδῖ
1276 2871 1509 2911 ηοηηειῐῐι
1561 2855 1886 2933 corruperit.
1929 2863 2137 2926 εθριειη
2233 2842 2497 2937 negamus
2527 2863 2672 2937 quod
2715 2850 2870 2933 petit,
2901 2858 2996 2915 sed
3041 2871 3146 2911 non
3196 2866 3469 2925 prtesumo
3490 2849 3657 2904 dicere
3677 2842 3777 2913 quia

552 2947 714 3015 αηηὶε
756 2948 1038 3019 Ρωηίιθαῑ·
1092 2946 1149 3003 Si
1211 2948 1333 3018 (luis
1377 2946 1863 3019 οουεθηειιίηεαιη.
1902 2946 2140 3026 qumque
2233 2934 2375 3013 bene
2401 2934 2658 3026 exit.‘Do
2687 2967 2818 3026 ergo
2862 2948 3185 3023 consilium:
3214 2945 3430 3002 dimitte
3455 2941 3781 3013 incertu1n,el

554 3035 712 3092 εηηῖε
763 3036 1042 3107 Ρωιιίιθθι·
1106 3035 1165 3093 εί
1234 3037 1355 3107 ιιιιῑε
1405 3037 1615 3093 (IIl/illos
1662 3020 1938 3101 οοηδυηῑί
1971 3036 2143 3109 "ibus
2239 3059 2365 3105 tene
2388 3022 2617 3108 certum.
2641 3024 2709 3102 ut~
2738 3020 2864 3100 dum
2892 3056 3057 3098 sanus
3093 3020 3152 3096 es
3182 3052 3310 3109 agas
3338 3031 3713 3108 pmuitenlian,
3737 3028 3783 3076 ut

555 3128 714 3188 annis
795 3128 1079 3200 paeniteat.
1137 3126 1196 3184 Si
1255 3128 1377 3199 quis
1454 3127 1747 3197 sacrilegus
1812 3125 1897 3182 vel
1965 3125 2143 3196 perju-
2240 3152 2487 3197 manuus
2508 3114 2710 3195 habeas
2739 3115 3112 3193 ερρυῃιριρητ,
3471 3133 3475 3137 ν

1373 3368 2049 3532 sane“
2118 3331 3052 3539 ronianum

1851 3602 2332 3679 CARNOTENSIS
2366 3599 2689 3674 ,Ertscom

830 3770 1307 3907 HYMNI
1395 3773 1574 3885 ET
1666 3752 2333 3914 GARMINA'
2396 3679 3537 3873 ECCLESIASTICA.

1893 3964 2157 4021 ’liibliotlt.
2182 3962 2358 4017 Patr.
2404 3959 2584 4024 XVIII,
2609 3959 2723 4030 48.)

703 4343 913 4387 nvnuus
948 4341 1046 4385 seu
1084 4328 1251 4380 rao‘sa
1286 4340 1353 4380 ne
1392 4336 1594 4379 SANCTO
1628 4335 1999 4377 murusoan.

634 4423 882 4491 Quantas.
904 4420 1078 4477 caedes
1106 4417 1403 4475 Christiani
1433 4414 1612 4487 gregis
1647 4413 2000 4478 inhorruerit,
2047 4411 2147 4467 sub

566 4515 880 4581 Maximiani
910 4512 1183 4586 quondam
1213 4510 1377 4582 impia
1402 4506 1710 4580 tyrannide,
1742 4504 1997 4560 revoluta:
2028 4518 2144 4557 ma-

565 4610 826 4673 nifestam
846 4606 1235 4677 scripturarum
1258 4602 1486 4674 paginre.

638 4702 788 4759 Tunc
817 4700 1174 4773 Eustorchius
1198 4705 1420 4753 senator
1441 4694 1662 4766 quidam
1691 4688 2019 4748 Nicomedia:
2048 4688 2148 4743 ha-

566 4797 791 4868 bitabat,
823 4794 1043 4866 quidam
1072 4802 1128 4848 et
1158 4801 1322 4846 natus
1363 4789 1584 4845 nomine
1617 4785 1939 4851 Pantaleon,
1967 4790 2025 4838 et
2047 4780 2147 4838 de-

570 4903 700 4945 core
729 4885 1002 4957 corporali
1031 4884 1213 4947 clarus
1240 4892 1296 4937 et
1316 4881 1555 4951 ingenio.

641 4977 798 5033 Unde
854 4984 1033 5045 pater,
1084 4987 1238 5029 more
1268 4973 1534 5042 ’patrum,
1579 4969 1734 5047 laetus
1782 4981 1847 5022 ac
1891 4962 2154 5022 sollicitus

570 5065 702 5121 fecit
723 5081 846 5120 eum
874 5064 1123 5125 liberales
1149 5072 1296 5118 artes
1324 5060 1752 5135 apprehendere,
1787 5065 1846 5112 ut
1874 5071 1981 5111 non
2005 5061 2154 5110 esset

573 5156 818 5226 speciosa
841 5155 1047 5226 lampas
1075 5155 1192 5209 sine
1218 5153 1439 5231 lumine.

647 5244 785 5300 Tum
829 5247 1096 5302 discenda:
1130 5245 1385 5300 salutaris
1408 5240 1701 5312 disciplinae
1725 5239 1918 5310 gratia,
1944 5234 2155 5291 medico

575 5336 890 5395 Maximiani
932 5336 1157 5390 tradidit
1195 5335 1560 5405 Euphrosiuo,
1601 5348 1709 5403 quo
1735 5332 1957 5387 ductore
1990 5324 2157 5395 etrapit

577 5443 701 5489 esse
728 5427 984 5496 frequens
1011 5427 1063 5481 in
1091 5426 1314 5496 palatio.

646 5519 948 5590 Imperator
985 5526 1189 5584 autem,
1217 5517 1332 5587 ejus
1357 5517 1636 5573 honestate
1668 5512 1905 5584 cognita,
1937 5507 2152 5572 asserit,

580 5627 647 5668 ac
666 5618 1061 5680 consequenter
1082 5616 1409 5665 attestantur
1427 5608 1540 5676 alii,
1567 5607 1728 5677 digna
1750 5602 1894 5674 quod
1924 5613 2155 5673 persona

584 5699 707 5763 talis
736 5699 807 5756 sit
826 5706 1008 5756 astare
1040 5697 1261 5755 Caesari.

2169 4216 2215 4278 C
2316 4227 2460 4283 Inter
2485 4224 2859 4293 hacc,_qnidam
2885 4219 3139 4276 sacerdos
3164 4218 3217 4273 in
3241 4217 3428 4272 eodem
3455 4209 3655 4283 oppido,
3670 4217 3778 4259 nun-

2247 4327 2475 4389 cupatus
2506 4312 2848 4384 Hermolaus,
2875 4320 3023 4365 metu
3070 4307 3196 4363 εαξνί
3225 4305 3501 4377 principis,
3534 4299 3712 4354 latebra
3732 4304 3781 4346 se

2246 4407 2575 4465 recondebat
2595 4402 2853 4459 obsoleta:
2881 4398 3094 4471 tegetis.

2321 4486 2436 4567 Qua
2468 4496 2855 4552 Pantaleonem
2887 4507 3030 4562 saepe
3070 4496 3439 4546 transeuntem
3486 4477 3778 4548 conspicans.

2251 4607 2345 4647 vas
2387 4586 2670 4645 electionis
2696 4600 2817 4641 esse
2845 4581 3111 4652 comperit
3154 4595 3252 4649 per
3298 4575 3572 4647 Spiritum,
3612 4575 3659 4627 et
3690 4574 3782 4617 ιηοο

2251 4683 2399 4739 deste
2419 4678 2739 4752 provocavit
2760 4676 2906 4731 intus
2926 4672 2994 4728 ad
3021 4670 3367 4741 colloquium.

2322 4794 2523 4863 Quaerit
2579 4806 2713 4863 ergo
2757 4802 2978 4854 nomen,
3027 4800 3199 4857 genus
3260 4783 3596 4848 studiumque
3637 4764 3778 4863 pueri.

2250 4861 2445 4955 quaerit
2486 4861 2716 4938 sectam.
2764 4879 2857 4934 Ille
2917 4886 3114 4933 notans
3160 4873 3504 4944 quresilorum
3553 4861 3778 4919 ordinem.

2254 4974 2540 5045 diligenter
2564 4975 2947 5040 contrapensat
2977 4977 3359 5033 responsorum
3390 4958 3594 5014 seriem.

2325 5085 2499 5142 Solvit
2553 5084 2787 5155 primum
2840 5094 2907 5134 ac
2974 5077 3301 5134 secundum;
3363 5082 3487 5125 tunc
3549 5064 3780 5150 exponens

2255 5190 2451 5235 caetera
2487 5194 2500 5231 :
2539 5149 2569 5229 ι’
2596 5176 2843 5233 Scrutor.
2891 5170 3088 5239 inquit,
3130 5167 3450 5221 documenta
3491 5149 3782 5247 Hippocratis

2255 5268 2473 5333 medici,
2498 5276 2662 5335 atque
2683 5261 2866 5332 magni
2889 5257 3234 5331 praecessoris
3264 5253 3380 5322 ejus
3401 5244 3697 5308 Esculapii-

2262 5386 2267 5391 '
2334 5402 2352 5434 ε
2398 5380 2508 5436 Hos
2530 5391 2782 5450 putamus
2802 5389 2921 5429 esse
2950 5372 3102 5436 deos,
3133 5364 3411 5438 quivivaci
3441 5356 3660 5416 numine,

2259 5435 2547 5543 descripta.
2565 5471 2917 5539 reliquerunt,
2942 5467 3331 5534 prosequentes
3363 5446 3658 5525 approbant,
3674 5435 3779 5489 ad!!!“

2258 5569 2478 5636 langore
2510 5562 2752 5634 fatigatis
2780 5558 3070 5614 sanitatem
3104 5557 3376 5625 reparant.
3405 5568 3424 5600 ι

2333 5682 2415 5737 Ad
2452 5681 2567 5735 lucc
2616 5691 2779 5733 senex
2806 5670 3144 5735 Hermolaus,
3169 5683 3231 5724 os
3261 5673 3519 5723 maturum
3551 5650 3775 5709 resonam,
