4018 6382
253 287 356 341 3H

1209 279 1426 338 llYMNl
1460 278 1547 336 ET
1585 262 1893 336 cantum
1930 272 2482 333 ECCLESIASTICA.

3409 263 3443 318 δ
3454 264 3505 318 ις

254 413 364 452 non
393 395 654 452 contendo
681 394 944 466 replicare
972 395 1151 451 omnia
1174 409 1294 465 qua:
1321 394 1566 466 protulit,
1595 394 1689 450 sed
1710 406 1830 464 qua:
1857 395 1906 454 A
1935 399 2058 461 post
2077 389 2290 446 adultus
2312 385 2589 457 vilipendit
2617 399 2812 440 vanam
2837 384 3018 440 mundi
3044 374 3378 455 gloriam,dc
3397 377 3503 432 suis

252 489 496 543 breviter
521 487 725 542 dixisse
749 501 852 542 non
890 485 1122 542 absurde
1155 489 1350 556 potuit.

331 595 350 628 ‹
395 577 571 632 Chare
623 575 718 640 fili,
751 577 912 632 verba
959 590 1077 632 mea
1113 577 1402 648 vigilanter
1435 576 1640 645 accipe,
1671 573 1830 629 forti-

254 677 449 737 terque
488 667 772 723 cerebrosa
823 668 996 724 retine
1039 669 1300 724 memoria
1345 681 1511 723 :nam
1544 668 1828 739 magistros

246 760 416 813 credo
447 769 567 814 tuos
594 773 699 813 non
726 761 919 815 docere
943 759 1089 814 talia.

259 864 262 866 ‘
329 869 349 902 ‹
396 849 539 905 Duas
565 864 687 906 esse
715 851 1010 906 medicinas
1038 850 1329 908 Christiani
1369 850 1636 914 novimus,
1666 864 1825 904 unam

243 937 470 1006 quidem
495 938 559 992 de
591 939 838 1003 terrenis,
861 938 929 993 de
951 939 1200 1010 supernis
1227 939 1483 1005 alteram;
1513 954 1740 1009 quarum
1769 947 1829 994 ut

243 1027 495 1082 diversos
517 1037 690 1092 ortus,
712 1029 789 1084 sic
810 1039 864 1084 et
899 1029 1212 1086 efﬁcaciam.

324 1137 344 1170 ‹
381 1117 572 1176 Medici
605 1121 801 1175 terreni
831 1120 1044 1193 longam
1071 1136 1168 1192 per
1189 1123 1602 1192 experientiam,
1632 1138 1823 1178 surcu-

237 1207 423 1283 lorum
465 1209 768 1265 didicerunt
801 1211 965 1274 vires,
992 1212 1056 1278 ﬁet
1087 1211 1345 1266 similium
1374 1226 1494 1283 quae
1519 1220 1825 1282 permutant

238 1299 543 1370 qualitates
573 1298 930 1356 humanorum
962 1317 1272 1372 corporum.

319 1409 342 1444 ι
391 1390 579 1447 Nullus
599 1400 778 1448 tamen
813 1393 868 1448 in
910 1393 1157 1450 hac'arte
1180 1394 1260 1450 sic
1294 1394 1551 1464 probatus
1587 1394 1821 1459 exstitit,

233 1483 328 1537 cui
373 1497 477 1538 non
509 1491 692 1538 essent
715 1481 784 1538 ad
812 1484 1109 1539 curandum
1150 1484 1271 1540 alia:
1299 1483 1561 1551 difﬁciles,
1597 1483 1824 1555 aliazque

233 1574 557 1642 passionum
585 1590 807 1645 prorsus
837 1575 1189 1632 incurabilcs.

318 1683 339 1716 ι
388 1663 498 1722 Hoc
527 1675 755 1723 testatur
783 1666 870 1723 ille
892 1667 973 1722 vir
994 1666 1365 1736 Hippocrates,
1393 1667 1484 1738 qui
1511 1667 1613 1723 fuit
1633 1667 1736 1724 hoc
1755 1668 1822 1724 de

1930 479 2062 535 nihil
2093 493 2395 542 reservans,
2422 485 2617 547 praster
2645 485 2848 532 vestem
2871 476 3190 546 simplicem.

1999 571 2105 627 Sed
2133 586 2485 640 quaecumque
2509 569 2814 638 possidebat
2858 569 2991 625 dans
3019 568 3270 624 fomentis
3298 576 3502 638 paupe-

1929 678 2070 724 rum,
2104 663 2317 718 nescius
2363 659 2587 715 Romam
2620 659 2820 731 pergit,
2847 659 2960 730 jam
2998 659 3082 712 vir
3117 665 3362 724 exstans‘,
3393 657 3501 713 illic

1927 767 1980 810 et
2007 755 2352 827 conjungitur
2403 753 2688 826 Dionysio,
2718 753 2937 824 suisque
2969 753 3173 810 sanctis
3199 752 3502 808 consodali-

1928 847 2049 902 bus.
3171 860 3176 864 '

1997 936 2089 992 Sic
2133 937 2186 992 in
2213 946 2416 994 coetum
2443 946 2714 992 tantorum
2747 936 2989 992 virorum
3018 935 3199 991 lumen
3228 937 3370 1008 viget
3406 938 3502 992 ad-

1925 1029 2070 1083 ditus
2128 1029 2407 1102 Dionysio,
2451 1030 2537 1085 his
2580 1028 2836 1100 perfectis
2881 1029 3174 1099 praedicare
3225 1028 3502 1086 Christum

1925 1119 2070 1187 genti
2099 1119 2336 1176 Gallicae.

1999 1209 2303 1267 Tornacum
2329 1227 2516 1268 versus
2556 1211 2738 1268 Piatus
2775 1226 2836 1268 se
2866 1211 3066 1269 direxit
3100 1213 3351 1286 inclytus,
3377 1227 3504 1278 cum

1923 1299 2162 1356 Parisios
2191 1301 2294 1357 iret
2321 1301 2512 1358 beatus
2541 1303 2842 1374 Dionysius.

1995 1392 2245 1449 Tornaco
2271 1409 2402 1466 ergo
2431 1395 2777 1451 dill'undendo
2806 1394 2913 1452 late
2937 1395 3109 1452 sancti
3149 1396 3300 1451 verbi
3330 1395 3504 1475 scmiy-I

1924 1499 2016 1550 na,
2046 1483 2264 1540 Christo
2299 1485 2566 1540 convertit
2586 1485 2824 1540 virorum
2857 1494 2938 1540 ter
2964 1486 3099 1541 dena
3132 1485 3322 1541 millia.

1992 1574 2195 1630 Praeter
2217 1589 2434 1646 parvos,
2459 1584 2515 1632 et
2540 1577 2761 1633 secundi
2784 1591 2945 1634 sexus
2971 1577 3181 1633 turbam
3210 1569 3506 1633 maximam

1923 1663 2328 1732 Christicolum,
2374 1667 2624 1740 genuinis
2671 1667 2814 1723 inter
2851 1668 2965 1724 haec
3007 1683 3302 1724 coruscans
3331 1669 3501 1723 \'ll'lll--

233 1757 386 1813 cmlo
414 1758 733 1814 sublimatus
757 1759 838 1816 vir
881 1758 1250 1832 IEsculapins,
1284 1761 1482 1831 quibus
1507 1775 1666 1817 nemo
1692 1775 1822 1816 ven-
1851 1731 1896 1792 Β
1926 1765 2037 1812 tum
2066 1758 2360 1814 miraculis.

232 1850 430 1906 tilatur
458 1850 629 1920 major
656 1866 776 1907 esse
801 1853 1060 1908 medicus.

316 1963 338 1994 ι
379 1945 453 1998 At
495 1958 744 2013 supernae
788 1943 1070 2000 medicinae
1111 1943 1358 2000 Christus
1385 1951 1575 2000 auctor
1601 1943 1817 2011 emicat,

233 2035 337 2102 qui
386 2050 579 2090 curare
625 2033 738 2091 sola
781 2043 960 2106 potest
988 2036 1236 2107 jussione
1291 2036 1589 2103 morbidos,
1643 2044 1699 2091 et
1752 2035 1820 2091 ad

231 2127 413 2180 vitam
444 2125 510 2181 de
535 2125 783 2196 sepulcro
813 2141 1069 2182 revocare
1098 2136 1358 2183 mortuos.

315 2233 336 2265 ι
385 2212 487 2281 Qui
519 2214 741 2270 dederat
770 2230 915 2272 czeco
959 2225 1108 2283 nato,
1136 2225 1258 2287 post
1287 2224 1470 2272 creata
1499 2216 1722 2279 lumina,
1755 2229 1820 2271 ac

228 2307 302 2360 de
338 2307 522 2362 tumba
547 2307 659 2377 jam
687 2308 890 2364 fetente
913 2309 1210 2364 suscitatus
1231 2309 1490 2376 Lazarus,
1514 2317 1819 2378 ceteraque

231 2398 376 2452 mira
408 2409 580 2470 gesta,
605 2414 832 2471 quorum
867 2415 977 2455 non
1006 2407 1089 2456 est
1114 2415 1393 2456 numerus.

314 2508 334 2540 ι
382 2487 489 2544 Sed
519 2489 586 2545 de
609 2489 823 2546 Christo
843 2490 975 2560 quid
1001 2490 1237 2557 dicatur,
1265 2505 1389 2546 cum
1416 2505 1514 2546 nos
1543 2488 1659 2558 ejus
1697 2505 1816 2546 ser-

228 2579 344 2635 vuli
375 2581 515 2636 mira
550 2595 776 2651 quaeque
820 2582 1086 2637 faciamus
1133 2582 1190 2636 in
1234 2581 1402 2652 ipsius
1430 2581 1670 2646 nomine,
1721 2569 1836 2646 tibi:

227 2687 453 2742 Quoque
489 2688 596 2728 non
624 2675 872 2745 negando
898 2673 1014 2730 fore
1036 2689 1166 2730 sane
1188 2675 1522 2729 crederetur.
1833 2679 1836 2684 '

311 2779 330 2812 ι
381 2761 461 2816 Tu
506 2771 559 2818 te
586 2779 734 2834 ergo,
777 2764 940 2820 chare
981 2765 1074 2828 fili,
1108 2766 1384 2835 sapienter
1409 2763 1622 2835 collige,
1651 2779 1814 2835 argu-

231 2861 421 2906 menta
466 2853 766 2909 manifestis
807 2869 1028 2910 sumens
1069 2855 1138 2910 ab
1163 2855 1438 2926 Operibus,
1471 2857 1594 2924 quis
1629 2869 1813 2910 eorum

227 2945 305 2998 sit
335 2943 623 3001 habendus
650 2945 792 3002 Deus
813 2956 978 3017 atque
998 2948 1280 3003 Dominus.
1313 2968 1333 3000 ι

1995 1848 2298 1905 Edomabat
2320 1851 2586 1921 parcitate
2609 1851 2773 1906 duras
2798 1851 2940 1906 vires
2966 1853 3322 1922 corporis,ut,
3353 1850 3500 1905 fran-

1923 1941 2099 2011 gendo
2137 1939 2444 2007 roboratus,
2474 1940 2618 1998 hosti
2671 1955 2778 1997 non
2832 1942 3231 2009 succumberet,
3261 1954 3318 1998 et
3349 1941 3500 1997 illum

1922 2029 2137 2086 fortiter
2159 2031 2474 2088 debellaret.

1989 2121 2060 2176 At
2090 2122 2273 2179 Caesar
2297 2122 2678 2191 Maximianus,
2709 2131 2769 2180 ut
2794 2123 2935 2180 Piati
2982 2125 3165 2180 hausit
3190 2123 3392 2178 famam
3420 2124 3501 2178 vi-

1922 2213 2149 2270 rulentis
2176 2214 2417 2282 auribus,
2442 2216 2824 2288 comprehendi
2860 2215 3020 2286 jussit
3039 2231 3186 2285 eum,
3209 2217 3277 2272 ad
3301 2231 3498 2272 necan-

1921 2307 2048 2362 dum
2078 2309 2348 2378 protinus.

1991 2397 2170 2469 thue
2217 2399 2364 2456 fama
2408 2409 2522 2468 est,
2569 2401 2660 2458 ille
2703 2403 2938 2459 militare
2993 2412 3296 2475 promptus,
3333 2413 3497 2476 atque

1920 2489 2061 2544 vinci
2092 2490 2328 2557 nescius,
2355 2505 2526 2548 nexus
2560 2491 2710 2560 vicit,
2738 2491 2904 2564 ﬂagra
2930 2493 3061 2548 vicit
3086 2501 3140 2548 et
3178 2507 3367 2548 omnes
3395 2492 3496 2550 im-

1919 2593 2096 2652 petus.
3053 2591 3056 2594 ’

1988 2675 2299 2731 Decollatur
2327 2692 2562 2747 namque
2613 2679 2826 2734 tandem
2851 2678 2973 2733 laeto
3001 2688 3143 2734 ccetu
3172 2686 3492 2750 martyrum,

1918 2766 2151 2835 palmam
2181 2769 2350 2838 gessit
2377 2769 2648 2824 laureatas
2676 2771 2743 2824 ad
2771 2768 2894 2824 (τωιί
2925 2769 3206 2838 palatium.

1991 2856 2236 2926 Dumque
2271 2857 2424 2928 gleba
2453 2859 2777 2914 conderetur
2821 2859 3039 2928 gloriosi
3066 2873 3262 2929 corpus
3290 2869 3495 2930 marty-

1918 2945 2015 3012 ris,
2045 2946 2194 3003 fusus
2220 2949 2357 3004 odor
2379 2960 2463 3005 est
2485 2951 2702 3020 superni
2730 2951 2933 3005 circum
2975 2951 3123 3007 circa
3165 2953 3422 3009 nectaris.

297 3038 486 3108 Coepit
529 3048 708 3094 autem
763 3041 972 3096 ratione
1018 3040 1108 3095 tali
1158 3056 1293 3110 puer
1319 3039 1482 3105 allici,
1529 3047 1812 3109 postquam
1841 3072 1886 3134 Ο
1988 3037 2066 3094 Ne
2093 3039 2222 3110 quid
2261 3040 2490 3096 mundus
2521 3041 2794 3097 haesitaret
2823 3043 2889 3097 de
2917 3043 3091 3098 salute
3121 3045 3368 3113 spiritus,
3399 3060 3493 3101 cu-

227 3129 462 3200 singnlis
509 3129 700 3186 diebus
750 3133 1086 3187 sacerdotem
1135 3133 1332 3198 visere,
1375 3147 1440 3188 ac
1487 3131 1555 3187 de
1599 3131 1814 3187 Christo
1851 3129 1885 3134 '
1913 3130 2001 3202 jus
2023 3145 2151 3188 caro
2176 3141 2301 3188 tunc
2326 3133 2751 3204 probabathunc
2780 3149 3010 3206 regnare
3039 3136 3271 3192 coalitus.

233 3223 506 3278 sciscitari
538 3225 724 3291 multa,
752 3226 905 3296 plura
933 3227 1134 3282 dicere.

296 3313 546 3380 Quadam
573 3331 702 3386 ergo
733 3317 817 3371 die
846 3316 994 3371 solus
1034 3333 1062 3370 a
1095 3318 1356 3387 magistro
1400 3315 1638 3381 rediens,
1684 3316 1813 3370 dum

225 3403 295 3458 de
319 3404 410 3458 via
439 3403 751 3470 declinaret,
784 3406 1162 3478 interemptum
1193 3422 1440 3476 puerum,
1469 3415 1632 3477 atque
1653 3405 1814 3475 juxta

225 3495 368 3550 vidit
389 3497 505 3566 ejus
525 3508 919 3568 peremptorem
943 3498 1247 3554 colubrum.

298 3589 423 3656 Quo
445 3590 757 3659 spectaculo
782 3605 1070 3661 parumper
1097 3590 1446 3646 tremefactus
1471 3589 1811 3654 abstitit,sed

227 3695 398 3750 quam
444 3681 675 3751 primum
718 3683 1037 3752 resipiscens
1076 3682 1256 3737 vivide
1300 3680 1594 3749 referbuit,
1624 3684 1811 3752 sicque

228 3784 452 3838 precem
490 3771 600 3826 Deo
620 3774 1099 3843 vero-primitivam
1125 3771 1319 3827 obtulit
1345 3790 1358 3825 :

302 3877 324 3911 ι
364 3857 410 3914 0
430 3858 579 3926 Jesn,
603 3877 760 3930 quem
783 3877 942 3934 posse
970 3871 1162 3917 cuncta
1184 3861 1473 3918 Christiani
1500 3862 1806 3931 perhibent,

223 3950 268 4003 si
316 3949 548 4020 collegio
596 3961 808 4006 tuorum
864 3969 949 4008 me
997 3953 1239 4023 dignaris
1283 3954 1538 4024 jungerc,
1586 3962 1804 4024 praesta,

225 4056 439 4111 quzcso,
471 4043 612 4111 quod
635 4043 862 4098 fidenter
893 4045 1004 4115 jam
1033 4061 1298 4115 pnesumo
1326 4061 1568 4116 poscere.

301 4153 323 4185 ι
365 4133 566 4190 Precor
585 4150 733 4205 ergo,
765 4153 862 4206 per
881 4137 1135 4192 virtutem
1161 4139 1236 4192 tui
1259 4139 1440 4209 magni
1470 4139 1724 4204 nominis,
1750 4147 1806 4202 ut

220 4223 437 4278 revivat
464 4224 564 4278 iste
586 4241 739 4295 puer,
773 4237 960 4296 crepet
982 4227 1083 4283 iste
1107 4228 1354 4296 coluber;
1381 4229 1525 4299 quod
1557 4229 1804 4300 proberis

221 4329 352 4370 esse
388 4315 514 4370 vita:
541 4327 700 4386 atque
729 4319 917 4375 mortis
946 4319 1168 4374 arbiter.
1211 4338 1230 4371 ›

2663 3247 2750 3303 Ill.

2265 3374 2431 3415 PBOSA
2469 3373 2535 3413 DE
2572 3374 2903 3417 NA'I'IVITA'I'E
2943 3375 3152 3418 υοιιΜ.

1985 3468 2192 3525 Sonent
2235 3471 2348 3541 regi
2375 3481 2501 3526 nato
2531 3486 2664 3524 nova
2698 3473 2932 3537 cantica,
2957 3472 3110 3542 cujus
3167 3473 3329 3530 Pater
3363 3474 3489 3532 fecit

1912 3558 2116 3625 omnia,
2148 3568 2321 3614 mater
2344 3569 2428 3614 est
2457 3559 2619 3629 Virgo
2648 3561 3038 3617 sacratissima.

1983 3646 2262 3704 Cenerans
2299 3648 2472 3704 nescit
2517 3649 2606 3704 hic
2632 3648 2915 3708 feminam.
2950 3649 3040 3706 illa
3094 3659 3180 3707 est
3225 3651 3342 3708 sine
3371 3652 3488 3708 viro

1910 3740 2155 3809 gravida.

1987 3831 2217 3888 Verbum
2241 3833 2408 3890 corde
2435 3833 2612 3888 Patris
2639 3842 2877 3905 genitum
2906 3842 3034 3891 ante
3061 3835 3276 3894 saecula.

1978 3925 2114 3980 Alvo
2140 3926 2331 3981 matris
2351 3925 2529 3996 prodit
2556 3934 2902 3996 corporatum
2937 3937 3058 3998 post
3080 3936 3345 3998 tempora.

1979 4013 2024 4070 Ο
2051 4015 2185 4070 mira
2225 4016 2502 4086 genitura!
2535 4030 2568 4070 o
2616 4018 2880 4086 stupenda
2925 4018 3216 4074 nativitasl
3243 4033 3279 4072 ο
3307 4017 3489 4088 proles

1909 4103 2179 4176 gloriosa!

1980 4197 2280 4252 Humanata
2299 4196 2575 4262 divinitas,
2602 4197 2683 4253 sic
2715 4207 2766 4252 te
2787 4197 3122 4254 nasciturum
3143 4197 3339 4254 Filium
3366 4197 3486 4264 Dei,

1906 4296 2058 4342 vates
2089 4297 2178 4342 tuo
2204 4287 2347 4341 docti
2375 4288 2576 4357 Spiritu
2605 4287 2985 4358 praedixerant.

292 4409 378 4464 Ad
426 4410 566 4464 hanc
606 4376 812 4476 vocem,
873 4427 906 4466 o
951 4412 1114 4468 fides!
1160 4427 1192 4467 ο
1242 4413 1376 4467 mira
1415 4412 1507 4467 Dei
1553 4413 1796 4468 bonitas!
1830 4412 1881 4471 D
1979 4379 2144 4476 ἓίθιθ
2162 4380 2374 4476 9mm”
2399 4393 2468 4435 ex
2499 4376 2718 4450 Virgine
2754 4393 2932 4445 ἥρω’
2961 4393 3150 4449 pacem
3179 4378 3342 4437 terris
3383 4394 3483 4433 an-

223 4518 475 4561 mortuus
510 4509 744 4579 resurgit
786 4508 985 4572 infans,
1017 4509 1380 4579 et'chelydrus
1413 4510 1655 4575 finditur,
1688 4509 1805 4566 laus

221 4595 483 4664 pneclara
519 4597 586 4651 de
613 4597 794 4666 gentili
822 4613 917 4652 ore
950 4598 1058 4653 Deo
1097 4598 1358 4653 funditur.

300 4705 322 4738 ι
357 4687 437 4741 Te
486 4703 646 4753 nunc,
682 4689 874 4758 inquit,
917 4688 1192 4755 benedico,
1241 4689 1364 4745 Jesu
1409 4690 1801 4762 potentissime,

223 4790 333 4830 non
362 4787 414 4830 te
440 4777 604 4832 semel
634 4778 967 4844 benedicam,
1000 4780 1140 4834 Deus
1161 4790 1323 4850 atque
1349 4782 1605 4847 Domine;
1638 4790 1692 4836 tu
1725 4782 1802 4838 sis

219 4867 368 4920 omni
401 4867 716 4924 benedictus
744 4870 1062 4925 srccnlorum
1097 4884 1358 4941 tempore.
1399 4892 1418 4925 ι

292 4955 479 5010 Currit
510 4973 637 5028 ergo
663 4959 998 5016 laatabundus
1029 4962 1136 5015 tiro
1171 4961 1373 5016 Christi
1405 4963 1622 5028 nobilis,
1653 4973 1709 5018 et
1735 4965 1803 5018 ad

220 5044 391 5113 pedes
418 5045 689 5101 llermolai
713 5050 951 5118 procedit
981 5050 1303 5121 presbyteri,
1329 5050 1537 5107 instans
1564 5053 1667 5107 sibi
1695 5068 1802 5107 non

223 5137 426 5191 tardari
456 5140 596 5193 sacri
629 5138 830 5196 fontem
866 5141 1089 5196 lavacri.

635 5397 699 5435 υε
737 5398 940 5438 ελκετο
979 5399 1140 5438 ΡΙΔΤΟ
1177 5399 1401 5439 HYMNUS.

297 5494 351 5546 ln
379 5492 569 5548 tellure
593 5493 882 5552 Beneventi
918 5497 1080 5552 claris
1110 5508 1264 5553 ortus
1284 5498 1551 5569 patribus,
1578 5498 1802 5568 insignis

224 5589 426 5642 mundo
451 5588 656 5652 Piatus,
684 5591 855 5645 sacris
878 5591 1042 5647 fultus
1075 5593 1336 5658 moribus,

297 5680 412 5734 Mox
441 5697 575 5750 puer
599 5681 873 5738 Christum
913 5685 1188 5754 sequendo
1211 5684 1542 5740 admirandis
1569 5684 1798 5753 nisibus,

1907 4473 2011 4543 geli
2039 4472 2311 4526 nuntiant.
2819 4543 2828 4546 _

1978 4567 2258 4620 Elementa
2317 4564 2496 4619 vultus
2542 4563 2870 4628 exhilarant,
2923 4577 3116 4617 omnes
3156 4563 3328 4618 sancti
3379 4563 3486 4615 cla-

1906 4670 2118 4712 mantes
2137 4657 2390 4728 jubilant.

1979 4748 2142 4803 Salve
2165 4747 2469 4812 clamando,
2497 4761 2704 4817 nosque
2731 4744 2901 4810 salva,
2922 4743 3129 4812 Deitas,
3153 4744 3207 4799 in
3233 4744 3486 4816 personis

1907 4841 2049 4895 trina
2077 4840 2305 4911 simplex
2339 4839 2582 4895 exousia.

2369 5056 2581 5103 HYINUS
2611 5056 2676 5094 DE
2705 5055 3018 5096 TRINITATE.

1980 5133 2212 5188 Verbum
2271 5133 2365 5187 Dei
2424 5131 2791 5201 Spiritnmque
2840 5127 3028 5200 legifer
3058 5128 3111 5182 in
3138 5125 3354 5191 Genesi,
3386 5142 3481 5181 rex

1907 5227 2074 5280 David
2125 5225 2362 5280 secundo
2406 5223 2614 5294 psalmo
2668 5229 2788 5292 post
2838 5221 3103 5274 triccnutu
3157 5217 3371 5282 cecinit,
3402 5217 3484 5272 sic

1907 5325 2131 5386 uterque
2162 5317 2482 5370 Trinitatem
2514 5313 2738 5367 unitatis
2764 5311 3017 5379 prodidit.

1921 5402 1924 5404 ⁷
1976 5410 2226 5478 Sapiens,
2250 5424 2369 5463 cum
2403 5408 2644 5477 genitore
2665 5413 2854 5459 sancto
2874 5418 2991 5468 suo,
3021 5400 3297 5466 Salomon,
3323 5400 3482 5470 plane

1906 5499 2070 5554 verbo
2119 5499 2432 5560 declaravit,
2470 5511 2589 5551 esse
2617 5494 2727 5550 Deo
2754 5493 2971 5558 Filium,
3015 5493 3250 5548 Verbum
3273 5490 3482 5546 scilicet

1902 5604 2187 5656 aeternum,
2219 5591 2383 5646 corde
2410 5587 2525 5656 ejus
2559 5587 2817 5658 genitum.

1979 5681 2146 5752 Moysi
2197 5691 2253 5736 ct
2299 5679 2449 5735 Isaia:
2487 5678 2638 5734 testis
2691 5686 2774 5732 est
2835 5674 3311 5747 Psalmographns,
3354 5670 3481 5742 quia
