4018 6382
534 255 642 311 543

1523 256 1580 312 S.
1620 255 1962 312 FULBERTI
1992 257 2468 313 CARNOTEI‘SIS
2501 257 2798 311 EPISCUPI

3669 264 3779 322 3M

534 367 701 423 Filius
722 383 844 423 cum
868 368 1024 422 P’atre
1045 369 1185 422 Deus
1206 376 1290 424 est
1309 375 1362 424 et
1383 367 1662 434 Dominus,
1687 369 1758 424 nil
1779 371 1922 426 enim
1944 369 2105 424 Patre
2134 378 2182 434 Α
2213 371 2410 440 ingenii
2465 381 2667 424 lllOllltll
2723 383 2822 424 nec
2850 366 3041 424 levitas
3066 371 3390 440 praecipitem
3431 383 3638 443 ageret,
3673 392 3778 432 nec

535 459 643 514 Deo
669 459 906 530 gignitur
928 459 1038 514 nisi.
1057 457 1219 513 Deus.

605 550 778 605 Deum
803 549 1074 604 hominem
1106 549 1345 604 biturum
1386 564 1526 616 esse,
1559 551 1700 607 sicut
1723 551 1951 617 exstitit,
1983 558 2105 620 post

534 638 876 694 Psalmistam
933 639 1099 695 Isaias
1145 640 1350 710 liquido
1397 642 1720 712 perdocuit;
1776 641 2105 711 dispensatio

533 729 762 785 salutem
800 730 889 784 illa
918 729 1074 785 nobis
1107 729 1293 785 edidit.

603 821 864 890 Quodque
909 821 1056 876 Deus
1105 820 1413 875 nasciturus
1469 828 1611 876 esset
1656 829 1830 875 matre
1859 818 2104 890 Virgine,

534 911 677 966 idem
727 921 858 968 ante
913 911 1216 968 Gabrielem
1271 911 1460 980 jussus
1514 919 1598 966 est
1635 911 1954 980 praedicere;
1985 911 2104 966 talis

531 1016 696 1070 porro
725 1001 881 1055 decet
904 1008 1059 1056 ortus
1081 1012 1356 1055 auctorem
1387 985 1683 1055 munditiae.

604 1089 907 1160 Legislator
937 1090 1228 1159 Danielque
1258 1099 1583 1144 notaverunt
1610 1088 2105 1158 terminum,quan-

534 1179 602 1234 llo
625 1179 739 1233 Rex
761 1188 1018 1236 venturus
1037 1188 1178 1234 esset
1198 1186 1544 1248 exspectatus
1565 1177 1804 1242 gentium
1823 1194 1837 1230 :
1855 1177 1902 1232 is
1927 1176 2106 1248 negle—

534 1281 652 1325 ctus
674 1270 905 1340 perdidit
944 1271 1079 1325 tnale
1108 1269 1358 1342 populmn
1389 1268 1690 1325 Iudaicum.

605 1361 885 1418 Summum
914 1378 1091 1432 regem
1119 1360 1428 1417 adfuturum
1452 1377 1740 1432 pauperem
1762 1370 1816 1415 et
1848 1361 2105 1416 humilem

532 1453 772 1507 o’steudit
801 1454 1059 1524 propheta
1083 1454 1234 1523 quasi
1259 1453 1370 1521 jam
1395 1453 2101 1523 visibilem,corruitsnper-

532 1544 633 1599 bus
655 1545 824 1600 hostis
846 1557 972 1600 ante
1001 1545 1156 1615 cujus
1175 1543 1393 1600 faciem.

1290 1657 1354 1712 γ.

635 1767 688 1806 IN
717 1766 881 1808 FESTO
908 1768 1092 1808 SANCTI
1115 1767 1297 1807 «εϐιωι
1325 1766 1566 1815 ΔΒΒΑΤΙδ,
1591 1766 1658 1805 Δί)
1685 1764 2002 1806 IATUTINUII

1117 1837 1531 1878 ιΝνιτΑτοιιιωι.

601 1912 910 1967 Adoramus
959 1926 1141 1980 regem
1192 1913 1356 1968 totius
1386 1913 1644 1967 bonitatis
1692 1922 1988 1974 auctorem,
2013 1910 2104 1979 qui

533 2012 779 2058 sanctum
801 2002 1079 2074 Egidium
1106 2013 1332 2059 exornat
1361 2013 1414 2060 et
1453 2004 1641 2074 gratia:
1666 2004 1846 2067 donis,
1872 2013 1927 2057 ct
1945 2001 2109 2070 justi-

535 2093 621 2149 tia:
645 2094 903 2165 praemiis.

1277 2186 1362 2242 VI.
1401 2211 1404 2214 ~

795 2292 848 2330 IN
875 2292 1167 2333 IA‘I‘UTIMS
1187 2293 1446 2334 LAUDIBUS
1467 2293 1843 2334 RESPONSORIA.

605 2361 892 2440 Dominum
942 2383 1158 2438 semper
1210 2377 1265 2422 et
1293 2367 1492 2439 ubique
1530 2377 1864 2439 regnantem,
1897 2367 1948 2420 in
1981 2382 2108 2420 san-

533 2462 624 2508 cto
651 2469 748 2510 suo
775 2455 990 2524 {Egidio
1038 2458 1326 2513 miriﬁcum
1385 2459 1758 2527 prmdicetiitis.
1809 2456 2106 2512 Jubilemus

536 2543 643 2596 Deo
694 2545 1090 2617 gralulanﬂ'bus
1141 2547 1358 2610 animis,
1405 2547 1496 2616 qui
1529 2556 1814 2615 patronum
1861 2556 2102 2600 nostrum

533 2631 808 2702 Algidium
837 2635 1113 2690 decoravit
1139 2637 1312 2705 gratia
1337 2634 1662 2690 sanctitatis.
1703 2634 1865 2697 Dens,
1900 2643 1957 2688 ut
1990 2643 2107 2687 tau-

534 2721 654 2774 dem
693 2737 790 2774 nos
812 2722 1098 2792 vigilantes
1153 2723 1412 2786 invenias,
1443 2723 1594 2778 chari
1619 2724 1692 2776 tui
1716 2722 1918 2793 Aigidii
1952 2726 2107 2780 nobis

535 2811 726 2864 merita
751 2811 1130 2882 sum-agentur.
1179 2813 1500 2868 Benedictus
1535 2815 1603 2869 sit
1661 2813 1980 2870 universalis
2004 2817 2106 2871 Do-

536 2902 735 2966 minus,
768 2917 927 2971 quem
982 2903 1175 2958 beatus
1223 2904 1501 2959 uobiscum
1543 2906 2102 2977 benedicitASgidius.

534 2991 676 3046 Laus
701 2991 942 3060 jucunda
968 3004 1186 3050 resonet
1213 2995 1324 3049 Deo
1356 2997 1481 3051 vivo
1502 3004 1557 3051 et
1592 3011 1718 3051 vero
1742 2997 1792 3050 in
1819 2998 1994 3052 sancti
2020 2997 2102 3051 sui

534 3081 738 3151 Egidii
788 3085 1066 3140 miraculis
1117 3086 1354 3155 gloriosi.
1395 3088 1592 3142 Sancte
1631 3087 1913 3142 confessor
1941 3097 2107 3157 etpa-

536 3181 690 3228 trone
713 3185 896 3231 noster
918 3176 1121 3246 λΕείάῆ
1156 3193 1251 3247 per
1281 3178 1434 3247 cujus
1463 3180 1654 3234 merita
1682 3179 1964 3233 Dominum
1991 3179 2105 3248 glo-

537 3263 837 3328 rificamus,
861 3269 998 3336 apud
1029 3267 1176 3321 illum
1213 3284 1311 3338 pro
1343 3269 1498 3323 nobis
1531 3278 1581 3324 te
1629 3269 1966 3323 intercedere
1991 3282 2108 3323 sen-

539 3355 754 3407 tiamus.
805 3355 1181 3411 Benedicimus
1247 3369 1315 3421 te,
1368 3358 1792 3414 clementissime
1829 3358 1990 3423 Deus,
2016 3359 2108 3427 qui

537 3441 676 3495 diem
705 3442 900 3498 festum
932 3446 1076 3500 beati
1099 3445 1300 3518 Aigidii
1331 3448 1382 3502 in
1415 3449 1624 3503 laudem
1657 3458 1801 3502 tuam
1829 3449 1984 3502 nobis
2007 3464 2107 3502 ex-

537 3534 770 3600 pendere
832 3535 1092 3604 tribuisti,
1147 3547 1306 3607 teque
1357 3539 1670 3608 supplicitcr
1722 3555 2012 3594 exoramus
2049 3547 2110 3593 ut

539 3625 743 3680 sanctis
769 3627 892 3692 tuis,
925 3629 1122 3697 quibus
1152 3629 1981 3696 honoriﬁcentiamexhibemus,
2002 3630 2110 3684 vir-

541 3725 656 3771 tute
687 3732 751 3772 ac
779 3720 1003 3788 pranqu
1027 3721 1226 3775 sociari
1258 3736 1587 3775 mereamur.

1262 3810 1371 3864 VII.

916 3918 1082 3959 PROSA
1101 3919 1170 3958 IZ'I'
1193 3919 1312 3957 ΑωΑ
1343 3917 1717 3958 ΒεεΡοΝεοῑιιΑ.

613 3995 845 4050 Sanctus
873 3994 1121 4065 Egidius
1171 3995 1392 4050 natione
1437 3993 1659 4050 Graecus
1706 3995 1984 4064 praeclaris
2011 4010 2108 4064 pa-

544 4087 786 4141 rentibus
817 4087 1078 4157 originem
1116 4087 1288 4150 duxit,
1342 4102 1569 4157 corpore
1597 4086 1783 4140 valens
1803 4096 1857 4141 et
1883 4102 2008 4140 acer
2031 4087 2112 4141 in-

543 4176 721 4245 genio.
749 4175 1003 4232 Feliciter
1031 4176 1249 4230 adultus
1277 4186 1361 4231 est
1404 4192 1467 4232 ac
1499 4175 1812 4231 liberaliter
1845 4177 2108 4232 eruditus.

544 4266 598 4322 In
634 4282 812 4320 rerum
843 4282 1055 4337 quoque
1084 4267 1425 4336 possessione
1447 4283 1552 4322 non
1582 4268 1780 4332 tenuis,
1805 4267 1898 4322 sed
1927 4267 2114 4336 ingen-

2202 459 2408 515 desidia
2459 462 2695 528 tardum,
2746 460 2903 517 docto
2949 460 3110 515 docili
3163 475 3375 530 quoque
3401 479 3568 532 puero
3599 468 3777 535 gratia

2205 552 2299 608 Dei
2330 565 2440 606 non
2484 551 2682 618 defuit,
2732 552 2898 607 vitam
2933 551 3050 622 ejus
3073 553 3217 606 omni
3254 568 3462 607 morum
3488 555 3780 611 honestate

2205 642 2609 707 commendans.
2637 640 2754 695 .lam
2773 641 2994 711 jamque
3021 641 3150 696 foris
3178 642 3503 698 scintillahat
3532 645 3777 712 indiciis,

2112 791 2122 799 ,
2204 745 2461 786 succensa
2510 729 2654 784 velut
2675 729 2882 800 lampas
2910 730 3210 786 charitatis.
3239 732 3451 786 Vestem
3481 748 3627 803 aegro
3657 735 3779 790 cui-

2204 821 2325 875 dam
2348 820 2694 884 mendicanti,
2721 834 2824 888 qua
2851 835 2958 874 non
2971 819 3240 890 superflua
3265 822 3565 891 tegebatur,
3585 838 3779 893 qnam-

2204 911 2288 966 vis
2309 911 2484 965 adhuc
2534 911 2806 982 paedagogi
2859 912 3184 966 sententiam
3213 912 3311 967 sibi
3337 913 3777 969 aestimaretfor-

2205 998 2534 1064 midabilem,
2563 1001 2727 1054 dedit.
2758 1000 2962 1056 Prodiit
2988 1001 3258 1071 extemplo
3279 1004 3543 1073 quoddam
3567 1019 3778 1059 memo-

2205 1091 2374 1146 rabile
2394 1091 2636 1162 signum,
2660 1107 2766 1162 quo
2793 1092 2956 1146 Deum
2979 1091 3196 1163 Egidio
3217 1095 3491 1164 cooperari
3515 1111 3779 1166 comper-

2205 1190 2318 1236 tum
2346 1191 2450 1237 est.
2481 1182 2638 1248 Nam,
2688 1192 2746 1236 ut
2773 1199 2914 1262 trger
2941 1185 3118 1254 attigit
3146 1185 3378 1239 oblatam
3408 1187 3510 1241 sibi
3538 1197 3774 1253 vestem,

2205 1271 2363 1325 simul
2417 1274 2620 1342 recepit
2672 1274 2952 1343 pristinam
2984 1276 3286 1330 sanitatem.
3327 1275 3648 1332 Parentibus
3677 1295 3777 1330 an-

2207 1372 2312 1416 tem
2340 1363 2393 1417 in
2426 1379 2558 1434 pace
2586 1364 2876 1429 defunctis,
2899 1366 3209 1435 patrimonii
3233 1367 3314 1421 sui
3339 1367 3614 1421 Christum
3644 1367 3776 1422 fecit

2207 1451 2495 1520 lnercdem,
2519 1453 2750 1508 mirabili
2777 1455 2934 1509 modo
2956 1455 3302 1525 pauperando
3327 1455 3616 1520 ditescens,
3641 1457 3778 1510 dum

2207 1545 2582 1614 temporalium
2609 1546 2897 1616 impendiis
2925 1557 3128 1608 auerna
3151 1546 3407 1602 lucretur.
3432 1547 3501 1600 At
3532 1547 3622 1601 ubi
3647 1563 3776 1601 san-

2208 1635 2278 1690 cti
2312 1637 2411 1691 viri
2461 1638 2630 1692 virtus
2677 1653 2789 1707 prae
2822 1639 3190 1706 magnitudine
3217 1655 3310 1694 sua
3343 1639 3510 1694 latere
3548 1655 3654 1692 non
3678 1658 3776 1707 pn-

2135 1705 2180 1763 B
2211 1730 2331 1794 luit,
2361 1705 2699 1786 conﬂuebant
2729 1705 2967 1800 plurimi,
3007 1732 3247 1801 corporis
3277 1733 3575 1800 animaeque
3601 1705 3782 1783 bene—

2209 1820 2329 1873 licia
2359 1820 2707 1889 postulantes.
2741 1821 2850 1876 Nec
2875 1837 3024 1887 vero,
3055 1821 3144 1876 ubi
3165 1822 3319 1875 dator
3337 1820 3526 1874 hilaris
3555 1828 3610 1874 et
3629 1819 3780 1887 quod

2207 1910 2429 1964 daretur
2451 1911 2661 1965 abunde
2684 1928 2788 1966 non
2816 1913 3025 1978 aderat,
3055 1928 3152 1967 suo
3177 1927 3401 1966 munere
3431 1911 3776 1964 frustraban-

2209 2009 2311 2053 tur.
2363 1999 2604 2069 Cumque
2657 2001 2796 2055 mira
2843 2011 2994 2072 gesta
3042 2002 3256 2055 laudum
3285 1999 3551 2069 praeconia
3579 2012 3777 2068 seque-

2207 2100 2412 2156 rentur,
2451 2093 2582 2146 mari
2609 2094 2834 2168 transito
2857 2092 3090 2147 natalem
3115 2092 3376 2148 Grznciam
3409 2107 3502 2146 sua
3534 2106 3776 2160 praesen—

2209 2184 2278 2237 tia
2310 2184 2567 2246 viduavit,
2598 2185 2870 2239 incautum
2895 2200 3012 2240 esse
3032 2184 3281 2253 judicans
3313 2184 3446 2240 levis
3475 2185 3630 2238 fama:
3653 2200 3774 2253 pre-

2208 2275 2282 2327 tio
2305 2275 2612 2330 thesaurum
2646 2277 2796 2332 bona:
2817 2278 3164 2334 conscﬁnn‘ia:
3181 2277 3484 2338 venditare,
3519 2277 3571 2331 in
3603 2277 3779 2331 natali

2206 2379 2550 2432 permanens.
2600 2364 2843 2422 Mirabile
2870 2368 3084 2436 quidem
3119 2379 3198 2422 est
3227 2377 3426 2436 quanto
3469 2367 3523 2420 in
3554 2381 3619 2420 eo
3644 2381 3770 2420 suc-

2206 2455 2439 2508 ereverit
2470 2457 2815 2524 parcimonia:
2859 2459 3050 2522 virtus,
3079 2474 3200 2514 cum
3247 2459 3416 2512 multo
3441 2467 3677 2527 tempore
3703 2459 3778 2510 ab

2207 2545 2375 2612 ipsius
2410 2562 2623 2615 quoque
2654 2549 2811 2618 panis
2853 2548 3148 2603 abstineret
3199 2548 3397 2602 edulio.
3435 2547 3585 2602 Unde
3616 2547 3778 2600 facile

2205 2645 2353 2705 patet
2383 2652 2504 2691 eum
2539 2653 2638 2694 nec
2683 2637 3038 2708 pulmentaria
3067 2655 3166 2694 nec
3203 2638 3455 2708 quaelibet
3485 2638 3622 2709 gul-.e
3651 2639 3776 2692 irri-

2209 2737 2442 2784 tamenta
2469 2740 2794 2800 qumrentetn
2826 2731 2892 2785 ad
2920 2747 3147 2802 superna
3172 2730 3413 2784 evolasse
3445 2748 3606 2799 regna

2926 2843 3055 2899 \‘lll.

2636 2949 2799 2991 PROSL
2828 2951 2894 2990 DE
2921 2949 3043 2989 υινο
3077 2949 3333 2989 ΙΙᾹΙΤΙΝΟ.

2278 3026 2424 3082 Inter
2462 3026 2654 3082 Patres
2710 3028 3042 3083 monachalis
3091 3027 3173 3082 vel
3223 3027 3490 3082 clericalis
3541 3025 3773 3090 ordinis,

2209 3119 2426 3172 virtutis
2450 3120 2766 3175 excellentia
2812 3121 3075 3176 Martinus
3101 3121 3374 3175 notabilis.
3409 3120 3520 3173 Non
3549 3121 3782 3188 quilibet

2209 3210 2273 3263 tle
2303 3209 2568 3278 pluribus,
2598 3210 2690 3263 sed
2729 3210 2817 3265 ille
2847 3210 3144 3265 solitarius.
3173 3209 3354 3264 Primo
3382 3210 3577 3263 deinde
3603 3208 3775 3262 Turo-

2209 3298 2344 3353 nica:
2368 3299 2561 3367 praesul
2594 3311 2855 3368 paterque
2890 3301 3094 3370 patrim.
3124 3300 3332 3354 Diserta
3357 3314 3514 3368 quem
3543 3297 3778 3366 pruden-

2210 3389 2304 3452 tia,
2349 3388 2609 3459 fortisque
2646 3390 3022 3458 temperantia,
3072 3390 3200 3459 quin
3232 3389 3484 3443 universa
3513 3388 3782 3441 sanctitas

2208 3481 2440 3542 ornavit,
2471 3481 2572 3534 hoc
2599 3487 2704 3544 est,
2731 3481 2992 3535 charitas.
3041 3481 3088 3533 ls
3115 3480 3334 3548 pauperi
3369 3494 3533 3547 quam
3557 3477 3776 3540 dividit,

2209 3582 2268 3622 se
2297 3576 2446 3622 veste
2488 3567 2738 3623 Christus
2783 3568 2977 3632 induit,
3017 3570 3153 3623 dans
3208 3568 3358 3638 signa
3395 3575 3558 3620 tantte
3586 3564 3774 3633 gratiae

2211 3657 2438 3712 necdum
2485 3669 2680 3712 renato
2733 3673 2977 3713 cernere.
3021 3657 3143 3712 Mox
3196 3656 3345 3712 fonte
3395 3655 3518 3711 coeli
3559 3653 3778 3708 roscido

2209 3755 2399 3801 sancto
2434 3745 2670 3816 repletus
2700 3746 2928 3815 Spiritu,
2968 3747 3198 3817 divoque
3250 3745 3418 3801 fretus
3443 3745 3685 3808 numine,
3719 3751 3776 3798 et

2210 3845 2268 3890 ut
2296 3845 2484 3905 potens
2512 3837 2823 3906 Apostolus,
2859 3837 3101 3891 conl'utat
3142 3847 3291 3890 ortas
3334 3835 3590 3896 hmreses,
3615 3831 3770 3900 jussu

2212 3925 2420 3996 repellit
2446 3927 2739 3990 daemones,
2765 3927 3008 3980 medetur
3035 3926 3196 3996 lepra:
3217 3923 3427 3989 osculo,
3459 3931 3516 3977 et
3541 3921 3771 3976 mortuis

2211 4017 2478 4087 precario.
2538 4015 2674 4083 Quid
2725 4017 2848 4086 igne
2877 4026 3030 4085 rapto
3058 4015 3291 4080 caelitus,
3350 4027 3624 4068 cremasse
3650 4009 3774 4064 fana

2211 4108 2478 4174 funditus,
2498 4122 2800 4178 gravesque
2821 4106 2987 4162 moles
3020 4121 3116 4175 per
3154 4105 3339 4169 fidem,
3371 4105 3514 4158 hunc
3546 4111 3776 4156 transtu‘

2214 4199 2342 4254 lisse
2364 4200 2652 4269 praedicem
2683 4199 2708 4252 ‘i
2736 4198 2958 4254 Dedisse
3014 4197 3173 4252 C(EClS
3199 4196 3395 4259 sidera,
3422 4195 3627 4248 sentire
3655 4208 3772 4247 sur-

2213 4290 2296 4345 dis
2321 4306 2546 4360 organa,
2597 4290 2870 4358 mutisque
2912 4287 3352 4358 przecinentibus,
3379 4295 3594 4354 aptasse
3621 4283 3771 4338 clau-

545 4369 655 4414 tcm
697 4359 905 4428 copiam
947 4359 1171 4429 provida
1229 4358 1451 4429 largitas
1504 4359 1765 4430 erogavit.
1808 4358 1942 4412 Iliuc
1971 4358 2112 4412 inter
2137 4369 2190 4430 ι)
2216 4381 2312 4436 dos
2345 4358 2570 4434 sinibus
2613 4379 2637 4432 1;
2673 4378 2817 4446 Quot
2853 4379 3079 4448 gessem
3135 4375 3436 4446 huiusmodi
3484 4373 3772 4428 miraculo.

539 4462 796 4518 prospera
821 4448 1098 4518 voluptate
1123 4465 1230 4503 non
1253 4459 1336 4504 est
1360 4449 1656 4516 resolutus,
1678 4465 1778 4505 nec
1805 4450 1944 4505 inter
1957 4463 2111 4518 aspe-

540 4553 598 4590 ra
629 4554 658 4592 a
694 4537 905 4592 diabolo
931 4547 1014 4593 est
1038 4549 1342 4608 superatus.
1369 4538 1638 4603 Inediam,
1700 4539 1869 4602 sitim,
1902 4538 2114 4607 algores

539 4641 596 4682 et
618 4629 846 4698 vigilias,
901 4645 1000 4699 pro
1031 4629 1234 4685 Christi
1290 4645 1475 4683 amore
1502 4629 1724 4683 delicias
1745 4626 2110 4696 computabat.

539 4718 778 4774 Allectus
801 4720 1031 4788 injuriis,
1066 4728 1120 4776 et
1156 4721 1396 4790 graviter
1427 4720 1722 4783 sauciatus,
1749 4716 2112 4786 allligentihus

539 4824 598 4867 se
644 4809 1036 4879 deprecabatur
1067 4810 1300 4864 veniam.
1351 4810 1640 4875 Credebat,
1672 4807 1814 4876 quod
1843 4805 2112 4861 didicerat

538 4917 569 4956 a
601 4917 731 4955 vero
754 4902 1034 4972 magistro,
1075 4901 1127 4956 in
1157 4901 1416 4971 patientia
1460 4903 1671 4956 tandem
1699 4901 1906 4954 animas
1934 4897 2109 4967 possi-

540 4992 674 5046 deri.
719 4991 926 5046 Virtute
955 4993 1137 5061 itaque
1161 5002 1350 5048 vectus
1400 4993 1466 5047 ad
1491 4993 1762 5056 sublimia,
1791 4989 2111 5045 sacerdotali

540 5082 737 5139 meruit
761 5081 925 5142 infula
977 5085 1245 5139 decorari.
1282 5083 1527 5140 Obtiuuit
1557 5085 1700 5138 enim
1732 5084 1858 5136 illud
1895 5083 2110 5151 sapien-

545 5171 633 5233 tis.
663 5173 806 5240 quod
831 5173 881 5225 in
916 5181 1156 5244 tempore
1179 5174 1273 5228 ira:
1301 5173 1475 5227 factus
1510 5181 1591 5227 est
1623 5148 2048 5266 reconciliatio/

614 5259 812 5314 Fidelis
838 5260 1038 5316 Christi
1086 5261 1365 5316 confessor
1393 5259 1663 5330 Aigidius,
1689 5275 1887 5329 genere
1909 5259 2109 5323 clarus,

541 5352 634 5404 sed
672 5351 918 5415 scientia,
945 5353 1142 5408 virtute
1168 5360 1223 5406 et
1259 5366 1422 5421 opere
1456 5350 1610 5422 longe
1658 5351 1858 5406 clarior
1878 5350 2104 5405 exstitit.

543 5443 760 5513 Legitur
788 5446 1004 5516 quidem
1038 5445 1182 5513 regia
1225 5444 1394 5524 stirpe
1424 5443 1586 5498 fuisse
1627 5445 1954 5515 progenitus.
2006 5442 2112 5497 Sed

544 5536 632 5594 hic
677 5553 792 5592 aevo
825 5529 995 5601 tener,
1053 5538 1118 5590 ad
1168 5536 1404 5591 liberalia
1463 5539 1764 5594 rudimenta
1797 5537 2109 5607 dispositus,

545 5625 795 5683 doctores
852 5642 1090 5682 summos
1118 5627 1263 5681 brevi
1302 5628 1671 5697 mquiparavit.
1712 5628 1846 5683 Dum
1876 5627 2109 5697 potentis

2213 4485 2333 4524 rum
2388 4469 2573 4535 millia,
2631 4467 2938 4540 fugitligari
2960 4467 3186 4532 calculo,
3216 4467 3362 4521 velut
3389 4464 3614 4520 saburra
3644 4478 3773 4534 pou-

2213 4561 2338 4616 tica.

2950 4649 3039 4705 IX.

2687 4758 2754 4800 DE
2779 4757 2980 4798 SANCTO
3003 4755 3304 4796 ιΔηειιτο.

2283 4854 2470 4925 Magna
2496 4871 2596 4908 vox
2625 4854 2783 4909 laude
2811 4869 3005 4909 sonora
3047 4863 3099 4908 te
3127 4853 3280 4907 decet
3319 4865 3414 4920 per
3441 4850 3649 4912 omnia,
3676 4863 3784 4917 quo

2211 4947 2318 5017 poli
2375 4949 2572 5001 eborea
2623 4955 2780 5001 aucta
2829 4945 2925 5000 tali
2971 4960 3246 5014 compare,
3296 4952 3444 4997 terra
3490 4941 3778 5010 plauditet

2214 5037 2437 5092 resultat
2459 5036 2616 5104 digna
2639 5045 2787 5091 tanto
2809 5035 3056 5105 prmsule.
3081 5034 3124 5091 0
3152 5049 3308 5100 είιεθτ,
3332 5033 3618 5088 Lamberte
3644 5047 3781 5086 mar-

2215 5137 2320 5197 tyr,
2343 5136 2467 5181 vota
2499 5135 2685 5182 nostra
2716 5126 2953 5196 suscipe.

2957 5237 3026 5290 Χ.

2849 5345 2950 5384 PRO
2988 5343 3142 5383 REGE.

2283 5441 2489 5513 Regum
2514 5443 2764 5512 princeps
2792 5451 2954 5511 atque
2984 5441 3176 5505 virtus,
3221 5439 3374 5509 cujus
3428 5447 3560 5490 nutu
3599 5435 3778 5490 mundi

2213 5535 2406 5591 cmlum
2433 5545 2609 5606 gyrat,
2633 5544 2773 5589 terra
2799 5543 3019 5604 perstat,
3049 5534 3403 5602 disponuntur
3418 5529 3608 5583 smcula
3629 5543 3642 5581 :
3662 5526 3769 5596 regi

2214 5626 2449 5684 Roberto
2476 5637 2602 5682 nato
2633 5629 2798 5695 stirpe
2831 5625 3186 5689 nobilissima,
3215 5625 3291 5678 sic
3319 5623 3539 5678 domare
3569 5620 3664 5676 des
3688 5635 3768 5675 δυ-
