3918 5326
130 246 213 304 με
1041 229 1254 287 ΙίῖΜΝΙ
1313 236 1405 291 ET
1445 237 1617 292 cana

1735 248 1752 291 t
1784 237 2338 295 ECCLESIASTICA.
3236 243 3347 302 546

130 361 294 432 perbos
323 365 376 411 et
418 353 677 423 subjectis
702 367 947 422 parcere,
987 362 1046 406 ut
1077 353 1164 407 hic
1198 367 1430 422 regnans
1459 352 1662 422 glorio-
1689 356 1739 415 Α
1767 352 1876 407 Aut
1901 355 2034 409 bene
2057 353 2389 424 complacita:
2412 365 2602 426 captus
2623 356 2836 413 virtutis
2862 373 3065 415 amore.

128 468 200 508 sus
231 448 484 521 quondam
510 445 655 500 vivat
680 447 734 499 in
765 444 988 499 aathere.
1768 443 1871 510 Qui
1901 455 2147 513 spectare
2180 445 2306 500 licet
2338 446 2498 501 ﬁnem
2529 449 2817 504 videantur
2843 451 2910 506 ad
2943 467 3129 521 unum,

828 533 920 589 XI.
1768 536 1837 591 Ut
1871 537 2056 590 vilium
2085 537 2280 602 vitent,
2309 538 2453 593 velut
2483 541 2702 595 exitiale
2731 556 3029 608 venenum;

611 643 676 683 DE
706 642 878 682 usus
909 641 1143 682 visume.
1765 625 1822 678 In
1853 625 2083 694 paritate
2125 635 2302 680 tamen
2329 628 2506 682 meriti
2535 629 2822 683 discretius
2851 631 3079 696 absunt;

123 725 274 781 Solem
291 722 511 791 justitia:
532 719 734 790 Regem
757 719 1004 789 paritura
1036 731 1373 788 supremum,
1768 714 1918 770 Unde
1939 729 2037 768 nec
2068 715 2232 770 unita-
2258 717 2476 772 veniunt
2506 719 2574 772 ad
2611 720 2830 788 praemia
2853 719 3062 782 palnue.

122 815 258 870 Stella
285 811 454 867 Maria
481 811 646 865 maris
675 809 833 864 hodie
869 809 1134 878 processit
1156 809 1222 862 ad
1259 817 1477 862 ortum:
1515 856 1520 861 .
1760 803 1975 861 Primus
1999 808 2142 862 enim
2165 808 2385 874 coleret,
2410 809 2627 878 genium
2653 811 2699 864 si
2720 819 2899 880 posset
2930 811 3128 876 inulte;

119 910 321 962 Cernere
351 904 593 958 divinum
626 902 806 957 lumen
840 902 1070 971 gaudete
1102 899 1306 954 lldeles.
1765 900 1867 954 Sed
1898 901 2245 956 vehementer
2264 903 2340 956 ait
2367 919 2380 955 :
2411 902 2650 957 Zelantis
2679 902 2946 958 abhorreo
2974 903 3177 958 vultum

795 993 951 1064 Resp.
1022 1042 1055 1068 ,
1759 988 1982 1057 Judicis,
2011 1004 2064 1046 ct
2089 993 2220 1047 dirae
2251 992 2483 1053 ﬂammis
2503 996 2691 1050 ardere
2721 996 2998 1065 gehenme.

115 1091 265 1158 Stirps
284 1088 436 1143 Jesse
465 1089 671 1158 virgam
709 1086 986 1156 produxit,
1019 1085 1276 1154 virgaque
1300 1081 1489 1138 liorem
1759 1081 1914 1136 Anne
1942 1083 2205 1138 secundus
2236 1085 2376 1139 idem
2409 1084 2594 1145 faciat.
2621 1087 2664 1139 si
2702 1086 2920 1156 praemia
2949 1085 3170 1142 desint?

112 1183 165 1236 Et
183 1196 334 1251 super
359 1180 504 1234 hunc
532 1177 718 1232 ﬂorem
747 1176 1042 1246 requiescit
1065 1175 1301 1245 Spiritus
1340 1174 1547 1240 almus;
1579 1201 1581 1204 ‹
1762 1169 1868 1226 Sed
1894 1173 2035 1243 vigili
2070 1175 2275 1228 ratione
2295 1191 2457 1246 sagax
2479 1177 2602 1232 dum
2624 1176 2816 1246 gaudia
2845 1187 3036 1240 pensat

110 1272 249 1344 Virgo
269 1271 360 1326 Dei
384 1271 621 1342 genitrix
649 1269 798 1340 virga
827 1277 932 1332 est,
969 1267 1067 1323 llos
1105 1267 1245 1322 (ilius
1264 1265 1383 1334 ejus
1765 1258 1924 1325 Vera,
1964 1263 2290 1333 voluptatem
2317 1274 2471 1319 caute
2498 1268 2772 1336 postponit
2804 1267 3057 1331 inertem,

797 1357 955 1427 Βεερ,
1761 1351 1977 1406 Tertius
2002 1353 2227 1422 ingenue
2257 1353 2429 1410 bonus
2453 1358 2776 1429 egregieque
2801 1359 3032 1414 decorus

108 1451 173 1505 Ad
195 1459 372 1505 nutum
397 1450 612 1506 Domini
641 1459 884 1505 nostrum
913 1448 1135 1503 ditantis
1158 1448 1440 1515 honorem,
1533 1447 1536 1450 ’

1761 1438 1836 1493 Te
1867 1444 2280 1512 contemplatur,
2315 1454 2366 1499 te
2397 1446 2593 1516 diligit,
2619 1463 2782 1502 aurea
2816 1449 3028 1504 virtus:

111 1541 238 1594 Sicut
262 1541 410 1610 spina
439 1555 640 1604 rosam,
664 1539 849 1610 genuit
869 1536 1050 1592 Judasa
1083 1537 1323 1601 Mariam,
1557 1523 1559 1526 1
1761 1531 1907 1586 Malit
1939 1551 2131 1603 nempe
2169 1537 2326 1601 mori,
2349 1551 2515 1606 quam
2546 1540 2732 1594 vivens
2757 1551 2806 1595 te
2829 1541 3060 1595 viduari.

112 1632 358 1689 Utvitium
381 1632 557 1687 virtus
592 1632 846 1702 Operiret,
878 1631 1049 1699 gratia
1085 1631 1319 1700 cuipam.
1689 1697 1726 1702 _
1762 1625 1899 1680 Sunt
1929 1629 2092 1694 igitur
2124 1629 2334 1698 species
2357 1645 2424 1684 ex
2452 1629 2643 1686 aﬂ‘ectu
2678 1633 2956 1688 venientes

814 1697 925 1776 Xll.
1177 1697 1191 1700 ⁷
1689 1697 1732 1756 Β
1763 1719 1838 1773 De
1858 1719 2050 1787 quibus
2082 1697 2366 1790 eﬂ‘ngiant,
2396 1731 2454 1774 ut
2480 1720 2548 1774 ab
2575 1723 2764 1777 ordine
2794 1724 3062 1792 discrepet
3090 1725 3245 1780 ordo.

599 1828 666 1867 ne
703 1828 906 1868 sucu
943 1829 1133 1868 cnucs.
1760 1806 1894 1861 Nam
1928 1811 2048 1878 quis
2072 1811 2304 1865 sollicito
2332 1812 2536 1865 dubitet
2564 1813 2818 1881 pra:ferre
2841 1816 3020 1870 timori

114 1905 340 1960 Vexillum
365 1905 510 1975 regis
537 1904 844 1959 venerabile
881 1914 1074 1958 cuncta
1104 1903 1364 1973 regentis,
1760 1897 2020 1952 Securum
2047 1901 2159 1969 spei
2187 1902 2467 1971 requiem?
2495 1906 2589 1956 sed
2622 1903 2734 1970 ipse
2761 1905 3020 1960 decenter

112 1998 275 2051 Ocrux
300 2004 512 2059 sancta,
543 1994 752 2049 micans
774 2010 937 2064 super
969 1995 1150 2048 omnia
1177 1995 1353 2048 sidera
1381 1992 1524 2058 cceli,
1764 1987 1824 2046 Ut
1855 1991 2182 2060 praecelleuti
2207 2006 2467 2046 venerans
2494 1995 2727 2064 assurgit
2750 1997 2946 2050 amori.

112 2085 350 2142 Mortifera
381 2085 548 2156 laps’is
577 2096 760 2156 gustu,
795 2101 915 2156 qua:
950 2085 1062 2139 sola
1094 2093 1341 2155 reportas
1759 2080 1966 2135 Interea
1994 2081 2159 2135 Pater
2183 2082 2420 2150 optimus
2455 2083 2590 2147 luce,
2620 2084 2927 2152 Speculatus
2957 2086 3025 2140 ab
3055 2086 3165 2141 alto

112 2178 386 2231 Antidotum
416 2177 567 2242 vitae,
598 2176 832 2231 fructum
867 2191 1123 2244 suspensa
1145 2189 1460 2245 perennem,
1756 2173 1920 2242 Cujus
1955 2171 2146 2241 judicii
2177 2174 2310 2228 nihil
2343 2184 2427 2228 est
2451 2175 2591 2244 quod
2625 2175 2772 2228 fallat
2801 2194 3029 2232 acumen
3058 2197 3070 2231 :

115 2261 173 2318 Te
195 2265 316 2331 colo,
345 2273 397 2320 te
428 2267 605 2320 lateor
623 2281 913 2329 venerans,
945 2274 996 2319 te
1023 2280 1225 2335 pronus
1249 2264 1436 2318 adoro.
1755 2261 1846 2316 Ille
1877 2262 2068 2331 inquit,
2102 2279 2256 2318 meus
2285 2272 2390 2328 est,
2423 2265 2744 2320 vernaculus
2766 2266 2866 2321 iste
2901 2268 3134 2324 satelles.

113 2353 343 2417 Christus,
366 2354 708 2424 principium,
735 2355 881 2418 linis,
904 2355 1186 2417 surrectio,
1210 2354 1344 2416 vita,
1561 2379 1568 2384 ι
1756 2349 1882 2404 "me
1913 2366 2032 2404 mea
2057 2349 2374 2417 conformis,
2407 2369 2523 2405 mea
2559 2340 2910 2409 dilectisvsima
2942 2357 3140 2425 proles.

113 2443 300 2509 merces,
328 2446 440 2508 ιιιχ,
473 2446 706 2514 requies,
737 2455 1045 2500 sanctorum
1087 2447 1245 2509 dom,
1267 2460 1491 2511 corona,
1755 2439 1906 2493 Tunc
1934 2440 2101 2492 variis
2136 2440 2341 2493 meritis
2363 2441 2616 2494 distantia
2649 2445 2866 2513 prmmia
2895 2444 3122 2510 librans,

111 2532 195 2588 Pro
223 2536 387 2590 servis
415 2535 676 2589 Dominus
698 2535 1027 2590 redimendis
1054 2535 1228 2589 hostia
1271 2533 1462 2596 factus,
1753 2528 1944 2600 Magna
1975 2531 2194 2599 quidem
2229 2531 2405 2601 primo
2439 2533 2644 2593 tribuit.
2671 2535 2872 2604 majora
2897 2520 3152 2605 sﬂuitdo,
3183 2544 3186 2546 ⁷

111 2625 155 2679 lu
182 2636 223 2680 te
246 2627 570 2698 suspendens
598 2624 716 2698 [pro
741 2624 1079 2697 suspensus],
1114 2641 1210 2696 per
1236 2625 1438 2694 lignum
1477 2633 1651 2678 toxuca
1752 2621 1809 2675 ln
1841 2621 1958 2675 solo
1989 2632 2158 2676 totum
2187 2621 2397 2677 confert
2422 2625 2712 2694 probitatis
2739 2630 2935 2683 amico.

1429 2715 1581 2787 tlisui
2466 2735 2603 2792 XlV.

109 2808 347 2879 Purgavit,
376 2808 574 2864 clausae
602 2809 892 2864 reserando
921 2809 1107 2863 limina
1147 2810 1292 2863 vitm.
2213 2842 2279 2881 ne
2316 2842 2495 2882 eum
2528 2844 2594 2882 ne
2634 2846 2878 2887 BREVIUS.
2920 2816 2922 2818 V

110 2898 263 2955 Tantm
290 2916 411 2970 pars
439 2915 537 2970 ego
568 2915 687 2954 sum
718 2899 1003 2962 libertatis,
1029 2901 1166 2953 bone
1193 2899 1410 2962 Pastor;

111 2989 214 3056 Sed,
232 2993 360 3045 mala
388 3007 603 3061 semper
617 3008 796 3062 agens,
821 3008 1092 3062 nunquam
1117 2992 1210 3046 tibi
1236 2992 1389 3061 digna
1411 2991 1647 3060 rependi.

111 3077 227 3134 lleu!
258 3082 377 3136 mibi
399 3081 511 3148 jam
534 3082 730 3136 bibula:
766 3098 1045 3135 numerum
1080 3083 1410 3136 transcendit
1437 3097 1613 3136 arena:

113 3170 300 3224 Sarcina
327 3173 637 3235 multorum,
663 3172 792 3226 mihi
813 3188 934 3242 qua:
955 3188 1194 3236 crevere,
1225 3172 1502 3225 malorum.

114 3256 196 3312 Sed
211 3261 324 3329 quia
350 3261 626 3330 peccantis
650 3262 831 3328 potius
858 3262 994 3324 bona
1019 3276 1178 3329 quam
1208 3261 1344 3313 mala
1373 3261 1592 3330 qua-ris,

111 3347 306 3418 Plusque
335 3351 426 3405 tibi
450 3361 643 3420 peccat
669 3366 816 3421 spem
850 3353 940 3422 qui
973 3354 1248 3420 peccando
1283 3353 1556 3423 relinquit,

109 3439 174 3492 Ad
201 3450 246 3493 te
267 3441 533 3512 confugio,
563 3442 658 3496 tibi
683 3443 922 3512 supplico
945 3443 1344 3512 confiteorque;

111 3527 265 3595 Parce,
289 3547 496 3600 precor,
523 3533 783 3587 miserere
809 3533 933 3596 mei,
964 3532 1222 3588 miserere
1245 3549 1505 3599 meorum,

112 3622 319 3680 Deluneti
346 3627 436 3696 qui
459 3635 608 3690 sunt,
642 3636 694 3680 el
727 3629 779 3680 in
811 3627 913 3681 hac
946 3626 1036 3695 qui
1078 3627 1215 3690 luce,
1249 3637 1530 3696 parentum
1562 3641 1576 3680 :

111 3712 190 3779 Qui
209 3715 334 3770 bona
357 3716 623 3781 fecerunt,
654 3717 737 3770 bis
772 3731 868 3786 per
896 3725 946 3770 te
973 3717 1221 3785 centnpla
1253 3717 1434 3777 redde,

109 3804 206 3870 Qui,
233 3808 360 3862 mala
387 3819 713 3863 convertens
735 3808 1065 3877 peccamina,
1094 3817 1284 3861 cuneta
1327 3807 1576 3873 remittis,

108 3893 274 3952 Omnes
307 3899 406 3953 hoc
433 3899 592 3968 signo
625 3898 717 3966 qui
750 3907 801 3953 te
830 3908 1156 3953 venerantur
1189 3908 1242 3952 et
1273 3906 1433 3953 erant

107 3985 275 4058 Dirige,
303 3999 568 4054 sustenta,
603 3989 831 4052 custodi,
859 3997 1102 4057 protege,
1133 3988 1302 4052 salva,

1751 2933 1886 2990 Tres
1909 2950 2083 2991 causa:
2107 2935 2314 2992 l‘aciunt
2339 2937 2584 2993 homines
2615 2952 2836 3008 peccata
2863 2959 3056 3000 cavere
3081 2963 3097 3000 :

1677 3029 1723 3091 C
1757 3025 1964 3081 llorror
1983 3028 2253 3097 supplicii,
2284 3044 2407 3097 spes
2433 3031 2648 3093 mercis,
2681 3047 2837 3088 amor
2862 3036 3167 3103 probitatis.

1752 3117 1880 3183 Quae
1901 3120 2147 3186 quamvis
2172 3118 2331 3172 ﬁnem
2365 3120 2648 3174 videantur
2676 3124 2896 3179 tendere
2925 3127 2990 3180 ad
3021 3143 3205 3192 unum,

1752 3207 1971 3263 Scilicet
1997 3220 2052 3262 nt
2075 3211 2205 3264 vitio
2236 3220 2477 3276 careant,
2505 3213 2706 3267 distant
2739 3223 2914 3270 tamen
2941 3217 3059 3282 hoc,
3093 3221 3236 3288 quod
3293 3265 3300 3273 .

1752 3300 2007 3354 Servnlus
2033 3309 2088 3355 et
2113 3301 2266 3355 miles
2294 3317 2386 3355 seu
2415 3302 2558 3372 regis
2589 3302 2765 3370 lilius;
2799 3307 2948 3374 atqui

1750 3390 2079 3459 Principium
2114 3391 2355 3455 timidus,
2385 3393 2610 3461 cupidus
2640 3394 2804 3448 habet
2831 3395 3223 3453 incrementum
3243 3439 3261 3464 ,

1752 3479 1978 3533 Virtutis
2005 3489 2168 3533 totam
2198 3495 2462 3532 summam
2489 3481 2734 3536 sincerus
2762 3493 2990 3539 amator.

1748 3570 1818 3622 At
1849 3570 1894 3622 si
1926 3570 2173 3638 proliciat
2204 3569 2363 3622 timor
2384 3570 2436 3622 in
2467 3582 2642 3637 spem,
2674 3587 2798 3642 spes
2821 3572 2873 3625 in
2903 3589 3164 3640 amorem,

1752 3660 1827 3713 De
1862 3675 2044 3714 sermo
2067 3659 2218 3712 miles
2244 3659 2392 3712 venit
2417 3667 2470 3712 et
2495 3660 2560 3713 de
2585 3660 2757 3714 milite
2775 3661 2976 3731 proles.

1749 3751 1951 3805 l’robra
1975 3760 2149 3814 cavet,
2176 3749 2257 3803 vel
2287 3748 2450 3820 ﬂagra
2486 3765 2709 3820 pavens,
2731 3752 2816 3806 vel
2836 3753 3052 3822 praemia
3083 3764 3331 3826 captans,

1753 3840 1846 3894 Vel
1875 3841 2089 3913 virtutis
2117 3856 2334 3905 amans;
2365 3842 2584 3905 distant,
2617 3850 2673 3894 ut
2709 3841 2852 3909 calo,
2882 3842 3120 3912 satelles,

1748 3930 1893 3996 Res;
1927 3931 2032 3986 duo
2061 3931 2372 4002 proﬁciunt,
2399 3939 2570 3984 status
2601 3943 2682 3985 est
2710 3933 2824 3996 tibi,
2861 3934 3039 4000 tertie,
3063 3950 3328 3992 summus.

107 4077 165 4130 Da
188 4080 410 4147 procula
434 4080 612 4143 nobis,
640 4079 802 4133 elatio
826 4080 985 4134 sistat
1009 4088 1066 4132 ut
1094 4080 1287 4143 omnis,
2475 4066 2581 4122 XV-

107 4165 200 4231 Quo
230 4169 319 4222 tibi
351 4167 606 4223 subniissi
636 4166 945 4237 placeamus
967 4179 1185 4237 pectore
1209 4182 1362 4236 puro.
2204 4173 2514 4213 recusares
2551 4173 2617 4212 ne
2656 4175 2859 4216 SEIPSO.

107 4259 298 4334 Protege
321 4279 419 4318 nos
439 4262 667 4334 jugiter,
692 4271 926 4317 ventosae
951 4261 1125 4316 laudis
1155 4262 1221 4315 ab
1250 4277 1402 4326 aura,
1747 4247 1817 4300 Μί
1843 4247 2038 4312 fauor:
2067 4262 2188 4301 mea
2223 4250 2351 4312 Vlla»
2383 4247 2548 4312 salus:
2588 4248 2783 4304 Ῑῖάυοίει
2810 4249 2944 4318 801³,

106 4347 157 4402 ει
187 4352 328 4408 nobis
357 4354 549 4424 dignas
578 4351 766 4408 confer
787 4353 881 4408 [ibi
913 4353 1122 4407 δοινθη,
1157 4361 1358 4422 grates,
1670 4363 1723 4423 Β
1749 4339 1827 4392 Da
1861 4340 1991 4393 mihi
2022 4339 2304 4394 consilium
2329 4350 2383 4394 et
2406 4349 2586 4394 votum
2610 4340 2862 4411 viresque
2899 4344 3189 4414 sequendi,

107 4437 286 4496 Invidia:
313 4443 577 4498 maculam
607 4443 674 4497 de
704 4441 970 4496 mentibus
990 4441 1148 4496 ablue
1177 4442 1398 4506 nostris,

1747 4429 2042 4499 Ambiguus
2068 4429 2196 4498 quid
2234 4446 2408 4499 agam,
2435 4444 2541 4500 quo
2568 4432 2782 4484 tandem
2825 4431 2933 4487 ﬁne
2956 4435 3230 4504 quiescam
3254 4454 3270 4490 :

106 4527 359 4588 lnlundens
382 4533 537 4588 nobis
565 4533 741 4604 ignem
772 4533 1010 4588 caelestis
1039 4533 1273 4598 amoris;

1745 4517 1881 4572 Nam
1907 4535 2094 4574 vereor
2125 4530 2326 4574 temere
2353 4533 2604 4589 suscepto
2625 4524 2940 4593 pontilicatu

105 4615 182 4672 ιηε
197 4635 529 4692 compescens
555 4623 824 4687 summos,
853 4619 938 4676 fac
963 4637 1062 4677 nos
1095 4623 1378 4692 pauentes,
1747 4609 2039 4663 Servandis
2058 4611 2264 4672 nvibus,
2302 4627 2456 4681 mage
2484 4628 2646 4680 quam
2683 4614 2957 4683 prodesse,
2989 4631 3226 4682 nocere;

107 4704 470 4783 Tristitiamque
493 4714 777 4783 l'ugans,in
805 4713 1018 4768 damnis
1040 4728 1189 4782 spem
1217 4713 1538 4780 retinentes;
1744 4701 1919 4771 Atque
1950 4701 2070 4755 ideo
2097 4714 2226 4771 Ρυιο
2265 4702 2561 4756 εεδθιιάυηὶ
2587 4705 2900 4759 melioribus
2930 4719 3075 4764 csse-

108 4796 287 4857 Crimen
309 4806 546 4859 avarum
569 4806 726 4860 nobis
747 4804 888 4859 dona
919 4805 1208 4875 fugiamus,
1746 4792 1854 4848 Sed
1885 4793 2127 4849 recolens
2151 4795 2292 4864 quod
2322 4811 2426 4850 non
2451 4795 2644 4866 opibus
2671 4837 2684 4863 ,
2715 4813 2894 4868 neque
2923 4803 3195 4877 sanguine
3227 4797 3337 4852 l‘re-
3369 4872 3371 4875 ι

108 4887 164 4944 Ut
185 4894 378 4961 pietatis
401 4911 539 4966 opus
568 4898 777 4966 placita:
802 4897 898 4951 tibi
924 4897 1062 4951 ferre
1090 4910 1386 4966 queamus;
3138 4891 3271 4966 [νην

108 4979 357 5053 ingluviem
384 4990 590 5044 ventris
617 5006 716 5045 nos
742 4989 965 5042 vincere
1003 4987 1311 5051 sobrietate,
1745 4981 2048 5038 Conscendi
2074 4983 2405 5048 cathedram,
2437 4999 2645 5054 pauper
2668 4987 2733 5041 de
2759 4987 2915 5041 sorde
2947 4986 3208 5052 levatus,

111 5069 418 5149 Luxurizeque
448 5080 588 5134 luem
610 5087 764 5136 casto
787 5077 1022 5132 concede
1049 5079 1271 5145 pudore,
1743 5073 1999 5129 Arbitror
2025 5076 2127 5133 hoc
2149 5094 2177 5132 a
2208 5086 2259 5132 te
2283 5075 2482 5132 factum
2511 5078 2655 5134 sicut
2684 5091 2805 5134 tuus
2833 5087 2914 5134 est
2947 5097 3107 5156 mos,

111 5161 159 5196 111
187 5182 267 5196 πυμ-
295 5179 340 5196 CA
368 5171 548 5196 -.Ακυιλξ
604 5187 700 5196 ιλιι-
727 5177 780 5196 in
811 5181 1023 5196 anAn-In
1049 5170 1248 5196 -.:_:I...-
1279 5173 1419 5196 ...ιηιξ

1748 5165 1852 5196 Νιὶη
1881 5175 2093 5196 ΜιιθῆαΑ
2128 5169 2298 5196 ..ιηιιηι
2350 5169 2450 5196 ηερε
2482 5168 2869 5196 ρῖηηῖηηηενηυιξκ
2925 5185 2992 5196 n-.
