3918 5326
567 249 672 307 557
1492 242 1549 298 S.
1593 241 1938 300 FULBERTI
1975 240 2459 300 CARTONENSIS
2494 242 2798 307 EPISCOPI

2169 363 2221 423 Α
2250 357 2312 413 lli
2339 368 2463 414 sunt
2491 359 2758 415 normales
2789 357 2998 414 numeri
3022 357 3111 427 qui
3141 355 3665 430 mensibusj'nazrent,

1301 359 1439 439 XVI.

1121 469 1252 512 [DEI
1288 470 1355 510 DE
1392 468 1590 510 διείρεο.

565 552 640 607 Te
667 551 732 608 de
756 548 1084 622 pauperibus
1108 558 1290 603 natum
1320 548 1558 617 suscepit
1586 533 1836 602 alendum

564 646 830 711 Christus,
859 653 913 700 et
941 641 1268 699 immeritum
1292 641 1369 696 sic
1397 638 1658 696 enutrivit
1684 646 1740 693 et
1763 635 1934 701 auxit,

565 737 634 794 Ut
660 737 854 793 collata
885 736 982 792 tibi
1010 736 1235 790 miretur
1258 747 1482 787 munera
1507 731 1756 795 mundus,

561 831 696 885 Nam
724 845 892 901 puero
914 828 1100 885 faciles
1122 826 1357 897 providit
1376 825 1568 880 adesse
1589 823 1897 892 magistros,

561 922 629 975 Et
648 919 904 989 juvenem
932 919 1183 989 perduxit
1212 917 1278 970 ad
1306 916 1430 981 hoc,
1465 923 1524 969 ut
1551 913 1832 984 episcopus
1857 926 2023 969 esses.

561 1012 754 1084 Reges,
783 1010 1089 1083 pontifices,
1118 1007 1319 1079 populi.
1350 1017 1400 1061 te
1434 1005 1879 1076 magnificabant,

562 1103 790 1159 Servum
813 1110 1094 1159 censentes
1120 1097 1434 1169 prudentem
1467 1105 1657 1165 satque
1682 1094 1893 1150 ﬁdelem

559 1195 696 1249 Esse
724 1194 799 1264 pii
828 1189 1193 1256 Domini,sed,
1223 1188 1357 1258 proh
1381 1187 1590 1258 pudor!
1622 1186 1757 1255 ipse,
1788 1183 2037 1248 nefande,

558 1287 801 1342 Prudens
821 1300 921 1340 nec
949 1283 1086 1338 fidus
1119 1269 1318 1344 fueras,
1346 1286 1407 1332 ut
1427 1291 1512 1332 res
1534 1278 1878 1341 manifestat;

560 1376 692 1431 Nam
721 1384 910 1431 contra
939 1385 1238 1441 memorare
1259 1370 1422 1440 pudet
1441 1382 1602 1437 quam
1630 1367 1876 1436 nequiter
1906 1365 2080 1434 ipsum

557 1467 807 1532 Laaseris,
832 1474 885 1522 et
909 1473 1127 1520 sanctos
1157 1463 1274 1534 ejus
1302 1471 1387 1514 tua
1415 1474 1577 1529 prava
1609 1466 1851 1522 tuentes;

558 1557 687 1624 Quae
714 1557 801 1610 vix
833 1554 938 1609 ulla
960 1554 1095 1610 satis
1118 1560 1343 1623 possunt
1371 1557 1637 1604 tormenta
1663 1548 1833 1617 piare.

557 1646 903 1704 Praestolatur
926 1644 1102 1704 adhuc
1135 1642 1393 1701 Dominus
1420 1649 1597 1699 tamen
1631 1638 1717 1698 ille
1742 1638 2004 1714 benignus

556 1741 624 1795 Et
655 1749 705 1796 te
741 1741 925 1796 vivere
948 1738 1268 1813 perpetitur,
1298 1738 1341 1792 si
1379 1735 1520 1790 forte
1549 1736 1865 1799 resciscens,

558 1831 854 1902 Segnitiem
880 1831 997 1889 zelo
1020 1831 1273 1901 perimas,
1305 1830 1609 1899 meritoque
1636 1837 1867 1885 reatum.

556 1922 745 1979 Virtus
766 1931 869 1988 est,
900 1923 1127 1978 Domino
1155 1922 1377 1991 parendi
1409 1921 1560 1976 firma
1587 1920 1852 1987 voluntas,

556 2012 742 2070 Virtus
770 2021 872 2081 est,
903 2012 1138 2069 medium
1169 2012 1434 2069 retinendi
1463 2019 1683 2082 accepta
1722 2010 1993 2068 voluntas.

1257 2147 1419 2205 XVlI.

557 2257 623 2296 ιιι
648 2255 836 2308 SiGle,
867 2257 936 2297 ετ
971 2254 1243 2304 amamus,
1274 2256 1344 2295 ET
1374 2255 1582 2305 DIEBUS,
1606 2254 1677 2294 nr
1701 2252 1878 2305 IOMS,
1902 2251 2137 2293 comesa-

1135 2326 1266 2367 DIUM
1294 2326 1549 2367 COMPUTI.

553 2424 766 2479 Annum
784 2417 869 2480 ‘sol
894 2424 1139 2480 duodena
1166 2436 1351 2478 means
1379 2436 1478 2493 per
1501 2420 1654 2491 signa
1678 2418 1953 2483 rotundat,

554 2516 867 2587 Cunctaque
896 2514 1152 2584 thenis
1179 2514 1449 2584 percurrit
1477 2513 1631 2584 signa
1654 2510 1862 2575 diebus,

554 2607 733 2675 Atque
753 2605 935 2660 decem
965 2603 1134 2669 horis,
1160 2612 1215 2657 et
1243 2601 1524 2658 dimidium
1554 2600 1866 2670 faciuntque

555 2695 745 2752 Partes
762 2696 845 2751 hae
874 2695 1208 2751 duodenario
1235 2693 1282 2748 si
1308 2686 1762 2763 multiplieentur,

557 2787 885 2843 Tercentum
914 2798 1233 2856 sexagenos,
1272 2792 1325 2838 et
1352 2782 1591 2852 quinque
1614 2782 1750 2846 dies,
1771 2786 1828 2835 et

556 2878 666 2933 Sex
693 2877 873 2942 horas,
907 2891 1042 2947 quas
1068 2874 1425 2945 quadrantem
1446 2873 1617 2943 liquet
1637 2886 1756 2928 esse
1784 2870 1913 2925 diei.

554 2969 671 3025 Hoc
699 2966 862 3041 igitur
887 2982 1115 3023 numero
1140 2965 1414 3037 preprium
1443 2964 1523 3019 sol
1562 2962 1773 3033 perficit
1803 2975 2028 3017 annum.

557 3060 665 3116 Sed
689 3060 813 3130 quia
841 3058 1055 3130 planius
1076 3066 1161 3112 est
1191 3064 1302 3112 toto
1322 3071 1485 3126 quam
1512 3064 1665 3124 parte
1686 3054 1813 3120 diei,

554 3155 767 3206 Annum
796 3149 973 3205 metiri
1000 3148 1166 3203 voluit
1193 3147 1391 3202 chorus
1419 3146 1849 3215 astrologorum,
1924 3162 1931 3169 ν

556 3246 880 3302 Tercentum
909 3244 1191 3314 sexagenis
1217 3250 1271 3296 et
1292 3242 1530 3311 quinque
1559 3240 1748 3295 diebus
1773 3255 1787 3292 :

557 3339 744 3395 Claudi
776 3347 884 3394 tres
913 3343 1113 3401 annos,
1133 3344 1327 3405 quarto
1353 3318 1702 3403 superaddier
1731 3346 1919 3396 mutm,

555 3432 656 3499 Qui
684 3429 749 3485 de
771 3438 1003 3502 quatuor
1025 3442 1287 3492 annorum
1319 3426 1713 3497 quadrantibus
1740 3425 1872 3481 exit.

554 3520 708 3577 Hune
728 3520 1059 3576 bissextilem
1094 3519 1347 3574 dixerunt
1384 3526 1602 3587 propter
1640 3516 1741 3571 hoc
1764 3529 1990 3577 annmu,

556 3613 652 3669 llis
688 3614 902 3685 quando
926 3621 1079 3669 sexto
1113 3610 1302 3666 Martis
1328 3619 1482 3666 notat
1510 3619 1637 3666 ante
1660 3608 1951 3672 Kalendas,

555 3702 739 3758 Annos
760 3704 1065 3773 prazteritos
1086 3700 1360 3771 supplens,
1392 3701 1768 3769 redimensque
1796 3698 2027 3763 futuros,

555 3796 658 3850 Per
687 3810 899 3852 menses
924 3796 1051 3850 anni
1074 3795 1213 3851 soles
1238 3796 1309 3849 ita
1337 3793 1729 3847 distribuerunt
1753 3808 1766 3844 :

553 3886 721 3942 Janus
751 3896 803 3941 et
826 3890 1097 3958 Augustus
1117 3885 1407 3955 jaculoque
1435 3884 1729 3940 December
1764 3889 1982 3945 acutus,

447 4052 454 4058 _
556 3978 683 4032 Fert
711 3986 904 4047 quarto
926 3992 1113 4040 nonas,
1138 3992 1280 4031 nono
1300 3975 1614 4044 decimoque
1639 3970 1908 4027 Kalendas
1938 3989 1949 4024 :

559 4069 687 4122 Post
716 4067 841 4122 ldus
870 4067 1010 4122 soles
1035 4068 1252 4136 triginta
1276 4066 1486 4120 scilicet
1521 4079 1705 4129 unum,

555 4158 719 4222 Mars,
752 4157 940 4221 Maius,
969 4155 1163 4225 Julius,
1197 4156 1453 4224 libripens
1477 4196 1492 4221 ,
1525 4154 1758 4209 October
1783 4161 1838 4208 et
1862 4167 2048 4223 mquus
2079 4167 2094 4206 :

555 4248 721 4302 Sexto
759 4263 928 4303 nonas
952 4256 1174 4317 septeno
1203 4246 1518 4314 decimoque
1546 4244 1813 4299 Kalendas
1840 4261 1854 4298 :

553 4338 683 4392 Post
710 4336 830 4393 ldus
857 4337 1013 4407 soles.
1032 4337 1273 4407 triginta,
1307 4352 1492 4391 rursus
1520 4346 1574 4390 et
1600 4351 1787 4400 unum,

552 4428 762 4501 Junius,
791 4428 1050 4499 Aprilem,
1077 4439 1198 4496 post
1232 4427 1709 4497 Septembrcmque
1732 4424 2055 4491 November,

553 4525 757 4585 Quarto
777 4510 945 4574 nouas
978 4529 1172 4590 octavo
1204 4519 1519 4587 decimoque
1542 4518 1834 4584 Kalendas,

552 4609 681 4664 Post
707 4610 825 4666 ldus
849 4610 990 4667 soles
1017 4610 1252 4676 triginta,
1284 4610 1528 4664 Februus
1560 4620 1761 4675 autem,

552 4701 679 4756 Fert
704 4713 895 4772 quarto
934 4718 1122 4767 nouas,
1156 4693 1310 4758 sexto
1342 4692 1657 4771 decimoque
1687 4703 1988 4769 Kalendas,

552 4791 683 4845 Post
711 4791 831 4846 ldus
854 4791 996 4847 soles
1023 4792 1206 4862 viginti
1236 4807 1439 4861 pauper
1464 4801 1517 4845 et
1544 4800 1667 4847 octo

551 4880 782 4963 Sed'per
811 4882 1105 4937 bissextum
1133 4883 1329 4951 gaudet
1351 4882 1451 4936 sibi
1488 4897 1731 4937 crescere
1761 4897 1984 4937 nouum.

549 4971 889 5027 Aunumerat
920 4971 1166 5041 proprias
1192 4972 1396 5026 mensis
1416 4972 1518 5026 sibi
1544 4974 1773 5043 quisque
1801 4972 2092 5039 Kalendas,

2156 4394 2208 4454 D

3700 240 3790 297 διδ

2238 453 2485 523 Quinque
2514 453 2726 523 placent
2754 452 2931 516 Marti,
2956 467 3057 508 nec
3085 452 3333 521 displicet
3364 468 3504 507 unus
3543 451 3729 522 Aprili,

2237 542 2408 599 Maius
2438 545 2598 601 habet
2629 553 2835 609 ternos,
2866 544 3102 614 duplicat
3122 543 3223 599 sibi
3253 542 3446 598 Junius
3472 543 3640 615 ipsos,

2238 633 2389 688 Unus
2412 635 2538 688 item
2572 634 2734 700 Julio,
2773 634 2867 695 tibi
2896 632 3327 703 sunt,_Auguste,
3347 631 3629 702 quaterni;

2236 722 2555 793 September
2579 731 2784 794 septem
2807 724 2946 785 binis
2965 722 3198 779 October
3222 723 3335 793 agit
3354 737 3507 789 rem,
3750 762 3755 767 ς

2235 813 2484 884 Quinque
2503 813 2809 870 November
2842 814 3055 882 abhinc,
3086 822 3332 884 repetens
3355 821 3665 883 septemque
3702 809 3781 865 De-

3474 900 3726 974 [eember,

2234 994 2343 1050 Nec
2367 995 2588 1066 cupiunt
2615 995 2752 1051 Jauo
2785 1006 2893 1051 tres
2929 1011 3028 1051 nec
3057 1010 3150 1050 sex
3179 993 3365 1050 tollere
3393 992 3569 1048 Febro
3596 991 3723 1062 (55).

2234 1083 2369 1141 Huic
2395 1086 2533 1140 alter
2560 1101 2815 1142 numerus
2844 1072 3115 1157 concurrit
3145 1089 3211 1143 ad
3242 1086 3638 1156 inveniendum.

2232 1175 2348 1241 Qua
2378 1176 2479 1231 sibi
2507 1176 2736 1247 quisque
2759 1179 2845 1233 die
2880 1181 3082 1234 mensis
3110 1179 3241 1235 velit
3264 1195 3383 1235 esse
3402 1178 3669 1233 Kalendas

2236 1269 2451 1338 Septem
2482 1269 2689 1325 lineolis
2712 1271 2885 1340 ipsum
2913 1271 3009 1326 tibi
3032 1286 3192 1327 cerne
3220 1279 3466 1327 notatum
3496 1269 3629 1342 (56),

2236 1358 2436 1413 llarum
2462 1369 2664 1429 septem
2692 1360 3010 1415 liueolarum
3045 1362 3294 1431 quaelibet
3328 1377 3436 1416 una

2236 1448 2521 1517 Spectatur
2540 1452 2746 1505 numeri
2778 1466 3018 1506 summas
3046 1461 3257 1522 gestare
3284 1460 3596 1520 quaternas,

2233 1538 2300 1592 Et
2325 1538 2405 1592 sic
2432 1538 2619 1610 viginti
2649 1554 2873 1594 summae
2899 1548 3254 1595 numeruntur
3274 1548 3329 1609 et
3353 1547 3478 1595 octo

2237 1626 2428 1682 Divisa:
2455 1628 2675 1699 tetidem
2703 1639 2851 1685 certa
2879 1629 3087 1684 ratione
3110 1644 3208 1702 per
3233 1644 3424 1695 annos,

2156 1712 2223 1775 θ.
2242 1716 2331 1776 [he
2359 1732 2573 1793 quoque
2594 1734 2819 1779 summa:
2844 1718 3050 1780 salares
3081 1709 3384 1778 vocitantur
3408 1725 3633 1795 cpactre.

2147 1827 2155 1875 ;
2236 1811 2300 1866 lli
2329 1823 2715 1869 concurrentes
2736 1814 2949 1881 numeri
2977 1823 3262 1870 versantur
3288 1813 3340 1868 in
3372 1814 3543 1873 annis

2237 1899 2389 1956 Unus
2416 1901 2681 1967 bissexto,
2704 1901 2811 1958 duo
2837 1916 2965 1968 non,
2992 1916 3166 1972 neque
3191 1911 3330 1967 tres,
3364 1917 3539 1971 neque
3564 1902 3754 1970 quadri,

2236 1990 2343 2046 Sex
2373 2002 2499 2048 sunt
2524 1992 2783 2059 bissexto,
2814 2009 2920 2049 non
2951 2008 3046 2050 vos
3068 2002 3273 2064 septem
3300 2009 3405 2048 une
3435 1994 3641 2065 gemelli

2234 2074 2437 2149 Quadri
2466 2083 2534 2139 ad
2558 2083 2878 2150 bissextum,
2909 2083 3059 2153 quini
3089 2099 3207 2150 sex,
3236 2093 3441 2153 septem
3463 2084 3724 2146 aliorsum,

2236 2172 2365 2228 Seni
2393 2173 2465 2251 ad
2484 2165 2803 2239 bissextum,
2835 2183 2945 2231 tres
2966 2160 3180 2246 quadri,
3206 2163 3446 2247 quinque
3473 2189 3723 2238 seorsum,

2236 2263 2454 2333 Septem
2481 2264 2804 2331 bissextant,
2826 2276 3079 2336 quatuor,
3106 2268 3211 2324 duo
3236 2277 3456 2337 tresque
3484 2276 3733 2332 recusant,

2234 2353 2396 2418 Quini
2418 2353 2743 2431 bissextant,
2766 2368 2859 2410 sex
2887 2366 3091 2426 septem
3119 2372 3363 2427 unusque
3387 2356 3664 2426 rejeetant,

2236 2444 2370 2500 Tres
2400 2444 2638 2501 bissexte
2664 2445 2887 2516 quadris
2923 2446 3104 2515 quinis
3130 2446 3458 2521 necjuugito
3476 2432 3648 2505 senis.

2924 2580 3110 2641 XVIII.

2824 2712 2889 2752 DE
2912 2712 3230 2753 PHILOIIELA.

2234 2808 2410 2863 Aurea
2446 2816 2702 2880 personet
2730 2807 2847 2880 lyra
2878 2808 3019 2864 clara
3052 2808 3433 2873 modulamina,

2158 2958 2161 2963 ,
2235 2900 2471 2970 Simplex
2496 2903 2694 2971 chorda
2722 2903 3036 2968 sit‘extcnsa
3065 2918 3195 2958 voce
3224 2900 3595 2973 quindenaria,

2233 2992 2472 3046 Primum
2499 3006 2692 3047 sonum
2724 3008 2871 3047 nunc
2898 2993 3084 3048 reddat
3106 2991 3222 3063 lege
3248 2991 3605 3062 Hypodoriea,

2159 3060 2204 3121 (δ
2234 3083 2542 3139 Philomelm
2570 3084 2759 3140 de‘mus
2789 3084 2975 3139 laudes
2993 3084 3053 3140 in
3078 3060 3209 3138 voce
3229 3060 3504 3154 organica,

2234 3173 2398 3228 Dulce
2417 3172 2601 3240 ,melos
2631 3173 2986 3229 decantantcs
3014 3171 3157 3227 sicut
3183 3172 3340 3226 docet
3367 3171 3568 3226 musica
3585 3210 3601 3233 ,

2157 3270 2160 3273 λ
2235 3265 2364 3320 Sine
2389 3265 2540 3332 cujus
2569 3273 2686 3321 arte
2714 3278 2841 3319 vera
2868 3263 3008 3343 nulla
3038 3262 3213 3318 valent
3239 3262 3470 3316 cantica.

2233 3357 2367 3413 Cum
2390 3357 2600 3412 telluris
2627 3372 2753 3411 vere
2779 3371 2916 3411 novo
2951 3356 3318 3425 producuntur
3341 3352 3602 3424 germina,

2235 3432 2533 3503 NemoroSa
2557 3446 2765 3503 circum
2795 3447 2938 3503 circa
2968 3445 3314 3501 frondescunt
3341 3452 3393 3497 et
3414 3441 3650 3503 hracbia,

2234 3538 2449 3608 Flagrat
2475 3537 2610 3592 odor
2633 3522 2755 3593 eum
2786 3537 2966 3591 suavis
2989 3535 3176 3589 ﬂorida
3201 3549 3296 3605 per
3321 3532 3564 3604 gramina

2236 3631 2526 3687 Hilareseit
2551 3628 2839 3698 philomela
2871 3627 3043 3683 dulcis
3065 3640 3231 3682 sonus
3257 3623 3500 3687 conscia,

2233 3722 2301 3776 Et
2330 3721 2629 3776 extendens
2656 3718 2981 3774 modulaudo
3010 3715 3242 3787 gutturis
3272 3713 3595 3783 spiramina,

2234 3812 2428 3867 Reddit
2452 3811 2595 3867 veris
2619 3819 2674 3866 et
2702 3809 2875 3864 aestivi
2907 3807 3163 3877 temporis
3186 3803 3457 3875 praeconia
3483 3820 3500 3862 :

2174 3898 2177 3902 ’
2233 3900 2403 3955 Instat
2428 3899 2572 3954 nocti
2601 3907 2657 3954 et
2683 3898 2791 3953 diei
2819 3912 2949 3952 voce
2971 3897 3071 3951 sub
3103 3893 3400 3958 dulcisona,

2235 3990 2515 4061 Seporatis
2536 3991 2672 4061 dans
2699 3989 2937 4060 quietem
2961 3995 3153 4042 cantus
3181 4000 3277 4055 per
3300 3981 3631 4045 discrimina,

2233 4083 2454 4138 Necnon
2487 4083 2713 4153 pulchra
2745 4080 2940 4136 viatori
2974 4078 3175 4134 laboris
3193 4074 3384 4132 solatia
3407 4115 3423 4138 ,

2234 4173 2394 4229 Vocis
2415 4174 2533 4244 ejus
2563 4170 2905 4243 pulchritudo
2939 4168 3139 4224 clarior
3165 4181 3327 4237 quam
3361 4163 3605 4235 eytbara.

2235 4265 2480 4320 Vincitur
2509 4263 2687 4318 omnis
2709 4260 3021 4317 cantitando
3043 4257 3321 4313 volucrum
3355 4251 3642 4315 catervula,

2233 4356 2422 4425 Implet
2454 4354 2618 4410 silvas
2652 4361 2816 4422 atque
2840 4360 3037 4407 cuncta
3064 4347 3297 4405 modulis
3320 4344 3624 4408 arbustula,

2234 4448 2478 4504 Gloriosa
2502 4446 2659 4501 valde
2685 4445 2832 4499 facta
2859 4443 3005 4498 veris
3026 4455 3137 4511 pra:
3158 4439 3366 4504 laetitia,
3454 4490 3455 4495 η

2239 4543 2521 4600 Volitando
2550 4541 2763 4597 scandit
2786 4538 2895 4595 alta
2925 4538 3179 4592 arborum
3213 4533 3527 4596 cacumina,

2234 4634 2311 4688 Ac
2342 4630 2692 4693 festivasatis
2720 4627 2902 4698 gliscit
2927 4625 3146 4681 sibilare
3172 4622 3435 4678 carmina.

2233 4724 2388 4779 Cedit
2414 4737 2614 4791 anceps
2639 4722 2708 4778 ad
2735 4720 2991 4775 frondosa
3024 4730 3284 4772 resonans
3308 4710 3640 4775 umbracula,

2233 4813 2388 4869 Cedit
2416 4812 2551 4873 olor,
2583 4821 2638 4865 et
2660 4808 2842 4881 suavis
2871 4806 3041 4876 ipsius
3069 4802 3328 4866 melodia,
3516 4792 3523 4797 ’

2233 4902 2389 4958 Cedit
2415 4901 2506 4956 tibi
2535 4898 2964 4969 timpanistraet
2990 4908 3185 4950 sonora
3218 4890 3345 4945 tibia
3371 4906 3386 4942 :

2234 4993 2492 5061 Quamvis
2520 4992 2667 5047 enim
2693 4988 2929 5045 videaris
2956 4999 3181 5055 corpore
3209 4976 3545 5054 permodica,
