4018 6428
146 320 233 377 549
1128 315 1343 380 llYMNl
1383 318 1470 380 ET
1504 317 1733 374 CABMII

1772 321 1808 374 Α
1850 321 2170 381 ECCLESIA
2179 327 2397 384 STlCA.
3256 323 3359 381 550

840 429 978 484 XlX.

608 536 675 574 DE
700 536 826 576 SANC
834 538 899 576 ΤΟ
929 537 1188 579 CARAUI‘O.

149 617 294 672 Carus
315 612 520 668 abunde
543 611 792 668 Caraune
822 615 962 668 nites

150 707 290 774 idque
311 704 591 759 vocamine
617 702 912 774 signiﬁcas,

149 796 345 866 Lyricos
377 794 498 850 ideo
524 793 620 848 tibi
649 793 940 848 versiculos
960 794 1204 850 canimus
1226 792 1445 860 hilares,

150 887 204 947 Et
229 899 398 940 amore
423 883 515 956 pio
542 893 618 946 tu,
645 884 733 960 pie
761 891 990 956 martyr,

149 977 295 1036 Posce
319 973 471 1032 nobis
496 974 730 1032 veniam.

149 1068 313 1131 Roma,
343 1068 572 1137 superba
602 1066 714 1121 suis
743 1065 929 1130 titulis,
961 1065 1105 1120 hunc
1133 1061 1468 1135 genitoribus

150 1161 394 1216 Eximium
421 1160 544 1214 tulit
572 1159 769 1231 ingenii
801 1159 958 1213 validi
984 1173 1234 1228 puerum,

149 1249 320 1304 Animo
345 1248 574 1311 facilem,
604 1247 784 1318 Specie
818 1248 1069 1312 nitidum,

151 1342 216 1396 Tu
239 1356 463 1410 quoque,
498 1349 726 1410 martyr,
760 1354 924 1409 posce
947 1339 1102 1394 nobis
1130 1337 1360 1394 veniam.

205 1431 432 1490 Prandia
458 1431 603 1491 lauta
633 1433 848 1487 modum
879 1432 1092 1488 turbant
1118 1431 1433 1502 plerumque
1474 1427 1664 1493 diaeta};

151 1525 372 1596 ludulges
401 1519 706 1586 stomacho,
736 1528 968 1575 mentem
1001 1519 1138 1574 male
1172 1519 1391 1588 crapula
1421 1526 1580 1572 vexat
1611 1534 1623 1568 :

153 1615 199 1669 Si
229 1629 411 1683 parcas
432 1613 624 1683 epulis,
650 1610 897 1682 sequitur
921 1609 1184 1664 detractio
1205 1608 1288 1663 vel
1316 1607 1452 1662 laus.

154 1705 213 1761 Ut
233 1706 459 1760 medium
484 1713 670 1760 teneas
698 1702 851 1757 labor
880 1709 982 1768 est,
1008 1709 1063 1755 et
1087 1699 1240 1754 valde
1279 1696 1591 1759 cavendum,

153 1795 218 1849 Ne
238 1795 325 1849 tibi
366 1794 642 1849 tristitiam
664 1794 865 1864 pariat,
891 1792 1030 1848 sicut
1055 1806 1184 1846 suus
1211 1799 1292 1845 est
1316 1803 1454 1844 mos.

155 1885 202 1939 Si
225 1885 390 1956 possis
419 1885 604 1956 igitur,
635 1898 859 1954 prorsus
878 1885 991 1939 haec
1018 1882 1242 1959 prandia
1266 1881 1398 1946 vita,

154 1977 212 2031 At
235 1976 274 2031 si
305 1991 410 2031 non
437 1975 617 2040 liceat,
646 1974 834 2029 hilaris
861 1983 1160 2044 cautusque
1183 1972 1454 2038 recumbe,

156 2067 212 2121 Et
233 2068 332 2122 liba
356 2076 550 2122 cuncta
581 2082 794 2137 parum,
837 2075 926 2120 tua
952 2082 1071 2137 qua:
1103 2067 1198 2121 tibi
1225 2064 1408 2136 regula
1439 2063 1636 2129 dictat;

157 2154 250 2212 Nec
271 2171 535 2213 summam
562 2157 782 2212 nimiam
810 2157 1116 2226 conjectent
1145 2155 1312 2211 multa
1338 2155 1565 2209 minuta.

866 2248 986 2304 XX.

810 2355 1040 2394 HYMNUS.

311 2453 578 2510 Sanctum
604 2451 922 2523 simpliciter
949 2450 1168 2505 Patrem
1201 2449 1340 2518 cole,

413 2543 716 2616 Panperum
742 2552 958 2599 caterva
976 2583 991 2607 ,

250 2633 625 2705 Quantumque
654 2633 796 2691 nosti
821 2633 1068 2690 laudibus
1097 2633 1336 2699 honora;

313 2747 396 2802 Ad
418 2761 662 2802 normam
687 2745 879 2818 redigit
904 2745 995 2817 qui
1016 2744 1230 2802 subdita

423 2839 594 2896 Saacla
627 2840 904 2910 pravitati,

251 2931 449 3006 Potens
486 2931 738 2997 novandi,
771 2932 913 2990 sicut
931 2939 984 2987 et
1009 2931 1261 3014 creandi,

314 3048 385 3120 Et
413 3047 603 3119 gratia:
630 3046 891 3112 damnati,
913 3038 1070 3127 longi
1097 3045 1194 3103 tibi

429 3137 692 3194 Subvenit
714 3137 938 3206 laboris,

255 3229 422 3305 Qpem
448 3230 672 3293 ferendo
693 3231 845 3302 pacis
869 3244 921 3285 et
941 3231 1157 3301 quietis.

312 3343 436 3400 Jam
461 3358 714 3414 proceres
739 3345 914 3416 legum
939 3342 1236 3400 rationibus

430 3435 573 3490 Ante
597 3436 806 3503 desueti
1194 3481 1196 3483 .

257 3526 386 3595 Quae
416 3536 563 3582 recte
587 3529 819 3594 discunt,
849 3537 1066 3584 strenue
1095 3533 1412 3597 capessunt,

323 3642 516 3699 Praedo
542 3659 756 3698 manum
785 3643 1021 3710 cohibet,
1049 3642 1216 3711 furcae
1237 3653 1467 3709 memor,

436 3732 502 3784 Et
531 3731 738 3786 latrone
761 3747 967 3797 coram,

261 3824 489 3901 [inermis
513 3825 618 3880 alte
647 3826 892 3896 praecinit
914 3825 1110 3892 viator,

327 3940 502 3995 Dente
532 3939 792 3994 saturnali
821 3939 1165 4010 restringitur

438 4031 676 4101 Evagata
697 4031 842 4100 vitis,

332 4123 602 4193 Cultuque
630 4122 786 4178 tellus
812 4130 965 4178 senta
991 4119 1337 4177 Mansueseit.

331 4235 546 4291 Gaudet
567 4235 755 4290 lancea
781 4234 913 4300 l’alx,
942 4207 1136 4306 gaudet
1157 4229 1347 4304 spatha

407 4370 410 4372 η
442 4329 706 4384 Devenire
725 4344 944 4393 vomer;

268 4419 380 4475 Pax
411 4420 548 4476 ditat
568 4419 725 4485 imos,
752 4427 1010 4489 pauperat
1032 4415 1316 4486 superbos,

338 4508 523 4600 Salve,
538 4547 746 4587 summe
767 4531 946 4595 Pater,
971 4529 1054 4584 fer
1067 4537 1122 4585 et
1140 4525 1392 4586 omnibus

373 4657 375 4660 ι
444 4621 710 4692 lntegram
740 4621 966 4675 salutem
984 4659 999 4685 ,

272 4714 589 4783 Quicunque
615 4713 763 4782 pacis
783 4712 1009 4782 diligunt
1047 4709 1282 4780 quietem
1301 4745 1319 4774 ,

342 4826 408 4881 Et
441 4826 532 4895 qui
565 4825 702 4879 bella
729 4825 934 4890 volunt,
959 4824 1057 4878 hos
1087 4829 1305 4878 contere

455 4917 685 4970 Dextera
711 4916 912 4985 potenti
937 4955 952 4978 ,

321 5004 560 5084 t‘rudens
589 5005 843 5077 gehennm
874 5003 1010 5057 ﬁlios
1041 5001 1284 5073 maligni.

893 5114 1036 5168 XXI.

669 5222 981 5264 CASTITLTIS
1008 5221 1231 5261 GRADUS.

189 5321 284 5376 Sex
310 5322 566 5394 gradibus
586 5327 998 5376 consummatur
1025 5317 1285 5388 perfectio
1307 5322 1452 5370 casta
1485 5332 1498 5366 :

186 5408 424 5464 Primum
453 5411 579 5463 dum
612 5409 800 5479 vigilas
823 5407 1025 5460 ﬂuxum
1048 5407 1255 5461 nescire
1283 5403 1581 5475 petulcum;

187 5503 350 5566 Quem
381 5502 641 5570 sequitur,
668 5499 864 5553 lasciva
895 5498 982 5552 diu
1012 5513 1117 5552 non
1150 5496 1362 5550 volvere
1399 5493 1592 5557 corde;

187 5593 320 5658 Tum
349 5609 421 5648 ne
438 5595 522 5650 vel
550 5594 740 5649 leviter
770 5593 1006 5661 speciem
1031 5591 1300 5647 cernendo
1336 5589 1612 5658 cupiscas;

191 5685 422 5767 Quartus
448 5677 554 5744 erit
575 5702 675 5743 nec
705 5685 1020 5756 simpliciter
1045 5683 1274 5752 genitale
1294 5681 1515 5746 moveri,

1717 439 1766 497 Α
1795 433 2021 500 Quintus
2044 439 2111 493 ob
2137 441 2376 495 auditum
2416 442 2628 496 veneris
2657 442 2730 496 nil
2763 452 2940 496 mente
2969 441 3181 511 vagari;

1794 526 2109 592 Ultimus,in
2139 532 2344 586 somnis
2365 531 2510 586 nullo
2535 533 2906 602 phantasmate
2929 533 3035 587 ludi
3061 550 3074 585 :

1792 618 1905 674 Hoc
1929 621 2029 675 sibi
2061 638 2221 677 nemo
2236 625 2405 693 rapit,
2436 624 2528 679 sed
2557 624 2753 679 Christi
2777 625 2949 694 gratia
2975 631 3220 694 prmstat,

1792 711 1885 765 Est
1911 714 2170 767 servanda
2197 723 2374 770 tamen
2411 715 2662 769 diuturna
2697 715 2902 770 medela
2928 715 3132 781 dia-tae,

1792 799 1953 855 Libra
1977 802 2082 857 cibi
2112 803 2286 866 solidi,
2321 805 2549 874 simplex
2579 805 2790 859 hemina
2815 804 3036 868 falerni;

1794 888 2059 945 Praeterea
2099 891 2272 956 labor,
2313 894 2577 960 excubiae,
2615 895 2822 960 rogatio
2856 894 3070 958 crebra,

1796 979 1872 1034 Ne
1899 996 2028 1036 caro
2058 981 2399 1052 languentem
2431 995 2587 1040 necet
2609 986 2902 1040 incrassata
2929 985 3209 1054 pudorem.

1794 1068 1989 1124 Castus
2018 1072 2150 1148 agit,
2179 1088 2335 1141 quem
2362 1073 2501 1127 nulla
2544 1075 2706 1128 libido
2731 1083 2908 1129 movet
2937 1073 3266 1143 vigilantem,

1797 1159 1906 1216 Nec
1935 1162 2137 1218 violare
2164 1172 2340 1233 potest
2362 1165 2594 1235 SOpitum
2627 1165 2804 1222 illusio
2831 1165 2990 1221 fmda.

2499 1296 2662 1352 XXII.

2309 1424 2570 1465 I’RECATIO
2597 1425 2664 1464 AD
2688 1427 2852 1468 DEUM‘
2937 1480 2940 1483 π

1801 1519 1878 1573 Tu
1904 1519 1995 1589 qui
2025 1520 2090 1576 de
2118 1520 2282 1577 nihilo
2321 1509 2578 1577 mundum
2607 1523 2826 1578 tinxisse
2851 1524 3098 1594 probaris

1869 1610 2026 1683 (Nam
2055 1612 2149 1667 tibi
2179 1614 2432 1669 materies
2458 1613 2600 1668 nulla
2625 1630 2800 1669 coazva
2830 1615 2974 1682 fuit),

1801 1701 1868 1755 Et
1895 1710 2026 1758 nutu
2051 1699 2219 1769 facili,
2251 1711 2379 1758 noto
2406 1703 2501 1758 tibi
2534 1711 2792 1773 tempore,
2822 1704 3024 1771 solves;

1727 1768 1778 1829 ι
1876 1789 2007 1845 Tam
2035 1768 2285 1848 diuturne
2305 1792 2520 1858 dehinc,
2551 1768 2709 1863 quam
2737 1796 2884 1864 prius
2913 1768 3219 1851 exstiteras.

1806 1881 2110 1950 Quantulus
2133 1884 2220 1939 hic
2253 1893 2438 1940 noster
2461 1886 2653 1942 modus
2681 1897 2782 1951 est,
2820 1904 2927 1957 quo
2957 1889 3149 1943 saecula
3181 1887 3320 1943 volvi

1876 1974 2010 2030 Cum
2039 1975 2293 2046 vitiisque
2311 1975 2490 2045 jubes,
2515 1987 2735 2034 strenua
2769 1979 2905 2033 bella
2937 1981 3072 2050 geri.

1813 2067 2010 2137 Regem
2037 2058 2294 2123 militibus
2324 2071 2560 2140 propriis
2591 2079 2642 2124 te
2665 2086 2879 2139 semper
2899 2073 3110 2136 adesse,

1877 2157 1961 2213 Ad
1991 2157 2128 2214 bene
2155 2159 2493 2226 certandum,
2523 2176 2624 2216 nos
2644 2163 2943 2232 vegetando
2969 2163 3136 2231 proba

2504 2292 2692 2348 XXlll.

2401 2422 2597 2462 Ρκεοεε
2634 2424 2794 2464 Αιιιε.

1813 2520 1997 2593 Kyrie,
2033 2520 2147 2576 Rex
2174 2520 2386 2589 genitor
2413 2519 2674 2589 ingenite,
2705 2533 2832 2572 vera
2856 2518 3115 2585 essentia,
3141 2518 3367 2575 eleison.

1816 2613 1998 2684 Kyrie,
2031 2613 2250 2668 luminis
2276 2613 2396 2668 l'ons
2416 2623 2470 2667 et
2500 2627 2678 2666 rerum
2705 2612 2974 2677 conditor,
3005 2611 3227 2667 eleison.

1818 2703 2013 2775 Kyrie,
2055 2704 2146 2774 qui
2183 2717 2282 2758 nos
2323 2711 2429 2758 tua:
2466 2701 2718 2774 imaginis
2755 2702 2979 2773 signasti
3021 2703 3220 2773 specie,
3246 2701 3391 2757 »e.ei-

1889 2812 2008 2851 SOD.
2521 2867 2523 2869 ι
2733 2839 2736 2843 .

1820 2885 2004 2958 Kyrie,
2030 2885 2121 2956 qui
2150 2884 2388 2956 perfecta
2416 2899 2475 2940 es
2509 2884 2798 2955 sapientia,
2825 2881 3048 2939 eleison.

1822 2975 2007 3046 Kyrie,
2031 2974 2122 3030 lux
2143 2973 2348 3039 oriens,
2374 2987 2470 3044 per
2499 2987 2660 3042 quem
2687 2980 2813 3027 sunt
2838 2970 3042 3035 omnia,
3065 2968 3290 3024 eleison.

1823 3065 2006 3136 Kyrie,
2043 3065 2133 3120 Dei
2164 3064 2336 3119 forma
2359 3065 2610 3119 humana:
2639 3063 2937 3134 particeps,
2961 3061 3189 3116 eleison.

1827 3156 2008 3227 Kyrie,
2050 3154 2303 3226 Spiritus,
2335 3155 2562 3209 vivitica:
2581 3155 2704 3208 vita:
2731 3154 2835 3219 vis,
2860 3152 3084 3206 eleison.

1825 3251 2007 3322 Kyrie,
2037 3250 2316 3318 utriusque
2339 3249 2470 3313 vita,
2495 3249 2548 3301 in
2571 3230 2678 3317 quo
2697 3255 2889 3301 cuncta
2920 3253 3064 3308 sunt,
3090 3242 3312 3297 eleison.

1827 3341 2011 3412 Kyrie,
2028 3351 2353 3411 expurgator
2380 3341 2670 3405 scelerum,
2697 3339 2921 3410 largitor
2943 3335 3152 3408 gratiae;
3188 3343 3404 3404 propter

1896 3442 2112 3486 nostras
2132 3429 2364 3486 offensas
2393 3431 2499 3486 noli
2525 3445 2622 3486 nos
2668 3430 3002 3499 relinquere,
3035 3441 3067 3482 ο
3105 3424 3405 3482 consolator

1899 3521 2130 3579 dolentis
2157 3523 2372 3587 animae,
2400 3521 2624 3577 eleison.

2524 3654 2711 3710 XXIV.

2508 3779 2737 3821 ﬂYﬂNUS.

1972 3878 2228 3934 Nuntium
2253 3877 2405 3931 vobis
2435 3875 2550 3931 fero
2587 3877 2652 3930 de
2681 3874 2949 3945 supernis,

1974 3969 2144 4025 Natus
2169 3977 2251 4024 est
2278 3967 2548 4033 Christus,
2577 3966 2886 4020 dominator
2907 3961 3077 4027 orbis,

1974 4062 2032 4117 ln
2061 4059 2335 4116 Bethleem
2369 4057 2539 4124 Judae,
2565 4058 2644 4113 sic
2667 4057 2810 4112 enim
2841 4055 3100 4126 prepheta

2190 4149 2413 4205 Dixerat
2433 4155 2581 4203 ante.

1979 4244 2132 4300 Hune
2157 4244 2304 4299 canit
2329 4243 2480 4298 laetus
2508 4243 2705 4296 chorus
2727 4239 3060 4310 angelorum,

1978 4336 2143 4391 Stella
2176 4333 2437 4398 declarat,
2465 4334 2687 4387 veniunt
2711 4330 2808 4384 Eoi

1760 4436 1818 4500 Ῑ)
1981 4428 2284 4498 Principes,
2321 4426 2536 4496 dignum
2565 4425 2841 4480 celebrare
2867 4423 3092 4478 cultum.

2195 4518 2418 4588 Mystica
2446 4517 2609 4581 dona,

1983 4612 2129 4666 Thus
2158 4610 2284 4673 Deo,
2317 4607 2592 4677 myrrham
2622 4606 2867 4661 tribuunt
2895 4607 3200 4678 sepulchro,

1983 4703 2219 4756 Auream
2245 4697 2356 4767 regi
2387 4696 2619 4764 speciem
2658 4696 2904 4759 decenti;

1985 4790 2120 4845 Dum
2147 4788 2331 4843 colunt
2362 4800 2550 4848 unum,
2573 4785 2870 4839 meminere
2902 4785 3044 4840 trino

2203 4877 2334 4930 Tres
2358 4877 2420 4931 da
2431 4891 2486 4930 re
2513 4885 2684 4930 terna.

1988 4969 2226 5024 Gloriam
2256 4967 2412 5020 trina:
2439 4965 2654 5018 monadi
2685 4980 2964 5031 canamus,

1991 5061 2123 5116 Cum
2165 5061 2276 5114 Deo
2304 5059 2438 5112 divae
2462 5056 2718 5112 Genitore
2747 5057 2916 5124 Proli,

1993 5151 2225 5207 Flamini
2259 5165 2357 5204 nec
2385 5164 2488 5204 non
2513 5149 2579 5203 ab
2613 5157 2838 5217 utroque
2859 5146 2978 5202 fuso

2205 5241 2379 5296 Corde
2408 5239 2574 5295 fideli.

2556 5349 2724 5404 XXV.

2520 5475 2777 5515 LEGENDA.

1859 5580 1914 5634 lu
1942 5581 2078 5636 Vitis
2106 5577 2325 5631 Patrum
2356 5583 2596 5628 veterum
2629 5571 2882 5640 quiddam
2917 5572 3015 5644 legi
3041 5571 3356 5640 jucundum,

1862 5674 2117 5745 Exemplo
2142 5682 2316 5728 tamen
2348 5667 2542 5733 habile,
2576 5667 2718 5737 quod
2746 5666 2896 5724 vobis
2947 5667 3065 5723 dico
3097 5665 3425 5736 rhythmicos
