3918 5326
581 213 682 270 551

583 326 821 383 Joannes
841 325 1030 391 abbas,
1067 325 1328 397 parvulus
1353 335 1586 395 statura,
1618 345 1722 383 non
1751 329 2058 400 virtutibus,

585 418 660 472 Ita
695 418 885 487 majori
910 417 1082 482 socio,
1113 417 1349 488 quicum
1377 427 1495 472 erat
1521 418 1572 472 in
1603 434 1810 484 eremo,

585 527 608 559 ι
650 507 802 574 Volo,
835 509 1072 574 dicebat,
1099 510 1284 564 vivere
1311 510 1452 564 sicut
1479 511 1703 582 angelus
1733 526 1953 577 secure,

583 598 693 654 Nec
720 610 870 654 veste
894 614 995 654 nec
1021 600 1142 656 cibo
1161 599 1266 656 frui
1289 602 1378 671 qui
1403 599 1678 656 laboretur
1705 603 1972 658 manibus.
1996 623 2013 657 ι

583 690 883 762 Respondit
924 693 1135 748 frater:
1169 711 1188 744 α
1225 693 1438 760 Moneo,
1462 695 1615 748 nesis
1639 694 1859 765 incoepti
1883 712 2162 766 properus,

581 784 736 851 Quod
769 786 862 841 tibi
893 787 1233 856 postmodum
1257 787 1328 853 sit
1355 803 1460 842 non
1494 788 1706 858 cepisse
1735 790 1924 845 satius.
1962 807 1982 842 ι

582 879 808 936 Atille:
846 898 864 932 ι
903 880 1007 949 Qui
1042 895 1154 936 non
1197 881 1450 948 dimicat,
1481 897 1588 936 non
1616 882 1763 936 cadit
1786 896 1962 953 neque
2003 897 2164 954 supe-

864 1017 870 1024 .
1071 1015 1076 1024 .
1905 972 2037 1047 [rat,
2069 993 2089 1028 ι

581 1062 650 1117 Et
673 1064 846 1120 nudus
870 1079 1111 1121 eremum
1132 1064 1446 1120 interiorem
1475 1073 1742 1135 penetrat.
1802 1107 1803 1110 η

582 1154 805 1224 Septem
829 1155 944 1211 dies
973 1155 1256 1228 gramineo
1284 1157 1375 1210 vix
1406 1156 1480 1212 ibi
1509 1157 1670 1212 durat
1695 1155 1910 1227 pabulo,

578 1242 782 1298 Octava
809 1244 981 1301 fames
1009 1246 1242 1316 imperat
1263 1239 1323 1301 ut
1351 1246 1417 1301 ad
1444 1247 1682 1302 sodalem
1715 1247 1929 1312 redeat,

584 1333 686 1399 Qui
709 1349 832 1390 sero
861 1335 1045 1392 clausa
1073 1335 1240 1406 janua
1259 1378 1274 1402 ,
1308 1346 1456 1392 tutus
1481 1338 1632 1393 sedet
1658 1338 1708 1393 in
1733 1339 1951 1394 cellula.

577 1426 715 1479 Cum
737 1427 916 1482 minor
941 1442 1076 1484 voce
1097 1429 1257 1485 debili
1290 1430 1524 1501 appellat
1552 1448 1567 1486 :
1603 1449 1621 1483 ‹
1658 1431 1874 1500 Frater,
1902 1432 2076 1503 aperi,

579 1517 835 1586 Joannes,
871 1523 990 1593 opis
1018 1524 1252 1595 indigus,
1281 1526 1424 1581 notis
1450 1527 1654 1582 assistit
1682 1526 1922 1595 foribus;

579 1609 658 1664 Ne
682 1621 900 1682 spernat
929 1625 1018 1670 tua
1049 1617 1223 1686 pietas
1246 1658 1261 1683 ,
1301 1633 1456 1686 quem
1487 1618 1678 1689 redigit
1710 1621 2061 1676 necessitas.»

581 1702 892 1773 Respondet
917 1705 1008 1762 ille
1032 1707 1282 1764 deintus;
1311 1728 1330 1760 ι
1357 1708 1594 1766 Joannes
1618 1711 1793 1766 factus
1813 1721 1895 1768 est
1922 1712 2165 1784 angelus.

582 1793 814 1850 Miratur
833 1796 957 1853 celi
993 1800 1263 1863 cardines,
1294 1799 1433 1854 ultra
1464 1817 1571 1856 non
1606 1812 1762 1857 curat
1793 1804 2092 1860 homines.»

580 1885 740 1943 Foris
769 1886 1003 1945 Joannes
1028 1892 1285 1957 excubat,
1311 1893 1628 1965 malamque
1651 1905 1868 1951 noctem
1903 1897 2116 1964 tolerat,

581 1979 649 2033 Et
671 1991 867 2050 prater
884 1981 1246 2037 voluntariam
1279 1985 1414 2040 hanc
1439 1987 1549 2056 agit
1571 1988 1968 2056 pmnitentiam.

580 2070 750 2126 Facto
774 2088 932 2128 mane
955 2074 1215 2144 recipitur
1242 2076 1484 2145 satisque
1512 2078 1690 2132 verbis
1716 2079 1911 2142 uritur,

581 2158 676 2214 Sic
703 2159 942 2218 intentus
976 2163 1045 2217 ad
1071 2166 1306 2239 crustela
1340 2165 1442 2220 fert
1473 2168 1743 2236 patienter
1773 2171 1974 2227 omnia.

583 2254 935 2314 Refocillatus
964 2259 1191 2316 Domino
1217 2272 1399 2334 grates
1429 2266 1543 2334 agit
1577 2281 1641 2326 ac
1671 2269 1821 2322 socio
1847 2285 1860 2334 ;

585 2347 792 2402 Dehinc
825 2351 1102 2405 rastellum
1134 2353 1372 2409 brachiis
1405 2364 1577 2410 tentat
1620 2373 1840 2414 movere
1881 2360 2169 2429 languidis,

577 2436 891 2509 Castigatus
918 2443 1165 2513 angustia
1197 2443 1262 2498 de
1289 2443 1511 2498 levitate
1541 2446 1707 2500 nimia
1727 2487 1742 2511 ,

576 2526 714 2583 Cum
742 2529 963 2601 angelus
985 2548 1088 2588 non
1112 2535 1308 2603 potuit,
1343 2536 1622 2590 virbonus
1642 2551 1761 2591 esse
1791 2535 1996 2592 didicit.

1279 2625 1465 2682 XXVI.

1257 2732 1484 2770 HYMNUS.

688 2797 961 2870 Organum
992 2802 1188 2858 mentis
1219 2802 1332 2868 tibi,
1359 2821 1561 2874 qumso,
1590 2816 1816 2874 nostrze,

688 2891 1020 2960 Temperans
1046 2894 1251 2964 plectro
1287 2899 1567 2952 moderare
1593 2898 1814 2969 linguae,

686 2984 856 3056 Cujus
877 2989 943 3043 ad
973 2987 1185 3044 laudem
1210 2992 1402 3060 cupide
1433 3007 1738 3060 moremur,

939 3078 1174 3148 Spiritus
1201 3081 1364 3138 alme.

691 3165 770 3221 Tu
802 3167 896 3223 Dei
922 3168 1103 3226 Patris
1130 3171 1417 3243 Genitiqne
1451 3191 1584 3244 pura

689 3257 962 3324 Charitas,
991 3275 1096 3328 qua
1127 3275 1183 3316 se
1205 3263 1414 3331 pariter
1444 3265 1678 3333 benigne

689 3347 1017 3416 Confovent,
1049 3361 1103 3406 et
1125 3349 1243 3422 qua:
1269 3353 1408 3408 bona
1437 3357 1586 3411 audit
1609 3366 1829 3423 auctor,

937 3441 1068 3497 Esse
1102 3453 1305 3499 creata.

689 3530 770 3584 Tu
799 3531 955 3587 [idem
987 3535 1182 3602 spiras,
1208 3550 1363 3591 sacra
1387 3537 1510 3607 jura
1531 3539 1727 3594 dictas.

689 3624 894 3680 Gratia:
924 3626 1128 3696 largus,
1162 3635 1316 3684 venia
1344 3641 1579 3702 reperta,

699 3717 881 3772 \‘ictor
901 3733 1172 3787 errorum,
1202 3723 1382 3792 proba:
1405 3723 1648 3780 veritatis

2198 1452 2243 1493 ν

2195 2545 2242 2606 C

665 4057 777 4135 (57)
827 4057 1032 4135 Βαρυεῇ
1069 4059 1122 4113 in
1180 4061 1462 4135 breviariis
1516 4065 1747 4120 vetustis
1797 4072 2040 4135 tempore
2080 4079 2175 4134 pa-

589 4129 783 4181 schali.
815 4159 882 4168 -—
911 4130 964 4182 2.
993 4129 1144 4185 Cass.
1181 4147 1313 4184 nova
1342 4133 1464 4186 meli
1503 4135 1796 4188 dulcedine.
1827 4129 1954 4189 Beb.
1983 4129 2172 4190 mellis.

592 4196 746 4276 “ila;
781 4198 968 4252 melum
1000 4198 1189 4276 (μέλος)
1225 4202 1419 4254 dicitur
1444 4221 1479 4276 a
1518 4205 1650 4276 mel,
1683 4204 1804 4276 quia
1832 4206 1967 4260 sicut
1994 4206 2096 4260 mel
2117 4206 2176 4274 ﬁt

588 4283 658 4320 ea:
680 4267 895 4342 diuersis
919 4267 1190 4336 generibus
1212 4287 1408 4342 rerum,
1437 4274 1510 4327 ita
1532 4267 1722 4328 malum
1762 4275 1822 4342 ﬁt
1852 4292 1916 4329 ex
1957 4267 2174 4330 diversis

592 4337 786 4390 uotulis
845 4355 1062 4402 novum,
1106 4341 1244 4393 unde
1296 4339 1581 4398 Psalmista
1618 4361 1636 4398 :
1684 4337 1903 4398 Caritate
1957 4347 2175 4399 Domino

588 4407 855 4484 canticum
886 4425 1092 4463 novum.
1119 4440 1191 4484 —_
1217 4409 1269 4464 5.
1300 4411 1381 4466 Cf.
1408 4414 1573 4482 Apoc.
1604 4429 1664 4478 v,
1693 4413 1795 4467 Hil.
1830 4433 1842 4468 :
1875 4414 2174 4484 Fisiologus

594 4486 780 4552 narrat
828 4477 1044 4552 leonem“
1077 4481 1250 4552 rugitu
1297 4499 1393 4535 suo
1448 4477 1754 4538 resuscitare
1787 4485 2018 4538 catulum
2062 4477 2176 4552 post

588 4545 860 4618 triduum;
887 4548 960 4601 ita
989 4545 1165 4602 Pater
1196 4549 1414 4606 Filium.
1446 4585 1514 4593 —
1541 4555 1590 4607 7.
1638 4554 1794 4609 Joan.
1836 4570 1899 4618 v,
1945 4555 2032 4609 28.
2063 4545 2174 4608 Hii.

597 4613 822 4693 Wirnpf.
850 4629 1110 4685 personet.
1146 4651 1215 4660 -—
1241 4622 1391 4677 8-12.
1425 4624 1589 4679 Corn.
1624 4637 1639 4676 :
1665 4613 1913 4693 Fingitur
1943 4634 2176 4678 tartarus

592 4685 853 4742 hominem
867 4699 1116 4758 tanquam
1136 4693 1369 4762 praedam
1394 4696 1690 4764 absorpta":
1707 4685 1965 4749 reuomere
1982 4696 2175 4764 (Apoc.

1540 214 1613 270 S.‘
1643 215 1990 274 FULBERTI
2029 222 2508 285 CARNOTENSIS
2546 230 2848 288 EPISCOPI

2191 334 2244 396 A

2622 342 2986 398 Testilicator.

2375 430 2508 484 Cum
2535 433 2705 494 venis,
2736 433 2949 503 culpam
2973 432 3226 504 lacryma:
3250 445 3508 502 sequaces
3583 481 3587 490 .

2376 521 2625 589 Diluunt;
2658 524 2781 579 vita:
2811 523 3093 579 recalescit
3123 524 3279 594 ignis,

2379 612 2558 684 Atque
2587 615 2896 685 compuncti
2926 624 3136 671 cremat
3167 630 3259 670 ara
3288 614 3466 670 cordis

2621 705 2769 761 Thus
2795 707 3034 776 pietatis.

2378 792 2616 850 Gloriam
2651 797 2805 852 trinaa
2829 798 3043 853 monadi
3070 813 3355 865 canamus,

2379 883 2513 939 Cum
2547 886 2654 942 Deo
2689 888 2830 965 diva:
2851 888 3108 945 Genitore
3137 884 3324 955 Proh;

2378 975 2624 1040 Flamini,
2651 993 2750 1033 nec
2772 993 2879 1033 non
2899 979 2969 1034 ab
3000 987 3230 1052 utroque
3252 979 3370 1036 fuso

2625 1067 2800 1126 Corde
2830 1071 2995 1128 fideli.

2959 1205 3170 1263 XXVII.

2712 1329 2920 1373 nrunus
2954 1332 3235 1373 pascuum
3261 1316 3394 1390 (51).

2409 1427 2663 1498 (Damae,
2708 1429 3008 1486 Tltesaurus
3035 1430 3451 1503 hymnologicus,
3474 1429 3531 1500 gl,
3559 1430 3712 1498 221.)

2482 1520 2694 1577 Chorus
2720 1538 2874 1578 novae
2897 1522 3232 1578 Hierusalem

2484 1608 2684 1664 Novam
2710 1611 2833 1667 meli
2863 1610 3202 1669 dulcedinem

2487 1702 2722 1768 Promat,
2747 1703 2930 1759 colens
2955 1719 3076 1758 cum
3106 1703 3302 1760 sobriis

2483 1792 2744 1850 Paschale
2779 1794 2977 1850 festum
3013 1794 3244 1864 gaudiis.

2277 1913 2310 1966 5
2486 1910 2603 1978 Quo
2622 1909 2896 1976 Christus,
2926 1909 3160 1965 invictus
3181 1907 3266 1963 leo

2493 2005 2735 2057 Dracone
2761 2016 2991 2078 surgens
3020 2001 3216 2055 obruto
3235 2039 3252 2064 ,

2493 2093 2627 2146 Dum
2661 2106 2791 2146 voce
2824 2092 2946 2145 viva
2976 2098 3235 2160 personat

2483 2181 2529 2235 Α
2553 2189 2728 2236 morte
2754 2178 2968 2258 functos
2987 2177 3212 2232 excitat.

2483 2293 2652 2360 Quam
2679 2292 2966 2348 devorarat
2989 2288 3266 2358 improbus
3321 2346 3338 2370 Ι

2483 2370 2730 2438 Prmdam
2757 2381 2956 2438 refudit
2992 2387 3249 2445 tartarus,

2483 2470 2810 2545 Captivitate
2836 2471 3006 2527 libera

2487 2567 2669 2620 Jcsum
2697 2571 2996 2634 sequuntur
3017 2560 3230 2634 agmina

2281 2385 2345 2439 l0

2483 2655 2804 2748 Triumphat
2833 2675 2921 2732 ille
2947 2672 3227 2745 splendide

2483 2770 2548 2824 Et
2589 2767 2782 2842 dignus
2812 2764 3185 2836 amplitudine,

2487 2859 2596 2913 Soli
2630 2857 2846 2930 polique
2878 2855 3110 2927 patriam

2496 2949 2668 3004 Unam
2696 2947 2824 3004 facit
2853 2943 3260 3016 rempublicam.

2486 3059 2664 3128 Ipsum
2692 3054 2936 3111 canendo
2969 3052 3241 3122 supplices

2489 3150 2688 3220 Regem
2713 3161 2997 3218 precemur
3028 3143 3248 3228 milites,

2486 3239 2554 3295 Ut
2578 3240 2629 3292 in
2657 3253 2752 3292 suo
2777 3235 3080 3290 clarissimo

2489 3329 2596 3383 Nos
2629 3327 2844 3382 ordinet
2873 3324 3097 3395 palatio.

2279 2861 2343 2916 15

2481 3441 2587 3495 Per
2610 3437 2762 3494 saecla
2801 3429 2958 3491 metae
2987 3433 3165 3490 nescia

2483 3530 2628 3589 Patri
2658 3541 2910 3598 supremo
2937 3525 3129 3596 gloria,

2485 3619 2773 3690 llonorque
2803 3616 3013 3670 sitcum
3036 3613 3176 3671 Filio

2409 3707 2411 3709 ’
2480 3713 2548 3772 Et
2571 3711 2772 3782 Spiritu
2797 3707 3076 3783 paraclito.

2275 4079 2366 4129 xx,
2399 4062 2488 4132 15)
2535 4071 2584 4116 et
2604 4061 2845 4132 'ﬁngttur
2883 4059 2981 4117 Ch.
3021 4063 3259 4117 incedere
3288 4053 3649 4132 triumphator
3669 4057 3831 4132 etle

2276 4119 2430 4196 gnam
2463 4119 2670 4187 turbam
2695 4119 2760 4185 ἕω
2784 4134 3029 4186 servitute
3057 4133 3396 4186 liberatarum
3421 4119 3598 4196 secum
3633 4119 3828 4196 traheret

2274 4191 2424 4260 Dicit
2445 4212 2601 4273 poeta
2628 4211 2812 4272 patres
2848 4201 2910 4273 in
2934 4202 3122 4273 limbo.
3156 4202 3265 4256 Hii.
3311 4195 3540 4273 legendo
3557 4195 3831 4273 -seqttantff

2276 4274 2352 4346 ad,
2372 4261 2561 4329 omnes
2592 4261 2863 4346 pertinere
2885 4271 3017 4346 facit
3040 4261 3400 4346 Christianos.
3417 4265 3527 4346 AM.
3557 4261 3831 4346 ωαξης-

2278 4321 2620 4413 Ξὲιεῐὶἕὶὶῖπῖρῖ
2631 4321 2764 4414 ζίῖ
2776 4321 2860 4414 ὅτ’
2875 4321 3025 4396 ὁὲιέξ.
3041 4321 3388 4414 inata};
3406 4335 3552 4414 [ςςῑς.
3578 4324 3660 4414 τί
3674 4321 3826 4414 17920-

2277 4414 2483 4491 Desunt
2534 4404 2672 4491 apud
2709 4412 3224 4491 Lutlecttm__21-?4»,
3251 4404 3829 4491 apnd'fftbfjgiﬂlgzz

2275 4486 2367 4539 ‘20.
2396 4513 2468 4524 -—
2498 4471 2909 4554 ordinarejhvoxg
2931 4471 3302 4554 militaris};
3431 4475 3528 4530 Sb.
3553 4472 3678 4554 Hila
3695 4471 3830 4554 metu

2278 4556 2451 4610 nescia
2477 4569 2598 4622 qua:
2625 4552 2722 4622 (ita
2742 4551 2850 4609 Ilii.
2889 4552 3122 4607 humana
3142 4546 3485 4623 possibilitate
3513 4552 3638 4600 sunt
3660 4546 3830 4596 incum

2278 4623 2671 4696 prehensibilia.
