3918 5326
87 155 174 217 853
202 171 204 174 ’
1455 143 1844 208 DIPLOMATA

93 275 3274 317 me

1017 425 1530 543 SANCTI
1617 423 2313 584 FULBERTI

1464 658 1853 742 VERSUS

791 839 877 896 DE
914 838 1119 897 UNCIA
1156 831 1247 895 ET
1286 836 1626 895 PARTIBUS
1663 834 1830 894 EJUS
1869 835 1958 892 ET
1998 833 2087 890 DE
2127 830 2512 890 SCRUPULO.

84 992 249 1062 (Edidit
277 993 500 1052 Carolus
520 994 588 1051 de
618 995 851 1064 Villiers,
881 997 1161 1067 theologus
1188 995 1532 1062 Parisiensis,
1565 995 1616 1049 in
1647 997 1894 1137 n05II55)8d
1921 993 2084 1064 epist.
2110 991 2214 1046 1ιὸ
2235 989 2498 1057 Fulberti,
2529 987 2783 1045 Bibliotb.
2806 982 2912 1040 PP.
2943 995 3075 1041 tom.
3101 981 3290 1049 XVIII,

1542 1081 1664 1136 pag.
1781 1104 1794 1117 .

1542 1081 1664 1136 pag.
1703 1081 1794 1120 oo.

1325 1299 1400 1358 De
1423 1303 1578 1358 uncia
1601 1314 1648 1358 et
1683 1302 1939 1372 partibus.

884 1393 1053 1450 Uncia
1082 1393 1270 1463 viginti
1301 1393 1565 1462 scirputos
1601 1400 1654 1447 et
1691 1400 1952 1463 quattuor
1975 1388 2147 1463 ambit
2183 1402 2198 1441 :

891 1457 1180 1518 Dimidium
1210 1472 1378 1517 stater
1413 1457 1479 1517 ac
1518 1457 1812 1517 semiuricia
1850 1461 2050 1514 dicitur
2089 1457 2226 1525 ejus;

884 1533 1060 1588 Terua
1085 1535 1204 1587 dum
1225 1534 1382 1587 seclze
1407 1549 1534 1602 pars
1563 1541 1647 1587 est
1669 1534 1964 1600 eademque
1994 1531 2202 1590 duella;

884 1604 1084 1670 Quarta
1121 1603 1284 1658 siclus
1315 1604 1393 1656 vel
1434 1604 1669 1657 sicilicus
1698 1603 1782 1656 vel
1809 1602 2040 1669 denique
2067 1602 2196 1652 sicel
2230 1617 2244 1652 :

883 1669 1103 1728 Scxlnla
1129 1683 1280 1728 sexta
1314 1674 1470 1727 modo
1505 1674 1642 1727 solet
1672 1680 1725 1728 et
1750 1674 1908 1726 modo
1943 1670 2086 1725 secta
2116 1669 2336 1734 vocari;

883 1744 1142 1799 Octavam
1179 1744 1456 1814 appellant
1483 1746 1877 1815 dragmaui.....

1252 1837 1325 1891 De
1357 1835 1585 1906 scirpulo
1611 1846 1656 1888 et
1686 1835 1920 1904 partibus
1941 1833 2076 1902 ejus.

883 1926 1033 1983 Unus
1057 1929 1182 1984 item
1213 1929 1422 1998 scirpos
1447 1926 1610 1982 calcis
1638 1925 1979 1998 componitur
2015 1932 2158 1986 octo,

884 1999 1170 2052 Dimidium
1194 1996 1416 2068 scirpuli
1439 2008 1524 2068 est
1557 1996 1702 2068 obul,
1735 2011 1860 2063 pars
1888 2005 2080 2063 quarta
2104 2001 2350 2068 cerates;

889 2068 1025 2122 IIiuc
1045 2079 1256 2122 sextam
1293 2065 1415 2138 litigi
1443 2067 1643 2136 placuit
1672 2076 1989 2138 sestamque
2029 2065 2206 2138 uocari
2237 2080 2251 2115 :

877 2138 1111 2194 Ultimus
1143 2147 1226 2192 est
1264 2134 1466 2202 cale-us,
1496 2138 1690 2191 ciceris
1727 2137 1834 2190 duo
1867 2134 2091 2206 granula
2135 2149 2389 2202 pensans.

97 2267 3278 2304 W

1264 2389 2112 2502 PROCLAMATIO

1114 2557 1498 2628 ANTEQUAM
1531 2557 1780 2615 DICANT
1810 2557 1957 2612 PAX
1981 2557 2268 2615 ΒΟΜΙΝΙ

666 2714 1028 2777 Composita
1054 2733 1093 2774 a
1119 2712 1371 2776 domino
1408 2714 1748 2775 FULBER'I‘O
1765 2731 1889 2792 pro
1925 2711 2307 2774 adversariis
2339 2713 2652 2776 Ecclesia.

902 2862 1136 2934 (Dunod,
1167 2861 1400 2916 Histoire
1431 2863 1494 2915 de
1521 2860 1788 2926 Resanpon
1828 2860 1867 2926 l,
1912 2860 2156 2924 Prenves,
2189 2879 2240 2933 p.
2272 2880 2367 2918 rm
2394 2866 2414 2934 )

93 3123 182 3184 ειη
211 3125 380 3197 spiritu
428 3126 756 3183 humilitatis
789 3136 844 3182 et
878 3126 932 3181 in
978 3124 1160 3180 animo
1209 3124 1443 3180 contrito
1485 3132 1608 3179 ante
1635 3127 1686 3184 Α
1711 3133 2018 3178 sanctorum
2047 3122 2268 3177 Joannis
2299 3123 2522 3192 apostoli
2548 3133 2601 3178 et
2630 3123 2887 3194 Stephani
2922 3137 3290 3203 protomarty-

93 3227 288 3273 sanctum
335 3220 509 3276 altare
559 3232 707 3275 unum
738 3229 794 3275 et
842 3218 1265 3275 sacratissimum
1314 3233 1509 3287 corpus
1551 3227 1606 3272 et

90 3311 347 3382 sanguinem
375 3321 556 3378 tuum,
582 3311 809 3367 Domine
841 3309 990 3376 Jesu,
1036 3312 1365 3381 Redemptor
1395 3310 1603 3372 mundi,

91 3401 361 3466 accedimus,
389 3411 445 3458 et
472 3403 545 3458 de
583 3403 821 3473 peccatis
865 3402 1087 3467 nostris,
1115 3416 1212 3470 pro
1241 3401 1436 3469 quibus
1459 3399 1605 3469 juste

88 3487 334 3560 afﬂigimur,
360 3493 660 3565 culpabiles
683 3508 866 3548 coram
900 3501 952 3546 te
978 3507 1075 3546 nos
1096 3492 1388 3546 reddimus.
1416 3489 1496 3543 Ad
1529 3499 1600 3554 te,

88 3579 264 3639 Domine
301 3585 444 3653 Jesu,
490 3588 766 3652 venimus,
797 3587 864 3642 ad
890 3595 942 3642 te
979 3588 1232 3657 prostrati
1279 3586 1602 3650 clamamus,

87 3672 177 3739 quia
203 3673 352 3746 iniqui
375 3690 427 3734 et
452 3679 698 3748 superbi,
739 3678 959 3749 suisque
983 3678 1190 3733 viribus
1209 3677 1418 3743 conﬁsi,
1447 3677 1607 3732 undi-

87 3773 162 3828 ευρ
182 3778 324 3834 super
364 3784 460 3824 nos
506 3769 818 3840 insurgunt.
851 3767 1041 3823 Terras
1078 3767 1261 3824 Sancti
1289 3767 1513 3823 lamis
1556 3776 1604 3822 et

87 3848 228 3908 Sancti
263 3856 508 3929 Stephani
544 3861 818 3928 invadunt,
865 3861 1239 3932 deprwdantur
1277 3873 1327 3916 et
1373 3873 1598 3918 vastant.

85 3939 300 4013 Panperes
323 3957 439 4006 tuos
467 3951 708 4008 cultores
737 3967 922 4007 earum
957 3954 1009 4008 in
1038 3953 1224 4009 dolore
1254 3963 1308 4008 et
1347 3953 1487 4009 fame
1516 3963 1602 4008 at-

86 4044 162 4100 que
199 4037 420 4096 nuditate
471 4043 662 4098 vivere
718 4042 947 4098 faciunt.
1000 4043 1309 4101 Tormentis
1353 4046 1517 4100 etiam
1549 4053 1604 4100 et

89 4121 233 4190 gladiis
272 4132 520 4188 occidunt
554 4144 808 4189 :nostras
857 4137 1023 4191 etiam
1069 4152 1156 4191 res
1211 4137 1352 4191 unde
1421 4137 1602 4192 vivere

89 4211 290 4274 debemus
313 4220 360 4274 in
386 4230 476 4276 tuo
496 4231 690 4278 saneto
711 4226 953 4291 servitio,
976 4236 1030 4280 et
1056 4241 1198 4297 quas
1216 4228 1386 4282 beatm
1407 4227 1602 4282 anima:

91 4298 180 4355 huic
203 4304 304 4361 loco
325 4324 419 4378 pro
438 4311 613 4366 salute
635 4327 730 4367 sua
759 4313 1119 4384 reliquerunt,
1139 4315 1422 4384 diripiunt,
1444 4317 1602 4372 nobis

91 4389 210 4447 etiam
228 4396 470 4456 violenter
494 4401 768 4458 auferunt.
797 4405 1034 4461 Ecclesia
1067 4417 1158 4461 tua
1187 4407 1322 4472 hare,
1352 4408 1597 4472 Domine,

92 4494 214 4549 quam
258 4491 437 4558 priscis
491 4495 830 4565 temporibus
880 4497 1138 4564 fundasti,
1189 4507 1242 4554 et
1289 4500 1340 4554 in
1394 4500 1598 4554 honore
1632 4487 1680 4546 Β

1707 3215 1782 3268 ris
1815 3215 1888 3267 tui
1919 3211 2244 3274 sublimasti,
2270 3214 2420 3266 sedet
2448 3213 2498 3266 in
2523 3214 2762 3279 tristitia,
2795 3231 2895 3270 nec
2921 3220 3114 3286 estqui
3144 3236 3282 3274 con-

1707 3296 1910 3357 suletur
1934 3317 2052 3356 eam
2074 3311 2128 3355 et
2151 3301 2358 3364 liberet,
2384 3303 2483 3358 nisi
2511 3313 2588 3367 tu,
2617 3305 2758 3360 Deus
2788 3316 2989 3362 noster.
3015 3309 3281 3382 Exsurge,

1708 3393 1933 3448 Domine
1959 3391 2107 3457 Jesu,
2146 3393 2198 3445 in
2225 3391 2548 3459 adjutorium
2590 3405 2858 3462 nostrum,
2907 3399 3150 3454 conforta
3186 3419 3290 3456 nos

1705 3493 1761 3540 et
1782 3485 2044 3540 auxiliare
2060 3485 2238 3540 nobis.
2260 3485 2520 3557 Expugua
2545 3487 2917 3559 impugnantes
2941 3508 3055 3547 nos.
3075 3494 3288 3564 Frange

1705 3579 1865 3632 etiam
1890 3577 2194 3647 superbiam
2227 3577 2439 3632 illorum
2479 3581 2568 3650 qui
2612 3582 2753 3637 hunc
2793 3583 2967 3657 locum
2992 3595 3046 3639 ct
3071 3602 3170 3640 nos
3195 3587 3282 3640 ul-

1703 3665 1914 3737 Iligunt,
1960 3676 2016 3722 et
2059 3664 2294 3736 aIIligere
2339 3670 2582 3738 cupiunt.
2625 3669 2704 3732 Tu
2753 3671 2878 3738 scis,
2915 3671 3158 3738 Domine,
3188 3677 3285 3750 qui

1705 3769 1833 3812 sunt
1862 3758 1958 3823 illi,
1987 3767 2043 3813 et
2073 3759 2293 3813 nomina
2321 3774 2546 3826 eorum;
2585 3774 2812 3830 corpora
2841 3769 2897 3815 et
2915 3762 3100 3827 corda,
3124 3773 3285 3818 antc-

1704 3861 1867 3916 quam
1913 3858 2289 3914 nascerentur,
2336 3849 2432 3904 tibi
2486 3858 2612 3903 sunt
2657 3850 2895 3920 cognita.
2942 3850 3291 3921 Quapmpter‘

1705 3954 1819 4004 eos,
1857 3938 2105 4005 Domine,
2136 3941 2278 3996 sicut
2307 3940 2434 4007 scis,
2472 3939 2710 4010 justillca
2736 3943 2788 3997 in
2814 3943 3014 3998 virtute
3045 3953 3165 4010 tua;
3200 3943 3284 3999 fac

1704 4046 1797 4086 eos
1819 4045 2226 4102 recognoscere,
2259 4041 2420 4102 prout
2455 4034 2551 4088 tibi
2604 4033 2806 4102 placet,
2839 4049 2934 4088 sua
2970 4033 3285 4100 malefacta,

1702 4130 1758 4177 et
1784 4121 1951 4177 libera
1979 4138 2077 4176 nos
2124 4123 2177 4176 in
2213 4124 2581 4180 misericordia
2610 4134 2720 4180 tua.
2751 4125 2828 4180 Ne
2857 4127 3122 4196 despicias
3158 4144 3278 4191 nos,

1702 4211 1955 4278 Domine,
1991 4213 2291 4270 clamantes
2320 4217 2388 4270 ad
2435 4225 2505 4281 te,
2538 4219 2631 4273 sed
2665 4228 2886 4290 propter
2916 4217 3140 4290 gloriam
3183 4236 3284 4273 no-

1703 4305 1864 4360 minis
1889 4305 1965 4359 lui
1998 4313 2056 4360 et
2105 4299 2534 4361 misericordiam
2587 4309 2744 4364 visita
2793 4323 2893 4364 nos
2941 4309 2992 4363 in
3039 4325 3192 4379 pace,
3225 4319 3284 4364 et

1702 4411 1833 4451 erue
1869 4411 1966 4451 nos
1992 4411 2022 4450 a
2053 4398 2303 4465 ιιι-ωεξηιὶ
2339 4398 2606 4465 angustia.

99 4620 3267 4664 mw

826 4747 1490 4862 sumen
1550 4749 2458 4897 FULBEBTI

901 4970 905 4975 ’
1183 4975 2052 5098 DIPLOMATA.

1701 5284 1821 5326 rus.
1867 5284 1975 5326 non
2003 5272 2234 5326 .nuidem
2283 5267 2417 5324 meis
2456 5273 2695 5326 meritis.
2739 5265 2835 5318 sed
2877 5277 3060 5326 RI‘alia
3109 5282 3317 5326 more“
