4018 6378
674 304 779 366 355

1790 318 1847 380 s.
1877 320 2228 378 FL‘LBERTI
2263 321 2743 385 CARNOTENSIS
2778 325 3082 391 EPiSCOPl

660 422 769 487 nis,
797 418 1118 477 clericorum
1163 422 1371 479 scilicet
1415 433 1470 481 et
1514 429 1922 513 monachorum.
1961 442 2067 487 tam
2109 450 2250 504 prte-
2278 441 2326 497 Α
2353 450 2509 491 suum
2548 438 2819 511 delegaret
2845 447 3046 499 nostris
3086 446 3293 513 usibus,
3323 465 3384 505 ea
3428 453 3679 514 videlicet
3716 469 3884 525 unone
3956 486 3957 525 ἦ

661 512 908 571 sentiblls
947 532 1104 588 quam
1155 519 1492 591 futuris“per
1520 512 1759 580 ventura
1791 534 2028 598 tempora
2066 547 2252 587 succe-

658 607 930 672 dentibus,
981 610 1215 678 qualiter
1260 608 1734 705 monaclﬁ‘Saneli
1783 618 1995 675 Martini
2032 622 2249 692 Majoris

657 694 970 752 Monasterii
1027 708 1267 755 nostram
1302 704 1548 758 adierunt
1577 694 1941 774 praesentiam,
1976 712 2249 769 humiliter

657 786 1014 855 deprecantes
1043 799 1099 844 ut
1129 791 1199 846 ob
1227 808 1465 849 amorem
1495 794 1588 849 Dei
1618 799 2003 879 omnipotentis
2041 812 2096 858 et
2122 819 2248 859 sane

655 885 755 931 cla:
785 876 969 933 Maria:
998 880 1090 936 Dei
1120 883 1397 952 genitricis
1427 886 1694 957 simulque
1714 887 1825 956 jam
1869 873 2247 957 dic-iitcpnfes-

2353 537 2412 580 ut
2443 532 2681 597 quamiiu
2713 534 2953 590 viverent
2981 539 3092 606 ipse
3122 548 3178 593 et
3203 557 3338 597 uxor
3359 544 3495 616 ejus,
3527 550 3741 607 nomine
3776 554 3882 623 0J2,
3956 532 3957 585 ἶ

2352 617 2404 671 in
2435 619 2588 690 cujus
2631 612 2752 678 dote
2786 614 2874 679 est.
2898 630 3185 709 prauiirtus
3214 612 3424 701 alodus,
3463 647 3747 709 utrumque
3771 612 3885 702 tene:
3956 640 3957 713 ξ

2350 719 2502 776 rent;
2528 725 2646 782 post
2673 702 2952 771 decessum
2978 735 3105 774 vero
3129 736 3335 790 eorum,
3362 737 3651 800 utrumque
3672 733 3884 794 fratribus

2349 815 2682 860 remaneret.
2712 807 2877 878 Cujus
2902 812 3250 879 petitionibus
3271 816 3503 874 libenter
3529 826 3879 893 acquievinms,

2347 892 2444 963 per
2486 910 2767 950 assensum
2827 898 3030 955 Oilonis
3084 904 3318 971 comitis,
3351 903 3423 962 in-
3458 892 3623 983 cujus
3667 920 3880 976 comitatu

654 966 796 1021 seris
827 967 1067 1036 Martini,
1098 972 1385 1042 quamdam
1414 976 1698 1031 ecclesiam
1728 966 2280 1079 Νςινοῖιηοηιῧῦςενλ
2346 992 2474 1036 sunt
2504 995 2744 1055 utraeque
2772 995 2929 1044 terra:
2946 990 3018 1051 de
3045 993 3240 1062 quibus
3268 1006 3351 1050 est
3378 1012 3582 1055 sermo.
3624 1001 3796 1059 Nostra
3821 1011 3881 1064 si.

655 1056 822 1079 -I.-_-
861 1071 1002 1079 -‘ﬂa.
1206 1066 1218 1079 ι
1314 1068 1344 1079 ,ο
1411 1067 1422 1077 ι
1568 1068 1626 1079 ρ..
1701 1070 1713 1079 .
1758 1071 1769 1079 .
1851 1071 1898 1079 --
1971 1075 1982 1079 -
2205 1077 2213 1079 _
2424 1075 2473 1079 --

653 1056 826 1112 altare
856 1071 1055 1116 sanctte
1098 1079 1162 1117 ac
1206 1066 1530 1123 beatissima:
1568 1068 1801 1141 Virginis
1850 1071 2033 1129 Maria:
2081 1056 2563 1166 perii-rueglt‘idem
2590 1086 2757 1144 terra,
2792 1094 2954 1150 quam
2982 1097 3080 1152 per
3130 1088 3430 1154 precariam
3477 1094 3656 1160 poscit
3699 1095 3877 1166 habere,

651 1160 894 1216 rientem,
935 1153 1013 1207 eis
1043 1167 1224 1211 emere
1262 1166 1611 1228 emptamqne
1634 1162 1928 1229 possidere
1967 1165 2019 1220 iu
2048 1180 2242 1237 perpea
2264 1192 2291 1219 τ’

651 1248 803 1294 tuum
845 1242 1286 1302 concederemus.
1344 1248 1495 1316 Quod
1544 1252 1618 1306 ita
1672 1254 1945 1321 facimus,
1999 1256 2287 1329 ililgodio'

650 1330 848 1398 milite,
898 1334 982 1388 cui
1030 1336 1095 1389 de
1140 1347 1326 1393 nostro
1369 1340 1631 1398 beneﬁcio
1684 1334 1956 1413 pertinere
2004 1347 2240 1416 videtur,

649 1434 930 1476 assensum
963 1424 1256 1492 praebente.
1313 1427 1580 1485 Coemunt
1629 1446 1759 1504 ergo
1785 1449 1903 1488 eam
1936 1444 1991 1490 et
2019 1439 2241 1494 minimo

646 1514 820 1581 pretio
851 1515 900 1569 in
927 1526 1199 1585 posterum
1222 1521 1323 1575 sibi
1350 1522 1625 1578 vindicant
1652 1525 1720 1580 ab
1748 1525 1986 1590 ~Roberto
2006 1524 2239 1598 quodam

646 1603 897 1670 νίιεδςιιίο,
926 1616 981 1660 et
1017 1622 1046 1660 a
1075 1608 1282 1664 duobus
1310 1610 1432 1667 filiis
1461 1613 1577 1683 ejus
1605 1610 2235 1694 ArnulfopeﬂNotberto,

644 1704 699 1746 et
732 1705 906 1751 matre
935 1711 1118 1752 eorum
1152 1716 1167 1766 ;
1203 1701 1292 1770 qui
1324 1703 1567 1759 eamdem
1612 1706 1895 1763 ecclesiam
1925 1710 1990 1765 de
2016 1710 2234 1767 Walre-

644 1789 724 1843 rio
761 1788 870 1844 filio
898 1791 1177 1848 Gaucelini
1208 1805 1410 1861 tenent,
1447 1799 1548 1852 sub
1573 1800 1725 1871 cujus
1747 1801 1901 1872 juSsu
1929 1814 1983 1857 et
2010 1818 2234 1860 assensu
2269 1780 2312 1839 Β
2340 1808 2621 1863 decessum
2649 1824 2777 1865 vero
2802 1822 3010 1880 eorum,

644 1876 826 1934 Sancti
858 1881 1067 1937 Martini
1093 1887 1374 1943 monachis
1398 1890 1593 1970 venali:
1605 1893 1914 1948 conditione
1941 1895 2007 1950 de
2029 1895 2235 1966 reliquo

642 1970 945 2028 habendam
972 1978 1298 2032 concedunt.
1331 1968 1922 2069 llabé‘nt‘itaque........
1949 1996 2002 2044 et
2029 1997 2232 2057 tenent,

640 2067 696 2113 et
750 2061 956 2134 absque
1009 2066 1111 2120 ulla
1158 2061 1804 2144 inquietudinealicujus
1851 2080 2084 2150 episcopi
2134 2097 2230 2137 seu

639 2150 868 2221 alicujus
903 2154 1137 2212 hominis
1167 2160 1235 2215 ab
1263 2160 1522 2219 hodierna
1551 2165 1637 2219 die
1665 2176 1722 2221 et
1746 2169 2002 2240 deinceps
2041 2188 2230 2227 mona-

638 2242 725 2297 chi
761 2245 867 2300 Deo
894 2258 948 2301 et
978 2259 1169 2306 sancto
1216 2251 1449 2332 illartiuo
1501 2256 1631 2311 inibi
1679 2258 2001 2317 famulantes
2042 2266 2231 2333 praefa-

641 2343 746 2388 tam
777 2337 1058 2394 ecclesiam
1088 2352 1143 2396 et
1170 2326 1430 2415 quidquid
1461 2348 1527 2402 ad
1551 2363 1671 2404 eam
1697 2352 1970 2421 pertinere
1994 2326 2227 2420 videtur,

636 2440 828 2482 secure
878 2439 1094 2485 teneant
1142 2443 1303 2504 atque
1354 2437 1682 2507 possideant.
1736 2441 1999 2498 Consistit
2039 2454 2224 2500 autem

636 2518 751 2575 huic
775 2520 1002 2578 ecclesia
1027 2523 1078 2578 in
1101 2542 1239 2596 pago
1262 2526 1637 2586 Vindocinensi
1663 2533 1802 2587 haud
1831 2534 1989 2605 longe
2009 2536 2080 2591 ab
2112 2537 2225 2607 ipso
2250 2578 2257 2585 .

635 2620 819 2666 castro
850 2616 1105 2684 seposita.
1154 2616 1381 2675 Nomina
1425 2636 1554 2678 vero
1602 2624 1816 2679 testimn
1867 2627 1957 2694 qui
2005 2626 2072 2680 ad
2124 2628 2227 2683 hoc

638 2701 964 2758 audiendum
992 2707 1240 2775 producti
1272 2709 1488 2767 fuerunt
1514 2712 1740 2770 inferius
1776 2716 2028 2772 adnotata
2055 2719 2228 2773 conti-

638 2804 838 2848 nentur
879 2813 892 2851 :
943 2797 1308 2857 Theodericus
1346 2804 1670 2874 capicerius,
1723 2805 1851 2878 Sigo
1898 2821 2222 2879 prteccntor,

635 2880 974 2955 llillcgarius
1013 2888 1248 2959 Pupilla,
1282 2892 1566 2961 Giroiuus,
1595 2894 1892 2955 Raiualdus
1937 2900 2227 2957 vicedomi-

635 2989 759 3042 nus,
790 2976 1050 3037 Girardus
1078 2981 1362 3052 Badellus,
1394 2985 1708 3044 Gauslinus.
1740 3008 1761 3043 ι

632 3153 712 3211 De
740 3157 1110 3244 {circuiuit-lare
1133 3181 1225 3244 per
1257 3170 1549 3237 precariam
1580 3176 1705 3244 dato
1750 3174 2011 3242 Gradulfo
2041 3167 2216 3244 militi,

728 3239 777 3284 et
808 3235 873 3286 de
895 3229 1167 3289 Palisiaco
1195 3229 1267 3291 ἔρι’
1290 3243 1767 3310 recompensalt'one
1788 3244 1851 3298 ab
1883 3229 2117 3301 eo'duto.

1132 3325 1273 3381 Ante
1306 3343 1507 3382 annum
1556 3329 1710 3384 1024.

632 3404 937 3490 {Glitium},
970 3411 1298 3490 Documents
1329 3418 1519 3473 im‘dits
1563 3438 1657 3475 sur
1684 3422 1842 3477 l'liist.
1875 3424 1939 3478 de
1989 3424 2211 3490 France,

538 3490 549 3493 “
704 3490 854 3568 ἔρῳ.-
891 3483 1085 3568 leag.
1268 3489 1336 3541 du
1386 3490 1691 3568 carlulaire
1744 3494 1811 3548 de
1863 3493 2105 3568 l’ahbaye
2149 3483 2216 3552 de

703 3549 1116 3614 Saint-Pé're'de
1141 3549 1450 3633 Chartres.]
1658 3560 1675 3568 '
1949 3549 1965 3615 ί

705 3658 724 3691 t
747 3640 802 3695 In
835 3645 1051 3701 nomine
1081 3658 1282 3705 sancta:
1308 3660 1363 3706 et
1386 3651 1676 3710 individua:
1711 3654 2018 3721 Trinitatis,
2039 3655 2217 3713 Patris

627 3729 901 3798 videlicet,
933 3746 989 3791 et
1036 3737 1181 3806 Filii,
1233 3751 1290 3797 et
1338 3743 1573 3814 Spiritus
1625 3747 1827 3813 sancti,
1871 3748 2211 3817 FtlLBERTUS,

627 3821 814 3879 Gratia
840 3826 957 3893 Dei,
981 3827 1392 3887 Carnotensium
1422 3824 1730 3907 episcopus,
1757 3847 1811 3892 et
1835 3838 2002 3895 abbas
2026 3839 2211 3895 Sancti

629 3913 775 3970 Petri
829 3924 1145 3977 monasterii
1197 3923 1665 3994 Maosnanuus,ct
1718 3930 2068 4000 congregatio
2100 3932 2213 3986 fro.

629 4015 771 4061 trum
782 4045 795 4058 .

705 4118 723 4148 ‹
745 4098 940 4155 Notum
961 4118 1080 4159 esse
1097 4106 1341 4164 volumus
1360 4119 1562 4166 sanctae
1582 4110 1675 4167 Dei
1695 4112 1951 4169 Ecclesite
1968 4113 2212 4175 fidelibus

627 4192 918 4260 universis,
949 4200 1303 4266 praesentibus
1331 4213 1493 4272 atque
1539 4203 1766 4270 futuris,
1794 4207 2027 4275 qualiter
2081 4217 2209 4263 ante

625 4290 866 4337 nostram
895 4290 1238 4353 praesentiam
1269 4294 1492 4348 veniens
1525 4296 1678 4350 miles
1723 4298 1961 4366 quidam,
1991 4300 2208 4355 nomine

2470 1170 2744 1255 Hactensi
2769 1172 3029 1229 comitatu
3049 1177 3242 1245 posita,
3280 1190 3507 1236 vocatur
3528 1182 3875 1255 Jeraniviltare.
3956 1170 3957 1203 λ

2295 1260 2309 1273 “
2342 1266 2403 1312 et
2448 1258 2775 1357 lllﬁ‘ﬂl‘odus
2823 1278 2983 1333 quem
3039 1280 3433 1339 recompensat,
3465 1272 3522 1327 iu
3568 1273 3733 1331 Droca
3752 1293 3874 1335 sensu

2345 1351 2363 1418 ί
2371 1351 2463 1415 Β;,·
2487 1346 2764 1418 οοὶὸθὶίηὶ

2342 1445 2654 1515 nominatur

2341 1528 2703 1592 uivillareeo.
2725 1528 2775 1593 ιέ

2338 1627 2640 1695 precariam
2664 1618 2884 1693 concedi

2338 1718 2594 1786 praedicta
2647 1720 2765 1789 ejus
2809 1720 2941 1778 Oda‘
2964 1740 2995 1778 u

2819 1356 3076 1413 comitatu
3098 1374 3262 1430 super
3279 1361 3478 1419 ﬂumen
3506 1364 3696 1434 Blesis,
3714 1372 3876 1439 positus

2835 1450 3001 1527 heus.
3031 1450 3281 1508 Nostram
3321 1456 3506 1527 itaque
3542 1466 3737 1514 terrain
3762 1460 3875 1517 Jen-

3013 1541 3222 1597 radull‘o
3265 1558 3425 1614 supra
3492 1549 3762 1603 nominato
3802 1568 3873 1623 per

3098 1636 3375 1704 tquandiu
3406 1635 3527 1707 ipse
3548 1639 3812 1708 adrixerit,
3834 1654 3873 1698 et

3090 1737 3457 1825 laurumque
3507 1739 3748 1800 teneant;
3779 1747 3871 1804 post

3045 1806 3267 1905 ἓιξζᾷεςι
3290 1834 3451 1888 quam
3478 1821 3689 1887 damus,
3722 1835 3769 1878 et
3788 1826 3872 1879 alo-

2336 1897 2437 1953 dus
2457 1896 2571 1967 jam
2594 1903 2923 1970 nominatus,
2947 1893 3499 1989 quietagjm'ad
3534 1928 3663 1969 usus
3688 1914 3867 1970 initi-um
3956 1920 3957 1931 ‘

2335 1990 2669 2057 perveniant.
2709 1968 2920 2049 Placuit
2940 1968 3587 2077 iierumﬁfu‘éiastra
3630 2006 3868 2059 conventio

2336 2079 2388 2133 in
2414 2082 2620 2136 duabus
2644 2084 2848 2139 chartis
2875 2074 3492 2161 scriberetur,quarum
3521 2108 3680 2148 unam
3717 2095 3867 2163 [medi-

2333 2181 2452 2227 ctus
2490 2172 2644 2229 miles
2665 2175 2909 2241 haberet,
2939 2178 3107 2234 altera
3130 2196 3259 2236 vero
3282 2181 3568 2239 nobiscum
3592 2195 3863 2241 remaneret.

2331 2263 2399 2318 Et
2422 2273 2480 2318 ut
2518 2266 2632 2321 haec
2659 2269 2852 2323 notitia
2887 2280 3203 2340 permaneat
3241 2273 3417 2339 firma,
3452 2285 3640 2332 nostra
3687 2278 3861 2331 nomina

2610 1406 2880 1496 em};

2884 1580 3091 1683 ﬁt...

2331 2356 2729 2427 assignavimus
2761 2370 2815 2416 et
2845 2364 3059 2418 comitis
3087 2361 3311 2432 Odonis,
3339 2381 3640 2438 eorumque
3664 2368 3744 2438 qui
3768 2369 3863 2422 huic
3956 2356 3957 2427 Ὗ

2331 2449 2546 2518 negotio
2569 2450 2804 2505 maxime
2826 2452 3187 2511 interfuerunt
3212 2456 3431 2512 nomina
3463 2457 3857 2514 subnotarimus:
3956 2449 3957 2518 ἰ

2329 2536 2387 2593 S.
2430 2539 2673 2596 Fulherti
2697 2543 2959 2615 episcopi.

2375 2671 2387 2684 .
2427 2628 2631 2688 Odonis
2656 2635 2890 2689 comitis.
3040 2688 3063 2717 γέ

2375 2671 2387 2684 .
2428 2664 2631 2688 υιιυιιιθ
2656 2664 2890 2689 comma.
3053 2688 3058 2693 .

2374 2763 2388 2780 .
2429 2723 2738 2796 Magenardi
2770 2664 3233 2817 θιιυῂιῑξίλ,

2372 2856 2386 2872 .
2428 2816 2665 2874 Durandi
2699 2819 2913 2875 decaui.

2371 2949 2386 2964 .
2426 2909 2661 2965 Amulli.
2958 2910 2963 2915 ’

2372 3041 2385 3053 .
2425 3002 2710 3059 Marcuini.
3430 3022 3526 3104 ’χ

2370 3135 2382 3148 .
2425 3094 2685 3151 Richerii.

2370 3226 2380 3237 .
2421 3185 2738 3258 Beringerii.

2366 3317 2378 3331 .
2422 3278 2684 3334 Wadrici.

2366 3410 2379 3423 .
2413 3370 2639 3443 Letaldi.

2367 3501 2380 3516 .
2422 3463 2823 3533 Christophori.

2366 3592 2381 3606 .
2421 3551 2732 3609 Gauzberti.

2363 3685 2378 3699 .
2416 3645 2748 3702 Guinefredi.

2366 3780 2380 3794 .
2396 3740 2645 3819 pOtbcrti.

2362 3872 2375 3888 .
2419 3832 2661 3890 lluberti.

2317 3928 2374 3984 S.
2416 3928 2662 3984 lluberti.

2320 4022 2380 4078 S.
2421 4021 2702 4086 Rodberti,
2731 4027 3146 4075 etcmtcrorum.
3183 4039 3205 4075 ι

2340 4166 2345 4170 .
2387 4115 2516 4171 Post
2542 4125 2767 4171 mortem
2797 4116 3014 4183 quidem
3037 4112 3279 4170 Gradulli
3308 4120 3362 4169 et
3390 4112 3581 4169 uxoris
3598 4108 3703 4179 ejus
3723 4104 3838 4167 οδε.

2317 4211 2383 4265 de
2413 4209 2737 4279 supradictis
2768 4207 2929 4262 terris
2961 4207 3123 4260 multa
3156 4205 3292 4259 mala
3341 4204 3579 4275 perpessi
3607 4206 3719 4294 sunt

2314 4303 2471 4356 nachi
2503 4318 2532 4354 a
2557 4301 2870 4371 parentibus
2892 4300 3294 4368 przedit-torum,
3319 4294 3621 4363 dicentibus
3638 4288 3745 4358 jure
3760 4282 3837 4340 sibi

2329 2628 2368 2685 S

2329 2722 2368 2777 S

2327 2816 2366 2873 S

2326 2909 2365 2965 S

2325 3000 2364 3057 S

2324 3094 2363 3147 S

2322 3185 2362 3240 s

2323 3277 2362 3333 s

2321 3369 2359 3426 s

2322 3460 2360 3516 s

2320 3551 2359 3608 s

2319 3645 2358 3719 s

2319 3739 2358 3795 s

2318 3835 2356 3891 s

624 4372 939 4446 Gradulfus,
972 4382 1250 4439 humiliter
1277 4389 1538 4457 expetivit
1569 4399 1627 4444 ut
1667 4391 1734 4446 de
1774 4392 2006 4462 quadam
2060 4404 2202 4449 terra
2235 4373 2284 4433 ί)
2310 4403 2618 4463 competere
2645 4392 2787 4462 quod
2835 4399 3086 4461 parentes
3130 4402 3316 4442 eorum
3354 4396 3481 4441 ante
3507 4401 3565 4440 se
3610 4378 3697 4436 visi
3739 4377 3838 4430 sunt

625 4467 796 4521 nostri
822 4471 1063 4536 prtedicti
1090 4478 1402 4532 monasterii
1432 4482 1728 4547 precariam
1750 4483 1851 4537 sibi
1878 4484 2197 4552 faceremus,

622 4565 681 4611 et
739 4558 874 4628 ipse,
914 4578 1011 4632 pro
1065 4572 1592 4638 recompensatione,
1642 4577 1928 4643 quemdam
1982 4577 2197 4632 alodum

2313 4495 2516 4545 tenere.
2550 4483 2704 4539 Unde
2730 4481 3001 4545 monachi,
3035 4480 3299 4535 infinitam
3347 4478 3626 4548 pecuniam
3664 4472 3834 4526 dantes,

2310 4576 2548 4641 tandem,
2579 4576 2690 4629 Deo
2714 4572 3034 4643 epitulante,
3067 4572 3119 4625 in
3155 4571 3268 4624 suis
3299 4570 3488 4623 usibus
3531 4559 3833 4621 retorserunt.

636 4671 3827 4715 W

1378 4808 1725 4922 νΓΤΑ
1812 4810 2328 4927 ΞΑΝΟἹῚ

2415 4810 3129 4941 AUTBERTI

1810 5003 2283 5049 CAMERACENSIS
2328 5004 2606 5049 EPISCOPI
2619 5031 2636 5062 ν

1470 5104 1817 5171 ΑυίίΤΟΒΕ,
1862 5107 1952 5162 UT
1987 5109 2309 5176 \‘liili'l‘Uli,
2352 5110 2620 5166 SANCTO
2660 5106 3044 5167 FULBERTO.

1826 5221 2000 5290 (Apud
2028 5220 2270 5285 Surium,
2306 5224 2372 5277 13
2410 5222 2561 5293 Dec.)

1215 5420 1485 5479 PROLOG
1498 5420 1599 5479 US.

2149 5433 2156 5440 ’
2230 5469 2234 5474 .
2305 5422 2633 5478 arbitrantes
2680 5435 2738 5476 se
2770 5420 2949 5475 vivere
2996 5427 3115 5489 post
3145 5427 3395 5480 mortem,
3428 5417 3469 5473 si
3517 5415 3592 5471 sui
3634 5401 3818 5468 ηοηῑῖηἶε

692 5512 886 5569 Multos
936 5511 1271 5569 srccularinm
1320 5515 1502 5586 gloria:
1550 5513 1863 5585 temporalis
1902 5529 2025 5583 spes
2058 5529 2234 5588 rana
2301 5514 2614 5569 memoriam
2662 5513 2714 5567 in
2766 5521 3008 5581 posteros
3058 5524 3225 5579 usque
3265 5509 3576 5570 dilatarent,
3604 5508 3709 5556 dum
3745 5507 3816 5569 ii."

620 5621 760 5675 sape
805 5590 1218 5674 delusitfquos
1264 5607 1646 5664 immoderatus
1693 5607 1865 5661 laudis
1928 5606 2195 5675 appetitus

617 5698 685 5752 ad
717 5698 1023 5754 subeundos
1045 5697 1257 5753 labores
1280 5709 1333 5753 ct
1360 5700 1633 5756 toleranda
1661 5698 1893 5758 oericula
1922 5698 2189 5761 accendit,

2300 5603 2650 5673 triumphales
2691 5603 3053 5678 corruptibilis
3099 5616 3311 5670 pompae
3355 5603 3529 5654 titulos
3559 5592 3713 5687 fabula
3743 5597 3813 5636 ω’

2297 5691 2475 5750 inanis
2500 5674 2773 5747 recitaret.
2805 5692 2918 5757 Qua
2948 5709 3125 5746 rerum
3169 5692 3348 5760 specie
3376 5689 3583 5745 uuidatr
3610 5680 3806 5752 pllile
