  <div class='ocr_page' id='page_1' title='image "/cluster/home/n/w/nwhite01/storage/ocr_20150623/141/hvd.32044015471790/184.png"; bbox 0 0 3918 5326; ppageno 0'>
   <div class='ocr_carea' id='block_1_1' title="bbox 98 164 1660 247">
    <p class='ocr_par' dir='ltr' id='par_1_1' title="bbox 98 164 1655 247">
     <span class='ocr_line' id='line_1_1' title="bbox 98 164 1655 247; baseline -0.01 -2"><span class='ocrx_word' id='word_1_1' title='bbox 98 189 184 247; x_wconf 72' lang='lat'><strong>557</strong></span> <span class='ocrx_word' id='word_1_2' title='bbox 1325 164 1485 230; x_wconf 57' lang='lat' dir='ltr'><strong>V&#39;ITA</strong></span> <span class='ocrx_word' id='word_1_3' title='bbox 1523 173 1581 230; x_wconf 88' lang='lat' dir='ltr'><strong>S.</strong></span> <span class='ocrx_word' id='word_1_4' title='bbox 1616 176 1655 230; x_wconf 85' lang='lat' dir='ltr'><strong>A</strong></span> 
     </span>
    </p>
   </div>
   <div class='ocr_carea' id='block_1_2' title="bbox 1764 164 1985 247">
    <p class='ocr_par' dir='ltr' id='par_1_2' title="bbox 1764 170 1985 230">
     <span class='ocr_line' id='line_1_2' title="bbox 1764 170 1985 230; baseline -0.009 0"><span class='ocrx_word' id='word_1_5' title='bbox 1764 170 1985 230; x_wconf 78' lang='lat' dir='ltr'><strong>BERTI.</strong></span> 
     </span>
    </p>
   </div>
   <div class='ocr_carea' id='block_1_3' title="bbox 3232 165 3336 229">
    <p class='ocr_par' dir='ltr' id='par_1_3' title="bbox 3232 165 3336 229">
     <span class='ocr_line' id='line_1_3' title="bbox 3232 165 3336 229; baseline 0 0"><span class='ocrx_word' id='word_1_6' title='bbox 3232 165 3336 229; x_wconf 69' lang='lat'><strong>558</strong></span> 
     </span>
    </p>
   </div>
   <div class='ocr_carea' id='block_1_4' title="bbox 96 280 3342 374">
    <p class='ocr_par' dir='ltr' id='par_1_4' title="bbox 96 280 3342 374">
     <span class='ocr_line' id='line_1_4' title="bbox 96 280 3342 374; baseline -0.005 -17"><span class='ocrx_word' id='word_1_7' title='bbox 96 280 298 374; x_wconf 55' lang='lat' dir='ltr'><strong>phdium</strong></span> <span class='ocrx_word' id='word_1_8' title='bbox 346 298 579 352; x_wconf 75' lang='lat' dir='ltr'><strong>inaniter</strong></span> <span class='ocrx_word' id='word_1_9' title='bbox 622 289 873 357; x_wconf 82' lang='lat' dir='ltr'><strong>excitati,</strong></span> <span class='ocrx_word' id='word_1_10' title='bbox 904 287 1179 362; x_wconf 87' lang='lat' dir='ltr'><strong>popularis</strong></span> <span class='ocrx_word' id='word_1_11' title='bbox 1224 303 1370 343; x_wconf 63' lang='lat' dir='ltr'><strong>aura:</strong></span> <span class='ocrx_word' id='word_1_12' title='bbox 1415 289 1646 359; x_wconf 90' lang='lat' dir='ltr'><strong>gratiam</strong></span> <span class='ocrx_word' id='word_1_13' title='bbox 1681 295 1723 353; x_wconf 77' lang='grc' dir='ltr'><strong>Α</strong></span> <span class='ocrx_word' id='word_1_14' title='bbox 1755 296 1971 359; x_wconf 89' lang='lat' dir='ltr'><strong>gautem</strong></span> <span class='ocrx_word' id='word_1_15' title='bbox 2017 283 2264 339; x_wconf 83' lang='lat' dir='ltr'><strong>veritatis</strong></span> <span class='ocrx_word' id='word_1_16' title='bbox 2316 283 2517 339; x_wconf 90' lang='lat' dir='ltr'><strong>lumine</strong></span> <span class='ocrx_word' id='word_1_17' title='bbox 2568 281 2929 349; x_wconf 74' lang='lat' dir='ltr'><strong>illustrarent,</strong></span> <span class='ocrx_word' id='word_1_18' title='bbox 2977 292 3032 340; x_wconf 94' lang='lat' dir='ltr'><strong>et</strong></span> <span class='ocrx_word' id='word_1_19' title='bbox 3073 284 3342 342; x_wconf 74' lang='lat' dir='ltr'><strong>virulenta</strong></span> 
     </span>
    </p>
   </div>
   <div class='ocr_carea' id='block_1_5' title="bbox 97 381 1660 468">
    <p class='ocr_par' dir='ltr' id='par_1_5' title="bbox 97 381 1660 468">
     <span class='ocr_line' id='line_1_5' title="bbox 97 381 1660 468; baseline -0.013 -15"><span class='ocrx_word' id='word_1_20' title='bbox 97 403 384 468; x_wconf 73' lang='lat' dir='ltr'><strong>captantes,</strong></span> <span class='ocrx_word' id='word_1_21' title='bbox 435 390 561 444; x_wconf 89' lang='lat' dir='ltr'><strong>dum</strong></span> <span class='ocrx_word' id='word_1_22' title='bbox 611 402 673 442; x_wconf 89' lang='lat' dir='ltr'><strong>se</strong></span> <span class='ocrx_word' id='word_1_23' title='bbox 720 386 967 440; x_wconf 91' lang='lat' dir='ltr'><strong>inﬁrmos</strong></span> <span class='ocrx_word' id='word_1_24' title='bbox 1028 381 1324 437; x_wconf 79' lang='lat' dir='ltr'><strong>tolerandis</strong></span> <span class='ocrx_word' id='word_1_25' title='bbox 1378 381 1660 448; x_wconf 69' lang='lat' dir='ltr'><strong>laboribus</strong></span> 
     </span>
    </p>
   </div>
   <div class='ocr_carea' id='block_1_6' title="bbox 98 470 1653 545">
    <p class='ocr_par' dir='ltr' id='par_1_6' title="bbox 98 470 1653 545">
     <span class='ocr_line' id='line_1_6' title="bbox 98 470 1653 545; baseline -0.012 -2"><span class='ocrx_word' id='word_1_26' title='bbox 98 487 349 545; x_wconf 83' lang='lat' dir='ltr'><strong>sentirent,</strong></span> <span class='ocrx_word' id='word_1_27' title='bbox 380 495 483 535; x_wconf 92' lang='lat' dir='ltr'><strong>non</strong></span> <span class='ocrx_word' id='word_1_28' title='bbox 516 477 677 534; x_wconf 87' lang='lat' dir='ltr'><strong>simili</strong></span> <span class='ocrx_word' id='word_1_29' title='bbox 717 476 935 539; x_wconf 89' lang='lat' dir='ltr'><strong>labore,</strong></span> <span class='ocrx_word' id='word_1_30' title='bbox 961 473 1053 529; x_wconf 91' lang='lat' dir='ltr'><strong>sed</strong></span> <span class='ocrx_word' id='word_1_31' title='bbox 1085 471 1322 527; x_wconf 90' lang='lat' dir='ltr'><strong>consorti</strong></span> <span class='ocrx_word' id='word_1_32' title='bbox 1346 486 1553 534; x_wconf 87' lang='lat' dir='ltr'><strong>errore,</strong></span> <span class='ocrx_word' id='word_1_33' title='bbox 1586 470 1653 524; x_wconf 87' lang='lat' dir='ltr'><strong>ad</strong></span> 
     </span>
    </p>
   </div>
   <div class='ocr_carea' id='block_1_7' title="bbox 99 559 1650 642">
    <p class='ocr_par' dir='ltr' id='par_1_7' title="bbox 99 559 1650 642">
     <span class='ocr_line' id='line_1_7' title="bbox 99 559 1650 642; baseline -0.01 -11"><span class='ocrx_word' id='word_1_34' title='bbox 99 573 354 633; x_wconf 86' lang='lat' dir='ltr'><strong>scribenda</strong></span> <span class='ocrx_word' id='word_1_35' title='bbox 400 579 549 642; x_wconf 86' lang='lat' dir='ltr'><strong>gesta</strong></span> <span class='ocrx_word' id='word_1_36' title='bbox 602 565 941 622; x_wconf 64' lang='lat' dir='ltr'><strong>saecularium</strong></span> <span class='ocrx_word' id='word_1_37' title='bbox 971 564 1211 617; x_wconf 89' lang='lat' dir='ltr'><strong>virorum</strong></span> <span class='ocrx_word' id='word_1_38' title='bbox 1247 577 1307 617; x_wconf 88' lang='lat' dir='ltr'><strong>se</strong></span> <span class='ocrx_word' id='word_1_39' title='bbox 1352 559 1531 616; x_wconf 90' lang='lat' dir='ltr'><strong>studio</strong></span> <span class='ocrx_word' id='word_1_40' title='bbox 1564 576 1650 616; x_wconf 83' lang='lat' dir='ltr'><strong>ac-</strong></span> 
     </span>
    </p>
   </div>
   <div class='ocr_carea' id='block_1_8' title="bbox 103 649 1652 730">
    <p class='ocr_par' dir='ltr' id='par_1_8' title="bbox 103 649 1652 730">
     <span class='ocr_line' id='line_1_8' title="bbox 103 649 1652 730; baseline -0.01 -10"><span class='ocrx_word' id='word_1_41' title='bbox 103 664 323 724; x_wconf 76' lang='lat' dir='ltr'><strong>cinxere;</strong></span> <span class='ocrx_word' id='word_1_42' title='bbox 355 661 469 730; x_wconf 85' lang='lat' dir='ltr'><strong>qui,</strong></span> <span class='ocrx_word' id='word_1_43' title='bbox 502 660 631 712; x_wconf 90' lang='lat' dir='ltr'><strong>dum</strong></span> <span class='ocrx_word' id='word_1_44' title='bbox 661 657 825 710; x_wconf 90' lang='lat' dir='ltr'><strong>vitam</strong></span> <span class='ocrx_word' id='word_1_45' title='bbox 857 654 1018 708; x_wconf 90' lang='lat' dir='ltr'><strong>aliam</strong></span> <span class='ocrx_word' id='word_1_46' title='bbox 1055 651 1389 716; x_wconf 90' lang='lat' dir='ltr'><strong>nesciebant,</strong></span> <span class='ocrx_word' id='word_1_47' title='bbox 1422 650 1523 704; x_wconf 89' lang='lat' dir='ltr'><strong>hoc</strong></span> <span class='ocrx_word' id='word_1_48' title='bbox 1551 649 1652 704; x_wconf 90' lang='lat' dir='ltr'><strong>sibi</strong></span> 
     </span>
    </p>
   </div>
   <div class='ocr_carea' id='block_1_9' title="bbox 100 742 1657 825">
    <p class='ocr_par' dir='ltr' id='par_1_9' title="bbox 100 742 1657 825">
     <span class='ocr_line' id='line_1_9' title="bbox 100 742 1657 825; baseline -0.01 -14"><span class='ocrx_word' id='word_1_49' title='bbox 100 757 155 811; x_wconf 89' lang='lat' dir='ltr'><strong>ad</strong></span> <span class='ocrx_word' id='word_1_50' title='bbox 182 753 455 825; x_wconf 88' lang='lat' dir='ltr'><strong>quemdam</strong></span> <span class='ocrx_word' id='word_1_51' title='bbox 506 749 660 820; x_wconf 90' lang='lat' dir='ltr'><strong>quasi</strong></span> <span class='ocrx_word' id='word_1_52' title='bbox 715 748 947 802; x_wconf 83' lang='lat' dir='ltr'><strong>fructum</strong></span> <span class='ocrx_word' id='word_1_53' title='bbox 996 742 1342 799; x_wconf 88' lang='lat' dir='ltr'><strong>beatitudinis</strong></span> <span class='ocrx_word' id='word_1_54' title='bbox 1394 742 1657 811; x_wconf 90' lang='lat' dir='ltr'><strong>proﬁcere</strong></span> 
     </span>
    </p>
   </div>
   <div class='ocr_carea' id='block_1_10' title="bbox 100 833 1657 905">
    <p class='ocr_par' dir='ltr' id='par_1_10' title="bbox 100 833 1657 905">
     <span class='ocr_line' id='line_1_10' title="bbox 100 833 1657 905; baseline -0.01 -4"><span class='ocrx_word' id='word_1_55' title='bbox 100 846 443 905; x_wconf 71' lang='lat' dir='ltr'><strong>aestimabant,</strong></span> <span class='ocrx_word' id='word_1_56' title='bbox 496 841 542 896; x_wconf 90' lang='lat' dir='ltr'><strong>si</strong></span> <span class='ocrx_word' id='word_1_57' title='bbox 592 837 861 895; x_wconf 82' lang='lat' dir='ltr'><strong>scribendi</strong></span> <span class='ocrx_word' id='word_1_58' title='bbox 910 833 1230 896; x_wconf 83' lang='lat' dir='ltr'><strong>occasione,</strong></span> <span class='ocrx_word' id='word_1_59' title='bbox 1279 833 1492 903; x_wconf 69' lang='lat' dir='ltr'><strong>ingenia</strong></span> <span class='ocrx_word' id='word_1_60' title='bbox 1545 846 1657 886; x_wconf 85' lang='lat' dir='ltr'><strong>suae</strong></span> 
     </span>
    </p>
   </div>
   <div class='ocr_carea' id='block_1_11' title="bbox 102 922 1659 998">
    <p class='ocr_par' dir='ltr' id='par_1_11' title="bbox 102 922 1659 998">
     <span class='ocr_line' id='line_1_11' title="bbox 102 922 1659 998; baseline -0.012 -6"><span class='ocrx_word' id='word_1_61' title='bbox 102 937 308 993; x_wconf 64' lang='lat' dir='ltr'><strong>solertiae</strong></span> <span class='ocrx_word' id='word_1_62' title='bbox 330 935 385 988; x_wconf 92' lang='lat' dir='ltr'><strong>in</strong></span> <span class='ocrx_word' id='word_1_63' title='bbox 416 930 732 987; x_wconf 85' lang='lat' dir='ltr'><strong>memoriam</strong></span> <span class='ocrx_word' id='word_1_64' title='bbox 780 928 1010 998; x_wconf 87' lang='lat' dir='ltr'><strong>posteris</strong></span> <span class='ocrx_word' id='word_1_65' title='bbox 1051 924 1417 994; x_wconf 81' lang='lat' dir='ltr'><strong>reliquissent.</strong></span> <span class='ocrx_word' id='word_1_66' title='bbox 1448 922 1552 978; x_wconf 89' lang='lat' dir='ltr'><strong>Sed</strong></span> <span class='ocrx_word' id='word_1_67' title='bbox 1582 922 1659 975; x_wconf 85' lang='lat' dir='ltr'><strong>le-</strong></span> 
     </span>
    </p>
   </div>
   <div class='ocr_carea' id='block_1_12' title="bbox 103 1010 1655 1089">
    <p class='ocr_par' dir='ltr' id='par_1_12' title="bbox 103 1010 1655 1089">
     <span class='ocr_line' id='line_1_12' title="bbox 103 1010 1655 1089; baseline -0.011 -7"><span class='ocrx_word' id='word_1_68' title='bbox 103 1038 280 1083; x_wconf 82' lang='lat' dir='ltr'><strong>ctorem</strong></span> <span class='ocrx_word' id='word_1_69' title='bbox 323 1037 501 1078; x_wconf 89' lang='lat' dir='ltr'><strong>meum</strong></span> <span class='ocrx_word' id='word_1_70' title='bbox 550 1035 712 1089; x_wconf 87' lang='lat' dir='ltr'><strong>super</strong></span> <span class='ocrx_word' id='word_1_71' title='bbox 742 1018 826 1072; x_wconf 88' lang='lat' dir='ltr'><strong>his</strong></span> <span class='ocrx_word' id='word_1_72' title='bbox 867 1018 1094 1072; x_wconf 90' lang='lat' dir='ltr'><strong>obsecro</strong></span> <span class='ocrx_word' id='word_1_73' title='bbox 1135 1014 1263 1083; x_wconf 91' lang='lat' dir='ltr'><strong>quid</strong></span> <span class='ocrx_word' id='word_1_74' title='bbox 1309 1012 1447 1068; x_wconf 86' lang='lat' dir='ltr'><strong>alter</strong></span> <span class='ocrx_word' id='word_1_75' title='bbox 1475 1010 1655 1076; x_wconf 85' lang='lat' dir='ltr'><strong>alteri,</strong></span> 
     </span>
    </p>
   </div>
   <div class='ocr_carea' id='block_1_13' title="bbox 103 1102 1658 1187">
    <p class='ocr_par' dir='ltr' id='par_1_13' title="bbox 103 1102 1658 1187">
     <span class='ocr_line' id='line_1_13' title="bbox 103 1102 1658 1187; baseline -0.011 -16"><span class='ocrx_word' id='word_1_76' title='bbox 103 1118 207 1187; x_wconf 85' lang='lat' dir='ltr'><strong>quid</strong></span> <span class='ocrx_word' id='word_1_77' title='bbox 233 1113 328 1170; x_wconf 88' lang='lat' dir='ltr'><strong>sibi</strong></span> <span class='ocrx_word' id='word_1_78' title='bbox 353 1121 582 1182; x_wconf 91' lang='lat' dir='ltr'><strong>uterque</strong></span> <span class='ocrx_word' id='word_1_79' title='bbox 599 1108 852 1180; x_wconf 67' lang='lat' dir='ltr'><strong>prmstitit</strong></span> <span class='ocrx_word' id='word_1_80' title='bbox 879 1106 1077 1162; x_wconf 87' lang='lat' dir='ltr'><strong>talibus</strong></span> <span class='ocrx_word' id='word_1_81' title='bbox 1103 1104 1327 1159; x_wconf 82' lang='lat' dir='ltr'><strong>studiis?</strong></span> <span class='ocrx_word' id='word_1_82' title='bbox 1350 1102 1486 1170; x_wconf 85' lang='lat' dir='ltr'><strong>Quid</strong></span> <span class='ocrx_word' id='word_1_83' title='bbox 1513 1102 1658 1157; x_wconf 89' lang='lat' dir='ltr'><strong>enim</strong></span> 
     </span>
    </p>
   </div>
   <div class='ocr_carea' id='block_1_14' title="bbox 104 1194 1659 1263">
    <p class='ocr_par' dir='ltr' id='par_1_14' title="bbox 104 1194 1659 1263">
     <span class='ocr_line' id='line_1_14' title="bbox 104 1194 1659 1263; baseline -0.009 0"><span class='ocrx_word' id='word_1_84' title='bbox 104 1209 351 1263; x_wconf 83' lang='lat' dir='ltr'><strong>Dardanus</strong></span> <span class='ocrx_word' id='word_1_85' title='bbox 386 1205 580 1259; x_wconf 89' lang='lat' dir='ltr'><strong>ductor</strong></span> <span class='ocrx_word' id='word_1_86' title='bbox 617 1210 711 1256; x_wconf 87' lang='lat' dir='ltr'><strong>aut</strong></span> <span class='ocrx_word' id='word_1_87' title='bbox 735 1199 969 1255; x_wconf 82' lang='lat' dir='ltr'><strong>Rutulus</strong></span> <span class='ocrx_word' id='word_1_88' title='bbox 997 1197 1151 1253; x_wconf 81' lang='lat' dir='ltr'><strong>ferox</strong></span> <span class='ocrx_word' id='word_1_89' title='bbox 1183 1212 1282 1251; x_wconf 93' lang='lat' dir='ltr'><strong>suo</strong></span> <span class='ocrx_word' id='word_1_90' title='bbox 1310 1194 1540 1257; x_wconf 83' lang='lat' dir='ltr'><strong>Maroni,</strong></span> <span class='ocrx_word' id='word_1_91' title='bbox 1566 1202 1659 1249; x_wconf 85' lang='lat' dir='ltr'><strong>aut</strong></span> 
     </span>
    </p>
   </div>
   <div class='ocr_carea' id='block_1_15' title="bbox 106 1285 1657 1359">
    <p class='ocr_par' dir='ltr' id='par_1_15' title="bbox 106 1285 1657 1359">
     <span class='ocr_line' id='line_1_15' title="bbox 106 1285 1657 1359; baseline -0.011 -3"><span class='ocrx_word' id='word_1_92' title='bbox 106 1303 187 1356; x_wconf 83' lang='lat' dir='ltr'><strong>iste</strong></span> <span class='ocrx_word' id='word_1_93' title='bbox 230 1296 454 1353; x_wconf 86' lang='lat' dir='ltr'><strong>contulit</strong></span> <span class='ocrx_word' id='word_1_94' title='bbox 496 1294 607 1357; x_wconf 90' lang='lat' dir='ltr'><strong>illi,</strong></span> <span class='ocrx_word' id='word_1_95' title='bbox 654 1308 777 1347; x_wconf 90' lang='lat' dir='ltr'><strong>cum</strong></span> <span class='ocrx_word' id='word_1_96' title='bbox 809 1304 1035 1359; x_wconf 85' lang='lat' dir='ltr'><strong>corpora</strong></span> <span class='ocrx_word' id='word_1_97' title='bbox 1077 1287 1355 1343; x_wconf 84' lang='lat' dir='ltr'><strong>vermibus</strong></span> <span class='ocrx_word' id='word_1_98' title='bbox 1381 1326 1397 1350; x_wconf 86' lang='lat'><strong>,</strong></span> <span class='ocrx_word' id='word_1_99' title='bbox 1447 1285 1657 1340; x_wconf 87' lang='lat' dir='ltr'><strong>animas</strong></span> 
     </span>
    </p>
   </div>
   <div class='ocr_carea' id='block_1_16' title="bbox 105 1378 1659 1457">
    <p class='ocr_par' dir='ltr' id='par_1_16' title="bbox 105 1378 1659 1457">
     <span class='ocr_line' id='line_1_16' title="bbox 105 1378 1659 1457; baseline -0.012 -8"><span class='ocrx_word' id='word_1_100' title='bbox 105 1393 271 1448; x_wconf 83' lang='lat' dir='ltr'><strong>dedere</strong></span> <span class='ocrx_word' id='word_1_101' title='bbox 295 1387 454 1443; x_wconf 62' lang='lat' dir='ltr'><strong>saevis</strong></span> <span class='ocrx_word' id='word_1_102' title='bbox 482 1384 733 1457; x_wconf 72' lang='lat' dir='ltr'><strong>ignibus?</strong></span> <span class='ocrx_word' id='word_1_103' title='bbox 762 1382 933 1451; x_wconf 90' lang='lat' dir='ltr'><strong>Digno</strong></span> <span class='ocrx_word' id='word_1_104' title='bbox 960 1380 1136 1450; x_wconf 85' lang='lat' dir='ltr'><strong>plane,</strong></span> <span class='ocrx_word' id='word_1_105' title='bbox 1166 1378 1259 1434; x_wconf 90' lang='lat' dir='ltr'><strong>sed</strong></span> <span class='ocrx_word' id='word_1_106' title='bbox 1284 1378 1479 1441; x_wconf 81' lang='lat' dir='ltr'><strong>ﬂenda,</strong></span> <span class='ocrx_word' id='word_1_107' title='bbox 1510 1391 1659 1432; x_wconf 91' lang='lat' dir='ltr'><strong>erro-</strong></span> 
     </span>
    </p>
   </div>
   <div class='ocr_carea' id='block_1_17' title="bbox 107 1471 1658 1538">
    <p class='ocr_par' dir='ltr' id='par_1_17' title="bbox 107 1471 1658 1538">
     <span class='ocr_line' id='line_1_17' title="bbox 107 1471 1658 1538; baseline -0.01 0"><span class='ocrx_word' id='word_1_108' title='bbox 107 1500 204 1538; x_wconf 85' lang='lat' dir='ltr'><strong>rum</strong></span> <span class='ocrx_word' id='word_1_109' title='bbox 243 1496 461 1537; x_wconf 89' lang='lat' dir='ltr'><strong>suorum</strong></span> <span class='ocrx_word' id='word_1_110' title='bbox 508 1475 917 1534; x_wconf 86' lang='lat' dir='ltr'><strong>remuneratio!</strong></span> <span class='ocrx_word' id='word_1_111' title='bbox 950 1473 1094 1527; x_wconf 68' lang='lat' dir='ltr'><strong>Nihil</strong></span> <span class='ocrx_word' id='word_1_112' title='bbox 1146 1472 1214 1526; x_wconf 89' lang='lat' dir='ltr'><strong>ad</strong></span> <span class='ocrx_word' id='word_1_113' title='bbox 1263 1487 1447 1526; x_wconf 81' lang='lat' dir='ltr'><strong>veram</strong></span> <span class='ocrx_word' id='word_1_114' title='bbox 1490 1471 1658 1525; x_wconf 79' lang='lat' dir='ltr'><strong>beati-</strong></span> 
     </span>
    </p>
   </div>
   <div class='ocr_carea' id='block_1_18' title="bbox 108 1566 1658 1636">
    <p class='ocr_par' dir='ltr' id='par_1_18' title="bbox 108 1566 1658 1636">
     <span class='ocr_line' id='line_1_18' title="bbox 108 1566 1658 1636; baseline -0.008 -7"><span class='ocrx_word' id='word_1_115' title='bbox 108 1576 315 1631; x_wconf 85' lang='lat' dir='ltr'><strong>tudinem</strong></span> <span class='ocrx_word' id='word_1_116' title='bbox 346 1573 463 1628; x_wconf 65' lang='lat' dir='ltr'><strong>hsec</strong></span> <span class='ocrx_word' id='word_1_117' title='bbox 491 1585 676 1626; x_wconf 91' lang='lat' dir='ltr'><strong>eorum</strong></span> <span class='ocrx_word' id='word_1_118' title='bbox 709 1567 939 1623; x_wconf 90' lang='lat' dir='ltr'><strong>intentio</strong></span> <span class='ocrx_word' id='word_1_119' title='bbox 969 1566 1247 1636; x_wconf 83' lang='lat' dir='ltr'><strong>aspirabat</strong></span> <span class='ocrx_word' id='word_1_120' title='bbox 1274 1579 1411 1634; x_wconf 86' lang='lat' dir='ltr'><strong>quos</strong></span> <span class='ocrx_word' id='word_1_121' title='bbox 1443 1571 1658 1619; x_wconf 85' lang='lat' dir='ltr'><strong>constat</strong></span> 
     </span>
    </p>
   </div>
   <div class='ocr_carea' id='block_1_19' title="bbox 109 1637 1731 1730">
    <p class='ocr_par' dir='ltr' id='par_1_19' title="bbox 109 1637 1731 1730">
     <span class='ocr_line' id='line_1_19' title="bbox 109 1637 1731 1730; baseline -0.007 -9"><span class='ocrx_word' id='word_1_122' title='bbox 109 1682 297 1723; x_wconf 85' lang='lat' dir='ltr'><strong>suorum</strong></span> <span class='ocrx_word' id='word_1_123' title='bbox 328 1665 564 1719; x_wconf 87' lang='lat' dir='ltr'><strong>fructum</strong></span> <span class='ocrx_word' id='word_1_124' title='bbox 603 1662 847 1716; x_wconf 90' lang='lat' dir='ltr'><strong>laborum</strong></span> <span class='ocrx_word' id='word_1_125' title='bbox 875 1659 1136 1730; x_wconf 71' lang='lat' dir='ltr'><strong>qumsisse</strong></span> <span class='ocrx_word' id='word_1_126' title='bbox 1164 1657 1220 1712; x_wconf 90' lang='lat' dir='ltr'><strong>in</strong></span> <span class='ocrx_word' id='word_1_127' title='bbox 1250 1656 1434 1721; x_wconf 89' lang='lat' dir='ltr'><strong>rebus,</strong></span> <span class='ocrx_word' id='word_1_128' title='bbox 1462 1656 1658 1726; x_wconf 90' lang='lat' dir='ltr'><strong>quibus</strong></span> <span class='ocrx_word' id='word_1_129' title='bbox 1685 1637 1731 1696; x_wconf 74' lang='grc' dir='ltr'><strong>Β</strong></span> 
     </span>
    </p>
   </div>
   <div class='ocr_carea' id='block_1_20' title="bbox 109 1748 1662 1819">
    <p class='ocr_par' dir='ltr' id='par_1_20' title="bbox 109 1748 1662 1819">
     <span class='ocr_line' id='line_1_20' title="bbox 109 1748 1662 1819; baseline -0.009 -4"><span class='ocrx_word' id='word_1_130' title='bbox 109 1760 226 1815; x_wconf 84' lang='lat' dir='ltr'><strong>nulla</strong></span> <span class='ocrx_word' id='word_1_131' title='bbox 246 1758 342 1815; x_wconf 86' lang='lat' dir='ltr'><strong>sibi</strong></span> <span class='ocrx_word' id='word_1_132' title='bbox 365 1757 604 1812; x_wconf 86' lang='lat' dir='ltr'><strong>oriretur</strong></span> <span class='ocrx_word' id='word_1_133' title='bbox 630 1769 790 1819; x_wconf 71' lang='lat' dir='ltr'><strong>causa</strong></span> <span class='ocrx_word' id='word_1_134' title='bbox 816 1752 1030 1816; x_wconf 90' lang='lat' dir='ltr'><strong>salutis,</strong></span> <span class='ocrx_word' id='word_1_135' title='bbox 1057 1765 1159 1806; x_wconf 88' lang='lat' dir='ltr'><strong>nec</strong></span> <span class='ocrx_word' id='word_1_136' title='bbox 1178 1748 1447 1819; x_wconf 90' lang='lat' dir='ltr'><strong>profuturi</strong></span> <span class='ocrx_word' id='word_1_137' title='bbox 1476 1755 1662 1803; x_wconf 87' lang='lat' dir='ltr'><strong>essent</strong></span> 
     </span>
    </p>
   </div>
   <div class='ocr_carea' id='block_1_21' title="bbox 111 1840 1656 1913">
    <p class='ocr_par' dir='ltr' id='par_1_21' title="bbox 111 1840 1656 1913">
     <span class='ocr_line' id='line_1_21' title="bbox 111 1840 1656 1913; baseline -0.008 -7"><span class='ocrx_word' id='word_1_138' title='bbox 111 1852 163 1905; x_wconf 86' lang='lat' dir='ltr'><strong>ad</strong></span> <span class='ocrx_word' id='word_1_139' title='bbox 183 1849 483 1906; x_wconf 86' lang='lat' dir='ltr'><strong>memoriam</strong></span> <span class='ocrx_word' id='word_1_140' title='bbox 525 1840 881 1913; x_wconf 54' lang='lat' dir='ltr'><strong>Erimus.</strong></span> <span class='ocrx_word' id='word_1_141' title='bbox 931 1842 1039 1899; x_wconf 85' lang='lat' dir='ltr'><strong>Sed</strong></span> <span class='ocrx_word' id='word_1_142' title='bbox 1079 1842 1206 1913; x_wconf 85' lang='lat' dir='ltr'><strong>quia</strong></span> <span class='ocrx_word' id='word_1_143' title='bbox 1234 1840 1495 1911; x_wconf 90' lang='lat' dir='ltr'><strong>scriptum</strong></span> <span class='ocrx_word' id='word_1_144' title='bbox 1524 1847 1610 1895; x_wconf 89' lang='lat' dir='ltr'><strong>est</strong></span> <span class='ocrx_word' id='word_1_145' title='bbox 1641 1856 1656 1893; x_wconf 92' lang='lat'><strong>:</strong></span> 
     </span>
    </p>
   </div>
   <div class='ocr_carea' id='block_1_22' title="bbox 111 1930 1661 2003">
    <p class='ocr_par' dir='ltr' id='par_1_22' title="bbox 111 1930 1661 2003">
     <span class='ocr_line' id='line_1_22' title="bbox 111 1930 1661 2003; baseline -0.007 -8"><span class='ocrx_word' id='word_1_146' title='bbox 111 1941 156 1995; x_wconf 86' lang='lat' dir='ltr'><strong>la</strong></span> <span class='ocrx_word' id='word_1_147' title='bbox 179 1940 420 1995; x_wconf 85' lang='lat' dir='ltr'><strong>memoria</strong></span> <span class='ocrx_word' id='word_1_148' title='bbox 444 1949 647 1993; x_wconf 69' lang='lat' dir='ltr'><strong>mterna</strong></span> <span class='ocrx_word' id='word_1_149' title='bbox 690 1945 851 1990; x_wconf 90' lang='lat' dir='ltr'><strong>erunt</strong></span> <span class='ocrx_word' id='word_1_150' title='bbox 875 1933 1007 2003; x_wconf 87' lang='lat' dir='ltr'><strong>justi</strong></span> <span class='ocrx_word' id='word_1_151' title='bbox 1051 1931 1226 2003; x_wconf 71' lang='lat' dir='ltr'><strong>(l’sal.</strong></span> <span class='ocrx_word' id='word_1_152' title='bbox 1256 1930 1390 2003; x_wconf 74' lang='lat' dir='ltr'><strong>CXI),</strong></span> <span class='ocrx_word' id='word_1_153' title='bbox 1418 1930 1542 1985; x_wconf 89' lang='lat' dir='ltr'><strong>licet</strong></span> <span class='ocrx_word' id='word_1_154' title='bbox 1581 1930 1661 1985; x_wconf 84' lang='lat' dir='ltr'><strong>eis</strong></span> 
     </span>
    </p>
   </div>
   <div class='ocr_carea' id='block_1_23' title="bbox 110 2021 1657 2102">
    <p class='ocr_par' dir='ltr' id='par_1_23' title="bbox 110 2021 1657 2102">
     <span class='ocr_line' id='line_1_23' title="bbox 110 2021 1657 2102; baseline -0.008 -15"><span class='ocrx_word' id='word_1_155' title='bbox 110 2041 263 2087; x_wconf 82' lang='lat' dir='ltr'><strong>nostra</strong></span> <span class='ocrx_word' id='word_1_156' title='bbox 307 2030 515 2102; x_wconf 77' lang='lat' dir='ltr'><strong>fragilis</strong></span> <span class='ocrx_word' id='word_1_157' title='bbox 563 2027 824 2083; x_wconf 89' lang='lat' dir='ltr'><strong>memoria</strong></span> <span class='ocrx_word' id='word_1_158' title='bbox 855 2041 963 2081; x_wconf 92' lang='lat' dir='ltr'><strong>nou</strong></span> <span class='ocrx_word' id='word_1_159' title='bbox 1000 2022 1230 2079; x_wconf 81' lang='lat' dir='ltr'><strong>sulliciat</strong></span> <span class='ocrx_word' id='word_1_160' title='bbox 1278 2022 1344 2077; x_wconf 87' lang='lat' dir='ltr'><strong>ad</strong></span> <span class='ocrx_word' id='word_1_161' title='bbox 1385 2021 1657 2092; x_wconf 89' lang='lat' dir='ltr'><strong>pr0priam</strong></span> 
     </span>
    </p>
   </div>
   <div class='ocr_carea' id='block_1_24' title="bbox 110 2112 1656 2195">
    <p class='ocr_par' dir='ltr' id='par_1_24' title="bbox 110 2112 1656 2195">
     <span class='ocr_line' id='line_1_24' title="bbox 110 2112 1656 2195; baseline -0.01 -16"><span class='ocrx_word' id='word_1_162' title='bbox 110 2124 300 2195; x_wconf 76' lang='lat' dir='ltr'><strong>gloriam</strong></span> <span class='ocrx_word' id='word_1_163' title='bbox 328 2134 558 2192; x_wconf 90' lang='lat' dir='ltr'><strong>quorum</strong></span> <span class='ocrx_word' id='word_1_164' title='bbox 591 2117 809 2173; x_wconf 89' lang='lat' dir='ltr'><strong>nomina</strong></span> <span class='ocrx_word' id='word_1_165' title='bbox 856 2116 910 2170; x_wconf 90' lang='lat' dir='ltr'><strong>in</strong></span> <span class='ocrx_word' id='word_1_166' title='bbox 948 2114 1087 2169; x_wconf 87' lang='lat' dir='ltr'><strong>libro</strong></span> <span class='ocrx_word' id='word_1_167' title='bbox 1111 2114 1238 2168; x_wconf 75' lang='lat' dir='ltr'><strong>vitae</strong></span> <span class='ocrx_word' id='word_1_168' title='bbox 1270 2120 1398 2168; x_wconf 91' lang='lat' dir='ltr'><strong>sunt</strong></span> <span class='ocrx_word' id='word_1_169' title='bbox 1436 2112 1656 2181; x_wconf 89' lang='lat' dir='ltr'><strong>scripta,</strong></span> 
     </span>
    </p>
   </div>
   <div class='ocr_carea' id='block_1_25' title="bbox 111 2202 1661 2283">
    <p class='ocr_par' dir='ltr' id='par_1_25' title="bbox 111 2202 1661 2283">
     <span class='ocr_line' id='line_1_25' title="bbox 111 2202 1661 2283; baseline -0.008 -15"><span class='ocrx_word' id='word_1_170' title='bbox 111 2202 261 2268; x_wconf 80' lang='lat' dir='ltr'><strong>tamen</strong></span> <span class='ocrx_word' id='word_1_171' title='bbox 290 2213 509 2283; x_wconf 88' lang='lat' dir='ltr'><strong>dignum</strong></span> <span class='ocrx_word' id='word_1_172' title='bbox 534 2208 692 2263; x_wconf 81' lang='lat' dir='ltr'><strong>valde</strong></span> <span class='ocrx_word' id='word_1_173' title='bbox 737 2214 901 2261; x_wconf 90' lang='lat' dir='ltr'><strong>estet</strong></span> <span class='ocrx_word' id='word_1_174' title='bbox 941 2219 1155 2261; x_wconf 88' lang='lat' dir='ltr'><strong>summe</strong></span> <span class='ocrx_word' id='word_1_175' title='bbox 1180 2203 1313 2260; x_wconf 88' lang='lat' dir='ltr'><strong>utile</strong></span> <span class='ocrx_word' id='word_1_176' title='bbox 1356 2217 1545 2257; x_wconf 87' lang='lat' dir='ltr'><strong>eorum</strong></span> <span class='ocrx_word' id='word_1_177' title='bbox 1592 2202 1661 2256; x_wconf 91' lang='lat' dir='ltr'><strong>ad</strong></span> 
     </span>
    </p>
   </div>
   <div class='ocr_carea' id='block_1_26' title="bbox 111 2294 1658 2370">
    <p class='ocr_par' dir='ltr' id='par_1_26' title="bbox 111 2294 1658 2370">
     <span class='ocr_line' id='line_1_26' title="bbox 111 2294 1658 2370; baseline -0.01 -8"><span class='ocrx_word' id='word_1_178' title='bbox 111 2307 290 2362; x_wconf 83' lang='lat' dir='ltr'><strong>laudem</strong></span> <span class='ocrx_word' id='word_1_179' title='bbox 316 2302 526 2360; x_wconf 78' lang='lat' dir='ltr'><strong>Domini</strong></span> <span class='ocrx_word' id='word_1_180' title='bbox 562 2299 826 2356; x_wconf 89' lang='lat' dir='ltr'><strong>imitanda</strong></span> <span class='ocrx_word' id='word_1_181' title='bbox 853 2305 1003 2370; x_wconf 89' lang='lat' dir='ltr'><strong>gesta</strong></span> <span class='ocrx_word' id='word_1_182' title='bbox 1028 2296 1268 2353; x_wconf 81' lang='lat' dir='ltr'><strong>recolere</strong></span> <span class='ocrx_word' id='word_1_183' title='bbox 1292 2309 1522 2365; x_wconf 86' lang='lat' dir='ltr'><strong>quorum</strong></span> <span class='ocrx_word' id='word_1_184' title='bbox 1551 2294 1658 2348; x_wconf 89' lang='lat' dir='ltr'><strong>vita</strong></span> 
     </span>
    </p>
   </div>
   <div class='ocr_carea' id='block_1_27' title="bbox 112 2385 1659 2472">
    <p class='ocr_par' dir='ltr' id='par_1_27' title="bbox 112 2385 1659 2472">
     <span class='ocr_line' id='line_1_27' title="bbox 112 2385 1659 2472; baseline -0.011 -17"><span class='ocrx_word' id='word_1_185' title='bbox 112 2398 381 2472; x_wconf 81' lang='lat' dir='ltr'><strong>sanctitatis</strong></span> <span class='ocrx_word' id='word_1_186' title='bbox 414 2393 701 2465; x_wconf 87' lang='lat' dir='ltr'><strong>profutura</strong></span> <span class='ocrx_word' id='word_1_187' title='bbox 749 2400 833 2447; x_wconf 84' lang='lat' dir='ltr'><strong>est</strong></span> <span class='ocrx_word' id='word_1_188' title='bbox 873 2391 939 2445; x_wconf 88' lang='lat' dir='ltr'><strong>ad</strong></span> <span class='ocrx_word' id='word_1_189' title='bbox 981 2388 1393 2445; x_wconf 84' lang='lat' dir='ltr'><strong>aediﬁcationem</strong></span> <span class='ocrx_word' id='word_1_190' title='bbox 1430 2385 1659 2457; x_wconf 70' lang='lat' dir='ltr'><strong>legenti~</strong></span> 
     </span>
    </p>
   </div>
   <div class='ocr_carea' id='block_1_28' title="bbox 111 2478 1662 2555">
    <p class='ocr_par' dir='ltr' id='par_1_28' title="bbox 111 2478 1662 2555">
     <span class='ocr_line' id='line_1_28' title="bbox 111 2478 1662 2555; baseline -0.01 -8"><span class='ocrx_word' id='word_1_191' title='bbox 111 2493 209 2555; x_wconf 81' lang='lat' dir='ltr'><strong>bus,</strong></span> <span class='ocrx_word' id='word_1_192' title='bbox 231 2499 282 2545; x_wconf 92' lang='lat' dir='ltr'><strong>et</strong></span> <span class='ocrx_word' id='word_1_193' title='bbox 300 2489 364 2544; x_wconf 89' lang='lat' dir='ltr'><strong>ad</strong></span> <span class='ocrx_word' id='word_1_194' title='bbox 389 2485 792 2542; x_wconf 72' lang='lat' dir='ltr'><strong>aemulationem</strong></span> <span class='ocrx_word' id='word_1_195' title='bbox 822 2484 1081 2551; x_wconf 65' lang='lat' dir='ltr'><strong>virtutum</strong></span> <span class='ocrx_word' id='word_1_196' title='bbox 1103 2480 1466 2535; x_wconf 87' lang='lat' dir='ltr'><strong>audientibus.</strong></span> <span class='ocrx_word' id='word_1_197' title='bbox 1496 2478 1662 2549; x_wconf 89' lang='lat' dir='ltr'><strong>Igitur</strong></span> 
     </span>
    </p>
   </div>
   <div class='ocr_carea' id='block_1_29' title="bbox 111 2570 1659 2646">
    <p class='ocr_par' dir='ltr' id='par_1_29' title="bbox 111 2570 1659 2646">
     <span class='ocr_line' id='line_1_29' title="bbox 111 2570 1659 2646; baseline -0.007 -11"><span class='ocrx_word' id='word_1_198' title='bbox 111 2596 197 2635; x_wconf 83' lang='lat' dir='ltr'><strong>non</strong></span> <span class='ocrx_word' id='word_1_199' title='bbox 230 2579 392 2634; x_wconf 87' lang='lat' dir='ltr'><strong>fretus</strong></span> <span class='ocrx_word' id='word_1_200' title='bbox 419 2577 641 2633; x_wconf 88' lang='lat' dir='ltr'><strong>solertis</strong></span> <span class='ocrx_word' id='word_1_201' title='bbox 681 2589 785 2646; x_wconf 91' lang='lat' dir='ltr'><strong>ope</strong></span> <span class='ocrx_word' id='word_1_202' title='bbox 826 2573 1064 2645; x_wconf 71' lang='lat' dir='ltr'><strong>Ingenii,</strong></span> <span class='ocrx_word' id='word_1_203' title='bbox 1090 2572 1185 2628; x_wconf 91' lang='lat' dir='ltr'><strong>sed</strong></span> <span class='ocrx_word' id='word_1_204' title='bbox 1216 2570 1453 2641; x_wconf 88' lang='lat' dir='ltr'><strong>Spiritus</strong></span> <span class='ocrx_word' id='word_1_205' title='bbox 1483 2570 1659 2625; x_wconf 87' lang='lat' dir='ltr'><strong>sancti</strong></span> 
     </span>
    </p>
   </div>
   <div class='ocr_carea' id='block_1_30' title="bbox 111 2660 1662 2741">
    <p class='ocr_par' dir='ltr' id='par_1_30' title="bbox 111 2660 1662 2741">
     <span class='ocr_line' id='line_1_30' title="bbox 111 2660 1662 2741; baseline -0.005 -18"><span class='ocrx_word' id='word_1_206' title='bbox 111 2670 252 2741; x_wconf 84' lang='lat' dir='ltr'><strong>gratia</strong></span> <span class='ocrx_word' id='word_1_207' title='bbox 275 2668 440 2722; x_wconf 92' lang='lat' dir='ltr'><strong>ﬁdens</strong></span> <span class='ocrx_word' id='word_1_208' title='bbox 462 2683 549 2722; x_wconf 90' lang='lat' dir='ltr'><strong>me</strong></span> <span class='ocrx_word' id='word_1_209' title='bbox 572 2680 733 2736; x_wconf 89' lang='lat' dir='ltr'><strong>posse</strong></span> <span class='ocrx_word' id='word_1_210' title='bbox 753 2663 953 2733; x_wconf 90' lang='lat' dir='ltr'><strong>juvari,</strong></span> <span class='ocrx_word' id='word_1_211' title='bbox 980 2676 1150 2732; x_wconf 89' lang='lat' dir='ltr'><strong>pauca</strong></span> <span class='ocrx_word' id='word_1_212' title='bbox 1179 2663 1396 2732; x_wconf 85' lang='lat' dir='ltr'><strong>quidem</strong></span> <span class='ocrx_word' id='word_1_213' title='bbox 1418 2676 1450 2716; x_wconf 91' lang='lat' dir='ltr'><strong>e</strong></span> <span class='ocrx_word' id='word_1_214' title='bbox 1480 2660 1662 2715; x_wconf 91' lang='lat' dir='ltr'><strong>multis</strong></span> 
     </span>
    </p>
   </div>
   <div class='ocr_carea' id='block_1_31' title="bbox 111 2750 1659 2827">
    <p class='ocr_par' dir='ltr' id='par_1_31' title="bbox 111 2750 1659 2827">
     <span class='ocr_line' id='line_1_31' title="bbox 111 2750 1659 2827; baseline -0.007 -13"><span class='ocrx_word' id='word_1_215' title='bbox 111 2758 313 2814; x_wconf 84' lang='lat' dir='ltr'><strong>scribere</strong></span> <span class='ocrx_word' id='word_1_216' title='bbox 342 2756 595 2827; x_wconf 87' lang='lat' dir='ltr'><strong>proposui</strong></span> <span class='ocrx_word' id='word_1_217' title='bbox 642 2770 763 2825; x_wconf 62' lang='lat' dir='ltr'><strong>quas</strong></span> <span class='ocrx_word' id='word_1_218' title='bbox 810 2767 908 2824; x_wconf 89' lang='lat' dir='ltr'><strong>per</strong></span> <span class='ocrx_word' id='word_1_219' title='bbox 954 2753 1174 2808; x_wconf 88' lang='lat' dir='ltr'><strong>beatum</strong></span> <span class='ocrx_word' id='word_1_220' title='bbox 1213 2750 1536 2806; x_wconf 78' lang='lat' dir='ltr'><strong>Autbertum</strong></span> <span class='ocrx_word' id='word_1_221' title='bbox 1565 2765 1659 2804; x_wconf 91' lang='lat' dir='ltr'><strong>su-</strong></span> 
     </span>
    </p>
   </div>
   <div class='ocr_carea' id='block_1_32' title="bbox 112 2838 1662 2919">
    <p class='ocr_par' dir='ltr' id='par_1_32' title="bbox 112 2838 1662 2919">
     <span class='ocr_line' id='line_1_32' title="bbox 112 2838 1662 2919; baseline -0.004 -19"><span class='ocrx_word' id='word_1_222' title='bbox 112 2864 248 2918; x_wconf 85' lang='lat' dir='ltr'><strong>perna</strong></span> <span class='ocrx_word' id='word_1_223' title='bbox 275 2848 446 2919; x_wconf 76' lang='lat' dir='ltr'><strong>gratia</strong></span> <span class='ocrx_word' id='word_1_224' title='bbox 491 2847 560 2907; x_wconf 87' lang='lat' dir='ltr'><strong>ad</strong></span> <span class='ocrx_word' id='word_1_225' title='bbox 603 2846 817 2900; x_wconf 88' lang='lat' dir='ltr'><strong>laudem</strong></span> <span class='ocrx_word' id='word_1_226' title='bbox 862 2843 945 2899; x_wconf 89' lang='lat' dir='ltr'><strong>sui</strong></span> <span class='ocrx_word' id='word_1_227' title='bbox 988 2851 1042 2898; x_wconf 91' lang='lat' dir='ltr'><strong>et</strong></span> <span class='ocrx_word' id='word_1_228' title='bbox 1069 2841 1435 2898; x_wconf 88' lang='lat' dir='ltr'><strong>ostensionem</strong></span> <span class='ocrx_word' id='word_1_229' title='bbox 1487 2838 1662 2895; x_wconf 89' lang='lat' dir='ltr'><strong>ﬁdelis</strong></span> 
     </span>
    </p>
   </div>
   <div class='ocr_carea' id='block_1_33' title="bbox 112 2931 1659 3006">
    <p class='ocr_par' dir='ltr' id='par_1_33' title="bbox 112 2931 1659 3006">
     <span class='ocr_line' id='line_1_33' title="bbox 112 2931 1659 3006; baseline -0.006 -12"><span class='ocrx_word' id='word_1_230' title='bbox 112 2940 176 2994; x_wconf 88' lang='lat' dir='ltr'><strong>sui</strong></span> <span class='ocrx_word' id='word_1_231' title='bbox 202 2937 520 2995; x_wconf 87' lang='lat' dir='ltr'><strong>confessoris</strong></span> <span class='ocrx_word' id='word_1_232' title='bbox 545 2936 765 3006; x_wconf 78' lang='lat' dir='ltr'><strong>dignata</strong></span> <span class='ocrx_word' id='word_1_233' title='bbox 790 2943 874 2990; x_wconf 91' lang='lat' dir='ltr'><strong>est</strong></span> <span class='ocrx_word' id='word_1_234' title='bbox 906 2933 1140 3004; x_wconf 87' lang='lat' dir='ltr'><strong>operari.</strong></span> <span class='ocrx_word' id='word_1_235' title='bbox 1179 2931 1309 3000; x_wconf 84' lang='lat' dir='ltr'><strong>Quae</strong></span> <span class='ocrx_word' id='word_1_236' title='bbox 1337 2931 1500 2987; x_wconf 90' lang='lat' dir='ltr'><strong>etiam</strong></span> <span class='ocrx_word' id='word_1_237' title='bbox 1526 2945 1659 3002; x_wconf 86' lang='lat' dir='ltr'><strong>pro-</strong></span> 
     </span>
    </p>
   </div>
   <div class='ocr_carea' id='block_1_34' title="bbox 114 3021 1659 3093">
    <p class='ocr_par' dir='ltr' id='par_1_34' title="bbox 114 3021 1659 3093">
     <span class='ocr_line' id='line_1_34' title="bbox 114 3021 1659 3093; baseline -0.006 -8"><span class='ocrx_word' id='word_1_238' title='bbox 114 3030 480 3085; x_wconf 81' lang='lat' dir='ltr'><strong>batissimorum</strong></span> <span class='ocrx_word' id='word_1_239' title='bbox 524 3027 762 3082; x_wconf 78' lang='lat' dir='ltr'><strong>virorum</strong></span> <span class='ocrx_word' id='word_1_240' title='bbox 806 3024 1066 3081; x_wconf 84' lang='lat' dir='ltr'><strong>relatione</strong></span> <span class='ocrx_word' id='word_1_241' title='bbox 1090 3022 1275 3088; x_wconf 90' lang='lat' dir='ltr'><strong>didici,</strong></span> <span class='ocrx_word' id='word_1_242' title='bbox 1307 3031 1402 3078; x_wconf 85' lang='lat' dir='ltr'><strong>aut</strong></span> <span class='ocrx_word' id='word_1_243' title='bbox 1426 3021 1659 3093; x_wconf 84' lang='lat' dir='ltr'><strong>sparsim</strong></span> 
     </span>
    </p>
   </div>
   <div class='ocr_carea' id='block_1_35' title="bbox 111 3114 1659 3259">
    <p class='ocr_par' dir='ltr' id='par_1_35' title="bbox 111 3114 1659 3259">
     <span class='ocr_line' id='line_1_35' title="bbox 111 3114 1659 3259; baseline -0.005 -84"><span class='ocrx_word' id='word_1_244' title='bbox 111 3121 155 3174; x_wconf 91' lang='lat' dir='ltr'><strong>in</strong></span> <span class='ocrx_word' id='word_1_245' title='bbox 175 3120 330 3175; x_wconf 87' lang='lat' dir='ltr'><strong>sacris</strong></span> <span class='ocrx_word' id='word_1_246' title='bbox 362 3117 628 3174; x_wconf 88' lang='lat' dir='ltr'><strong>chartulis</strong></span> <span class='ocrx_word' id='word_1_247' title='bbox 652 3116 855 3188; x_wconf 88' lang='lat' dir='ltr'><strong>scripta</strong></span> <span class='ocrx_word' id='word_1_248' title='bbox 877 3115 1075 3186; x_wconf 84' lang='lat' dir='ltr'><strong>reperi,</strong></span> <span class='ocrx_word' id='word_1_249' title='bbox 1107 3123 1168 3200; x_wconf 86' lang='lat' dir='ltr'><strong>ut</strong></span> <span class='ocrx_word' id='word_1_250' title='bbox 1192 3114 1390 3259; x_wconf 51' lang='lat' dir='ltr'><strong>hab?</strong></span> <span class='ocrx_word' id='word_1_251' title='bbox 1412 3122 1659 3168; x_wconf 86' lang='lat' dir='ltr'><strong>sanctum</strong></span> 
     </span>
     <span class='ocr_line' id='line_1_36' title="bbox 113 3204 1659 3259; baseline -0.001 0"><span class='ocrx_word' id='word_1_252' title='bbox 113 3210 207 3259; x_wconf 77' lang='lat' dir='ltr'><strong>eius</strong></span> <span class='ocrx_word' id='word_1_253' title='bbox 230 3211 506 3259; x_wconf 63' lang='lat' dir='ltr'><strong>collegium</strong></span> <span class='ocrx_word' id='word_1_254' title='bbox 550 3209 618 3259; x_wconf 79' lang='lat' dir='ltr'><strong>ad</strong></span> <span class='ocrx_word' id='word_1_255' title='bbox 658 3208 870 3259; x_wconf 88' lang='lat' dir='ltr'><strong>laudem</strong></span> <span class='ocrx_word' id='word_1_256' title='bbox 897 3205 1204 3259; x_wconf 87' lang='lat' dir='ltr'><strong>Conditoris</strong></span> <span class='ocrx_word' id='word_1_257' title='bbox 1228 3220 1299 3259; x_wconf 87' lang='lat' dir='ltr'><strong>ou</strong></span> <span class='ocrx_word' id='word_1_258' title='bbox 1364 3219 1423 3259; x_wconf 89' lang='lat' dir='ltr'><strong>se</strong></span> <span class='ocrx_word' id='word_1_259' title='bbox 1450 3204 1535 3259; x_wconf 89' lang='lat' dir='ltr'><strong>die</strong></span> <span class='ocrx_word' id='word_1_260' title='bbox 1575 3219 1659 3258; x_wconf 89' lang='lat' dir='ltr'><strong>so-</strong></span> 
     </span>
    </p>
   </div>
   <div class='ocr_carea' id='block_1_36' title="bbox 113 3195 1663 3283">
    <p class='ocr_par' dir='ltr' id='par_1_36' title="bbox 113 3195 1663 3283">
     <span class='ocr_line' id='line_1_37' title="bbox 113 3195 1663 3283; baseline -0.005 -19"><span class='ocrx_word' id='word_1_261' title='bbox 113 3210 207 3278; x_wconf 88' lang='lat' dir='ltr'><strong>ejus</strong></span> <span class='ocrx_word' id='word_1_262' title='bbox 230 3211 506 3283; x_wconf 89' lang='lat' dir='ltr'><strong>collegium</strong></span> <span class='ocrx_word' id='word_1_263' title='bbox 550 3209 618 3264; x_wconf 82' lang='lat' dir='ltr'><strong>ad</strong></span> <span class='ocrx_word' id='word_1_264' title='bbox 658 3208 870 3263; x_wconf 88' lang='lat' dir='ltr'><strong>laudem</strong></span> <span class='ocrx_word' id='word_1_265' title='bbox 897 3195 1204 3262; x_wconf 81' lang='lat' dir='ltr'><strong>Conditoris</strong></span> <span class='ocrx_word' id='word_1_266' title='bbox 1228 3195 1349 3275; x_wconf 75' lang='lat' dir='ltr'><strong>quo’</strong></span> <span class='ocrx_word' id='word_1_267' title='bbox 1364 3219 1423 3259; x_wconf 89' lang='lat' dir='ltr'><strong>se</strong></span> <span class='ocrx_word' id='word_1_268' title='bbox 1450 3204 1535 3260; x_wconf 86' lang='lat' dir='ltr'><strong>die</strong></span> <span class='ocrx_word' id='word_1_269' title='bbox 1575 3219 1663 3258; x_wconf 89' lang='lat' dir='ltr'><strong>so-</strong></span> 
     </span>
    </p>
   </div>
   <div class='ocr_carea' id='block_1_37' title="bbox 111 3294 1663 3360">
    <p class='ocr_par' dir='ltr' id='par_1_37' title="bbox 111 3294 1663 3360">
     <span class='ocr_line' id='line_1_38' title="bbox 111 3294 1663 3360; baseline -0.003 -5"><span class='ocrx_word' id='word_1_270' title='bbox 111 3300 248 3356; x_wconf 86' lang='lat' dir='ltr'><strong>lemni</strong></span> <span class='ocrx_word' id='word_1_271' title='bbox 273 3303 324 3356; x_wconf 90' lang='lat' dir='ltr'><strong>in</strong></span> <span class='ocrx_word' id='word_1_272' title='bbox 361 3300 562 3356; x_wconf 82' lang='lat' dir='ltr'><strong>divinis</strong></span> <span class='ocrx_word' id='word_1_273' title='bbox 588 3299 824 3355; x_wconf 87' lang='lat' dir='ltr'><strong>cultibus</strong></span> <span class='ocrx_word' id='word_1_274' title='bbox 860 3305 1132 3360; x_wconf 76' lang='lat' dir='ltr'><strong>exerceat,</strong></span> <span class='ocrx_word' id='word_1_275' title='bbox 1175 3306 1230 3351; x_wconf 93' lang='lat' dir='ltr'><strong>et</strong></span> <span class='ocrx_word' id='word_1_276' title='bbox 1275 3296 1342 3351; x_wconf 89' lang='lat' dir='ltr'><strong>ad</strong></span> <span class='ocrx_word' id='word_1_277' title='bbox 1367 3294 1663 3351; x_wconf 65' lang='lat' dir='ltr'><strong>aemulatio-</strong></span> 
     </span>
    </p>
   </div>
   <div class='ocr_carea' id='block_1_38' title="bbox 113 3385 1661 3461">
    <p class='ocr_par' dir='ltr' id='par_1_38' title="bbox 113 3385 1661 3461">
     <span class='ocr_line' id='line_1_39' title="bbox 113 3385 1661 3461; baseline -0.003 -17"><span class='ocrx_word' id='word_1_278' title='bbox 113 3407 211 3446; x_wconf 88' lang='lat' dir='ltr'><strong>nem</strong></span> <span class='ocrx_word' id='word_1_279' title='bbox 236 3392 400 3447; x_wconf 90' lang='lat' dir='ltr'><strong>sancti</strong></span> <span class='ocrx_word' id='word_1_280' title='bbox 424 3390 607 3461; x_wconf 91' lang='lat' dir='ltr'><strong>operis</strong></span> <span class='ocrx_word' id='word_1_281' title='bbox 626 3405 734 3460; x_wconf 87' lang='lat' dir='ltr'><strong>quo</strong></span> <span class='ocrx_word' id='word_1_282' title='bbox 760 3388 1024 3459; x_wconf 88' lang='lat' dir='ltr'><strong>proﬁciat.</strong></span> <span class='ocrx_word' id='word_1_283' title='bbox 1052 3387 1170 3454; x_wconf 86' lang='lat' dir='ltr'><strong>Qua</strong></span> <span class='ocrx_word' id='word_1_284' title='bbox 1216 3386 1270 3442; x_wconf 91' lang='lat' dir='ltr'><strong>in</strong></span> <span class='ocrx_word' id='word_1_285' title='bbox 1312 3401 1373 3440; x_wconf 86' lang='lat' dir='ltr'><strong>re</strong></span> <span class='ocrx_word' id='word_1_286' title='bbox 1403 3385 1661 3441; x_wconf 89' lang='lat' dir='ltr'><strong>lectorem</strong></span> 
     </span>
    </p>
   </div>
   <div class='ocr_carea' id='block_1_39' title="bbox 111 3476 1663 3548">
    <p class='ocr_par' dir='ltr' id='par_1_39' title="bbox 111 3476 1663 3548">
     <span class='ocr_line' id='line_1_40' title="bbox 111 3476 1663 3548; baseline -0.001 -13"><span class='ocrx_word' id='word_1_287' title='bbox 111 3495 261 3537; x_wconf 87' lang='lat' dir='ltr'><strong>meum</strong></span> <span class='ocrx_word' id='word_1_288' title='bbox 291 3482 519 3538; x_wconf 87' lang='lat' dir='ltr'><strong>obsecro</strong></span> <span class='ocrx_word' id='word_1_289' title='bbox 542 3489 631 3546; x_wconf 91' lang='lat' dir='ltr'><strong>ut,</strong></span> <span class='ocrx_word' id='word_1_290' title='bbox 662 3482 707 3535; x_wconf 91' lang='lat' dir='ltr'><strong>si</strong></span> <span class='ocrx_word' id='word_1_291' title='bbox 740 3479 969 3535; x_wconf 90' lang='lat' dir='ltr'><strong>fortasse</strong></span> <span class='ocrx_word' id='word_1_292' title='bbox 998 3477 1232 3533; x_wconf 89' lang='lat' dir='ltr'><strong>incultus</strong></span> <span class='ocrx_word' id='word_1_293' title='bbox 1254 3491 1432 3532; x_wconf 90' lang='lat' dir='ltr'><strong>sermo</strong></span> <span class='ocrx_word' id='word_1_294' title='bbox 1459 3476 1663 3548; x_wconf 90' lang='lat' dir='ltr'><strong>peritas</strong></span> 
     </span>
    </p>
   </div>
   <div class='ocr_carea' id='block_1_40' title="bbox 112 3568 1661 3643">
    <p class='ocr_par' dir='ltr' id='par_1_40' title="bbox 112 3568 1661 3643">
     <span class='ocr_line' id='line_1_41' title="bbox 112 3568 1661 3643; baseline -0.001 -19"><span class='ocrx_word' id='word_1_295' title='bbox 112 3587 247 3628; x_wconf 87' lang='lat' dir='ltr'><strong>aures</strong></span> <span class='ocrx_word' id='word_1_296' title='bbox 269 3572 576 3643; x_wconf 79' lang='lat' dir='ltr'><strong>perculerit,</strong></span> <span class='ocrx_word' id='word_1_297' title='bbox 603 3571 777 3625; x_wconf 86' lang='lat' dir='ltr'><strong>discat</strong></span> <span class='ocrx_word' id='word_1_298' title='bbox 806 3569 1090 3639; x_wconf 69' lang='lat' dir='ltr'><strong>imperitia:</strong></span> <span class='ocrx_word' id='word_1_299' title='bbox 1119 3568 1333 3629; x_wconf 83' lang='lat' dir='ltr'><strong>veniam</strong></span> <span class='ocrx_word' id='word_1_300' title='bbox 1364 3568 1512 3636; x_wconf 86' lang='lat' dir='ltr'><strong>dare,</strong></span> <span class='ocrx_word' id='word_1_301' title='bbox 1534 3583 1661 3623; x_wconf 91' lang='lat' dir='ltr'><strong>cum</strong></span> 
     </span>
    </p>
   </div>
   <div class='ocr_carea' id='block_1_41' title="bbox 113 3657 1659 3730">
    <p class='ocr_par' dir='ltr' id='par_1_41' title="bbox 113 3657 1659 3730">
     <span class='ocr_line' id='line_1_42' title="bbox 113 3657 1659 3730; baseline -0.003 -13"><span class='ocrx_word' id='word_1_302' title='bbox 113 3664 255 3718; x_wconf 82' lang='lat' dir='ltr'><strong>sciam</strong></span> <span class='ocrx_word' id='word_1_303' title='bbox 300 3665 353 3718; x_wconf 90' lang='lat' dir='ltr'><strong>in</strong></span> <span class='ocrx_word' id='word_1_304' title='bbox 389 3661 643 3719; x_wconf 77' lang='lat' dir='ltr'><strong>humanis</strong></span> <span class='ocrx_word' id='word_1_305' title='bbox 688 3660 938 3730; x_wconf 88' lang='lat' dir='ltr'><strong>partibus</strong></span> <span class='ocrx_word' id='word_1_306' title='bbox 985 3658 1121 3730; x_wconf 87' lang='lat' dir='ltr'><strong>nihil</strong></span> <span class='ocrx_word' id='word_1_307' title='bbox 1164 3657 1462 3728; x_wconf 87' lang='lat' dir='ltr'><strong>perfectum</strong></span> <span class='ocrx_word' id='word_1_308' title='bbox 1505 3672 1659 3723; x_wconf 89' lang='lat' dir='ltr'><strong>esse;</strong></span> 
     </span>
    </p>
   </div>
   <div class='ocr_carea' id='block_1_42' title="bbox 116 3728 1664 3823">
    <p class='ocr_par' dir='ltr' id='par_1_42' title="bbox 116 3728 1664 3823">
     <span class='ocr_line' id='line_1_43' title="bbox 116 3728 1664 3823; baseline -0.002 -15"><span class='ocrx_word' id='word_1_309' title='bbox 116 3769 198 3808; x_wconf 81' lang='lat' dir='ltr'><strong>nec</strong></span> <span class='ocrx_word' id='word_1_310' title='bbox 218 3763 413 3809; x_wconf 79' lang='lat' dir='ltr'><strong>tantum</strong></span> <span class='ocrx_word' id='word_1_311' title='bbox 446 3728 784 3823; x_wconf 74' lang='lat' dir='ltr'><strong>periclitetur</strong></span> <span class='ocrx_word' id='word_1_312' title='bbox 805 3751 946 3821; x_wconf 90' lang='lat' dir='ltr'><strong>apud</strong></span> <span class='ocrx_word' id='word_1_313' title='bbox 970 3728 1097 3823; x_wconf 53' lang='lat' dir='ltr'><strong>eun;</strong></span> <span class='ocrx_word' id='word_1_314' title='bbox 1122 3750 1348 3805; x_wconf 85' lang='lat' dir='ltr'><strong>audacia</strong></span> <span class='ocrx_word' id='word_1_315' title='bbox 1377 3750 1664 3806; x_wconf 87' lang='lat' dir='ltr'><strong>scribentis</strong></span> 
     </span>
    </p>
   </div>
   <div class='ocr_carea' id='block_1_43' title="bbox 113 3842 1663 3916">
    <p class='ocr_par' dir='ltr' id='par_1_43' title="bbox 113 3842 1663 3916">
     <span class='ocr_line' id='line_1_44' title="bbox 113 3842 1663 3916; baseline 0 -20"><span class='ocrx_word' id='word_1_316' title='bbox 113 3854 338 3912; x_wconf 88' lang='lat' dir='ltr'><strong>quantum</strong></span> <span class='ocrx_word' id='word_1_317' title='bbox 366 3845 544 3900; x_wconf 82' lang='lat' dir='ltr'><strong>valeat</strong></span> <span class='ocrx_word' id='word_1_318' title='bbox 588 3845 820 3916; x_wconf 84' lang='lat' dir='ltr'><strong>dignitas</strong></span> <span class='ocrx_word' id='word_1_319' title='bbox 862 3844 1197 3914; x_wconf 87' lang='lat' dir='ltr'><strong>imperantis.</strong></span> <span class='ocrx_word' id='word_1_320' title='bbox 1240 3843 1297 3897; x_wconf 89' lang='lat' dir='ltr'><strong>Id</strong></span> <span class='ocrx_word' id='word_1_321' title='bbox 1324 3857 1453 3898; x_wconf 86' lang='lat' dir='ltr'><strong>vero</strong></span> <span class='ocrx_word' id='word_1_322' title='bbox 1494 3842 1663 3898; x_wconf 85' lang='lat' dir='ltr'><strong>lector</strong></span> 
     </span>
    </p>
   </div>
   <div class='ocr_carea' id='block_1_44' title="bbox 112 3933 1662 4005">
    <p class='ocr_par' dir='ltr' id='par_1_44' title="bbox 112 3933 1662 4005">
     <span class='ocr_line' id='line_1_45' title="bbox 112 3933 1662 4005; baseline 0.001 -20"><span class='ocrx_word' id='word_1_323' title='bbox 112 3952 135 3985; x_wconf 74' lang='grc' dir='ltr'>ει</span> <span class='ocrx_word' id='word_1_324' title='bbox 157 3936 294 3990; x_wconf 88' lang='lat' dir='ltr'><strong>nobis</strong></span> <span class='ocrx_word' id='word_1_325' title='bbox 331 3937 582 3991; x_wconf 89' lang='lat' dir='ltr'><strong>curiosus</strong></span> <span class='ocrx_word' id='word_1_326' title='bbox 623 3936 902 4005; x_wconf 88' lang='lat' dir='ltr'><strong>requirere</strong></span> <span class='ocrx_word' id='word_1_327' title='bbox 943 3950 1052 3990; x_wconf 90' lang='lat' dir='ltr'><strong>non</strong></span> <span class='ocrx_word' id='word_1_328' title='bbox 1096 3935 1256 3989; x_wconf 87' lang='lat' dir='ltr'><strong>debet</strong></span> <span class='ocrx_word' id='word_1_329' title='bbox 1295 3943 1355 3988; x_wconf 92' lang='lat' dir='ltr'><strong>ut</strong></span> <span class='ocrx_word' id='word_1_330' title='bbox 1389 3934 1528 3990; x_wconf 88' lang='lat' dir='ltr'><strong>beati</strong></span> <span class='ocrx_word' id='word_1_331' title='bbox 1562 3933 1662 3988; x_wconf 86' lang='lat' dir='ltr'><strong>viri</strong></span> 
     </span>
    </p>
   </div>
   <div class='ocr_carea' id='block_1_45' title="bbox 112 4024 1663 4094">
    <p class='ocr_par' dir='ltr' id='par_1_45' title="bbox 112 4024 1663 4094">
     <span class='ocr_line' id='line_1_46' title="bbox 112 4024 1663 4094; baseline 0 -13"><span class='ocrx_word' id='word_1_332' title='bbox 112 4035 235 4094; x_wconf 70' lang='lat' dir='ltr'><strong>gesta</strong></span> <span class='ocrx_word' id='word_1_333' title='bbox 259 4026 553 4081; x_wconf 88' lang='lat' dir='ltr'><strong>continenti</strong></span> <span class='ocrx_word' id='word_1_334' title='bbox 585 4027 777 4081; x_wconf 90' lang='lat' dir='ltr'><strong>ordine</strong></span> <span class='ocrx_word' id='word_1_335' title='bbox 808 4026 1137 4089; x_wconf 87' lang='lat' dir='ltr'><strong>scribantur,</strong></span> <span class='ocrx_word' id='word_1_336' title='bbox 1174 4024 1425 4080; x_wconf 89' lang='lat' dir='ltr'><strong>videlicet</strong></span> <span class='ocrx_word' id='word_1_337' title='bbox 1466 4024 1663 4094; x_wconf 90' lang='lat' dir='ltr'><strong>quibus</strong></span> 
     </span>
    </p>
   </div>
   <div class='ocr_carea' id='block_1_46' title="bbox 112 4115 1658 4187">
    <p class='ocr_par' dir='ltr' id='par_1_46' title="bbox 112 4115 1658 4187">
     <span class='ocr_line' id='line_1_47' title="bbox 112 4115 1658 4187; baseline 0.001 -17"><span class='ocrx_word' id='word_1_338' title='bbox 112 4119 341 4175; x_wconf 83' lang='lat' dir='ltr'><strong>oriundus</strong></span> <span class='ocrx_word' id='word_1_339' title='bbox 392 4118 703 4182; x_wconf 86' lang='lat' dir='ltr'><strong>natalibus,</strong></span> <span class='ocrx_word' id='word_1_340' title='bbox 730 4118 929 4187; x_wconf 88' lang='lat' dir='ltr'><strong>quibus</strong></span> <span class='ocrx_word' id='word_1_341' title='bbox 968 4117 1138 4172; x_wconf 91' lang='lat' dir='ltr'><strong>initiis</strong></span> <span class='ocrx_word' id='word_1_342' title='bbox 1181 4127 1367 4172; x_wconf 90' lang='lat' dir='ltr'><strong>sancta</strong></span> <span class='ocrx_word' id='word_1_343' title='bbox 1416 4115 1658 4183; x_wconf 83' lang='lat' dir='ltr'><strong>infantia,</strong></span> 
     </span>
    </p>
   </div>
   <div class='ocr_carea' id='block_1_47' title="bbox 111 4207 1661 4277">
    <p class='ocr_par' dir='ltr' id='par_1_47' title="bbox 111 4207 1661 4277">
     <span class='ocr_line' id='line_1_48' title="bbox 111 4207 1661 4277; baseline 0.001 -18"><span class='ocrx_word' id='word_1_344' title='bbox 111 4209 279 4274; x_wconf 88' lang='lat' dir='ltr'><strong>quibus</strong></span> <span class='ocrx_word' id='word_1_345' title='bbox 304 4207 669 4264; x_wconf 83' lang='lat' dir='ltr'><strong>adolescentia</strong></span> <span class='ocrx_word' id='word_1_346' title='bbox 700 4208 975 4262; x_wconf 89' lang='lat' dir='ltr'><strong>miraculis</strong></span> <span class='ocrx_word' id='word_1_347' title='bbox 1002 4207 1219 4273; x_wconf 89' lang='lat' dir='ltr'><strong>claruit,</strong></span> <span class='ocrx_word' id='word_1_348' title='bbox 1250 4208 1375 4262; x_wconf 92' lang='lat' dir='ltr'><strong>dum</strong></span> <span class='ocrx_word' id='word_1_349' title='bbox 1400 4207 1661 4277; x_wconf 88' lang='lat' dir='ltr'><strong>intelligat</strong></span> 
     </span>
    </p>
   </div>
   <div class='ocr_carea' id='block_1_48' title="bbox 1755 366 3342 447">
    <p class='ocr_par' dir='ltr' id='par_1_48' title="bbox 1755 366 3342 447">
     <span class='ocr_line' id='line_1_49' title="bbox 1755 366 3342 447; baseline -0.001 -15"><span class='ocrx_word' id='word_1_350' title='bbox 1755 377 1961 447; x_wconf 86' lang='lat' dir='ltr'><strong>antiqui</strong></span> <span class='ocrx_word' id='word_1_351' title='bbox 2015 375 2316 431; x_wconf 85' lang='lat' dir='ltr'><strong>scductoris</strong></span> <span class='ocrx_word' id='word_1_352' title='bbox 2361 375 2568 431; x_wconf 84' lang='lat' dir='ltr'><strong>semina</strong></span> <span class='ocrx_word' id='word_1_353' title='bbox 2620 376 2685 430; x_wconf 88' lang='lat' dir='ltr'><strong>de</strong></span> <span class='ocrx_word' id='word_1_354' title='bbox 2731 391 2862 447; x_wconf 87' lang='lat' dir='ltr'><strong>agro</strong></span> <span class='ocrx_word' id='word_1_355' title='bbox 2906 366 3159 432; x_wconf 67' lang='lat' dir='ltr'><strong>Ecclesia:</strong></span> <span class='ocrx_word' id='word_1_356' title='bbox 3211 388 3342 432; x_wconf 88' lang='lat' dir='ltr'><strong>con-</strong></span> 
     </span>
    </p>
   </div>
   <div class='ocr_carea' id='block_1_49' title="bbox 1758 465 3342 534">
    <p class='ocr_par' dir='ltr' id='par_1_49' title="bbox 1758 465 3342 534">
     <span class='ocr_line' id='line_1_50' title="bbox 1758 465 3342 534; baseline 0.001 -12"><span class='ocrx_word' id='word_1_357' title='bbox 1758 478 1970 523; x_wconf 90' lang='lat' dir='ltr'><strong>stanter</strong></span> <span class='ocrx_word' id='word_1_358' title='bbox 2023 475 2347 521; x_wconf 85' lang='lat' dir='ltr'><strong>resecareut.</strong></span> <span class='ocrx_word' id='word_1_359' title='bbox 2411 465 2581 534; x_wconf 89' lang='lat' dir='ltr'><strong>llujus</strong></span> <span class='ocrx_word' id='word_1_360' title='bbox 2643 466 2937 523; x_wconf 80' lang='lat' dir='ltr'><strong>Domiuieze</strong></span> <span class='ocrx_word' id='word_1_361' title='bbox 2986 467 3342 523; x_wconf 89' lang='lat' dir='ltr'><strong>institutionis</strong></span> 
     </span>
    </p>
   </div>
   <div class='ocr_carea' id='block_1_50' title="bbox 1760 557 3343 629">
    <p class='ocr_par' dir='ltr' id='par_1_50' title="bbox 1760 557 3343 629">
     <span class='ocr_line' id='line_1_51' title="bbox 1760 557 3343 629; baseline -0.002 -14"><span class='ocrx_word' id='word_1_362' title='bbox 1760 568 2111 615; x_wconf 82' lang='lat' dir='ltr'><strong>exsecutores</strong></span> <span class='ocrx_word' id='word_1_363' title='bbox 2134 560 2295 629; x_wconf 88' lang='lat' dir='ltr'><strong>primi</strong></span> <span class='ocrx_word' id='word_1_364' title='bbox 2331 557 2601 629; x_wconf 86' lang='lat' dir='ltr'><strong>discipuli,</strong></span> <span class='ocrx_word' id='word_1_365' title='bbox 2638 558 2833 613; x_wconf 88' lang='lat' dir='ltr'><strong>deinde</strong></span> <span class='ocrx_word' id='word_1_366' title='bbox 2871 573 3215 615; x_wconf 87' lang='lat' dir='ltr'><strong>successores</strong></span> <span class='ocrx_word' id='word_1_367' title='bbox 3250 575 3343 613; x_wconf 65' lang='grc' dir='ltr'><strong>θον</strong></span> 
     </span>
    </p>
   </div>
   <div class='ocr_carea' id='block_1_51' title="bbox 1763 648 3340 719">
    <p class='ocr_par' dir='ltr' id='par_1_51' title="bbox 1763 648 3340 719">
     <span class='ocr_line' id='line_1_52' title="bbox 1763 648 3340 719; baseline -0.004 -11"><span class='ocrx_word' id='word_1_368' title='bbox 1763 670 1904 719; x_wconf 88' lang='lat' dir='ltr'><strong>rum,</strong></span> <span class='ocrx_word' id='word_1_369' title='bbox 1953 653 2128 709; x_wconf 89' lang='lat' dir='ltr'><strong>sancti</strong></span> <span class='ocrx_word' id='word_1_370' title='bbox 2176 651 2426 707; x_wconf 89' lang='lat' dir='ltr'><strong>videlicet</strong></span> <span class='ocrx_word' id='word_1_371' title='bbox 2476 652 2726 707; x_wconf 85' lang='lat' dir='ltr'><strong>doctores</strong></span> <span class='ocrx_word' id='word_1_372' title='bbox 2769 651 3092 705; x_wconf 81' lang='lat' dir='ltr'><strong>exstiterunt</strong></span> <span class='ocrx_word' id='word_1_373' title='bbox 3121 664 3257 719; x_wconf 90' lang='lat' dir='ltr'><strong>quos</strong></span> <span class='ocrx_word' id='word_1_374' title='bbox 3288 648 3340 703; x_wconf 89' lang='lat' dir='ltr'><strong>in</strong></span> 
     </span>
    </p>
   </div>
   <div class='ocr_carea' id='block_1_52' title="bbox 1761 736 3344 799">
    <p class='ocr_par' dir='ltr' id='par_1_52' title="bbox 1761 736 3344 799">
     <span class='ocr_line' id='line_1_53' title="bbox 1761 736 3344 799; baseline -0.004 0"><span class='ocrx_word' id='word_1_375' title='bbox 1761 745 1865 799; x_wconf 91' lang='lat' dir='ltr'><strong>ﬁne</strong></span> <span class='ocrx_word' id='word_1_376' title='bbox 1899 743 2231 799; x_wconf 85' lang='lat' dir='ltr'><strong>senescentis</strong></span> <span class='ocrx_word' id='word_1_377' title='bbox 2258 743 2439 797; x_wconf 91' lang='lat' dir='ltr'><strong>mundi</strong></span> <span class='ocrx_word' id='word_1_378' title='bbox 2496 743 2562 797; x_wconf 88' lang='lat' dir='ltr'><strong>ad</strong></span> <span class='ocrx_word' id='word_1_379' title='bbox 2601 736 2925 797; x_wconf 74' lang='lat' dir='ltr'><strong>excolendas</strong></span> <span class='ocrx_word' id='word_1_380' title='bbox 2957 749 3168 797; x_wconf 87' lang='lat' dir='ltr'><strong>mentes</strong></span> <span class='ocrx_word' id='word_1_381' title='bbox 3210 740 3344 794; x_wconf 90' lang='lat' dir='ltr'><strong>ﬁde-</strong></span> 
     </span>
    </p>
   </div>
   <div class='ocr_carea' id='block_1_53' title="bbox 1758 831 3344 905">
    <p class='ocr_par' dir='ltr' id='par_1_53' title="bbox 1758 831 3344 905">
     <span class='ocr_line' id='line_1_54' title="bbox 1758 831 3344 905; baseline -0.002 -17"><span class='ocrx_word' id='word_1_382' title='bbox 1758 834 1888 890; x_wconf 91' lang='lat' dir='ltr'><strong>lium</strong></span> <span class='ocrx_word' id='word_1_383' title='bbox 1929 835 2266 905; x_wconf 86' lang='lat' dir='ltr'><strong>providentia</strong></span> <span class='ocrx_word' id='word_1_384' title='bbox 2296 832 2915 902; x_wconf 69' lang='lat' dir='ltr'><strong>divinaprzrordinavit.</strong></span> <span class='ocrx_word' id='word_1_385' title='bbox 2946 831 3049 899; x_wconf 85' lang='lat' dir='ltr'><strong>Qui</strong></span> <span class='ocrx_word' id='word_1_386' title='bbox 3085 831 3344 903; x_wconf 88' lang='lat' dir='ltr'><strong>spiritua-</strong></span> 
     </span>
    </p>
   </div>
   <div class='ocr_carea' id='block_1_54' title="bbox 1757 920 3346 980">
    <p class='ocr_par' dir='ltr' id='par_1_54' title="bbox 1757 920 3346 980">
     <span class='ocr_line' id='line_1_55' title="bbox 1757 920 3346 980; baseline -0.003 -1"><span class='ocrx_word' id='word_1_387' title='bbox 1757 924 1887 980; x_wconf 87' lang='lat' dir='ltr'><strong>lium</strong></span> <span class='ocrx_word' id='word_1_388' title='bbox 1929 924 2129 979; x_wconf 87' lang='lat' dir='ltr'><strong>talenta</strong></span> <span class='ocrx_word' id='word_1_389' title='bbox 2188 924 2451 977; x_wconf 89' lang='lat' dir='ltr'><strong>donorum</strong></span> <span class='ocrx_word' id='word_1_390' title='bbox 2496 939 2526 976; x_wconf 89' lang='lat' dir='ltr'><strong>a</strong></span> <span class='ocrx_word' id='word_1_391' title='bbox 2574 939 2785 977; x_wconf 90' lang='lat' dir='ltr'><strong>summo</strong></span> <span class='ocrx_word' id='word_1_392' title='bbox 2823 920 3217 977; x_wconf 79' lang='lat' dir='ltr'><strong>Patrefamilias</strong></span> <span class='ocrx_word' id='word_1_393' title='bbox 3256 936 3346 974; x_wconf 85' lang='lat' dir='ltr'><strong>ac-</strong></span> 
     </span>
    </p>
   </div>
   <div class='ocr_carea' id='block_1_55' title="bbox 1760 1014 3347 1087">
    <p class='ocr_par' dir='ltr' id='par_1_55' title="bbox 1760 1014 3347 1087">
     <span class='ocr_line' id='line_1_56' title="bbox 1760 1014 3347 1087; baseline -0.003 -15"><span class='ocrx_word' id='word_1_394' title='bbox 1760 1016 2022 1087; x_wconf 90' lang='lat' dir='ltr'><strong>cipientes</strong></span> <span class='ocrx_word' id='word_1_395' title='bbox 2050 1023 2126 1080; x_wconf 88' lang='lat' dir='ltr'><strong>et,</strong></span> <span class='ocrx_word' id='word_1_396' title='bbox 2157 1015 2483 1085; x_wconf 82' lang='lat' dir='ltr'><strong>praedicandi</strong></span> <span class='ocrx_word' id='word_1_397' title='bbox 2517 1016 2749 1085; x_wconf 89' lang='lat' dir='ltr'><strong>negotio,</strong></span> <span class='ocrx_word' id='word_1_398' title='bbox 2780 1016 2847 1070; x_wconf 90' lang='lat' dir='ltr'><strong>ad</strong></span> <span class='ocrx_word' id='word_1_399' title='bbox 2874 1030 3095 1070; x_wconf 90' lang='lat' dir='ltr'><strong>usuram</strong></span> <span class='ocrx_word' id='word_1_400' title='bbox 3137 1014 3347 1068; x_wconf 86' lang='lat' dir='ltr'><strong>anima-</strong></span> 
     </span>
    </p>
   </div>
   <div class='ocr_carea' id='block_1_56' title="bbox 1759 1105 3341 1177">
    <p class='ocr_par' dir='ltr' id='par_1_56' title="bbox 1759 1105 3341 1177">
     <span class='ocr_line' id='line_1_57' title="bbox 1759 1105 3341 1177; baseline -0.002 -16"><span class='ocrx_word' id='word_1_401' title='bbox 1759 1121 1879 1161; x_wconf 90' lang='lat' dir='ltr'><strong>rum</strong></span> <span class='ocrx_word' id='word_1_402' title='bbox 1925 1106 2313 1174; x_wconf 78' lang='lat' dir='ltr'><strong>expendentes,</strong></span> <span class='ocrx_word' id='word_1_403' title='bbox 2351 1114 2500 1159; x_wconf 89' lang='lat' dir='ltr'><strong>tanto</strong></span> <span class='ocrx_word' id='word_1_404' title='bbox 2542 1106 2836 1177; x_wconf 86' lang='lat' dir='ltr'><strong>impensius</strong></span> <span class='ocrx_word' id='word_1_405' title='bbox 2865 1105 3196 1176; x_wconf 87' lang='lat' dir='ltr'><strong>ampliﬁcare</strong></span> <span class='ocrx_word' id='word_1_406' title='bbox 3223 1113 3341 1159; x_wconf 85' lang='lat' dir='ltr'><strong>stu-</strong></span> 
     </span>
    </p>
   </div>
   <div class='ocr_carea' id='block_1_57' title="bbox 1758 1196 3347 1267">
    <p class='ocr_par' dir='ltr' id='par_1_57' title="bbox 1758 1196 3347 1267">
     <span class='ocr_line' id='line_1_58' title="bbox 1758 1196 3347 1267; baseline -0.001 -15"><span class='ocrx_word' id='word_1_407' title='bbox 1758 1197 1991 1252; x_wconf 91' lang='lat' dir='ltr'><strong>duerunt</strong></span> <span class='ocrx_word' id='word_1_408' title='bbox 2035 1205 2237 1267; x_wconf 89' lang='lat' dir='ltr'><strong>quanto</strong></span> <span class='ocrx_word' id='word_1_409' title='bbox 2286 1198 2547 1252; x_wconf 86' lang='lat' dir='ltr'><strong>certiores</strong></span> <span class='ocrx_word' id='word_1_410' title='bbox 2590 1205 2747 1251; x_wconf 86' lang='lat' dir='ltr'><strong>erant</strong></span> <span class='ocrx_word' id='word_1_411' title='bbox 2803 1198 2870 1252; x_wconf 92' lang='lat' dir='ltr'><strong>de</strong></span> <span class='ocrx_word' id='word_1_412' title='bbox 2914 1196 3347 1252; x_wconf 86' lang='lat' dir='ltr'><strong>remuneratione</strong></span> 
     </span>
    </p>
   </div>
   <div class='ocr_carea' id='block_1_58' title="bbox 1759 1291 3344 1363">
    <p class='ocr_par' dir='ltr' id='par_1_58' title="bbox 1759 1291 3344 1363">
     <span class='ocr_line' id='line_1_59' title="bbox 1759 1291 3344 1363; baseline 0.001 -17"><span class='ocrx_word' id='word_1_413' title='bbox 1759 1291 2101 1361; x_wconf 86' lang='lat' dir='ltr'><strong>Largitoris,</strong></span> <span class='ocrx_word' id='word_1_414' title='bbox 2150 1301 2205 1346; x_wconf 91' lang='lat' dir='ltr'><strong>et</strong></span> <span class='ocrx_word' id='word_1_415' title='bbox 2251 1293 2557 1363; x_wconf 83' lang='lat' dir='ltr'><strong>evangelica</strong></span> <span class='ocrx_word' id='word_1_416' title='bbox 2611 1293 2882 1349; x_wconf 88' lang='lat' dir='ltr'><strong>sententia</strong></span> <span class='ocrx_word' id='word_1_417' title='bbox 2939 1293 3220 1348; x_wconf 90' lang='lat' dir='ltr'><strong>conterriti</strong></span> <span class='ocrx_word' id='word_1_418' title='bbox 3275 1292 3344 1348; x_wconf 91' lang='lat' dir='ltr'><strong>de</strong></span> 
     </span>
    </p>
   </div>
   <div class='ocr_carea' id='block_1_59' title="bbox 1758 1385 3346 1456">
    <p class='ocr_par' dir='ltr' id='par_1_59' title="bbox 1758 1385 3346 1456">
     <span class='ocr_line' id='line_1_60' title="bbox 1758 1385 3346 1456; baseline -0.001 -17"><span class='ocrx_word' id='word_1_419' title='bbox 1758 1385 2105 1440; x_wconf 90' lang='lat' dir='ltr'><strong>damnatione</strong></span> <span class='ocrx_word' id='word_1_420' title='bbox 2161 1387 2423 1454; x_wconf 89' lang='lat' dir='ltr'><strong>torpentis</strong></span> <span class='ocrx_word' id='word_1_421' title='bbox 2478 1386 2640 1441; x_wconf 87' lang='lat' dir='ltr'><strong>servi.</strong></span> <span class='ocrx_word' id='word_1_422' title='bbox 2698 1385 2775 1440; x_wconf 87' lang='lat' dir='ltr'><strong>De</strong></span> <span class='ocrx_word' id='word_1_423' title='bbox 2830 1393 3061 1456; x_wconf 87' lang='lat' dir='ltr'><strong>quorum</strong></span> <span class='ocrx_word' id='word_1_424' title='bbox 3120 1398 3346 1439; x_wconf 92' lang='lat' dir='ltr'><strong>numero</strong></span> 
     </span>
    </p>
   </div>
   <div class='ocr_carea' id='block_1_60' title="bbox 1759 1475 3344 1543">
    <p class='ocr_par' dir='ltr' id='par_1_60' title="bbox 1759 1475 3344 1543">
     <span class='ocr_line' id='line_1_61' title="bbox 1759 1475 3344 1543; baseline -0.002 -11"><span class='ocrx_word' id='word_1_425' title='bbox 1759 1487 1981 1532; x_wconf 89' lang='lat' dir='ltr'><strong>sanctus</strong></span> <span class='ocrx_word' id='word_1_426' title='bbox 2008 1479 2113 1543; x_wconf 86' lang='lat' dir='ltr'><strong>vir,</strong></span> <span class='ocrx_word' id='word_1_427' title='bbox 2148 1478 2399 1533; x_wconf 89' lang='lat' dir='ltr'><strong>dominus</strong></span> <span class='ocrx_word' id='word_1_428' title='bbox 2427 1479 2719 1533; x_wconf 79' lang='lat' dir='ltr'><strong>Autbertus</strong></span> <span class='ocrx_word' id='word_1_429' title='bbox 2755 1486 2811 1532; x_wconf 92' lang='lat' dir='ltr'><strong>et</strong></span> <span class='ocrx_word' id='word_1_430' title='bbox 2858 1477 3110 1533; x_wconf 86' lang='lat' dir='ltr'><strong>sacerdos</strong></span> <span class='ocrx_word' id='word_1_431' title='bbox 3142 1475 3344 1530; x_wconf 90' lang='lat' dir='ltr'><strong>Christi</strong></span> 
     </span>
    </p>
   </div>
   <div class='ocr_carea' id='block_1_61' title="bbox 1757 1567 3346 1640">
    <p class='ocr_par' dir='ltr' id='par_1_61' title="bbox 1757 1567 3346 1640">
     <span class='ocr_line' id='line_1_62' title="bbox 1757 1567 3346 1640; baseline -0.001 -16"><span class='ocrx_word' id='word_1_432' title='bbox 1757 1569 2195 1639; x_wconf 89' lang='lat' dir='ltr'><strong>probatissimus,</strong></span> <span class='ocrx_word' id='word_1_433' title='bbox 2234 1570 2465 1631; x_wconf 83' lang='lat' dir='ltr'><strong>refulsit.</strong></span> <span class='ocrx_word' id='word_1_434' title='bbox 2500 1571 2829 1640; x_wconf 86' lang='lat' dir='ltr'><strong>temporibus</strong></span> <span class='ocrx_word' id='word_1_435' title='bbox 2869 1567 3156 1640; x_wconf 88' lang='lat' dir='ltr'><strong>Dagoberti</strong></span> <span class='ocrx_word' id='word_1_436' title='bbox 3200 1568 3346 1639; x_wconf 86' lang='lat' dir='ltr'><strong>regis</strong></span> 
     </span>
    </p>
   </div>
   <div class='ocr_carea' id='block_1_62' title="bbox 1760 1658 3351 1732">
    <p class='ocr_par' dir='ltr' id='par_1_62' title="bbox 1760 1658 3351 1732">
     <span class='ocr_line' id='line_1_63' title="bbox 1760 1658 3351 1732; baseline -0.003 -16"><span class='ocrx_word' id='word_1_437' title='bbox 1760 1661 2093 1717; x_wconf 83' lang='lat' dir='ltr'><strong>Francorum</strong></span> <span class='ocrx_word' id='word_1_438' title='bbox 2118 1660 2325 1732; x_wconf 85' lang='lat' dir='ltr'><strong>lnclyti.</strong></span> <span class='ocrx_word' id='word_1_439' title='bbox 2351 1662 2486 1728; x_wconf 86' lang='lat' dir='ltr'><strong>Qui,</strong></span> <span class='ocrx_word' id='word_1_440' title='bbox 2519 1662 2585 1714; x_wconf 88' lang='lat' dir='ltr'><strong>ab</strong></span> <span class='ocrx_word' id='word_1_441' title='bbox 2616 1661 2745 1730; x_wconf 86' lang='lat' dir='ltr'><strong>ipsis</strong></span> <span class='ocrx_word' id='word_1_442' title='bbox 2782 1675 2950 1715; x_wconf 76' lang='lat' dir='ltr'><strong>saera:</strong></span> <span class='ocrx_word' id='word_1_443' title='bbox 2978 1658 3224 1730; x_wconf 72' lang='lat' dir='ltr'><strong>pueritize</strong></span> <span class='ocrx_word' id='word_1_444' title='bbox 3252 1674 3351 1712; x_wconf 85' lang='lat' dir='ltr'><strong>an-</strong></span> 
     </span>
    </p>
   </div>
   <div class='ocr_carea' id='block_1_63' title="bbox 1761 1749 3351 1824">
    <p class='ocr_par' dir='ltr' id='par_1_63' title="bbox 1761 1749 3351 1824">
     <span class='ocr_line' id='line_1_64' title="bbox 1761 1749 3351 1824; baseline -0.003 -16"><span class='ocrx_word' id='word_1_445' title='bbox 1761 1754 1867 1819; x_wconf 91' lang='lat' dir='ltr'><strong>nis,</strong></span> <span class='ocrx_word' id='word_1_446' title='bbox 1899 1767 2130 1824; x_wconf 87' lang='lat' dir='ltr'><strong>superna</strong></span> <span class='ocrx_word' id='word_1_447' title='bbox 2162 1753 2335 1823; x_wconf 87' lang='lat' dir='ltr'><strong>gratia</strong></span> <span class='ocrx_word' id='word_1_448' title='bbox 2383 1752 2656 1822; x_wconf 84' lang='lat' dir='ltr'><strong>aspiratus</strong></span> <span class='ocrx_word' id='word_1_449' title='bbox 2686 1765 2921 1804; x_wconf 87' lang='lat' dir='ltr'><strong>auuosos</strong></span> <span class='ocrx_word' id='word_1_450' title='bbox 2962 1749 3109 1804; x_wconf 86' lang='lat' dir='ltr'><strong>viros</strong></span> <span class='ocrx_word' id='word_1_451' title='bbox 3145 1749 3351 1803; x_wconf 81' lang='lat' dir='ltr'><strong>sauct&#39;s</strong></span> 
     </span>
    </p>
   </div>
   <div class='ocr_carea' id='block_1_64' title="bbox 1760 1839 3349 1915">
    <p class='ocr_par' dir='ltr' id='par_1_64' title="bbox 1760 1839 3349 1915">
     <span class='ocr_line' id='line_1_65' title="bbox 1760 1839 3349 1915; baseline -0.003 -18"><span class='ocrx_word' id='word_1_452' title='bbox 1760 1844 1985 1915; x_wconf 68' lang='lat' dir='ltr'><strong>prmibat</strong></span> <span class='ocrx_word' id='word_1_453' title='bbox 2033 1844 2293 1900; x_wconf 89' lang='lat' dir='ltr'><strong>moribus.</strong></span> <span class='ocrx_word' id='word_1_454' title='bbox 2336 1842 2684 1898; x_wconf 87' lang='lat' dir='ltr'><strong>Litteralibns</strong></span> <span class='ocrx_word' id='word_1_455' title='bbox 2726 1841 2958 1912; x_wconf 90' lang='lat' dir='ltr'><strong>denique</strong></span> <span class='ocrx_word' id='word_1_456' title='bbox 2999 1839 3192 1896; x_wconf 90' lang='lat' dir='ltr'><strong>studiis</strong></span> <span class='ocrx_word' id='word_1_457' title='bbox 3238 1848 3349 1893; x_wconf 88' lang='lat' dir='ltr'><strong>tra-</strong></span> 
     </span>
    </p>
   </div>
   <div class='ocr_carea' id='block_1_65' title="bbox 1762 1929 3349 2003">
    <p class='ocr_par' dir='ltr' id='par_1_65' title="bbox 1762 1929 3349 2003">
     <span class='ocr_line' id='line_1_66' title="bbox 1762 1929 3349 2003; baseline -0.006 -13"><span class='ocrx_word' id='word_1_458' title='bbox 1762 1937 1909 2003; x_wconf 85' lang='lat' dir='ltr'><strong>ditus</strong></span> <span class='ocrx_word' id='word_1_459' title='bbox 1952 1942 2007 1990; x_wconf 90' lang='lat' dir='ltr'><strong>et</strong></span> <span class='ocrx_word' id='word_1_460' title='bbox 2052 1934 2439 1989; x_wconf 88' lang='lat' dir='ltr'><strong>ecclesiasticis</strong></span> <span class='ocrx_word' id='word_1_461' title='bbox 2489 1931 2859 1988; x_wconf 89' lang='lat' dir='ltr'><strong>sanctionibus</strong></span> <span class='ocrx_word' id='word_1_462' title='bbox 2894 1932 3149 1986; x_wconf 90' lang='lat' dir='ltr'><strong>decenter</strong></span> <span class='ocrx_word' id='word_1_463' title='bbox 3181 1929 3349 1984; x_wconf 84' lang='lat' dir='ltr'><strong>infor-</strong></span> 
     </span>
    </p>
   </div>
   <div class='ocr_carea' id='block_1_66' title="bbox 1763 2019 3350 2094">
    <p class='ocr_par' dir='ltr' id='par_1_66' title="bbox 1763 2019 3350 2094">
     <span class='ocr_line' id='line_1_67' title="bbox 1763 2019 3350 2094; baseline -0.004 -14"><span class='ocrx_word' id='word_1_464' title='bbox 1763 2035 1963 2090; x_wconf 89' lang='lat' dir='ltr'><strong>matus,</strong></span> <span class='ocrx_word' id='word_1_465' title='bbox 1988 2038 2084 2094; x_wconf 90' lang='lat' dir='ltr'><strong>per</strong></span> <span class='ocrx_word' id='word_1_466' title='bbox 2104 2024 2303 2094; x_wconf 89' lang='lat' dir='ltr'><strong>gradus</strong></span> <span class='ocrx_word' id='word_1_467' title='bbox 2332 2022 2573 2094; x_wconf 89' lang='lat' dir='ltr'><strong>singulos</strong></span> <span class='ocrx_word' id='word_1_468' title='bbox 2601 2022 2908 2092; x_wconf 89' lang='lat' dir='ltr'><strong>proﬁciens,</strong></span> <span class='ocrx_word' id='word_1_469' title='bbox 2936 2019 3350 2077; x_wconf 88' lang='lat' dir='ltr'><strong>succedentibus</strong></span> 
     </span>
    </p>
   </div>
   <div class='ocr_carea' id='block_1_67' title="bbox 1762 2113 3351 2187">
    <p class='ocr_par' dir='ltr' id='par_1_67' title="bbox 1762 2113 3351 2187">
     <span class='ocr_line' id='line_1_68' title="bbox 1762 2113 3351 2187; baseline -0.006 -14"><span class='ocrx_word' id='word_1_470' title='bbox 1762 2119 2024 2173; x_wconf 90' lang='lat' dir='ltr'><strong>virtutum</strong></span> <span class='ocrx_word' id='word_1_471' title='bbox 2056 2116 2430 2183; x_wconf 87' lang='lat' dir='ltr'><strong>incrementis,</strong></span> <span class='ocrx_word' id='word_1_472' title='bbox 2461 2125 2750 2187; x_wconf 88' lang='lat' dir='ltr'><strong>provectus</strong></span> <span class='ocrx_word' id='word_1_473' title='bbox 2793 2123 2876 2170; x_wconf 86' lang='lat' dir='ltr'><strong>est</strong></span> <span class='ocrx_word' id='word_1_474' title='bbox 2922 2115 2988 2168; x_wconf 91' lang='lat' dir='ltr'><strong>ad</strong></span> <span class='ocrx_word' id='word_1_475' title='bbox 3025 2113 3235 2169; x_wconf 89' lang='lat' dir='ltr'><strong>culmen</strong></span> <span class='ocrx_word' id='word_1_476' title='bbox 3264 2128 3351 2165; x_wconf 84' lang='lat' dir='ltr'><strong>sa-</strong></span> 
     </span>
    </p>
   </div>
   <div class='ocr_carea' id='block_1_68' title="bbox 1762 2204 3350 2279">
    <p class='ocr_par' dir='ltr' id='par_1_68' title="bbox 1762 2204 3350 2279">
     <span class='ocr_line' id='line_1_69' title="bbox 1762 2204 3350 2279; baseline -0.006 -14"><span class='ocrx_word' id='word_1_477' title='bbox 1762 2208 2051 2266; x_wconf 88' lang='lat' dir='ltr'><strong>cerdotalis</strong></span> <span class='ocrx_word' id='word_1_478' title='bbox 2080 2210 2321 2264; x_wconf 89' lang='lat' dir='ltr'><strong>honoris.</strong></span> <span class='ocrx_word' id='word_1_479' title='bbox 2355 2209 2435 2263; x_wconf 83' lang='lat' dir='ltr'><strong>Ex</strong></span> <span class='ocrx_word' id='word_1_480' title='bbox 2485 2218 2643 2279; x_wconf 82' lang='lat' dir='ltr'><strong>gente</strong></span> <span class='ocrx_word' id='word_1_481' title='bbox 2682 2207 2863 2277; x_wconf 89' lang='lat' dir='ltr'><strong>itaque</strong></span> <span class='ocrx_word' id='word_1_482' title='bbox 2911 2214 3059 2262; x_wconf 91' lang='lat' dir='ltr'><strong>sorte</strong></span> <span class='ocrx_word' id='word_1_483' title='bbox 3105 2204 3350 2260; x_wconf 75' lang='lat' dir='ltr'><strong>mortalis</strong></span> 
     </span>
    </p>
   </div>
   <div class='ocr_carea' id='block_1_69' title="bbox 1762 2295 3349 2366">
    <p class='ocr_par' dir='ltr' id='par_1_69' title="bbox 1762 2295 3349 2366">
     <span class='ocr_line' id='line_1_70' title="bbox 1762 2295 3349 2366; baseline -0.004 -11"><span class='ocrx_word' id='word_1_484' title='bbox 1762 2309 1969 2355; x_wconf 79' lang='lat' dir='ltr'><strong>natura:</strong></span> <span class='ocrx_word' id='word_1_485' title='bbox 2004 2299 2234 2366; x_wconf 80' lang='lat' dir='ltr'><strong>contigit</strong></span> <span class='ocrx_word' id='word_1_486' title='bbox 2279 2299 2557 2354; x_wconf 84' lang='lat' dir='ltr'><strong>Albertum</strong></span> <span class='ocrx_word' id='word_1_487' title='bbox 2605 2296 3014 2353; x_wconf 89' lang='lat' dir='ltr'><strong>Cameracensis</strong></span> <span class='ocrx_word' id='word_1_488' title='bbox 3051 2295 3196 2352; x_wconf 88' lang='lat' dir='ltr'><strong>sedis</strong></span> <span class='ocrx_word' id='word_1_489' title='bbox 3231 2295 3349 2365; x_wconf 88' lang='lat' dir='ltr'><strong>epi-</strong></span> 
     </span>
    </p>
   </div>
   <div class='ocr_carea' id='block_1_70' title="bbox 1763 2388 3348 2459">
    <p class='ocr_par' dir='ltr' id='par_1_70' title="bbox 1763 2388 3348 2459">
     <span class='ocr_line' id='line_1_71' title="bbox 1763 2388 3348 2459; baseline -0.003 -13"><span class='ocrx_word' id='word_1_490' title='bbox 1763 2405 2009 2459; x_wconf 91' lang='lat' dir='ltr'><strong>scopum,</strong></span> <span class='ocrx_word' id='word_1_491' title='bbox 2033 2390 2281 2459; x_wconf 89' lang='lat' dir='ltr'><strong>deposito</strong></span> <span class='ocrx_word' id='word_1_492' title='bbox 2304 2390 2483 2445; x_wconf 89' lang='lat' dir='ltr'><strong>carnis</strong></span> <span class='ocrx_word' id='word_1_493' title='bbox 2503 2403 2689 2455; x_wconf 91' lang='lat' dir='ltr'><strong>onere,</strong></span> <span class='ocrx_word' id='word_1_494' title='bbox 2717 2390 2783 2444; x_wconf 90' lang='lat' dir='ltr'><strong>de</strong></span> <span class='ocrx_word' id='word_1_495' title='bbox 2811 2389 2913 2444; x_wconf 92' lang='lat' dir='ltr'><strong>hoc</strong></span> <span class='ocrx_word' id='word_1_496' title='bbox 2938 2388 3140 2442; x_wconf 89' lang='lat' dir='ltr'><strong>mundo</strong></span> <span class='ocrx_word' id='word_1_497' title='bbox 3170 2398 3348 2441; x_wconf 89' lang='lat' dir='ltr'><strong>trans-</strong></span> 
     </span>
    </p>
   </div>
   <div class='ocr_carea' id='block_1_71' title="bbox 1764 2472 3351 2551">
    <p class='ocr_par' dir='ltr' id='par_1_71' title="bbox 1764 2472 3351 2551">
     <span class='ocr_line' id='line_1_72' title="bbox 1764 2472 3351 2551; baseline -0.003 -15"><span class='ocrx_word' id='word_1_498' title='bbox 1764 2480 1914 2536; x_wconf 89' lang='lat' dir='ltr'><strong>iisse.</strong></span> <span class='ocrx_word' id='word_1_499' title='bbox 1979 2481 2171 2536; x_wconf 91' lang='lat' dir='ltr'><strong>Divina</strong></span> <span class='ocrx_word' id='word_1_500' title='bbox 2230 2481 2393 2551; x_wconf 82' lang='lat' dir='ltr'><strong>igitur</strong></span> <span class='ocrx_word' id='word_1_501' title='bbox 2448 2472 2765 2550; x_wconf 82' lang='lat' dir='ltr'><strong>operatione</strong></span> <span class='ocrx_word' id='word_1_502' title='bbox 2816 2488 3009 2534; x_wconf 91' lang='lat' dir='ltr'><strong>cuncta</strong></span> <span class='ocrx_word' id='word_1_503' title='bbox 3062 2477 3351 2533; x_wconf 78' lang='lat' dir='ltr'><strong>salubriter</strong></span> 
     </span>
    </p>
   </div>
   <div class='ocr_carea' id='block_1_72' title="bbox 1764 2572 3352 2642">
    <p class='ocr_par' dir='ltr' id='par_1_72' title="bbox 1764 2572 3352 2642">
     <span class='ocr_line' id='line_1_73' title="bbox 1764 2572 3352 2642; baseline -0.003 -15"><span class='ocrx_word' id='word_1_504' title='bbox 1764 2573 2101 2642; x_wconf 84' lang='lat' dir='ltr'><strong>disponente,</strong></span> <span class='ocrx_word' id='word_1_505' title='bbox 2134 2573 2430 2627; x_wconf 82' lang='lat' dir='ltr'><strong>Autbertus</strong></span> <span class='ocrx_word' id='word_1_506' title='bbox 2476 2572 2562 2625; x_wconf 88' lang='lat' dir='ltr'><strong>vir</strong></span> <span class='ocrx_word' id='word_1_507' title='bbox 2604 2572 2930 2642; x_wconf 90' lang='lat' dir='ltr'><strong>conspicuus</strong></span> <span class='ocrx_word' id='word_1_508' title='bbox 2976 2580 3032 2627; x_wconf 89' lang='lat' dir='ltr'><strong>et</strong></span> <span class='ocrx_word' id='word_1_509' title='bbox 3067 2584 3352 2625; x_wconf 82' lang='lat' dir='ltr'><strong>successor</strong></span> 
     </span>
    </p>
   </div>
   <div class='ocr_carea' id='block_1_73' title="bbox 1762 2661 3348 2734">
    <p class='ocr_par' dir='ltr' id='par_1_73' title="bbox 1762 2661 3348 2734">
     <span class='ocr_line' id='line_1_74' title="bbox 1762 2661 3348 2734; baseline -0.003 -14"><span class='ocrx_word' id='word_1_510' title='bbox 1762 2665 2042 2731; x_wconf 89' lang='lat' dir='ltr'><strong>emeritus,</strong></span> <span class='ocrx_word' id='word_1_511' title='bbox 2073 2663 2361 2734; x_wconf 89' lang='lat' dir='ltr'><strong>proﬁciens</strong></span> <span class='ocrx_word' id='word_1_512' title='bbox 2387 2665 2451 2719; x_wconf 90' lang='lat' dir='ltr'><strong>de</strong></span> <span class='ocrx_word' id='word_1_513' title='bbox 2477 2665 2675 2722; x_wconf 89' lang='lat' dir='ltr'><strong>virtute</strong></span> <span class='ocrx_word' id='word_1_514' title='bbox 2713 2664 2768 2719; x_wconf 89' lang='lat' dir='ltr'><strong>in</strong></span> <span class='ocrx_word' id='word_1_515' title='bbox 2812 2664 3086 2730; x_wconf 86' lang='lat' dir='ltr'><strong>virtutem,</strong></span> <span class='ocrx_word' id='word_1_516' title='bbox 3111 2661 3348 2732; x_wconf 89' lang='lat' dir='ltr'><strong>ejusdem</strong></span> 
     </span>
    </p>
   </div>
   <div class='ocr_carea' id='block_1_74' title="bbox 1762 2752 3347 2826">
    <p class='ocr_par' dir='ltr' id='par_1_74' title="bbox 1762 2752 3347 2826">
     <span class='ocr_line' id='line_1_75' title="bbox 1762 2752 3347 2826; baseline -0.003 -14"><span class='ocrx_word' id='word_1_517' title='bbox 1762 2756 1909 2812; x_wconf 86' lang='lat' dir='ltr'><strong>sedis</strong></span> <span class='ocrx_word' id='word_1_518' title='bbox 1955 2755 2321 2826; x_wconf 89' lang='lat' dir='ltr'><strong>pontiﬁcalem</strong></span> <span class='ocrx_word' id='word_1_519' title='bbox 2368 2755 2589 2810; x_wconf 89' lang='lat' dir='ltr'><strong>sortitus</strong></span> <span class='ocrx_word' id='word_1_520' title='bbox 2647 2764 2731 2811; x_wconf 88' lang='lat' dir='ltr'><strong>est</strong></span> <span class='ocrx_word' id='word_1_521' title='bbox 2783 2754 3122 2826; x_wconf 90' lang='lat' dir='ltr'><strong>dignitatem.</strong></span> <span class='ocrx_word' id='word_1_522' title='bbox 3176 2752 3347 2808; x_wconf 82' lang='lat' dir='ltr'><strong>Porro</strong></span> 
     </span>
    </p>
   </div>
   <div class='ocr_carea' id='block_1_75' title="bbox 1764 2845 3351 2915">
    <p class='ocr_par' dir='ltr' id='par_1_75' title="bbox 1764 2845 3351 2915">
     <span class='ocr_line' id='line_1_76' title="bbox 1764 2845 3351 2915; baseline -0.003 -13"><span class='ocrx_word' id='word_1_523' title='bbox 1764 2847 2013 2903; x_wconf 72' lang='lat' dir='ltr'><strong>humana:</strong></span> <span class='ocrx_word' id='word_1_524' title='bbox 2058 2846 2249 2902; x_wconf 90' lang='lat' dir='ltr'><strong>salutis</strong></span> <span class='ocrx_word' id='word_1_525' title='bbox 2276 2846 2513 2909; x_wconf 84' lang='lat' dir='ltr'><strong>Auctor,</strong></span> <span class='ocrx_word' id='word_1_526' title='bbox 2540 2847 2799 2915; x_wconf 84' lang='lat' dir='ltr'><strong>praescius</strong></span> <span class='ocrx_word' id='word_1_527' title='bbox 2824 2846 3106 2915; x_wconf 84' lang='lat' dir='ltr'><strong>antiquum</strong></span> <span class='ocrx_word' id='word_1_528' title='bbox 3139 2845 3351 2899; x_wconf 88' lang='lat' dir='ltr'><strong>hostem</strong></span> 
     </span>
    </p>
   </div>
   <div class='ocr_carea' id='block_1_76' title="bbox 1768 2935 3349 3015">
    <p class='ocr_par' dir='ltr' id='par_1_76' title="bbox 1768 2935 3349 3015">
     <span class='ocr_line' id='line_1_77' title="bbox 1768 2935 3349 3015; baseline -0.001 -26"><span class='ocrx_word' id='word_1_529' title='bbox 1768 2945 1920 3015; x_wconf 90' lang='lat' dir='ltr'><strong>tanto</strong></span> <span class='ocrx_word' id='word_1_530' title='bbox 1984 2936 2262 2992; x_wconf 89' lang='lat' dir='ltr'><strong>ardentius</strong></span> <span class='ocrx_word' id='word_1_531' title='bbox 2325 2950 2544 3007; x_wconf 85' lang='lat' dir='ltr'><strong>gregem</strong></span> <span class='ocrx_word' id='word_1_532' title='bbox 2594 2935 2932 2991; x_wconf 90' lang='lat' dir='ltr'><strong>Dominicum</strong></span> <span class='ocrx_word' id='word_1_533' title='bbox 2981 2936 3349 2991; x_wconf 89' lang='lat' dir='ltr'><strong>insecuturum</strong></span> 
     </span>
    </p>
   </div>
   <div class='ocr_carea' id='block_1_77' title="bbox 1766 3026 3349 3098">
    <p class='ocr_par' dir='ltr' id='par_1_77' title="bbox 1766 3026 3349 3098">
     <span class='ocr_line' id='line_1_78' title="bbox 1766 3026 3349 3098; baseline -0.001 -17"><span class='ocrx_word' id='word_1_534' title='bbox 1766 3036 1969 3098; x_wconf 90' lang='lat' dir='ltr'><strong>quanto</strong></span> <span class='ocrx_word' id='word_1_535' title='bbox 2014 3027 2265 3095; x_wconf 87' lang='lat' dir='ltr'><strong>vicinius,</strong></span> <span class='ocrx_word' id='word_1_536' title='bbox 2317 3026 2555 3084; x_wconf 89' lang='lat' dir='ltr'><strong>instante</strong></span> <span class='ocrx_word' id='word_1_537' title='bbox 2601 3026 2709 3083; x_wconf 89' lang='lat' dir='ltr'><strong>ﬁne</strong></span> <span class='ocrx_word' id='word_1_538' title='bbox 2752 3026 2965 3091; x_wconf 70' lang='lat' dir='ltr'><strong>smculi,</strong></span> <span class='ocrx_word' id='word_1_539' title='bbox 3010 3027 3177 3082; x_wconf 87' lang='lat' dir='ltr'><strong>sciret</strong></span> <span class='ocrx_word' id='word_1_540' title='bbox 3216 3026 3349 3081; x_wconf 83' lang='lat' dir='ltr'><strong>nihil</strong></span> 
     </span>
    </p>
   </div>
   <div class='ocr_carea' id='block_1_78' title="bbox 1766 3117 3352 3189">
    <p class='ocr_par' dir='ltr' id='par_1_78' title="bbox 1766 3117 3352 3189">
     <span class='ocr_line' id='line_1_79' title="bbox 1766 3117 3352 3189; baseline -0.001 -15"><span class='ocrx_word' id='word_1_541' title='bbox 1766 3133 2049 3189; x_wconf 89' lang='lat' dir='ltr'><strong>superesse</strong></span> <span class='ocrx_word' id='word_1_542' title='bbox 2094 3118 2235 3187; x_wconf 92' lang='lat' dir='ltr'><strong>quod</strong></span> <span class='ocrx_word' id='word_1_543' title='bbox 2267 3118 2333 3171; x_wconf 91' lang='lat' dir='ltr'><strong>ad</strong></span> <span class='ocrx_word' id='word_1_544' title='bbox 2376 3119 2691 3174; x_wconf 89' lang='lat' dir='ltr'><strong>tentandum</strong></span> <span class='ocrx_word' id='word_1_545' title='bbox 2732 3118 2941 3173; x_wconf 88' lang='lat' dir='ltr'><strong>artibus</strong></span> <span class='ocrx_word' id='word_1_546' title='bbox 2984 3118 3096 3173; x_wconf 92' lang='lat' dir='ltr'><strong>suis</strong></span> <span class='ocrx_word' id='word_1_547' title='bbox 3124 3117 3352 3172; x_wconf 83' lang='lat' dir='ltr'><strong>ulterius</strong></span> 
     </span>
    </p>
   </div>
   <div class='ocr_carea' id='block_1_79' title="bbox 1764 3207 3353 3281">
    <p class='ocr_par' dir='ltr' id='par_1_79' title="bbox 1764 3207 3353 3281">
     <span class='ocr_line' id='line_1_80' title="bbox 1764 3207 3353 3281; baseline -0.001 -19"><span class='ocrx_word' id='word_1_548' title='bbox 1764 3209 2055 3281; x_wconf 87' lang='lat' dir='ltr'><strong>potuisset,</strong></span> <span class='ocrx_word' id='word_1_549' title='bbox 2090 3208 2346 3262; x_wconf 87' lang='lat' dir='ltr'><strong>adversus</strong></span> <span class='ocrx_word' id='word_1_550' title='bbox 2390 3209 2694 3279; x_wconf 80' lang='lat' dir='ltr'><strong>tyrannidis</strong></span> <span class='ocrx_word' id='word_1_551' title='bbox 2737 3207 2853 3278; x_wconf 89' lang='lat' dir='ltr'><strong>ejus</strong></span> <span class='ocrx_word' id='word_1_552' title='bbox 2890 3208 3174 3279; x_wconf 87' lang='lat' dir='ltr'><strong>imperium</strong></span> <span class='ocrx_word' id='word_1_553' title='bbox 3217 3207 3353 3261; x_wconf 78' lang='lat' dir='ltr'><strong>vali-</strong></span> 
     </span>
    </p>
   </div>
   <div class='ocr_carea' id='block_1_80' title="bbox 1765 3298 3353 3368">
    <p class='ocr_par' dir='ltr' id='par_1_80' title="bbox 1765 3298 3353 3368">
     <span class='ocr_line' id='line_1_81' title="bbox 1765 3298 3353 3368; baseline 0 -16"><span class='ocrx_word' id='word_1_554' title='bbox 1765 3300 1892 3352; x_wconf 90' lang='lat' dir='ltr'><strong>dum</strong></span> <span class='ocrx_word' id='word_1_555' title='bbox 1947 3298 2276 3353; x_wconf 90' lang='lat' dir='ltr'><strong>defensionis</strong></span> <span class='ocrx_word' id='word_1_556' title='bbox 2315 3299 2474 3362; x_wconf 86' lang='lat' dir='ltr'><strong>nobis</strong></span> <span class='ocrx_word' id='word_1_557' title='bbox 2526 3299 2739 3368; x_wconf 89' lang='lat' dir='ltr'><strong>paravit</strong></span> <span class='ocrx_word' id='word_1_558' title='bbox 2796 3299 3165 3364; x_wconf 86' lang='lat' dir='ltr'><strong>obstaculum,</strong></span> <span class='ocrx_word' id='word_1_559' title='bbox 3219 3298 3353 3352; x_wconf 75' lang='lat' dir='ltr'><strong>datis</strong></span> 
     </span>
    </p>
   </div>
   <div class='ocr_carea' id='block_1_81' title="bbox 1765 3389 3351 3461">
    <p class='ocr_par' dir='ltr' id='par_1_81' title="bbox 1765 3389 3351 3461">
     <span class='ocr_line' id='line_1_82' title="bbox 1765 3389 3351 3461; baseline -0.003 -16"><span class='ocrx_word' id='word_1_560' title='bbox 1765 3390 1922 3445; x_wconf 84' lang='lat' dir='ltr'><strong>nobis</strong></span> <span class='ocrx_word' id='word_1_561' title='bbox 1959 3389 2322 3454; x_wconf 74' lang='lat' dir='ltr'><strong>Autbertum,</strong></span> <span class='ocrx_word' id='word_1_562' title='bbox 2381 3390 2634 3445; x_wconf 86' lang='lat' dir='ltr'><strong>videlicet</strong></span> <span class='ocrx_word' id='word_1_563' title='bbox 2690 3390 2869 3461; x_wconf 89' lang='lat' dir='ltr'><strong>gregis</strong></span> <span class='ocrx_word' id='word_1_564' title='bbox 2930 3390 3013 3445; x_wconf 89' lang='lat' dir='ltr'><strong>sui</strong></span> <span class='ocrx_word' id='word_1_565' title='bbox 3075 3398 3351 3459; x_wconf 80' lang='lat' dir='ltr'><strong>pastorem</strong></span> 
     </span>
    </p>
   </div>
   <div class='ocr_carea' id='block_1_82' title="bbox 1765 3481 3347 3553">
    <p class='ocr_par' dir='ltr' id='par_1_82' title="bbox 1765 3481 3347 3553">
     <span class='ocr_line' id='line_1_83' title="bbox 1765 3481 3347 3553; baseline -0.001 -17"><span class='ocrx_word' id='word_1_566' title='bbox 1765 3481 2234 3553; x_wconf 82' lang='lat' dir='ltr'><strong>vigilantissitnum</strong></span> <span class='ocrx_word' id='word_1_567' title='bbox 2262 3492 2317 3535; x_wconf 90' lang='lat' dir='ltr'><strong>et</strong></span> <span class='ocrx_word' id='word_1_568' title='bbox 2345 3484 2626 3537; x_wconf 88' lang='lat' dir='ltr'><strong>custodem</strong></span> <span class='ocrx_word' id='word_1_569' title='bbox 2662 3483 2965 3536; x_wconf 89' lang='lat' dir='ltr'><strong>animarum</strong></span> <span class='ocrx_word' id='word_1_570' title='bbox 3001 3481 3347 3538; x_wconf 88' lang='lat' dir='ltr'><strong>ﬁdissimum.</strong></span> 
     </span>
    </p>
   </div>
   <div class='ocr_carea' id='block_1_83' title="bbox 1836 3570 3353 3642">
    <p class='ocr_par' dir='ltr' id='par_1_83' title="bbox 1836 3570 3353 3642">
     <span class='ocr_line' id='line_1_84' title="bbox 1836 3570 3353 3642; baseline -0.001 -15"><span class='ocrx_word' id='word_1_571' title='bbox 1836 3572 1897 3627; x_wconf 94' lang='lat' dir='ltr'><strong>ll.</strong></span> <span class='ocrx_word' id='word_1_572' title='bbox 1927 3572 2262 3627; x_wconf 88' lang='lat' dir='ltr'><strong>Constitntus</strong></span> <span class='ocrx_word' id='word_1_573' title='bbox 2311 3582 2490 3627; x_wconf 90' lang='lat' dir='ltr'><strong>autem</strong></span> <span class='ocrx_word' id='word_1_574' title='bbox 2540 3572 2592 3626; x_wconf 91' lang='lat' dir='ltr'><strong>in</strong></span> <span class='ocrx_word' id='word_1_575' title='bbox 2639 3574 2769 3627; x_wconf 89' lang='lat' dir='ltr'><strong>sede</strong></span> <span class='ocrx_word' id='word_1_576' title='bbox 2812 3570 3132 3642; x_wconf 88' lang='lat' dir='ltr'><strong>pontiﬁcali,</strong></span> <span class='ocrx_word' id='word_1_577' title='bbox 3177 3571 3353 3640; x_wconf 89' lang='lat' dir='ltr'><strong>qualis</strong></span> 
     </span>
    </p>
   </div>
   <div class='ocr_carea' id='block_1_84' title="bbox 1765 3661 3352 3735">
    <p class='ocr_par' dir='ltr' id='par_1_84' title="bbox 1765 3661 3352 3735">
     <span class='ocr_line' id='line_1_85' title="bbox 1765 3661 3352 3735; baseline -0.003 -17"><span class='ocrx_word' id='word_1_578' title='bbox 1765 3673 2109 3735; x_wconf 87' lang='lat' dir='ltr'><strong>quantusque</strong></span> <span class='ocrx_word' id='word_1_579' title='bbox 2132 3664 2184 3717; x_wconf 91' lang='lat' dir='ltr'><strong>in</strong></span> <span class='ocrx_word' id='word_1_580' title='bbox 2211 3679 2276 3718; x_wconf 88' lang='lat' dir='ltr'><strong>ea</strong></span> <span class='ocrx_word' id='word_1_581' title='bbox 2299 3664 2518 3729; x_wconf 82' lang='lat' dir='ltr'><strong>vixerit,</strong></span> <span class='ocrx_word' id='word_1_582' title='bbox 2553 3680 2659 3718; x_wconf 92' lang='lat' dir='ltr'><strong>non</strong></span> <span class='ocrx_word' id='word_1_583' title='bbox 2684 3672 2768 3720; x_wconf 89' lang='lat' dir='ltr'><strong>est</strong></span> <span class='ocrx_word' id='word_1_584' title='bbox 2796 3674 2995 3719; x_wconf 77' lang='lat' dir='ltr'><strong>nostrae</strong></span> <span class='ocrx_word' id='word_1_585' title='bbox 3021 3661 3352 3733; x_wconf 85' lang='lat' dir='ltr'><strong>possibilita-</strong></span> 
     </span>
    </p>
   </div>
   <div class='ocr_carea' id='block_1_85' title="bbox 1767 3753 3352 3826">
    <p class='ocr_par' dir='ltr' id='par_1_85' title="bbox 1767 3753 3352 3826">
     <span class='ocr_line' id='line_1_86' title="bbox 1767 3753 3352 3826; baseline -0.002 -15"><span class='ocrx_word' id='word_1_586' title='bbox 1767 3758 1837 3813; x_wconf 89' lang='lat' dir='ltr'><strong>tis</strong></span> <span class='ocrx_word' id='word_1_587' title='bbox 1861 3756 2130 3811; x_wconf 89' lang='lat' dir='ltr'><strong>evolvcre.</strong></span> <span class='ocrx_word' id='word_1_588' title='bbox 2157 3756 2334 3810; x_wconf 82' lang='lat' dir='ltr'><strong>Altius</strong></span> <span class='ocrx_word' id='word_1_589' title='bbox 2356 3757 2500 3809; x_wconf 82' lang='lat' dir='ltr'><strong>enim</strong></span> <span class='ocrx_word' id='word_1_590' title='bbox 2534 3758 2737 3811; x_wconf 89' lang='lat' dir='ltr'><strong>eminet</strong></span> <span class='ocrx_word' id='word_1_591' title='bbox 2758 3770 2919 3826; x_wconf 90' lang='lat' dir='ltr'><strong>quam</strong></span> <span class='ocrx_word' id='word_1_592' title='bbox 2961 3753 3071 3809; x_wconf 91' lang='lat' dir='ltr'><strong>ullo</strong></span> <span class='ocrx_word' id='word_1_593' title='bbox 3100 3766 3352 3809; x_wconf 87' lang='lat' dir='ltr'><strong>sermone</strong></span> 
     </span>
    </p>
   </div>
   <div class='ocr_carea' id='block_1_86' title="bbox 1769 3844 3351 3915">
    <p class='ocr_par' dir='ltr' id='par_1_86' title="bbox 1769 3844 3351 3915">
     <span class='ocr_line' id='line_1_87' title="bbox 1769 3844 3351 3915; baseline -0.004 -14"><span class='ocrx_word' id='word_1_594' title='bbox 1769 3846 1967 3902; x_wconf 90' lang='lat' dir='ltr'><strong>includi</strong></span> <span class='ocrx_word' id='word_1_595' title='bbox 1997 3845 2190 3899; x_wconf 88' lang='lat' dir='ltr'><strong>valeat.</strong></span> <span class='ocrx_word' id='word_1_596' title='bbox 2227 3846 2493 3900; x_wconf 84' lang='lat' dir='ltr'><strong>Auimalis</strong></span> <span class='ocrx_word' id='word_1_597' title='bbox 2537 3846 2683 3900; x_wconf 87' lang='lat' dir='ltr'><strong>enim</strong></span> <span class='ocrx_word' id='word_1_598' title='bbox 2722 3845 2885 3900; x_wconf 90' lang='lat' dir='ltr'><strong>homo</strong></span> <span class='ocrx_word' id='word_1_599' title='bbox 2922 3844 3204 3915; x_wconf 89' lang='lat' dir='ltr'><strong>percipere</strong></span> <span class='ocrx_word' id='word_1_600' title='bbox 3241 3857 3351 3896; x_wconf 88' lang='lat' dir='ltr'><strong>non</strong></span> 
     </span>
    </p>
   </div>
   <div class='ocr_carea' id='block_1_87' title="bbox 1762 3935 3349 4009">
    <p class='ocr_par' dir='ltr' id='par_1_87' title="bbox 1762 3935 3349 4009">
     <span class='ocr_line' id='line_1_88' title="bbox 1762 3935 3349 4009; baseline -0.002 -15"><span class='ocrx_word' id='word_1_601' title='bbox 1762 3949 1938 4009; x_wconf 89' lang='lat' dir='ltr'><strong>potest</strong></span> <span class='ocrx_word' id='word_1_602' title='bbox 1966 3947 2200 4008; x_wconf 87' lang='lat' dir='ltr'><strong>quantus</strong></span> <span class='ocrx_word' id='word_1_603' title='bbox 2225 3937 2315 3993; x_wconf 89' lang='lat' dir='ltr'><strong>hic</strong></span> <span class='ocrx_word' id='word_1_604' title='bbox 2342 3936 2504 3992; x_wconf 86' lang='lat' dir='ltr'><strong>fuerit</strong></span> <span class='ocrx_word' id='word_1_605' title='bbox 2536 3937 2591 3992; x_wconf 90' lang='lat' dir='ltr'><strong>iu</strong></span> <span class='ocrx_word' id='word_1_606' title='bbox 2615 3937 2786 3993; x_wconf 89' lang='lat' dir='ltr'><strong>oculis</strong></span> <span class='ocrx_word' id='word_1_607' title='bbox 2826 3937 3024 3993; x_wconf 90' lang='lat' dir='ltr'><strong>summi</strong></span> <span class='ocrx_word' id='word_1_608' title='bbox 3052 3935 3349 4002; x_wconf 88' lang='lat' dir='ltr'><strong>Creatoris,</strong></span> 
     </span>
    </p>
   </div>
   <div class='ocr_carea' id='block_1_88' title="bbox 1764 4026 3353 4096">
    <p class='ocr_par' dir='ltr' id='par_1_88' title="bbox 1764 4026 3353 4096">
     <span class='ocr_line' id='line_1_89' title="bbox 1764 4026 3353 4096; baseline -0.001 -12"><span class='ocrx_word' id='word_1_609' title='bbox 1764 4029 1849 4084; x_wconf 89' lang='lat' dir='ltr'><strong>cui</strong></span> <span class='ocrx_word' id='word_1_610' title='bbox 1868 4028 1999 4082; x_wconf 89' lang='lat' dir='ltr'><strong>nihil</strong></span> <span class='ocrx_word' id='word_1_611' title='bbox 2022 4037 2141 4081; x_wconf 89' lang='lat' dir='ltr'><strong>erat</strong></span> <span class='ocrx_word' id='word_1_612' title='bbox 2159 4042 2447 4083; x_wconf 87' lang='lat' dir='ltr'><strong>commune</strong></span> <span class='ocrx_word' id='word_1_613' title='bbox 2472 4044 2594 4083; x_wconf 90' lang='lat' dir='ltr'><strong>cum</strong></span> <span class='ocrx_word' id='word_1_614' title='bbox 2621 4027 2954 4082; x_wconf 90' lang='lat' dir='ltr'><strong>amatoribus</strong></span> <span class='ocrx_word' id='word_1_615' title='bbox 2980 4026 3188 4092; x_wconf 89' lang='lat' dir='ltr'><strong>mundi,</strong></span> <span class='ocrx_word' id='word_1_616' title='bbox 3215 4041 3353 4096; x_wconf 66' lang='lat' dir='ltr'><strong>pra:-</strong></span> 
     </span>
    </p>
   </div>
   <div class='ocr_carea' id='block_1_89' title="bbox 1765 4118 3354 4190">
    <p class='ocr_par' dir='ltr' id='par_1_89' title="bbox 1765 4118 3354 4190">
     <span class='ocr_line' id='line_1_90' title="bbox 1765 4118 3354 4190; baseline -0.001 -17"><span class='ocrx_word' id='word_1_617' title='bbox 1765 4129 1848 4175; x_wconf 89' lang='lat' dir='ltr'><strong>ter</strong></span> <span class='ocrx_word' id='word_1_618' title='bbox 1897 4120 2040 4189; x_wconf 89' lang='lat' dir='ltr'><strong>quod</strong></span> <span class='ocrx_word' id='word_1_619' title='bbox 2087 4134 2231 4174; x_wconf 72' lang='lat' dir='ltr'><strong>cura:</strong></span> <span class='ocrx_word' id='word_1_620' title='bbox 2271 4120 2529 4190; x_wconf 89' lang='lat' dir='ltr'><strong>pastorali</strong></span> <span class='ocrx_word' id='word_1_621' title='bbox 2601 4120 3003 4176; x_wconf 88' lang='lat' dir='ltr'><strong>necessitudine</strong></span> <span class='ocrx_word' id='word_1_622' title='bbox 3067 4118 3354 4175; x_wconf 83' lang='lat' dir='ltr'><strong>videbatur</strong></span> 
     </span>
    </p>
   </div>
   <div class='ocr_carea' id='block_1_90' title="bbox 1764 4206 3354 4282">
    <p class='ocr_par' dir='ltr' id='par_1_90' title="bbox 1764 4206 3354 4282">
     <span class='ocr_line' id='line_1_91' title="bbox 1764 4206 3354 4282; baseline -0.001 -16"><span class='ocrx_word' id='word_1_623' title='bbox 1764 4211 2005 4275; x_wconf 86' lang='lat' dir='ltr'><strong>arctari;</strong></span> <span class='ocrx_word' id='word_1_624' title='bbox 2033 4226 2193 4279; x_wconf 89' lang='lat' dir='ltr'><strong>quam</strong></span> <span class='ocrx_word' id='word_1_625' title='bbox 2230 4211 2275 4265; x_wconf 90' lang='lat' dir='ltr'><strong>si</strong></span> <span class='ocrx_word' id='word_1_626' title='bbox 2302 4210 2564 4266; x_wconf 75' lang='lat' dir='ltr'><strong>iuoﬁ‘ense</strong></span> <span class='ocrx_word' id='word_1_627' title='bbox 2609 4211 2885 4266; x_wconf 90' lang='lat' dir='ltr'><strong>declinare</strong></span> <span class='ocrx_word' id='word_1_628' title='bbox 2914 4211 3198 4282; x_wconf 89' lang='lat' dir='ltr'><strong>potuisset,</strong></span> <span class='ocrx_word' id='word_1_629' title='bbox 3222 4206 3354 4266; x_wconf 86' lang='lat' dir='ltr'><strong>vera</strong></span> 
     </span>
    </p>
   </div>
   <div class='ocr_carea' id='block_1_91' title="bbox 112 4299 3356 4382">
    <p class='ocr_par' dir='ltr' id='par_1_91' title="bbox 112 4299 3356 4382">
     <span class='ocr_line' id='line_1_92' title="bbox 112 4299 3356 4382; baseline -0 -27"><span class='ocrx_word' id='word_1_630' title='bbox 112 4299 456 4355; x_wconf 82' lang='lat' dir='ltr'><strong>miraculorum</strong></span> <span class='ocrx_word' id='word_1_631' title='bbox 505 4299 627 4369; x_wconf 89' lang='lat' dir='ltr'><strong>ejus</strong></span> <span class='ocrx_word' id='word_1_632' title='bbox 676 4313 944 4352; x_wconf 84' lang='lat' dir='ltr'><strong>summam</strong></span> <span class='ocrx_word' id='word_1_633' title='bbox 991 4305 1044 4353; x_wconf 89' lang='lat' dir='ltr'><strong>et</strong></span> <span class='ocrx_word' id='word_1_634' title='bbox 1092 4313 1341 4368; x_wconf 87' lang='lat' dir='ltr'><strong>magnam</strong></span> <span class='ocrx_word' id='word_1_635' title='bbox 1388 4309 1594 4368; x_wconf 86' lang='lat' dir='ltr'><strong>partem</strong></span> <span class='ocrx_word' id='word_1_636' title='bbox 1628 4312 1659 4351; x_wconf 88' lang='lat' dir='ltr'><strong>a</strong></span> <span class='ocrx_word' id='word_1_637' title='bbox 1688 4322 1741 4382; x_wconf 72' lang='grc' dir='ltr'><strong>Ι)</strong></span> <span class='ocrx_word' id='word_1_638' title='bbox 1770 4303 1901 4359; x_wconf 89' lang='lat' dir='ltr'><strong>ﬁdes</strong></span> <span class='ocrx_word' id='word_1_639' title='bbox 1923 4303 2149 4373; x_wconf 88' lang='lat' dir='ltr'><strong>estquia</strong></span> <span class='ocrx_word' id='word_1_640' title='bbox 2179 4318 2420 4357; x_wconf 88' lang='lat' dir='ltr'><strong>eremum</strong></span> <span class='ocrx_word' id='word_1_641' title='bbox 2443 4302 2621 4373; x_wconf 88' lang='lat' dir='ltr'><strong>potius</strong></span> <span class='ocrx_word' id='word_1_642' title='bbox 2648 4319 2808 4373; x_wconf 87' lang='lat' dir='ltr'><strong>quam</strong></span> <span class='ocrx_word' id='word_1_643' title='bbox 2842 4302 3232 4358; x_wconf 87' lang='lat' dir='ltr'><strong>monasterium</strong></span> <span class='ocrx_word' id='word_1_644' title='bbox 3260 4302 3356 4355; x_wconf 76' lang='lat' dir='ltr'><strong>de-</strong></span> 
     </span>
    </p>
   </div>
   <div class='ocr_carea' id='block_1_92' title="bbox 111 4385 1659 4452">
    <p class='ocr_par' dir='ltr' id='par_1_92' title="bbox 111 4385 1659 4452">
     <span class='ocr_line' id='line_1_93' title="bbox 111 4385 1659 4452; baseline -0.002 -14"><span class='ocrx_word' id='word_1_645' title='bbox 111 4395 263 4441; x_wconf 87' lang='lat' dir='ltr'><strong>nostra</strong></span> <span class='ocrx_word' id='word_1_646' title='bbox 296 4387 485 4442; x_wconf 88' lang='lat' dir='ltr'><strong>notitia</strong></span> <span class='ocrx_word' id='word_1_647' title='bbox 528 4387 721 4441; x_wconf 87' lang='lat' dir='ltr'><strong>latere.</strong></span> <span class='ocrx_word' id='word_1_648' title='bbox 754 4385 906 4452; x_wconf 89' lang='lat' dir='ltr'><strong>Quod</strong></span> <span class='ocrx_word' id='word_1_649' title='bbox 931 4394 1080 4440; x_wconf 89' lang='lat' dir='ltr'><strong>certe</strong></span> <span class='ocrx_word' id='word_1_650' title='bbox 1115 4385 1337 4439; x_wconf 88' lang='lat' dir='ltr'><strong>dubium</strong></span> <span class='ocrx_word' id='word_1_651' title='bbox 1369 4392 1451 4439; x_wconf 87' lang='lat' dir='ltr'><strong>est</strong></span> <span class='ocrx_word' id='word_1_652' title='bbox 1480 4393 1659 4437; x_wconf 88' lang='lat' dir='ltr'><strong>tttrum</strong></span> 
     </span>
    </p>
   </div>
   <div class='ocr_carea' id='block_1_93' title="bbox 110 4473 1660 4549">
    <p class='ocr_par' dir='ltr' id='par_1_93' title="bbox 110 4473 1660 4549">
     <span class='ocr_line' id='line_1_94' title="bbox 110 4473 1660 4549; baseline 0 -21"><span class='ocrx_word' id='word_1_653' title='bbox 110 4474 151 4529; x_wconf 87' lang='lat' dir='ltr'><strong>id</strong></span> <span class='ocrx_word' id='word_1_654' title='bbox 176 4479 486 4548; x_wconf 87' lang='lat' dir='ltr'><strong>scriptorum</strong></span> <span class='ocrx_word' id='word_1_655' title='bbox 518 4476 748 4549; x_wconf 73' lang='lat' dir='ltr'><strong>ignavia:</strong></span> <span class='ocrx_word' id='word_1_656' title='bbox 785 4475 979 4531; x_wconf 90' lang='lat' dir='ltr'><strong>debeat</strong></span> <span class='ocrx_word' id='word_1_657' title='bbox 1009 4476 1262 4547; x_wconf 90' lang='lat' dir='ltr'><strong>imputari</strong></span> <span class='ocrx_word' id='word_1_658' title='bbox 1290 4491 1357 4528; x_wconf 87' lang='lat' dir='ltr'><strong>an</strong></span> <span class='ocrx_word' id='word_1_659' title='bbox 1389 4474 1539 4545; x_wconf 87' lang='lat' dir='ltr'><strong>justo</strong></span> <span class='ocrx_word' id='word_1_660' title='bbox 1567 4473 1660 4528; x_wconf 87' lang='lat' dir='ltr'><strong>Dei</strong></span> 
     </span>
    </p>
   </div>
   <div class='ocr_carea' id='block_1_94' title="bbox 105 4566 1661 4643">
    <p class='ocr_par' dir='ltr' id='par_1_94' title="bbox 105 4566 1661 4643">
     <span class='ocr_line' id='line_1_95' title="bbox 105 4566 1661 4643; baseline 0 -22"><span class='ocrx_word' id='word_1_661' title='bbox 105 4570 276 4637; x_wconf 88' lang='lat' dir='ltr'><strong>judicio</strong></span> <span class='ocrx_word' id='word_1_662' title='bbox 298 4572 516 4637; x_wconf 86' lang='lat' dir='ltr'><strong>ascribi,</strong></span> <span class='ocrx_word' id='word_1_663' title='bbox 544 4570 639 4643; x_wconf 84' lang='lat' dir='ltr'><strong>qui</strong></span> <span class='ocrx_word' id='word_1_664' title='bbox 665 4569 845 4625; x_wconf 75' lang='lat' dir='ltr'><strong>stellas</strong></span> <span class='ocrx_word' id='word_1_665' title='bbox 876 4570 1073 4624; x_wconf 80' lang='lat' dir='ltr'><strong>claudit</strong></span> <span class='ocrx_word' id='word_1_666' title='bbox 1099 4570 1249 4641; x_wconf 81' lang='lat' dir='ltr'><strong>quasi</strong></span> <span class='ocrx_word' id='word_1_667' title='bbox 1270 4568 1364 4622; x_wconf 85' lang='lat' dir='ltr'><strong>sub</strong></span> <span class='ocrx_word' id='word_1_668' title='bbox 1391 4566 1661 4639; x_wconf 80' lang='lat' dir='ltr'><strong>signaculo</strong></span> 
     </span>
    </p>
   </div>
   <div class='ocr_carea' id='block_1_95' title="bbox 113 4659 1662 4737">
    <p class='ocr_par' dir='ltr' id='par_1_95' title="bbox 113 4659 1662 4737">
     <span class='ocr_line' id='line_1_96' title="bbox 113 4659 1662 4737; baseline 0 -23"><span class='ocrx_word' id='word_1_669' title='bbox 113 4661 210 4730; x_wconf 78' lang='lat' dir='ltr'><strong>(Job</strong></span> <span class='ocrx_word' id='word_1_670' title='bbox 261 4663 360 4737; x_wconf 80' lang='lat' dir='ltr'><strong>Ix),</strong></span> <span class='ocrx_word' id='word_1_671' title='bbox 381 4664 507 4719; x_wconf 90' lang='lat' dir='ltr'><strong>dum</strong></span> <span class='ocrx_word' id='word_1_672' title='bbox 529 4705 546 4731; x_wconf 92' lang='lat'><strong>,</strong></span> <span class='ocrx_word' id='word_1_673' title='bbox 577 4664 836 4719; x_wconf 87' lang='lat' dir='ltr'><strong>videlicet</strong></span> <span class='ocrx_word' id='word_1_674' title='bbox 862 4662 1197 4733; x_wconf 80' lang='lat' dir='ltr'><strong>exigentibus</strong></span> <span class='ocrx_word' id='word_1_675' title='bbox 1226 4660 1465 4732; x_wconf 90' lang='lat' dir='ltr'><strong>peccatis</strong></span> <span class='ocrx_word' id='word_1_676' title='bbox 1495 4659 1662 4715; x_wconf 89' lang='lat' dir='ltr'><strong>malo-</strong></span> 
     </span>
    </p>
   </div>
   <div class='ocr_carea' id='block_1_96' title="bbox 113 4754 1061 4819">
    <p class='ocr_par' dir='ltr' id='par_1_96' title="bbox 113 4754 1061 4819">
     <span class='ocr_line' id='line_1_97' title="bbox 113 4754 1061 4819; baseline -0.004 -10"><span class='ocrx_word' id='word_1_677' title='bbox 113 4767 228 4819; x_wconf 87' lang='lat' dir='ltr'><strong>rum,</strong></span> <span class='ocrx_word' id='word_1_678' title='bbox 255 4756 361 4811; x_wconf 87' lang='lat' dir='ltr'><strong>vita</strong></span> <span class='ocrx_word' id='word_1_679' title='bbox 390 4756 742 4812; x_wconf 87' lang='lat' dir='ltr'><strong>absconditur</strong></span> <span class='ocrx_word' id='word_1_680' title='bbox 771 4754 1061 4809; x_wconf 89' lang='lat' dir='ltr'><strong>bonorum.</strong></span> 
     </span>
    </p>
   </div>
   <div class='ocr_carea' id='block_1_97' title="bbox 70 4924 1662 5004">
    <p class='ocr_par' dir='ltr' id='par_1_97' title="bbox 70 4924 1662 5004">
     <span class='ocr_line' id='line_1_98' title="bbox 70 4924 1662 5004; baseline 0.003 -20"><span class='ocrx_word' id='word_1_681' title='bbox 70 4924 73 4927; x_wconf 66' lang='grc'><em>’</em></span> <span class='ocrx_word' id='word_1_682' title='bbox 170 4929 207 4984; x_wconf 87' lang='grc'><strong>1.</strong></span> <span class='ocrx_word' id='word_1_683' title='bbox 244 4931 405 5004; x_wconf 89' lang='lat' dir='ltr'><strong>Igitur</strong></span> <span class='ocrx_word' id='word_1_684' title='bbox 454 4935 706 4990; x_wconf 66' lang='lat' dir='ltr'><strong>humana:</strong></span> <span class='ocrx_word' id='word_1_685' title='bbox 760 4930 1082 5004; x_wconf 88' lang='lat' dir='ltr'><strong>perditionis</strong></span> <span class='ocrx_word' id='word_1_686' title='bbox 1129 4942 1329 4990; x_wconf 89' lang='lat' dir='ltr'><strong>sortem</strong></span> <span class='ocrx_word' id='word_1_687' title='bbox 1377 4933 1662 4989; x_wconf 87' lang='lat' dir='ltr'><strong>miseratus</strong></span> 
     </span>
    </p>
   </div>
   <div class='ocr_carea' id='block_1_98' title="bbox 118 5019 1662 5098">
    <p class='ocr_par' dir='ltr' id='par_1_98' title="bbox 118 5019 1662 5098">
     <span class='ocr_line' id='line_1_99' title="bbox 118 5019 1662 5098; baseline 0.008 -24"><span class='ocrx_word' id='word_1_688' title='bbox 118 5019 235 5078; x_wconf 87' lang='lat' dir='ltr'><strong>Deus</strong></span> <span class='ocrx_word' id='word_1_689' title='bbox 277 5036 330 5080; x_wconf 88' lang='lat' dir='ltr'><strong>et</strong></span> <span class='ocrx_word' id='word_1_690' title='bbox 370 5027 619 5085; x_wconf 84' lang='lat' dir='ltr'><strong>Dominus</strong></span> <span class='ocrx_word' id='word_1_691' title='bbox 664 5033 866 5084; x_wconf 87' lang='lat' dir='ltr'><strong>noster</strong></span> <span class='ocrx_word' id='word_1_692' title='bbox 915 5023 1069 5082; x_wconf 84' lang='lat' dir='ltr'><strong>Jesus</strong></span> <span class='ocrx_word' id='word_1_693' title='bbox 1119 5028 1387 5085; x_wconf 87' lang='lat' dir='ltr'><strong>Christus.</strong></span> <span class='ocrx_word' id='word_1_694' title='bbox 1428 5033 1662 5098; x_wconf 81' lang='lat' dir='ltr'><strong>peractis</strong></span> 
     </span>
    </p>
   </div>
   <div class='ocr_carea' id='block_1_99' title="bbox 122 5117 1659 5189">
    <p class='ocr_par' dir='ltr' id='par_1_99' title="bbox 122 5117 1659 5189">
     <span class='ocr_line' id='line_1_100' title="bbox 122 5117 1659 5189; baseline 0.006 -21"><span class='ocrx_word' id='word_1_695' title='bbox 122 5121 322 5180; x_wconf 79' lang='lat' dir='ltr'><strong>paterna:</strong></span> <span class='ocrx_word' id='word_1_696' title='bbox 350 5118 707 5189; x_wconf 88' lang='lat' dir='ltr'><strong>dispositionis</strong></span> <span class='ocrx_word' id='word_1_697' title='bbox 738 5117 1103 5174; x_wconf 86' lang='lat' dir='ltr'><strong>sacramentis</strong></span> <span class='ocrx_word' id='word_1_698' title='bbox 1122 5160 1136 5185; x_wconf 89' lang='lat'><strong>,</strong></span> <span class='ocrx_word' id='word_1_699' title='bbox 1166 5130 1221 5175; x_wconf 88' lang='lat' dir='ltr'><strong>et</strong></span> <span class='ocrx_word' id='word_1_700' title='bbox 1246 5120 1313 5174; x_wconf 91' lang='lat' dir='ltr'><strong>ad</strong></span> <span class='ocrx_word' id='word_1_701' title='bbox 1344 5120 1540 5176; x_wconf 84' lang='lat' dir='ltr'><strong>coelum</strong></span> <span class='ocrx_word' id='word_1_702' title='bbox 1572 5139 1659 5177; x_wconf 81' lang='lat' dir='ltr'><strong>re-</strong></span> 
     </span>
    </p>
   </div>
   <div class='ocr_carea' id='block_1_100' title="bbox 124 5201 1661 5283">
    <p class='ocr_par' dir='ltr' id='par_1_100' title="bbox 124 5201 1661 5283">
     <span class='ocr_line' id='line_1_101' title="bbox 124 5201 1661 5283; baseline 0.01 -29"><span class='ocrx_word' id='word_1_703' title='bbox 124 5201 297 5262; x_wconf 89' lang='lat' dir='ltr'><strong>diturus</strong></span> <span class='ocrx_word' id='word_1_704' title='bbox 331 5224 613 5282; x_wconf 87' lang='lat' dir='ltr'><strong>novamque</strong></span> <span class='ocrx_word' id='word_1_705' title='bbox 641 5206 906 5266; x_wconf 90' lang='lat' dir='ltr'><strong>victricis</strong></span> <span class='ocrx_word' id='word_1_706' title='bbox 938 5211 1114 5265; x_wconf 90' lang='lat' dir='ltr'><strong>carnis</strong></span> <span class='ocrx_word' id='word_1_707' title='bbox 1153 5212 1381 5283; x_wconf 87' lang='lat' dir='ltr'><strong>gloriam</strong></span> <span class='ocrx_word' id='word_1_708' title='bbox 1422 5215 1661 5280; x_wconf 89' lang='lat' dir='ltr'><strong>paternis</strong></span> 
     </span>
    </p>
   </div>
   <div class='ocr_carea' id='block_1_101' title="bbox 126 5294 1655 5326">
    <p class='ocr_par' dir='ltr' id='par_1_101' title="bbox 126 5294 1655 5326">
     <span class='ocr_line' id='line_1_102' title="bbox 126 5294 1655 5326; baseline 0 0"><span class='ocrx_word' id='word_1_709' title='bbox 126 5294 316 5326; x_wconf 59' lang='lat' dir='ltr'><strong>&quot;I&#39;I:&quot;IIR</strong></span> <span class='ocrx_word' id='word_1_710' title='bbox 356 5313 772 5326; x_wconf 56' lang='lat' dir='ltr'><strong>n-m--_n-n--_--n</strong></span> <span class='ocrx_word' id='word_1_711' title='bbox 874 5314 1035 5326; x_wconf 63' lang='lat' dir='ltr'><strong>n.an</strong></span> <span class='ocrx_word' id='word_1_712' title='bbox 1085 5319 1269 5326; x_wconf 52' lang='grc' dir='ltr'><strong>..-ρ---λ</strong></span> <span class='ocrx_word' id='word_1_713' title='bbox 1291 5302 1356 5326; x_wconf 60' lang='grc' dir='ltr'>αξι-</span> <span class='ocrx_word' id='word_1_714' title='bbox 1408 5302 1655 5326; x_wconf 41' lang='grc' dir='ltr'><strong>17--1-λ-.-</strong></span> 
     </span>
    </p>
   </div>
   <div class='ocr_carea' id='block_1_102' title="bbox 1764 4391 3354 4464">
    <p class='ocr_par' dir='ltr' id='par_1_102' title="bbox 1764 4391 3354 4464">
     <span class='ocr_line' id='line_1_103' title="bbox 1764 4391 3354 4464; baseline -0.001 -16"><span class='ocrx_word' id='word_1_715' title='bbox 1764 4394 2002 4464; x_wconf 87' lang='lat' dir='ltr'><strong>legisset.</strong></span> <span class='ocrx_word' id='word_1_716' title='bbox 2030 4391 2503 4463; x_wconf 87' lang='lat' dir='ltr'><strong>Frcqueutahatur</strong></span> <span class='ocrx_word' id='word_1_717' title='bbox 2528 4394 2692 4463; x_wconf 87' lang='lat' dir='ltr'><strong>igitur</strong></span> <span class='ocrx_word' id='word_1_718' title='bbox 2723 4410 2753 4447; x_wconf 92' lang='lat' dir='ltr'><strong>a</strong></span> <span class='ocrx_word' id='word_1_719' title='bbox 2784 4394 3018 4463; x_wconf 86' lang='lat' dir='ltr'><strong>populis,</strong></span> <span class='ocrx_word' id='word_1_720' title='bbox 3043 4409 3110 4448; x_wconf 83' lang='lat' dir='ltr'><strong>ex</strong></span> <span class='ocrx_word' id='word_1_721' title='bbox 3158 4392 3354 4447; x_wconf 86' lang='lat' dir='ltr'><strong>vicinis</strong></span> 
     </span>
    </p>
   </div>
   <div class='ocr_carea' id='block_1_103' title="bbox 1763 4485 3355 4557">
    <p class='ocr_par' dir='ltr' id='par_1_103' title="bbox 1763 4485 3355 4557">
     <span class='ocr_line' id='line_1_104' title="bbox 1763 4485 3355 4557; baseline -0.003 -16"><span class='ocrx_word' id='word_1_722' title='bbox 1763 4496 1818 4557; x_wconf 89' lang='lat' dir='ltr'><strong>et</strong></span> <span class='ocrx_word' id='word_1_723' title='bbox 1851 4486 2037 4556; x_wconf 85' lang='lat' dir='ltr'><strong>procul</strong></span> <span class='ocrx_word' id='word_1_724' title='bbox 2068 4485 2291 4540; x_wconf 90' lang='lat' dir='ltr'><strong>remotis</strong></span> <span class='ocrx_word' id='word_1_725' title='bbox 2331 4485 2556 4539; x_wconf 90' lang='lat' dir='ltr'><strong>urbihus</strong></span> <span class='ocrx_word' id='word_1_726' title='bbox 2587 4487 2905 4539; x_wconf 88' lang='lat' dir='ltr'><strong>catervatim</strong></span> <span class='ocrx_word' id='word_1_727' title='bbox 2961 4485 3029 4538; x_wconf 87' lang='lat' dir='ltr'><strong>ad</strong></span> <span class='ocrx_word' id='word_1_728' title='bbox 3064 4498 3189 4538; x_wconf 92' lang='lat' dir='ltr'><strong>eum</strong></span> <span class='ocrx_word' id='word_1_729' title='bbox 3221 4498 3355 4538; x_wconf 87' lang='lat' dir='ltr'><strong>cou-</strong></span> 
     </span>
    </p>
   </div>
   <div class='ocr_carea' id='block_1_104' title="bbox 1762 4571 3354 4642">
    <p class='ocr_par' dir='ltr' id='par_1_104' title="bbox 1762 4571 3354 4642">
     <span class='ocr_line' id='line_1_105' title="bbox 1762 4571 3354 4642; baseline -0.003 -12"><span class='ocrx_word' id='word_1_730' title='bbox 1762 4575 2075 4631; x_wconf 83' lang='lat' dir='ltr'><strong>ﬂuentibus.</strong></span> <span class='ocrx_word' id='word_1_731' title='bbox 2109 4575 2235 4642; x_wconf 89' lang='lat' dir='ltr'><strong>Qui,</strong></span> <span class='ocrx_word' id='word_1_732' title='bbox 2290 4575 2502 4629; x_wconf 78' lang='lat' dir='ltr'><strong>eximia:</strong></span> <span class='ocrx_word' id='word_1_733' title='bbox 2553 4574 2983 4628; x_wconf 87' lang='lat' dir='ltr'><strong>conversationis</strong></span> <span class='ocrx_word' id='word_1_734' title='bbox 3017 4572 3162 4628; x_wconf 88' lang='lat' dir='ltr'><strong>fama</strong></span> <span class='ocrx_word' id='word_1_735' title='bbox 3204 4571 3354 4628; x_wconf 78' lang='lat' dir='ltr'><strong>exci-</strong></span> 
     </span>
    </p>
   </div>
   <div class='ocr_carea' id='block_1_105' title="bbox 1765 4664 3346 4732">
    <p class='ocr_par' dir='ltr' id='par_1_105' title="bbox 1765 4664 3346 4732">
     <span class='ocr_line' id='line_1_106' title="bbox 1765 4664 3346 4732; baseline -0.002 -10"><span class='ocrx_word' id='word_1_736' title='bbox 1765 4667 2077 4729; x_wconf 83' lang='lat' dir='ltr'><strong>tati.videre</strong></span> <span class='ocrx_word' id='word_1_737' title='bbox 2097 4681 2220 4721; x_wconf 91' lang='lat' dir='ltr'><strong>eum</strong></span> <span class='ocrx_word' id='word_1_738' title='bbox 2245 4666 2407 4720; x_wconf 82' lang='lat' dir='ltr'><strong>anxie</strong></span> <span class='ocrx_word' id='word_1_739' title='bbox 2436 4666 2711 4721; x_wconf 87' lang='lat' dir='ltr'><strong>sitiebant.</strong></span> <span class='ocrx_word' id='word_1_740' title='bbox 2735 4664 2854 4719; x_wconf 85' lang='lat' dir='ltr'><strong>Jam</strong></span> <span class='ocrx_word' id='word_1_741' title='bbox 2878 4680 3027 4732; x_wconf 89' lang='lat' dir='ltr'><strong>vero,</strong></span> <span class='ocrx_word' id='word_1_742' title='bbox 3051 4666 3157 4720; x_wconf 89' lang='lat' dir='ltr'><strong>nisi</strong></span> <span class='ocrx_word' id='word_1_743' title='bbox 3181 4680 3346 4721; x_wconf 79' lang='lat' dir='ltr'><strong>sexus</strong></span> 
     </span>
    </p>
   </div>
   <div class='ocr_carea' id='block_1_106' title="bbox 1765 4755 3355 4828">
    <p class='ocr_par' dir='ltr' id='par_1_106' title="bbox 1765 4755 3355 4828">
     <span class='ocr_line' id='line_1_107' title="bbox 1765 4755 3355 4828; baseline -0.001 -17"><span class='ocrx_word' id='word_1_744' title='bbox 1765 4756 2007 4812; x_wconf 87' lang='lat' dir='ltr'><strong>alternus</strong></span> <span class='ocrx_word' id='word_1_745' title='bbox 2060 4755 2343 4826; x_wconf 89' lang='lat' dir='ltr'><strong>impediat,</strong></span> <span class='ocrx_word' id='word_1_746' title='bbox 2399 4773 2521 4811; x_wconf 91' lang='lat' dir='ltr'><strong>cum</strong></span> <span class='ocrx_word' id='word_1_747' title='bbox 2581 4770 2826 4828; x_wconf 73' lang='lat' dir='ltr'><strong>personae</strong></span> <span class='ocrx_word' id='word_1_748' title='bbox 2855 4757 3107 4828; x_wconf 88' lang='lat' dir='ltr'><strong>dignitati</strong></span> <span class='ocrx_word' id='word_1_749' title='bbox 3152 4758 3355 4821; x_wconf 87' lang='lat' dir='ltr'><strong>faveat,</strong></span> 
     </span>
    </p>
   </div>
   <div class='ocr_carea' id='block_1_107' title="bbox 1771 4847 3361 4920">
    <p class='ocr_par' dir='ltr' id='par_1_107' title="bbox 1771 4847 3361 4920">
     <span class='ocr_line' id='line_1_108' title="bbox 1771 4847 3361 4920; baseline -0.001 -15"><span class='ocrx_word' id='word_1_750' title='bbox 1771 4850 1960 4906; x_wconf 88' lang='lat' dir='ltr'><strong>videas</strong></span> <span class='ocrx_word' id='word_1_751' title='bbox 1997 4850 2243 4920; x_wconf 89' lang='lat' dir='ltr'><strong>reginam</strong></span> <span class='ocrx_word' id='word_1_752' title='bbox 2282 4847 2469 4919; x_wconf 85' lang='lat' dir='ltr'><strong>Austri</strong></span> <span class='ocrx_word' id='word_1_753' title='bbox 2511 4851 2792 4920; x_wconf 88' lang='lat' dir='ltr'><strong>requirere</strong></span> <span class='ocrx_word' id='word_1_754' title='bbox 2839 4850 3161 4919; x_wconf 89' lang='lat' dir='ltr'><strong>sapientiam</strong></span> <span class='ocrx_word' id='word_1_755' title='bbox 3205 4848 3361 4905; x_wconf 88' lang='lat' dir='ltr'><strong>Salo-</strong></span> 
     </span>
    </p>
   </div>
   <div class='ocr_carea' id='block_1_108' title="bbox 1766 4942 3363 5016">
    <p class='ocr_par' dir='ltr' id='par_1_108' title="bbox 1766 4942 3363 5016">
     <span class='ocr_line' id='line_1_109' title="bbox 1766 4942 3363 5016; baseline -0.002 -18"><span class='ocrx_word' id='word_1_756' title='bbox 1766 4947 1958 5009; x_wconf 89' lang='lat' dir='ltr'><strong>monis,</strong></span> <span class='ocrx_word' id='word_1_757' title='bbox 1983 4958 2166 5016; x_wconf 88' lang='lat' dir='ltr'><strong>regem</strong></span> <span class='ocrx_word' id='word_1_758' title='bbox 2194 4942 2441 5000; x_wconf 83' lang='lat' dir='ltr'><strong>videlicet</strong></span> <span class='ocrx_word' id='word_1_759' title='bbox 2480 4942 2833 4999; x_wconf 75' lang='lat' dir='ltr'><strong>festinantem</strong></span> <span class='ocrx_word' id='word_1_760' title='bbox 2859 4946 2924 4999; x_wconf 89' lang='lat' dir='ltr'><strong>ad</strong></span> <span class='ocrx_word' id='word_1_761' title='bbox 2953 4946 3203 5002; x_wconf 84' lang='lat' dir='ltr'><strong>consulta</strong></span> <span class='ocrx_word' id='word_1_762' title='bbox 3227 4959 3363 5014; x_wconf 85' lang='lat' dir='ltr'><strong>pon—</strong></span> 
     </span>
    </p>
   </div>
   <div class='ocr_carea' id='block_1_109' title="bbox 1768 5033 3367 5107">
    <p class='ocr_par' dir='ltr' id='par_1_109' title="bbox 1768 5033 3367 5107">
     <span class='ocr_line' id='line_1_110' title="bbox 1768 5033 3367 5107; baseline -0.003 -18"><span class='ocrx_word' id='word_1_763' title='bbox 1768 5035 1943 5091; x_wconf 89' lang='lat' dir='ltr'><strong>tiﬁcis.</strong></span> <span class='ocrx_word' id='word_1_764' title='bbox 1993 5033 2128 5089; x_wconf 84' lang='lat' dir='ltr'><strong>Nam</strong></span> <span class='ocrx_word' id='word_1_765' title='bbox 2175 5034 2532 5104; x_wconf 86' lang='lat' dir='ltr'><strong>Dagobertus,</strong></span> <span class='ocrx_word' id='word_1_766' title='bbox 2578 5036 2668 5107; x_wconf 93' lang='lat' dir='ltr'><strong>qui</strong></span> <span class='ocrx_word' id='word_1_767' title='bbox 2720 5042 2853 5092; x_wconf 89' lang='lat' dir='ltr'><strong>tunc</strong></span> <span class='ocrx_word' id='word_1_768' title='bbox 2899 5038 3161 5107; x_wconf 87' lang='lat' dir='ltr'><strong>temporis</strong></span> <span class='ocrx_word' id='word_1_769' title='bbox 3225 5035 3367 5088; x_wconf 90' lang='lat' dir='ltr'><strong>inter</strong></span> 
     </span>
    </p>
   </div>
   <div class='ocr_carea' id='block_1_110' title="bbox 1764 5115 3366 5199">
    <p class='ocr_par' dir='ltr' id='par_1_110' title="bbox 1764 5115 3366 5199">
     <span class='ocr_line' id='line_1_111' title="bbox 1764 5115 3366 5199; baseline -0.003 -18"><span class='ocrx_word' id='word_1_770' title='bbox 1764 5127 2128 5195; x_wconf 86' lang='lat' dir='ltr'><strong>Francigenas</strong></span> <span class='ocrx_word' id='word_1_771' title='bbox 2179 5127 2328 5195; x_wconf 89' lang='lat' dir='ltr'><strong>regni</strong></span> <span class='ocrx_word' id='word_1_772' title='bbox 2360 5129 2734 5184; x_wconf 84' lang='lat' dir='ltr'><strong>monarchiam</strong></span> <span class='ocrx_word' id='word_1_773' title='bbox 2787 5125 3039 5199; x_wconf 82' lang='lat' dir='ltr'><strong>regebat,</strong></span> <span class='ocrx_word' id='word_1_774' title='bbox 3079 5115 3366 5186; x_wconf 80' lang='lat' dir='ltr'><strong>celeberri-</strong></span> 
     </span>
    </p>
   </div>
   <div class='ocr_carea' id='block_1_111' title="bbox 1766 5217 3367 5291">
    <p class='ocr_par' dir='ltr' id='par_1_111' title="bbox 1766 5217 3367 5291">
     <span class='ocr_line' id='line_1_112' title="bbox 1766 5217 3367 5291; baseline -0.004 -18"><span class='ocrx_word' id='word_1_775' title='bbox 1766 5235 1866 5274; x_wconf 74' lang='lat' dir='ltr'><strong>ma:</strong></span> <span class='ocrx_word' id='word_1_776' title='bbox 1893 5219 2165 5287; x_wconf 87' lang='lat' dir='ltr'><strong>opinionis</strong></span> <span class='ocrx_word' id='word_1_777' title='bbox 2188 5220 2395 5275; x_wconf 84' lang='lat' dir='ltr'><strong>nuntiis</strong></span> <span class='ocrx_word' id='word_1_778' title='bbox 2420 5220 2588 5276; x_wconf 90' lang='lat' dir='ltr'><strong>semel</strong></span> <span class='ocrx_word' id='word_1_779' title='bbox 2614 5218 2911 5285; x_wconf 77' lang='lat' dir='ltr'><strong>excitatus,</strong></span> <span class='ocrx_word' id='word_1_780' title='bbox 2938 5217 3193 5291; x_wconf 90' lang='lat' dir='ltr'><strong>deposito</strong></span> <span class='ocrx_word' id='word_1_781' title='bbox 3227 5218 3367 5270; x_wconf 85' lang='lat' dir='ltr'><strong>fastu</strong></span> 
     </span>
    </p>
   </div>
  </div>
