4018 6378
599 360 708 426 359

1704 367 1761 422 S.
1801 366 2142 423 FULBERTI
2179 365 2655 423 CARNOTENSIS
2683 367 2984 425 EPISCOPI

3754 374 3854 430 360

597 478 950 544 beatitudine,
970 481 1033 537 de
1053 478 1239 549 judieii
1273 490 1443 545 metu,
1470 480 1536 535 de
1562 493 1655 549 spe
1673 478 1994 537 aeternitatis
2020 476 2177 531 fami-
2203 480 2250 539 Α
2279 475 2407 530 olim
2435 476 2502 531 ad
2553 452 2898 532 invisibilium
2937 476 3095 531 ﬁnem
3138 479 3539 547 pertrahchant,
3578 464 3739 547 dum,
3759 496 3856 552 per

600 571 721 627 liari
752 572 1018 642 colloquio
1043 580 1422 643 prmtuoneret,
1456 570 1543 625 ille
1584 585 1706 625 eum
1737 568 1980 623 libenter
1998 567 2182 622 audie-

602 662 698 717 bat
726 672 777 717 ct
815 664 1000 717 audito
1042 677 1106 717 co
1160 662 1325 716 tnulta
1384 661 1648 726 faciebat;
1682 676 1810 724 non,
1839 668 1898 713 ιιι
1945 660 2181 714 incestus

601 748 843 807 Herodes
897 753 1178 808 videbatur
1230 752 1466 807 audiisse
1520 750 1783 807 Joannem
1839 759 2178 821 arguentem,

599 839 696 895 sed
752 839 1012 895 Ezechias
1059 839 1229 895 ﬁdelis
1280 840 1472 897 lsaiam
1536 839 1926 895 consolantem.
1978 838 2177 894 Verum

600 930 858 985 aestimari
885 946 990 985 non
1024 940 1198 1001 potest
1226 938 1426 1001 quanto
1474 931 1617 1002 regis
1653 930 1862 984 animus
1889 929 2181 984 resultabat

599 1020 795 1092 gaudio
815 1021 958 1091 quod
999 1021 1127 1076 tanti
1158 1022 1255 1076 viri
1289 1021 1520 1091 hospitio
1568 1020 1755 1090 recipi,
1804 1012 2179 1075 benedictione

598 1112 794 1176 foveri.
826 1114 1184 1169 collocatione
1240 1114 1528 1169 meruisset
1582 1112 1857 1168 aediﬁcari.
1904 1112 2073 1184 lgitur
2112 1126 2179 1168 ne

599 1206 846 1278 ingratus
874 1207 1036 1263 tantis
1086 1206 1351 1263 beniﬁciis
1381 1209 1672 1270 videretur,
1699 1205 1962 1262 trstuabat
1996 1207 2177 1262 animo

593 1315 832 1368 quonam
852 1301 1013 1357 modo
1051 1300 1269 1355 uberius
1296 1300 1466 1356 sancti
1511 1301 1611 1354 viri
1656 1301 1883 1370 gratiam
1918 1300 2020 1355 sibi
2049 1315 2179 1355 con-

598 1393 823 1448 citiaret.
854 1393 1093 1449 Tandem
1125 1408 1153 1446 a
1178 1392 1409 1462 quodam
1436 1391 1688 1446 familiari
1712 1390 1829 1459 eius
1854 1390 2178 1446 audivilboc

594 1482 745 1537 nullo
771 1483 877 1538 alio
903 1492 1061 1553 pacto
1109 1482 1320 1537 facilius
1364 1497 1422 1537 se
1466 1497 1625 1553 posse
1668 1480 1963 1551 promereri
2013 1494 2176 1551 quam

589 1568 642 1632 'si
672 1594 756 1633 res
782 1574 1025 1633 ecclesiae
1053 1578 1236 1633 Bealzc
1260 1577 1466 1643 Mariae,
1493 1578 1579 1633 cui
1621 1578 1736 1648 ipse
1758 1562 1920 1631 Pater
1947 1589 2173 1629 venera-

590 1663 739 1735 bilis,
768 1656 877 1726 Deo
905 1681 1147 1734 auctore,
1177 1671 1557 1743 jdeserviebat,
1590 1670 1657 1725 de
1685 1685 1783 1725 suo
1814 1670 1937 1741 jure
1975 1682 2176 1739 augen-

589 1760 692 1815 das
714 1761 1108 1816 curaret:uihil
1135 1761 1276 1816 enim
1301 1761 1353 1815 in
1382 1762 1542 1816 rebus
1568 1759 1893 1815 transitoriis
1920 1759 2173 1828 episcopo

2273 565 2387 619 hoc
2423 566 2565 634 quod
2612 570 2808 621 mirum
2853 565 2984 621 foris
3041 569 3321 637 agebatur,
3362 568 3464 623 hoc
3518 570 3661 638 quod
3713 572 3856 627 intus

2281 658 2610 726 operabatur
2665 657 2979 712 sentiretur.
3036 656 3189 713 Nune
3225 667 3404 713 autem
3458 658 3590 723 vita,
3638 669 3701 715 et
3750 676 3853 717 non

2282 748 2433 817 signa
2466 748 2755 817 quatrenda
2782 756 2925 808 sunt,
2959 747 3080 816 quia
3110 756 3370 818 operante
3394 748 3502 804 Deo
3543 751 3851 805 numerosi-

2283 847 2365 892 tas
2395 835 2628 892 ﬁdelium
2654 838 2911 893 excrevit.
2943 837 3050 894 Sed
3075 853 3144 893 ne
3178 837 3318 894 forte
3345 838 3570 909 quilibet
3595 840 3702 895 hoc
3732 840 3855 895 bea-

2280 922 2391 982 tum
2416 929 2735 983 Autbertttm
2764 928 3007 999 indigere
3053 928 3350 985 arbitretur
3384 939 3463 994 ut,
3496 930 3564 984 ad
3584 944 3855 985 excusan-

2280 1018 2399 1073 dam
2431 1018 2706 1088 signorum
2736 1018 2993 1090 inOpiam,
3024 1034 3124 1077 nos
3148 1020 3215 1076 de
3235 1021 3345 1075 vita
3380 1021 3561 1091 potius
3594 1034 3764 1091 quam
3789 1023 3855 1077 de

2280 1108 2556 1163 miraculis
2623 1108 2928 1179 loquamur,
2987 1120 3136 1167 certe
3199 1119 3396 1181 praeter
3456 1110 3548 1165 illa
3587 1126 3745 1181 quat,
3797 1120 3854 1165 nt

2271 1195 2587 1273 jagtantiam
2617 1197 2836 1263 vitaret,
2886 1199 3195 1263 occultavit,
3245 1215 3419 1271 neque
3459 1200 3517 1255 in
3570 1201 3851 1255 hominum

2278 1287 2521 1341 notitiam
2567 1302 2760 1357 passus
2783 1298 2867 1343 est
2901 1289 3205 1358 pervenire.
3259 1289 3422 1345 Multa
3473 1291 3696 1360 quidem
3733 1302 3853 1346 sunt

2276 1393 2397 1448 qua:
2426 1378 2733 1434 hominibus
2767 1378 3066 1442 innotuere,
3103 1395 3277 1449 neque
3313 1381 3456 1434 enim
3488 1382 3852 1450 eelaripotne-

2275 1475 2436 1533 runt;
2467 1481 2533 1521 ex
2565 1467 2761 1536 quibus
2782 1467 3035 1521 aestimari
3075 1478 3252 1537 potest
3280 1481 3482 1538 quanta
3529 1470 3617 1523 illa
3653 1470 3852 1524 fuerint

2275 1572 2417 1628 quae,
2452 1567 2588 1613 teste
2617 1558 2784 1619 nullo.
2836 1558 2983 1614 solus
3011 1562 3271 1616 exercuit.
3309 1562 3506 1616 Verum
3549 1561 3699 1617 enim
3727 1576 3850 1615 vero

2274 1662 2397 1702 cum
2451 1648 2731 1718 Scriptura
2774 1649 2963 1703 dicat:
3002 1647 3183 1705 Gloria
3240 1652 3407 1721 patris
3452 1661 3528 1707 est
3577 1653 3731 1721 ﬁlius
3768 1669 3849 1706 sa~

2268 1739 2419 1804 piens
2474 1736 2658 1809 (Prov.
2696 1740 2773 1807 ι),
2817 1753 2879 1793 ea
2913 1739 3160 1795 fidelibus
3216 1743 3556 1799 auditoribus
3601 1744 3849 1798 suﬁ‘trere

594 1852 805 1922 placere
844 1863 1041 1923 prteter
1068 1852 1211 1922 quod
1242 1852 1642 1922 expenderetur
1673 1851 1726 1905 in
1756 1867 1885 1905 usus
1907 1849 2167 1905 ecclesire.
2203 1838 2244 1898 Β
2270 1836 2525 1923 Ροφνθηῑ
2572 1829 2639 1883 de
2682 1829 2800 1883 νῖτο
2829 1828 2924 1883 Dei
2970 1830 3041 1923 ad
3091 1831 3301 1902 ίηείεηθ
3344 1832 3578 1897 “unus,
3608 1848 3734 1904 ‘1"‘9
3758 1850 3848 1903 l’"

586 1942 744 1999 Tunc
780 1959 892 2005 rex,
937 1955 995 1997 ttt
1017 1952 1128 1998 erat
1159 1943 1348 1997 hilaris
1369 1944 1544 2009 dator,
1575 1943 1831 1997 fratribus
1859 1942 1948 2011 qui
1978 1942 2029 1995 in
2051 1957 2173 1997 ora-

588 2033 734 2088 torio
762 2034 938 2089 Beatte
963 2032 1143 2087 Maria:
1159 2032 1556 2087 famttlabantur
1581 2048 1743 2085 unum
1776 2031 1969 2101 regalis
2001 2030 2174 2083 muni-

587 2125 821 2182 ﬁcentia:
863 2125 1052 2179 ﬁscum
1099 2124 1319 2179 donavit
1352 2123 1416 2177 ad
1443 2122 1675 2177 subsidia
1723 2120 2034 2191 temporalia
2065 2118 2174 2173 fra-

584 2204 763 2282 trum,
791 2216 873 2270 cui
898 2215 1083 2284 Oveng
1108 2215 1402 2284 antiquitas
1431 2230 1625 2269 nomen
1659 2214 2013 2282 imposuerat.

657 2305 745 2361 Ill.
778 2305 884 2361 Sed
914 2321 1011 2361 nos
1032 2306 1157 2359 dum
1195 2306 1339 2376 regis
1367 2305 1833 2359 mansuetudinem
1866 2294 2171 2357 extollendo

588 2395 969 2468 praedicamus,
997 2395 1049 2449 in
1092 2396 1208 2448 viro
1240 2395 1330 2449 Dei
1386 2402 1584 2463 quanta
1640 2393 1800 2446 fuerit
1848 2392 2169 2446 humilitatis

585 2488 890 2543 constantia
921 2503 1025 2541 non
1065 2498 1170 2541 tam
1213 2486 1486 2541 aestimare
1536 2485 1762 2555 quilibet
1800 2493 1978 2553 potest
2008 2498 2169 2551 quam

586 2580 877 2645 admirari;
908 2580 1022 2651 qui,
1054 2580 1193 2634 inter
1238 2587 1385 2634 tanta
1435 2579 1595 2649 regite
1649 2576 1971 2640 sedulitatis,
2025 2574 2171 2629 nullo

584 2672 843 2726 vanitatis
876 2672 1170 2727 tentamine
1197 2671 1529 2741 supplantari
1572 2671 1767 2741 potuit.
1799 2667 1950 2735 Quod
1978 2668 2167 2720 vitium

588 2763 641 2817 in
699 2762 881 2817 multis
928 2762 1153 2816 nimium
1224 2763 1429 2833 experti
1469 2777 1677 2827 sumus,
1723 2775 1858 2830 quos
1907 2760 1972 2813 ad
2013 2758 2171 2812 unius

582 2848 898 2909 homunculi
928 2850 1306 2906 salutationem
1335 2860 1428 2905 aut
1477 2850 1866 2905 simulati-irem
1909 2848 2172 2902 adulatio-

582 2957 707 2998 nem
749 2942 932 2997 videas
977 2941 1134 2996 facile
1177 2941 1454 3010 iactantia:
1516 2939 1705 3011 Spiritu
1751 2938 1944 2993 inﬂari.
1984 2938 2082 3005 Qui
2123 2935 2170 2991 si

583 3032 762 3105 aliqua
788 3032 957 3103 figura
1011 3032 1093 3087 vel
1119 3032 1248 3087 falsa
1298 3032 1577 3086 hominum
1621 3031 1976 3085 :estimatione
1996 3029 2170 3099 egisse

582 3124 917 3190 dicerentur,
958 3125 1147 3195 procul
1172 3125 1335 3178 dubio
1382 3138 1439 3178 se
1479 3123 1773 3194 prophetas
1812 3124 2164 3189 aestimarent,

2276 1920 2574 1976 imitatores
2604 1936 2731 1977 suos
2756 1923 2930 1992 egisse
2957 1922 3189 1987 videtur,
3219 1924 3345 1993 quia
3375 1924 3477 1979 hoc
3503 1925 3572 1980 ab
3599 1926 3720 1994 ipso
3748 1926 3841 1979 sibi

2275 2022 2601 2081 acceperunt
2659 2014 2800 2083 quod
2843 2013 3011 2083 signis
3079 2022 3136 2069 et
3181 2014 3461 2070 miraculis
3511 2016 3842 2077 enituerunt,

2272 2104 2416 2172 quod
2438 2103 2620 2157 mundi
2644 2104 2871 2173 gloriam
2902 2103 3199 2168 calcantes,
3248 2113 3304 2159 et
3340 2106 3519 2159 carnis
3566 2105 3845 2161 illecebras

2273 2193 2627 2257 declinantes,
2661 2194 2858 2263 spretis
2884 2208 3065 2248 rerum
3096 2194 3545 2263 possessionibus,
3583 2196 3687 2251 soli
3716 2197 3844 2251 Con-

2273 2283 2435 2337 ditori
2471 2289 2587 2337 toto
2611 2284 2775 2337 corde
2814 2283 3175 2337 adhaeserunt.

2349 2374 2407 2427 V.
2450 2374 2555 2427 Sed
2598 2375 2731 2443 quia
2766 2374 2976 2443 signum
3025 2375 3092 2428 de
3140 2373 3277 2428 cmlo
3313 2384 3621 2444 quaerentes
3665 2391 3697 2430 a
3742 2374 3841 2430 Do-

2272 2464 2439 2529 mino,
2486 2466 2695 2533 signum
2722 2464 2872 2519 lente
2920 2465 3240 2529 audierunt;
3273 2466 3366 2535 qui
3410 2475 3592 2520 tamen
3634 2468 3839 2534 signum

2270 2556 2419 2611 Jonze
2464 2572 2494 2610 a
2549 2556 2778 2610 mortuis
2827 2556 3162 2625 resurgentis
3208 2570 3313 2609 non
3361 2557 3714 2610 crediderunt
3756 2571 3841 2625 per

2272 2658 2581 2703 revocatum
2623 2647 2894 2701 hominem
2929 2648 3083 2717 quasi
3132 2648 3199 2703 de
3240 2657 3429 2703 ventre
3453 2650 3556 2704 ceti
3610 2649 3842 2704 inferna-

2271 2740 2370 2804 lis,
2430 2742 2704 2810 pensanda
2756 2749 2884 2795 sunt
2934 2742 3125 2795 merita
3175 2741 3315 2797 beati
3361 2741 3659 2811 pontiﬁcis.
3719 2743 3840 2797 Erat

2271 2849 2503 2904 namque
2532 2836 2584 2889 in
2615 2834 2843 2889 ecclesia
2870 2834 3048 2889 Beata:
3074 2834 3276 2896 Marite,
3314 2850 3434 2904 qua:
3468 2835 3614 2890 intra
3663 2851 3842 2890 muros

2269 2922 2577 2980 Cameraca:
2612 2918 2757 2979 sedis
2782 2934 2867 2978 est
2890 2936 3222 2988 constructa,
3249 2938 3382 2995 puer
3405 2924 3647 2994 quidam,
3686 2927 3838 2978 nobi-

2268 3016 2674 3086 lisgprosapiaa,
2708 3014 2761 3069 in
2807 3014 2933 3068 villa
2983 3023 3136 3070 ortus
3162 3030 3283 3085 qua:
3324 3015 3392 3069 ab
3447 3015 3642 3070 incolis
3679 3015 3840 3069 Vallis

2270 3124 2466 3165 nomen
2496 3110 2724 3179 accepit,
2762 3108 3022 3165 vocabulo
3060 3107 3412 3173 Landelinus,
3456 3122 3616 3178 quem
3649 3122 3839 3176 paren-

580 3230 704 3271 cum
735 3216 875 3272 dona
919 3233 1024 3271 non
1058 3218 1416 3285 accepissent.
1454 3215 1557 3268 Sed
1589 3215 1733 3268 nullo
1779 3212 2007 3282 impulsu
2044 3212 2164 3280 jac-

2269 3210 2368 3267 tes,
2413 3201 2561 3256 fonte
2604 3199 2946 3271 baptismatis
2994 3200 3356 3256 innovandum
3401 3207 3456 3254 et
3501 3199 3573 3253 ob
3621 3213 3835 3253 suarum

584 3308 768 3361 tantiae
795 3307 863 3362 ab
887 3321 1013 3361 arce
1051 3307 1367 3361 humilitatis
1395 3306 1476 3359 vir
1513 3304 1692 3375 justus
1734 3305 1886 3375 dt-jici
1929 3313 2161 3375 poterat,

578 3396 669 3451 cui
691 3396 854 3449 etiam
912 3396 1025 3465 ipsa
1071 3395 1394 3466 pontiﬁcalis
1424 3395 1643 3449 honoris
1691 3394 2011 3457 sublimitas,
2044 3410 2165 3464 qua:

584 3487 860 3558 plerisque
884 3502 1091 3558 pompm
1119 3487 1353 3541 fomenta
1398 3488 1705 3541 ministrare
1732 3486 1886 3551 solet,
1925 3485 2045 3555 plus
2071 3485 2166 3540 ab-

575 3578 833 3650 jectionis
884 3579 1167 3635 materiam
1211 3579 1520 3650 prtestabat.
1552 3578 1690 3647 Quin
1721 3578 1883 3633 etiam
1912 3592 2035 3632 cum
2069 3577 2164 3630 ali-

582 3671 822 3743 quando,
839 3687 905 3726 ex
930 3672 1217 3727 occasione
1243 3672 1521 3741 cujusdam
1546 3670 1812 3733 miraculi,
1835 3669 2039 3724 clamor
2064 3683 2160 3739 po-

581 3766 694 3836 puli
742 3767 1096 3831 excitaretur,
1149 3765 1237 3819 ille
1286 3765 1463 3819 altiori
1495 3764 1719 3819 consilio
1755 3763 1898 3833 vulgi
1928 3763 2164 3817 admira-

582 3858 731 3914 tione
754 3871 1101 3927 compescere
1138 3857 1431 3918 nitebatur,
1480 3870 1615 3932 Opus
1656 3854 1783 3909 illud
1828 3855 2016 3909 dicens
2057 3869 2161 3908 non

581 3962 695 4001 sua:
727 3947 892 4001 fuisse
925 3947 1068 4009 ﬁdei,
1098 3946 1191 4000 sed
1221 3946 1416 4000 divinae
1468 3943 1699 4002 virtutis.
1727 3944 1815 4013 pie
1860 3958 2041 3998 secum
2080 3960 2164 4000 re-

580 4046 781 4107 putans
811 4036 1087 4091 meliorem
1114 4051 1233 4091 esse
1263 4036 1592 4090 inﬁrmitatis
1637 4035 2025 4090 conscientiam
2052 4036 2165 4091 vir-

576 4140 757 4183 tutum
779 4129 1038 4194 vanitate,
1066 4138 1265 4184 ttteum
1304 4128 1563 4198 Aposmlo
1609 4127 1900 4182 videbatur
1934 4128 2116 4182 dicere
2145 4146 2158 4183 :

583 4216 827 4274 Libenter
851 4220 1117 4290 gloriabor
1155 4221 1206 4273 in
1232 4219 1626 4289 inﬁrmitatibus
1662 4219 1812 4287 meis,
1862 4229 1920 4274 ut
1962 4221 2164 4275 inhabi-

572 4324 651 4367 «tet
675 4314 729 4367 in
751 4330 832 4367 me
858 4315 1020 4367 virtus
1057 4311 1252 4367 Christi
1283 4312 1330 4384 (1
1359 4314 1481 4367 Cor.
1508 4312 1633 4382 ιιι).

654 4403 739 4460 IV.
779 4404 930 4461 Unde
960 4406 1059 4460 nisi
1084 4405 1340 4461 hodierna
1364 4404 1544 4461 Patris
1575 4404 1741 4461 nostri
1767 4404 2082 4462 solemnitas
2109 4406 2163 4462 in

576 4495 831 4551 laudibus
858 4496 1020 4568 Regis
1067 4498 1284 4569 superni
1331 4514 1430 4552 nos
1462 4498 1722 4553 attentius
1760 4498 1989 4569 astringi
2018 4514 2164 4554 com-

583 4592 846 4653 moueret,
869 4605 981 4653 eos,
1009 4589 1259 4644 nimirum
1282 4605 1415 4645 auos
1428 4590 1692 4645 adversus
1717 4598 1961 4643 sanctum
1987 4588 2163 4643 virum

574 4670 921 4749 requirentes
954 4680 1104 4749 signa
1157 4677 1508 4757 scandalizari
1550 4678 1881 4740 audivimus,
1912 4678 2165 4746 opertae;

578 4780 667 4825 rat
714 4771 1038 4842 evangeliea:
1083 4770 1386 4824 severitatis
1441 4770 1667 4824 verbere
1707 4769 1987 4830 contundi,
2045 4784 2163 4837 quze

572 4864 713 4918 dicit
763 4878 779 4917 :
832 4860 1109 4917 Ceueralio
1162 4863 1301 4915 mula
1351 4872 1399 4915 et
1449 4861 1690 4915 adultera
1727 4860 1932 4930 signum
1976 4861 2160 4929 qua’rit

582 4954 799 5027 (Matth.
826 4952 946 5022 xu),
976 4965 1055 5018 ut,
1088 4952 1415 5005 Pharisiacei
1453 4950 1635 5005 livoris
1683 4950 1814 5004 vitio
1858 4950 1925 5004 ad
1967 4965 2158 5019 purum

572 5056 830 5109 excocto,
886 5042 1006 5098 ﬁdei
1061 5042 1383 5111 evangelica:
1420 5041 1581 5095 verba
1642 5050 1965 5111 pensarent;
2020 5054 2158 5109 quae,

576 5138 700 5205 ipse
729 5145 919 5190 auctor
943 5132 1245 5204 signorum,
1274 5132 1409 5186 dixit
1440 5148 1454 5186 :
1483 5131 1586 5197 Qui
1608 5132 1659 5184 in
1689 5148 1769 5185 me
1795 5132 1979 5193 credit,
2003 5148 2160 5195 opera

569 5245 699 5299 qua:
721 5243 813 5296 ego
841 5230 979 5293 [acto
1012 5235 1057 5278 et
1090 5226 1198 5290 ipse
1239 5224 1415 5287 faciet,
1460 5233 1508 5277 et
1550 5223 1756 5279 maiora
1796 5223 1978 5275 horum
2004 5222 2160 5291 faciet

577 5315 769 5383 (Joan.
821 5318 953 5383 XIV).
988 5312 1082 5376 Ut,
1126 5312 1376 5366 videlicet
1421 5312 1759 5366 cessantibus
1797 5312 2162 5365 exterioribus

577 5408 862 5464 miraculis
889 5408 1083 5475 quibus
1110 5406 1237 5459 olim
1264 5404 1512 5460 carnales
1550 5404 1692 5459 oculi
1720 5411 1773 5458 et
1822 5403 2022 5456 inﬁrmi
2062 5416 2161 5454 au-

577 5502 790 5554 ditores
820 5498 1150 5568 indigebant,
1176 5497 1287 5567 jam
1318 5497 1536 5550 tandem
1581 5494 1853 5550 discerent
1891 5494 2083 5556 vitam,
2110 5501 2164 5545 et

576 5607 693 5647 non
718 5589 873 5661 signa
919 5602 1179 5657 pensare;
1227 5602 1345 5657 qua:
1391 5585 1548 5656 longe
1604 5584 1796 5640 melius
1845 5582 2062 5654 proﬁcit
2096 5580 2162 5634 ad

576 5681 986 5739 aemulationem
1014 5679 1277 5733 virtutum
1324 5693 1485 5749 quam
1515 5676 1756 5733 ostensio
1799 5672 2163 5744 corporalium

577 5773 993 5831 miraculorum.
1046 5769 1358 5828 Visibilibus
1398 5768 1544 5824 enim
1589 5765 1922 5822 audientium
1998 5762 2163 5821 corda

2268 3294 2499 3348 salutem
2551 3292 2853 3346 animarum
2902 3291 3204 3361 disciplinis
3251 3293 3420 3346 sacris
3466 3291 3836 3351 imbuendum,

2267 3385 2426 3440 beato
2452 3385 2713 3438 Autberto
2741 3382 3101 3437 tradiderunt.
3140 3382 3263 3449 Qui,
3294 3382 3418 3435 licet
3444 3380 3619 3435 adhuc
3645 3390 3836 3435 tenera:

2265 3477 2441 3531 aetatis
2489 3476 2805 3530 inﬁrmitate
2845 3474 3138 3540 detentus,
3190 3462 3551 3544 praetendebat
3604 3474 3836 3528 mon‘bus

2265 3567 2509 3635 quaedam
2536 3565 2686 3636 signa
2728 3564 2922 3618 futurze
2943 3564 3268 3619 sanctitatis.
3302 3562 3666 3629 Quamobrem
3699 3564 3807 3615 anti

2264 3670 2404 3726 quos
2444 3654 2665 3709 humani
2696 3654 2911 3725 generis
2953 3653 3224 3720 inimicus,
3270 3653 3361 3722 qui
3397 3654 3466 3706 ab
3494 3652 3652 3705 initio
3689 3652 3835 3706 bonis

2264 3747 2475 3801 actibus
2499 3746 2753 3801 resistere
2779 3744 3077 3809 contendit,
3108 3744 3323 3798 invidia:
3345 3741 3552 3798 facibus
3581 3755 3835 3797 accensus

2263 3852 2450 3895 contra
2501 3840 2643 3894 hunc
2693 3838 2743 3892 in
2803 3838 3100 3893 tentatione
3150 3852 3208 3892 se
3252 3836 3424 3901 rexit,
3471 3845 3741 3906 quatenus
3786 3842 3833 3889 et

2262 3932 2421 3987 beato
2451 3932 2567 3986 viro
2594 3930 2799 3986 laboris
2839 3931 2921 3985 sui
2946 3929 3183 3984 fructum
3230 3928 3493 3983 adimeret
3523 3935 3582 3982 et
3611 3942 3830 3999 puerum

2264 4025 2459 4080 mortis
2491 4024 2714 4079 vulnere
2756 4023 3046 4078 saueiarct.
3078 4021 3343 4077 Futurum
3374 4022 3518 4076 enim
3542 4023 3834 4075 'metuebat

2264 4130 2332 4172 ne
2357 4130 2453 4186 per
2475 4113 2901 4170 conversationis
2927 4111 3045 4181 ejus
3070 4111 3318 4180 exempla
3340 4109 3493 4164 mttlti
3519 4111 3651 4164 olim
3695 4110 3833 4165 esci-

2263 4214 2512 4262 tarentur
2535 4205 2603 4260 ad
2630 4219 2875 4260 normam
2910 4202 3041 4271 justi
3070 4202 3251 4273 operis
3276 4202 3699 4272 exsequendam.
3734 4199 3834 4255 Sed

2264 4300 2406 4355 unde
2444 4299 2616 4354 hostis
2652 4298 2900 4369 impurus
2944 4295 3230 4352 adversum
3266 4294 3486 4357 beatum
3513 4292 3830 4347 Autbertum

2262 4403 2374 4445 sua:
2428 4389 2648 4445 malitiae
2704 4402 2893 4443 ausum
2949 4385 3254 4450 excitavit,
3312 4384 3437 4439 inde
3498 4384 3551 4437 ei
3596 4381 3833 4436 victoria:

2264 4483 2605 4539 occasionem
2647 4480 2853 4535 invitus
2902 4479 3246 4535 ministravit.
3279 4477 3415 4532 Nam
3446 4476 3574 4547 quia
3611 4477 3716 4530 sub
3758 4476 3833 4528 di-

2194 4555 2243 4616 ί)
2269 4576 2454 4631 stricta
2482 4572 2691 4644 providi
2725 4572 2969 4641 magistri
3011 4584 3241 4627 censura
3285 4583 3419 4639 puer
3452 4567 3630 4623 adhuc
3669 4566 3832 4621 modi-

2268 4679 2363 4720 cus
2390 4665 2668 4733 agebatur,
2707 4677 2774 4717 ex
2826 4677 2933 4732 quo
2971 4661 3114 4717 nulla
3143 4659 3245 4716 sibi
3283 4652 3586 4715 insolentia:
3618 4657 3834 4728 patebat

2267 4754 2520 4818 Occasio,
2568 4754 2877 4807 frustratam
2922 4752 3023 4807 sibi
3062 4751 3329 4823 malignus
3382 4748 3604 4819 spiritus
3649 4749 3836 4802 erube~

2267 4846 2454 4902 scebat
2482 4845 2784 4899 victoriam.
2821 4842 2891 4900 Ut
2917 4851 3098 4897 autem
3145 4842 3197 4896 in
3250 4840 3421 4894 virilis
3457 4838 3622 4892 animi
3679 4838 3835 4891 robur

2267 4938 2580 4992 adolescens
2623 4936 2814 5000 evasit,
2865 4948 2985 5004 qua:
3036 4942 3166 4988 tetas
3225 4932 3444 4987 liberior
3491 4930 3559 4984 ad
3611 4940 3833 4998 qumque

2268 5028 2572 5083 audendum
2603 5040 2818 5095 semper
2855 5026 3085 5088 videtur,
3120 5025 3389 5079 continuo
3431 5021 3604 5076 hostis
3641 5021 3832 5089 impro-

2267 5118 2367 5172 bus
2405 5133 2463 5172 se
2490 5117 2619 5194 totis
2645 5115 2853 5171 viribus
2882 5115 2948 5169 ad
2971 5113 3284 5169 rebellionis
3312 5123 3464 5167 artes
3489 5110 3830 5183 praeparavit.

2265 5205 2442 5275 prit
2482 5204 2706 5259 subdola
2740 5202 3036 5260 tentatione
3064 5202 3279 5272 juvenis
3317 5203 3557 5256 animum
3605 5200 3830 5269 pulsare.

2267 5299 2728 5369 cogitationesque
2775 5296 2955 5351 varias
3001 5305 3056 5349 et
3106 5294 3318 5348 illicitas
3367 5295 3639 5362 ingerere,
3701 5302 3833 5343 nunc

2264 5391 2483 5462 quidem
2520 5391 2817 5445 immittens
2842 5388 2890 5443 ei
2916 5388 3233 5443 memoriam
3275 5385 3473 5440 terreni
3506 5380 3830 5453 patrimonii,

2267 5483 2482 5555 generis
2507 5481 2862 5542 nobilitatem,
2891 5477 3110 5533 familiae
3131 5490 3471 5531 numerosam
3496 5473 3828 5543 dignitatem.

2267 5590 2447 5630 rerum
2490 5573 2735 5645 gloriam,
2777 5579 2833 5624 et
2882 5570 3089 5639 reliqua
3137 5567 3263 5623 vita:
3301 5564 3605 5620 laseivioris
3639 5559 3829 5615 blandi-

2268 5674 2471 5722 menta.
2504 5665 2701 5721 Verum
2730 5663 2948 5733 quidam
2974 5659 3188 5732 cognati
3221 5654 3636 5714 contubernales
3673 5653 3829 5711 illius,

2268 5758 2362 5829 qui
2406 5773 2530 5814 cum
2574 5757 2792 5828 puriore
2819 5755 2995 5827 gratia
3025 5750 3326 5808 dilectionis
3369 5762 3554 5803 amare
3584 5744 3831 5800 videban-
