3918 5326
490 236 593 292 363

1382 236 1442 293 S.
1481 236 1826 297 FULBERTI
1857 236 2334 296 CARNOTENSIS
2372 238 2679 296 EPISCOPI

3653 241 3746 299 56!

491 362 640 413 num,
682 355 740 403 et
772 345 976 404 Christi
1015 346 1268 407 militiam
1312 363 1598 406 assumens
1623 390 1638 418 ,
1689 351 1881 407 ducem
1926 359 2073 406 tuum
2103 358 2151 417 Α
2178 350 2382 404 urbana
2418 350 2699 408 fastidiens
2728 366 2786 410 se
2828 351 2895 406 ad
2938 353 3231 410 remotiora
3276 355 3392 411 loca
3447 355 3672 413 contulit
3701 361 3751 414 in

488 438 703 493 imitare
729 437 1071 495 Autbertum.
1105 438 1244 495 Audi
1275 439 1648 496 beatissimum
1691 440 1996 511 pra‘sulem,
2022 450 2077 497 et

488 542 823 599 recognosce
866 537 1014 584 tuum
1056 529 1390 601 spiritualem
1422 529 1674 597 Patrem,
1709 539 1860 587 tuum
1889 540 2072 602 prote-

486 630 742 688 ctorem,
800 629 950 677 tuum
1004 622 1072 677 ab
1130 630 1335 677 aeterno
1382 622 1605 677 interitu
1655 623 2069 695 redemptorem.

487 710 717 785 Suscipe
738 728 867 770 vero
892 713 959 769 ab
981 729 1047 770 eo
1073 714 1278 770 monita
1306 714 1545 771 caelestis
1568 715 1844 776 doctrina),
1878 716 2072 786 quibus

487 806 829 863 emendatior
859 807 1034 863 factus
1056 809 1317 863 merearis
1346 805 1539 864 stolam
1568 823 1731 879 quam
1759 808 2071 878 perdideras

487 895 750 967 recipere,
785 897 901 967 ipso
923 898 1300 953 intercessore.
1329 896 1425 953 llis
1458 898 1640 965 dictis,
1676 898 1900 969 angelus
1935 914 2068 955 con-

484 986 641 1048 tinuo
660 987 946 1057 disparuit.
973 988 1084 1045 Nos
1125 1003 1257 1044 vero
1304 987 1460 1059 quale
1508 997 1875 1060 quantumque
1919 990 2066 1045 aesti—

482 1090 638 1134 mare
685 1093 971 1149 possumus
1005 1078 1147 1149 quod
1190 1079 1517 1145 Autbertus,
1569 1080 1796 1136 testibus
1839 1081 2064 1152 angelis,

484 1171 746 1227 virtutum
773 1172 945 1243 gratia
975 1171 1130 1225 nitet.
1157 1179 1213 1226 et
1233 1170 1372 1239 apud
1405 1169 1650 1226 homines
1677 1170 1871 1225 debitae
1900 1186 2064 1227 vene-

484 1261 710 1318 rationis
737 1261 912 1318 ollicio
941 1269 1091 1318 caret
1121 1261 1134 1316 Ξ
1166 1261 1338 1316 Porro
1368 1273 1494 1317 sunt
1524 1261 1679 1330 plena
1709 1260 2066 1331 jucunditatrs

484 1356 656 1427 quod,
687 1354 864 1412 adhuc
890 1355 944 1410 in
978 1366 1119 1410 terra
1154 1342 1319 1411 homo
1349 1354 1580 1426 positus,
1607 1354 1750 1408 inter
1793 1353 2065 1424 angelicas

481 1449 630 1503 cives
650 1446 859 1503 meritis
878 1445 1091 1518 fulget;
1135 1446 1229 1501 sed
1261 1460 1368 1501 non
1416 1445 1535 1500 sine
1578 1444 1763 1500 dolore
1791 1452 1846 1498 et
1874 1443 2063 1498 formi-

481 1536 606 1591 dine
634 1534 890 1591 recolitur
933 1535 1075 1606 quod
1093 1573 1114 1600 ,,
1162 1533 1412 1603 supernis
1454 1531 1684 1588 coetibus
1723 1531 2063 1602 coniunctus,

479 1627 622 1683 inter
650 1627 897 1685 homines
935 1625 1294 1698 uegligentius
1317 1624 1479 1697 digno
1516 1624 1662 1681 cultu
1699 1626 2062 1682 venerationis

476 1718 801 1776 celebratur.

547 1809 640 1866 IX.
662 1809 783 1866 Jam
810 1825 941 1867 vero
960 1810 1293 1868 Landelinus
1319 1810 1575 1883 angelicis
1588 1809 1838 1867 aﬂ‘atibus
1863 1811 2060 1884 paulis-

477 1914 574 1968 per
594 1907 898 1967 recreatus,
928 1899 1022 1955 sed
1048 1900 1243 1957 timens
1269 1900 1371 1956 sibi
1395 1900 1683 1956 subvenire
1720 1901 1950 1967 tardius,
1974 1916 2060 1957 re-

475 1990 604 2046 licto
633 1988 878 2046 nefanda:
909 1991 1186 2048 societatis
1215 1991 1465 2062 collegio,
1496 1993 1820 2061 quantocius
1868 1993 2057 2048 civita-

477 2092 583 2139 tem
614 2084 807 2155 petiit,
831 2095 887 2142 et
927 2085 972 2141 si
1014 2085 1088 2141 ibi
1130 2094 1351 2141 sanctus
1385 2086 1466 2140 vir
1492 2095 1657 2150 esset,
1690 2101 1719 2142 a
1746 2086 2057 2143 custodibus

473 2174 760 2246 diligenter
803 2173 1105 2244 requisivit.
1153 2174 1253 2242 Qui
1300 2175 1368 2231 de
1416 2176 1702 2246 praesentia
1756 2160 1899 2231 beati
1955 2175 2055 2229 viri

471 2267 674 2322 certior
701 2265 875 2323 factus
897 2308 913 2334 ,
946 2267 1189 2338 nihilque
1228 2268 1671 2325 dissimulandum
1720 2268 2054 2334 arbitratus,

471 2360 615 2429 poeni
626 2360 792 2415 tentia
805 2360 1020 2427 ductus,
1036 2361 1103 2416 ad
1117 2361 1280 2432 pedes
1299 2363 1471 2419 sancti
1489 2363 1826 2434 provolutus,
1840 2362 2053 2433 culpam

470 2452 693 2531 fatetur,
736 2455 910 2510 errori
951 2455 1161 2511 veniam
1198 2456 1390 2533 poscit.
1422 2456 1561 2512 Tum
1592 2473 1722 2513 vero
1747 2457 1958 2513 videres
1986 2474 2053 2513 ex

469 2540 761 2613 longinqua
806 2544 1025 2614 regione
1073 2546 1354 2618 prodigum
1406 2546 1573 2602 tilium
1621 2549 1960 2615 redeuntem,
2001 2558 2055 2605 et

468 2639 679 2701 patrem
705 2632 760 2688 in
786 2633 967 2689 oscula
1014 2645 1279 2690 ruentem.
1324 2635 1513 2706 Itaque
1557 2636 1640 2692 vir
1686 2647 1926 2703 sanctus,
1958 2653 2052 2708 pa-

470 2728 624 2777 terna
649 2724 850 2793 pietate
877 2725 1214 2795 praestrictus
1235 2765 1251 2791 ,
1290 2723 1546 2793 juvenem
1574 2728 1805 2797 excepit,
1839 2730 2049 2784 veniam

466 2816 789 2884 promittens
816 2817 858 2872 si
892 2817 1031 2872 mala
1062 2819 1335 2888 praeterita
1373 2819 1614 2875 melioris
1649 2821 1774 2876 vitae
1823 2835 2050 2877 conver-

468 2904 621 2960 sione
649 2915 932 2976 purgaret,
978 2907 1113 2962 nihil
1159 2907 1321 2976 igitur
1364 2907 1710 2965 difﬁdendum
1744 2919 1960 2981 putaret
1988 2926 2049 2967 se

468 3008 568 3062 pro
599 2992 688 3047 illo
716 2995 979 3050 rationem
1006 2996 1369 3065 redditurum;
1399 2998 1659 3069 quidquid
1683 2999 1858 3055 fuerat
1878 3000 2048 3057 offen-

2177 437 2311 493 locis
2340 439 2571 497 desertis
2596 456 2752 497 secus
2775 440 2974 497 ﬂuenta
2998 443 3259 499 Sambrae.
3285 444 3403 512 Quo
3443 445 3498 501 in
3527 445 3646 503 loco
3667 464 3748 503 so-

2176 528 2417 588 litudinis
2438 550 2559 589 cum
2581 536 2751 605 signis
2773 545 2828 591 et
2854 536 3130 594 miraculis
3178 548 3231 594 et
3257 539 3359 609 pia:
3383 542 3747 595 conversatio-

2176 620 2261 675 nis
2307 622 2504 678 studiis
2546 623 2753 693 pollere
2796 623 3089 690 videretur,
3133 627 3289 682 multi
3334 627 3443 682 illic
3476 628 3546 683 ab
3579 643 3648 683 eo
3688 631 3752 684 ad

2173 710 2452 766 servitium
2497 714 2697 768 summi
2742 713 3054 772 Conditoris
3102 726 3229 773 sunt
3282 719 3620 790 congregati.
3674 719 3750 775 Ad

2173 805 2540 860 evacuandam
2583 805 2744 877 igitur
2795 808 2990 878 prioris
3040 809 3166 864 vitae
3196 810 3485 876 maculam,
3518 812 3573 866 in
3621 811 3752 868 locis

2171 907 2291 962 quae
2321 895 2422 950 sibi
2453 896 2519 951 ad
2549 896 2813 968 refugium
2841 908 2896 953 et
2927 902 3324 972 receptaculum
3362 901 3634 959 latronum
3663 920 3751 974 pa-

2174 992 2411 1048 raverat.
2442 990 2767 1044 monasteria
2808 993 3131 1053 construxit.
3176 1001 3421 1049 statuens
3474 992 3749 1050 ministros

2172 1073 2225 1128 in
2259 1076 2606 1133 exsecutione
2651 1079 3033 1137 ecclesiasticae
3070 1081 3466 1150 institutionis;
3514 1095 3572 1138 et
3618 1099 3751 1154 quos

2170 1176 2298 1222 ante
2327 1170 2504 1224 socios
2535 1171 2799 1226 habuerat
2851 1173 3138 1229 criminum
3163 1215 3176 1237 ,
3232 1176 3578 1245 postmodum
3626 1176 3751 1231 fecit

2167 1269 2547 1328 cooperatores
2573 1261 2873 1318 divinorum
2929 1265 3326 1337 mysteriorum.
3355 1265 3508 1335 Qum,
3547 1268 3593 1323 si
3633 1269 3751 1338 quis

2164 1352 2287 1407 vitae
2300 1353 2415 1423 ejus
2442 1353 2635 1409 seriem
2653 1363 2963 1427 textumque
2985 1359 3417 1415 conversationis
3436 1359 3748 1432 diligentius

2165 1441 2477 1511 inspexerit,
2517 1442 2669 1500 facile
2693 1446 2951 1512 inveniet,
2979 1449 3281 1517 prmsertim
3319 1464 3441 1504 cum
3475 1458 3747 1505 monaste-

2165 1536 2328 1591 riales
2370 1537 2734 1595 habitationes
2777 1554 2914 1610 quas
2962 1540 3076 1610 ipse
3118 1542 3442 1607 construxit,
3471 1542 3751 1614 praesenti:

2165 1629 2265 1683 bns
2299 1622 2499 1699 potius
2554 1640 2848 1701 appareant
2882 1647 3045 1702 quam
3086 1640 3268 1688 nostro
3302 1647 3554 1688 sermone
3583 1633 3747 1703 expli-

2088 1720 2132 1780 B
2160 1727 2369 1774 centur.
2401 1719 2557 1787 Nam,
2588 1733 2646 1776 ut
2674 1722 2738 1777 de
2768 1723 2993 1793 reliquis
3020 1722 3205 1779 sileam
3228 1740 3348 1795 qua:
3373 1723 3617 1780 fortasse
3644 1740 3749 1779 non

2161 1813 2438 1870 benevolis
2485 1815 2824 1871 auditoribus
2855 1814 3073 1872 fastidio
3121 1817 3272 1882 sint,
3317 1818 3459 1887 apud
3513 1816 3749 1872 Laubias

2159 1908 2425 1962 exstruxit
2482 1908 2867 1963 monasterium
2913 1908 2966 1964 in
2995 1910 3201 1966 honore
3223 1910 3280 1965 Β.
3316 1910 3463 1966 Petri
3490 1910 3743 1980 apostoli.

2160 1995 2311 2063 Quod
2341 1998 2690 2053 cernentibus
2720 2000 2936 2068 quidem
2971 2000 3037 2054 ad
3061 1997 3327 2067 judicium
3361 2000 3568 2071 egregii
3600 2000 3745 2055 labe.

2161 2090 2234 2145 ris
2262 2089 2510 2145 sufficere
2536 2098 2747 2159 potest;
2779 2091 2921 2159 quod
2955 2090 3120 2146 etiam
3156 2091 3320 2164 regiis
3338 2091 3533 2146 ditavit
3562 2104 3747 2146 mune-

2157 2179 2405 2242 ribus,ac
2429 2179 2670 2234 villarum
2686 2178 2786 2252 [et]
2801 2180 3181 2250 familiamque
3203 2180 3620 2252 replevitcopia.
3646 2178 3745 2235 Cui

2156 2267 2416 2337 quidquid
2469 2269 2706 2338 priorum
2758 2284 2941 2338 regum
2981 2270 3346 2326 munificentia
3396 2270 3600 2341 passim
3648 2283 3746 2339 per

2154 2356 2484 2412 Francorum
2541 2357 2830 2426 acquisivit
2880 2373 3041 2429 regna
3072 2358 3359 2431 delegavit.
3404 2374 3474 2414 ne
3510 2358 3739 2413 fratrum

2153 2448 2501 2518 congregatio
2532 2447 2729 2503 ibidem
2781 2448 3027 2504 serviens
3054 2457 3236 2520 egeret
3269 2449 3354 2504 his
3381 2464 3503 2518 qua:
3552 2463 3738 2503 mona-

2153 2539 2270 2595 chis
2303 2539 2552 2596 feruntur
2598 2556 2720 2597 esse
2769 2556 3029 2613 congcua.
3057 2541 3175 2608 Quo
3223 2541 3278 2596 in
3315 2539 3434 2597 loco
3492 2540 3738 2610 regenda:

2151 2630 2395 2688 ecclesiae
2418 2634 2635 2688 beatum
2662 2632 2977 2689 Ursmarum
3005 2632 3266 2704 praefecit,
3295 2633 3473 2688 virum
3500 2632 3739 2687 moribus

2153 2729 2428 2785 ornatum.
2459 2721 2627 2794 signis
2673 2731 2727 2777 et
2774 2722 3054 2778 miraculis
3103 2737 3426 2788 coruscum;
3458 2721 3616 2792 cujus
3642 2721 3735 2776 do-

2154 2822 2258 2870 tem
2289 2814 2605 2870 meritorum
2636 2815 2763 2870 vita:
2805 2815 2974 2886 ipsius
3012 2814 3223 2871 libellus
3266 2813 3445 2869 editus
3477 2814 3731 2868 insinuat.

2149 2905 2205 2959 In
2236 2905 2521 2973 praesentis
2549 2912 2728 2961 autem
2755 2904 2982 2976 exempli
3011 2905 3229 2976 negotio
3253 2946 3268 2972 ,
3299 2905 3423 2975 quis
3453 2919 3560 2959 non
3589 2903 3737 2959 simi-

2147 2991 2253 3046 lem
2281 2990 2473 3047 Joanni
2504 2993 2866 3049 arbitraretur
2888 2993 3230 3060 Autbertum,
3258 2994 3386 3049 dum
3418 2994 3508 3050 ille
3552 3009 3619 3049 ex
3662 2993 3738 3047 Ia-

468 3079 640 3135 sionis
670 3081 991 3141 innocentia:
1016 3084 1137 3141 vice
1185 3087 1626 3156 computandum,
1656 3090 1699 3144 si
1729 3099 1908 3145 tamen
1931 3106 2047 3147 sce-

2156 3091 2307 3138 trone
2345 3091 2518 3138 tutum
2549 3083 2803 3139 Ecclesia:
2831 3083 3190 3154 provisorem,
3219 3085 3321 3139 iste
3372 3099 3440 3141 ex
3476 3098 3633 3153 mque
3659 3082 3739 3138 la-

467 3171 637 3229 lcrata
660 3175 928 3229 consortia
958 3175 1172 3245 penitus
1197 3178 1414 3233 vitanda
1440 3180 1777 3236 aestimasset.
1793 3180 2049 3237 Paratum

465 3279 529 3318 se
563 3264 781 3334 juvenis
833 3265 902 3320 ad
954 3282 1116 3323 omne
1160 3268 1545 3326 satisfactionis
1603 3286 1773 3342 genus
1828 3271 2048 3339 fatetur,

464 3363 651 3423 utpote
678 3372 838 3426 quem
861 3359 1097 3413 recentis
1127 3359 1305 3415 adhuc
1333 3359 1559 3416 visionis
1611 3362 1806 3417 horror
1846 3372 2051 3419 terrue-

466 3454 572 3500 rat.
609 3447 825 3518 Atpius
855 3457 1033 3519 pater,
1059 3450 1197 3505 votis
1234 3449 1350 3520 ejus
1399 3453 1765 3524 congaudens,
1814 3455 2053 3527 suscepit

463 3539 982 3611 eum'ptenitentem,
1009 3556 1168 3613 quem
1194 3541 1283 3598 diu
1302 3541 1519 3600 ﬂeverat
1546 3558 1575 3600 a
1603 3559 1662 3600 se
1686 3546 2047 3611 recedentem,

463 3630 748 3703 sinumque
774 3631 824 3687 ei
851 3631 1046 3689 divina:
1083 3620 1331 3704 aperiens
1378 3635 1784 3703 misericordize,
1817 3636 2051 3691 reddidit

462 3736 588 3778 eum
617 3731 821 3780 sanctae
850 3725 1008 3779 matri
1038 3724 1312 3781 Ecclesiae.
1328 3726 1428 3794 Qui
1455 3728 1507 3782 in
1532 3737 1736 3783 tantum
1766 3728 1865 3784 sub
1892 3728 2051 3785 disci-

462 3814 609 3885 plina
639 3812 958 3873 venerabilis
994 3817 1168 3873 Patris
1196 3819 1394 3890 vigiliis
1422 3834 1482 3875 se
1519 3831 1576 3874 et
1598 3818 1822 3892 jejuuiis
1848 3829 2044 3891 praete-

462 3907 692 3967 ritorum
747 3924 911 3982 agens
954 3910 1329 3981 paenitentiam
1379 3913 1726 3978 constrinxit,
1752 3922 1810 3969 ut
1849 3912 2045 3970 inferni

463 4012 586 4053 eum
618 3998 819 4061 vidisse
847 4008 902 4056 et
929 4001 1274 4070 pertimuisse
1295 4010 1595 4069 tormenta,
1617 4004 1829 4059 etiamsi
1867 4004 2043 4076 lingua

462 4096 687 4156 taceret,
719 4091 1056 4146 conversatio
1081 4091 1412 4162 loqueretur.
1447 4093 1633 4165 Itaque
1669 4097 1768 4151 sub
1798 4096 2042 4152 saeculari

462 4178 648 4235 habitu
697 4180 749 4236 in
820 4183 1151 4238 monasterio
1198 4183 1587 4255 aliquantulum
1635 4196 2043 4255 conversantem

398 4344 404 4349 ⁵
459 4268 546 4323 vir
578 4278 799 4325 sanctus
855 4271 921 4325 ad
965 4287 1158 4340 purum
1216 4273 1464 4327 hortatur
1499 4268 1806 4345 relinquere
1860 4274 2043 4330 smculi

461 4359 703 4431 negotia,
736 4370 794 4415 ut
821 4359 1046 4416 liberius
1071 4361 1427 4418 meditaretur
1466 4363 1728 4419 cmlestia.
1756 4364 2040 4420 Paratum-

460 4467 567 4520 que
597 4451 787 4507 videns
811 4449 876 4505 ad
908 4451 1110 4516 omnia,
1133 4451 1362 4507 abscidit
1386 4452 1504 4521 ejus
1528 4468 1738 4508 comam
1766 4454 1980 4523 capitis,
2008 4470 2037 4509 a

459 4558 568 4613 quo
617 4541 897 4612 depulerat
943 4541 1187 4597 macnlas
1225 4541 1426 4597 cordis.
1475 4542 1741 4613 Adeptum
1801 4543 2038 4613 denique

459 4635 601 4690 hanc
631 4634 907 4705 dignitatis
930 4632 1182 4704 gratiam,
1212 4633 1340 4688 dum
1374 4633 1833 4688 animadverteret
1877 4634 1930 4687 in
1973 4649 2038 4689 eo

458 4724 763 4778 sanctitatis
788 4722 969 4793 vigere
992 4723 1272 4787 virtutem,
1304 4736 1404 4792 per
1429 4721 1668 4793 singulos
1690 4723 1889 4792 gradus
1914 4738 2038 4793 pro-

463 4814 628 4868 movit
656 4813 723 4867 ad
751 4812 1068 4868 diaconatus
1089 4809 1320 4866 ofﬁcium
1349 4813 1362 4866 !
1405 4812 1485 4866 Ad
1516 4813 1659 4883 quod
1688 4814 1767 4869 sic
1791 4818 2039 4885 apparuit

458 4911 640 4972 aptus,
657 4888 717 4957 ut
738 4901 941 4972 liquido
965 4901 1293 4957 claresceret
1316 4902 1569 4957 omnibus
1590 4904 1731 4972 quod
1747 4905 1836 4958 Dei
1866 4905 2038 4974 gratia
2070 4928 2073 4931 λ

458 4991 529 5045 ad
562 4990 613 5044 id
646 4989 849 5046 electus
877 4999 1041 5046 esset.
1082 4990 1276 5046 Paucis
1306 5004 1438 5045 vero
1468 4991 1800 5062 interpositis
1847 4994 2038 5049 diebus

459 5095 583 5135 cum
610 5080 780 5149 magis
805 5095 868 5135 ac
895 5081 1066 5151 magis
1105 5080 1455 5149 semetipsum
1483 5080 1715 5148 erigeret
1751 5081 1805 5135 in
1830 5082 1922 5136 Dei
1959 5082 2039 5138 fa-

457 5167 761 5232 mulatum,
814 5166 1004 5224 beatus
1053 5168 1295 5240 pontifex
1347 5184 1513 5240 agens
1555 5170 1756 5241 gratias
1806 5171 1916 5226 Deo
1967 5174 2035 5227 ad

456 5253 862 5326 presbyteratus
889 5255 1098 5311 culmen
1131 5273 1255 5312 eum
1282 5259 1479 5313 evexit.

2155 3184 2328 3236 troue,
2381 3181 2436 3228 et
2481 3188 2549 3228 ex
2611 3174 2776 3244 impio
2824 3183 3062 3247 raptore,
3109 3190 3300 3230 verum
3344 3174 3479 3230 fecit
3526 3174 3731 3230 Domini

2151 3264 2532 3321 sacerdotem?
2571 3263 2678 3320 Sed
2719 3266 2877 3321 nobis
2923 3266 3024 3322 ista
3077 3266 3290 3322 interim
3346 3266 3735 3337 replicantibus

2150 3356 2428 3426 pensanda
2466 3356 2705 3411 occurrit
2754 3356 3018 3412 immensa
3058 3357 3231 3426 pietas
3265 3357 3603 3423 Conditoris,
3645 3358 3733 3427 qui

2150 3455 2271 3515 post
2293 3446 2501 3516 lapsura
2530 3455 2846 3517 peccatores
2887 3447 2955 3502 ad
2999 3447 3362 3503 innocentiam
3406 3450 3603 3504 venire
3645 3449 3737 3503 do-

2152 3540 2314 3592 navit.
2337 3537 2467 3592 Item
2495 3552 2561 3592 ex
2602 3537 2748 3593 illius
2792 3538 3057 3593 sententia
3090 3538 3363 3594 maxillam
3410 3540 3733 3601 Leviathan.

2149 3628 2362 3683 armilla
2413 3629 2713 3683 divinitatis
2753 3644 2864 3684 sure
2899 3628 3251 3701 perforatam,
3289 3640 3341 3684 et
3378 3632 3660 3686 credimus
3686 3639 3738 3687 et

2147 3719 2462 3790 gmdemus,
2496 3720 2624 3774 dum
2651 3719 2771 3775 viro
2816 3719 2944 3775 huic
2986 3721 3153 3776 semel
3180 3721 3237 3775 in
3268 3721 3457 3777 fauces
3486 3723 3614 3793 ejus
3656 3723 3733 3777 la-

2147 3825 2244 3881 pso
2267 3821 2323 3867 et
2352 3809 2611 3867 evadendi
2658 3809 2861 3867 aditum
2896 3810 3132 3882 aperuit,
3168 3818 3240 3875 et,
3288 3826 3356 3867 ne
3391 3811 3631 3869 ulterius
3655 3829 3734 3869 re-

2148 3901 2440 3966 laberetur,
2470 3904 2782 3958 custodivit.

2218 3991 2311 4047 XI.
2348 3992 2576 4048 Athenis
2618 4008 2753 4049 vero
2796 3995 2938 4051 urbe
2981 3994 3291 4051 Graecorum
3346 3997 3730 4066 nobilissima,

2145 4084 2461 4141 adolescens
2488 4085 2707 4155 quidam
2741 4084 2957 4156 inclytis
3000 4094 3155 4142 ortus
3182 4086 3475 4154 natalibus,
3507 4090 3731 4146 studiis-

2143 4190 2250 4247 que
2296 4175 2600 4231 Iitterarum
2653 4177 3024 4241 exercitatus,
3066 4177 3160 4232 sed
3213 4184 3270 4231 et
3315 4175 3440 4232 fidei
3489 4180 3731 4234 moribus

2145 4266 2465 4332 adornatus,
2497 4280 2563 4322 ex
2599 4265 2956 4336 inspirat-ioue
2991 4266 3210 4335 superni
3237 4270 3462 4326 amoris.
3501 4270 3727 4338 patriam

2142 4367 2503 4427 parentesque
2533 4359 2786 4411 deserere
2832 4371 3158 4426 cursumque
3198 4355 3371 4428 longa:
3406 4360 3726 4430 peregrina-

2070 4418 2116 4476 υ
2147 4447 2306 4502 tionis
2359 4445 2723 4502 meditabatur
2777 4458 3099 4512 assumere,
3147 4454 3420 4515 quatenus
3469 4447 3729 4518 impensis

2144 4537 2455 4608 temporalis
2477 4537 2649 4593 exsilii
2679 4546 3013 4593 mercaretur
3039 4547 3257 4593 aeternas
3281 4538 3592 4609 portionem
3615 4541 3723 4595 luco

2145 4628 2408 4682 reditatis.
2432 4627 2603 4696 Igitur
2629 4626 2855 4682 Romam
2887 4627 3138 4693 veniens,
3169 4630 3411 4684 oratoria
3450 4631 3722 4701 apostolo-

2143 4735 2262 4773 rum
2301 4719 2561 4775 oratiouis
2597 4718 2773 4791 gratia
2804 4718 3082 4775 lustrando
3130 4720 3527 4791 aliquantulum
3595 4734 3726 4779 tem-

2141 4812 2290 4878 poris
2331 4810 2587 4879 explevit.
2642 4808 2780 4876 Qui,
2817 4818 2977 4864 nocte
3013 4813 3267 4881 quadam,
3305 4811 3724 4871 lassesccutibus

2142 4913 2208 4954 ex
2258 4899 2452 4954 itinere
2500 4900 2745 4963 artubus,
2804 4900 2856 4953 in
2905 4916 3156 4956 somnum
3208 4903 3499 4970 resolutus,
3530 4905 3723 4961 divina:

2134 4986 2397 5057 jussionis
2440 5003 2571 5044 voce
2625 4997 2877 5044 monetur
2926 4990 3181 5047 occiduus
3232 4991 3535 5049 Galliarum
3590 4995 3722 5051 ﬁnes

2142 5093 2419 5153 expetere,
2459 5096 2761 5153 pagumque
2807 5081 3033 5154 Hagnon
3080 5093 3392 5154 penetrans,
3423 5102 3718 5158 congruum

2141 5187 2251 5226 sua:
2285 5172 2634 5227 habitationis
2661 5170 2838 5226 locum
2869 5186 3135 5242 quaerere,
3166 5174 3281 5237 ubi,
3314 5179 3566 5232 oratorio
3594 5193 3720 5232 oon-

2140 5272 2369 5326 structo,
2398 5263 2696 5317 vocationis
2727 5277 2838 5317 sure
2885 5272 3096 5326 tempus
3138 5274 3507 5326 exspectaret.
3535 5268 3721 5324 Sciens
