4018 6388
142 267 270 324 365

1424 265 1582 321 V'lTA
1615 265 1672 322 S.
1701 265 2068 324 AUTBERTI.

3320 265 3424 324 506

143 386 276 451 Qua
321 396 455 438 voce
507 379 684 445 divina
739 381 953 436 beatum
992 380 1239 450 portendi
1292 361 1610 436 Authertum
1658 394 1741 436 se-
1768 380 1818 440 Α
1845 379 2058 435 debeat.
2095 400 2112 433 ι
2141 379 2394 436 Candens
2419 379 2580 451 igitur
2613 380 2932 435 venerabilis
2960 379 3119 436 Pater
3139 381 3294 436 bonis
3324 385 3422 436 viri

141 475 383 546 quentia
411 474 670 531 indicant.
705 471 1123 543 Sedjnssionem
1164 472 1373 527 Domini
1405 474 1624 543 explere
1653 473 1747 530 de-

143 569 408 622 siderans
428 566 511 619 vir
534 565 624 619 Dei
648 564 1009 634 Gisleuns(sic
1031 565 1172 618 enim
1200 579 1394 617 nomen
1419 573 1536 617 erat
1558 563 1744 630 illius),

145 659 476 730 regionibus
518 658 746 712 diversis
773 699 786 722 ,
823 657 1012 712 insulis
1050 665 1102 710 et
1148 657 1370 711 urbibus
1423 658 1744 727 peragratis,

142 765 422 818 prospero
452 765 612 803 cursu
645 750 859 801 tandem
888 749 1131 818 pervenit
1176 749 1239 802 ad
1282 748 1457 802 locum
1497 748 1586 818 qui
1621 758 1748 803 tunc

148 839 423 907 temporis
453 839 520 892 ab
553 838 744 892 incolis
767 837 1082 908 Ursdungns
1109 838 1408 902 dicebatur,
1432 855 1495 892 ex
1522 854 1749 894 consue-

147 929 353 983 tudine
381 925 633 984 videlicet
663 946 802 984 ursa:
838 929 1216 998 parturientis;
1260 945 1402 982 nunc
1445 945 1574 983 vero
1601 929 1747 984 Cella

146 1031 408 1077 vocatur.
445 1022 544 1091 Qui
596 1023 744 1078 locus
789 1024 957 1077 distat
1003 1022 1222 1077 tricenis
1263 1021 1376 1075 fere
1419 1019 1654 1075 millibus
1681 1021 1748 1075 ab

147 1111 294 1166 urbe
329 1111 750 1178 Cameracensi;
801 1112 851 1166 in
898 1128 1002 1182 qua
1053 1113 1166 1179 ipse
1210 1126 1275 1165 cx
1319 1109 1500 1165 divino
1528 1110 1748 1164 oraculo

149 1213 412 1259 sanctum
440 1205 746 1276 pontiﬁcem
771 1219 934 1274 super
962 1219 1178 1274 gregem
1217 1202 1417 1258 Christi
1465 1216 1593 1258 cura
1627 1217 1750 1272 per-

143 1295 309 1366 vigili
345 1296 587 1350 audierat
624 1295 898 1350 insudare.
926 1297 996 1348 At
1042 1294 1129 1350 ille
1160 1295 1335 1348 noxiis
1362 1291 1562 1348 avulsis
1589 1293 1749 1347 arbo-

150 1386 338 1451 ribus,
362 1382 640 1440 basilicam
671 1385 723 1439 in
747 1385 955 1440 honore
977 1384 1340 1455 apostolorum
1380 1383 1558 1465 coepit.
1586 1383 1751 1438 aediﬁ-

149 1490 311 1539 care,
361 1483 416 1529 et
465 1476 661 1529 studiis
715 1477 980 1530 bonorum
1030 1490 1088 1530 se
1143 1491 1365 1545 operum
1428 1474 1747 1530 exercitare.

151 1560 567 1620 Disseminante
591 1581 719 1620 vero
741 1565 954 1620 diabolo
986 1565 1160 1620 zelum
1205 1565 1418 1620 ittVitlitI!
1449 1581 1544 1634 per
1586 1567 1748 1620 corda

153 1656 457 1721 malorum,
486 1658 730 1712 auditum
759 1665 844 1711 est
870 1657 1100 1727 aliquos,
1135 1667 1193 1711 ut
1232 1666 1317 1714 est
1365 1673 1481 1712 mos
1525 1657 1746 1712 adulan-

1846 472 2068 535 stndiis,
2114 473 2378 528 accersito
2429 488 2612 527 secum
2668 474 2824 548 beato
2877 488 2940 527 ac
2989 475 3280 530 venerabili
3333 474 3424 531 Dei

1845 560 2054 616 cultore
2098 561 2517 627 Amando,cnm
2589 576 2781 634 magna
2855 563 3194 618 circumfusa:
3256 564 3428 635 plebis

1848 651 2209 708 exsultatione
2283 653 2670 708 monasterium
2722 653 2789 708 ad
2848 651 3057 710 laudem
3113 653 3322 710 Domini
3376 665 3429 710 et

1849 741 2110 796 honorem
2139 742 2505 811 apostolorum
2531 742 2675 797 Petri
2708 752 2763 798 et
2785 741 2934 797 Pauli
2961 745 3316 800 consecravit.

1920 832 2054 887 Xlll.
2085 831 2188 888 Sed
2213 843 2266 888 et
2289 835 2413 888 illud
2437 836 2866 906 pra‘terenndnm
2899 851 3004 891 non
3032 837 3240 894 aestimo
3262 834 3428 908 quod,

1850 939 1970 979 cum
2003 926 2216 994 superni
2263 925 2507 995 spiritus,
2534 927 2585 980 in
2618 927 2782 982 rebus
2805 927 3038 982 humana
3069 927 3431 985 sollicitudine

1850 1014 2314 1079 administrandis,
2331 1017 2536 1082 paucis,
2566 1025 2620 1070 et
2644 1016 2747 1071 illis
2769 1017 3001 1086 purioris
3023 1018 3144 1073 vitae
3169 1021 3431 1075 munditia

1851 1106 2123 1176 praeditos,
2157 1121 2259 1160 non
2287 1107 2388 1160 nisi
2426 1121 2524 1176 per
2557 1107 2792 1162 visiones
2827 1118 2918 1163 ant
2941 1112 3166 1164 obscura
3192 1111 3436 1182 mystica:

1850 1195 2074 1251 visionis
2126 1196 2406 1266 (enigmata
2465 1213 2522 1252 se
2592 1199 2762 1253 videri
2830 1201 3165 1268 permittant,
3217 1205 3433 1257 beatum

1850 1287 2170 1343 Antbertnm
2213 1288 2432 1359 angelos
2461 1290 2830 1359 corporalibus
2857 1291 3028 1347 oculis
3052 1309 3192 1363 saepe
3235 1295 3434 1350 vidisse.

1853 1377 2004 1430 multi
2063 1379 2367 1434 mulierum.
2415 1377 2566 1444 Quod
2618 1381 2811 1434 tnirnm
2853 1382 3214 1451 prudentibus
3264 1384 3432 1438 videri

1853 1486 1961 1525 non
1995 1471 2181 1536 debet,
2222 1488 2344 1526 cum
2383 1472 2630 1528 internus
2675 1474 2872 1529 mentis
2919 1475 3146 1529 intuitus
3189 1479 3435 1546 corporei

1853 1572 2108 1630 aspectus
2153 1563 2330 1619 lumen
2369 1562 2435 1618 ad
2474 1564 2772 1634 spiritualia
2807 1568 3075 1621 cernenda
3119 1557 3443 1626 accenderet.

1853 1671 2012 1726 quem
2042 1657 2110 1710 ab
2138 1657 2336 1711 infimis
2387 1657 2545 1712 rebus
2577 1659 2751 1714 virtus
2777 1661 3119 1718 continentirc
3143 1663 3435 1718 clauserat.

150 1747 297 1802 tium
333 1788 348 1812 ,
401 1756 592 1802 sancto
632 1747 885 1819 episcopo
942 1747 1176 1803 suasisse
1225 1763 1294 1803 ne
1344 1749 1549 1802 sineret
1599 1747 1744 1802 illum
1781 1728 1823 1787 Β
1853 1745 2052 1803 Rerum
2099 1748 2314 1818 quidem
2360 1750 2659 1804 necessitas
2703 1751 2952 1823 exigebat
3000 1761 3060 1807 nt
3115 1754 3442 1810 venerabilis

153 1839 649 1906 pseudodoctorem
696 1840 746 1893 in
796 1838 994 1894 ﬁnibus
1043 1839 1158 1893 suis
1174 1839 1242 1893 ad
1275 1837 1525 1907 injuriam
1548 1839 1629 1892 sui
1659 1838 1752 1892 ho-

149 1930 316 1984 noris
346 1947 588 1995 manere,
619 1940 675 1984 ut
702 1931 791 2002 qni
835 1935 904 1985 ad
943 1931 1277 1987 seducendas
1306 1941 1516 1986 mentes
1542 1930 1747 2001 simpli-

150 2031 330 2092 cium,
360 2029 566 2084 urbana
593 2029 918 2099 sapientium
949 2028 1320 2084 conventicula
1347 2029 1541 2082 vitans.
1578 2027 1627 2080 in
1656 2026 1752 2080 has

157 2123 490 2178 solitudines
513 2123 882 2179 convenisset.
915 2123 1018 2179 Sed
1073 2123 1156 2177 vir
1205 2123 1414 2178 Domini
1467 2122 1754 2176 advertens

157 2213 572 2283 suggestionem
601 2213 800 2268 invidia
832 2213 1010 2283 potius
1033 2227 1195 2282 quam
1238 2212 1448 2266 ratione
1486 2210 1754 2280 composi-

160 2313 313 2357 tam:
351 2323 370 2354 ι
411 2303 526 2357 Νοιι
550 2313 651 2366 est,
676 2303 874 2373 inquit,
899 2312 1160 2364 nostrum,
1195 2301 1469 2356 hominem
1499 2301 1758 2356 indiscus-

161 2413 284 2450 sum
315 2397 587 2464 judicare,
623 2412 800 2466 neque
844 2395 990 2450 omni
1056 2393 1271 2465 spiritui
1309 2394 1552 2460 credere,
1585 2393 1757 2450 donec

158 2489 430 2555 probetur
459 2489 502 2542 si
529 2503 594 2542 ex
621 2486 731 2542 Deo
757 2486 846 2542 sit.
884 2507 902 2538 ›

237 2579 357 2633 XII.
395 2579 625 2634 Mittitur
650 2581 834 2650 itaque
861 2580 1082 2634 nuntius
1105 2579 1192 2648 qni
1239 2580 1512 2634 hominem
1538 2579 1603 2634 ad
1634 2595 1758 2634 con-

160 2684 418 2747 spectnm
466 2676 739 2745 pontiﬁcis
784 2677 1054 2731 aceersire
1099 2675 1330 2738 debeat,
1389 2676 1491 2730 hoc
1541 2675 1755 2730 interim

163 2766 452 2836 proposito
503 2779 568 2819 ne
608 2766 692 2819 vir
737 2766 828 2820 Dei
869 2781 932 2820 cx
983 2773 1250 2820 conventu
1300 2764 1490 2834 quovis
1550 2763 1758 2830 injuria:

161 2870 319 2914 motu
351 2859 790 2913 contristaretnr.
826 2858 1093 2913 Evocatus
1122 2867 1301 2912 autem
1336 2858 1524 2911 beatus
1570 2855 1752 2911 Ciste-

163 2961 282 3005 nns‘
301 2951 464 3020 cmpit
496 2951 604 3004 Deo
630 2951 836 3019 gratias
859 2963 1018 3019 agere
1042 2948 1184 3018 quod
1216 2962 1273 3001 se
1299 2962 1396 3016 per
1426 2962 1580 3001 suum
1619 2961 1754 3016 pon-

167 3045 378 3098 tiﬁccm
416 3057 647 3113 superna
683 3043 857 3113 gratia
889 3041 1182 3097 visitassct.
1211 3041 1540 3097 Perveniens
1575 3042 1754 3110 itaque

167 3137 244 3188 ad
271 3135 485 3196 urbem,
526 3143 714 3190 sancto
739 3141 1098 3202 prtescntatur
1125 3133 1409 3203 episcopo;
1456 3147 1614 3201 qnern
1645 3131 1753 3192 ille,
1786 3123 1822 3136 ”

166 3236 230 3278 ιιι
264 3224 530 3295 flagrabat
555 3224 839 3280 eharitatis
869 3223 1172 3286 dulcedine,
1207 3224 1286 3278 sic
1315 3223 1509 3278 alTalns
1536 3238 1552 3277 :
1589 3242 1606 3273 ι
1639 3221 1752 3286 Dic,

165 3318 371 3387 inquit,
408 3317 582 3380 nobis,
615 3316 783 3371 frater
813 3316 1131 3371 charissime
1155 3360 1171 3383 ,
1221 3317 1368 3386 cujas
1401 3330 1488 3379 es,
1539 3315 1758 3383 cnjusvc

169 3407 456 3477 dignitatis
485 3407 508 3459 ?
550 3429 566 3456 ι
601 3407 698 3461 Cui
732 3407 820 3460 ille
844 3407 1211 3476 respondens:
1241 3427 1257 3459 ι
1288 3406 1530 3470 Graecus,
1561 3406 1755 3476 inquit,

169 3499 416 3560 natione,
449 3495 786 3552 Christianus
841 3513 972 3553 vero
1023 3499 1305 3570 dignitate,
1354 3498 1581 3552 Athenis
1629 3512 1758 3552 vero

167 3595 372 3650 ortus,
434 3585 634 3642 Christi
686 3587 1011 3658 baptismate
1084 3598 1325 3643 renatus.
1402 3588 1477 3641 Ita
1529 3587 1756 3642 Romam

168 3677 386 3740 adiens,
426 3692 523 3737 per
549 3677 641 3730 Dei
665 3686 986 3747 prteceptnm
1014 3677 1152 3732 hanc
1182 3677 1398 3748 perveni
1430 3678 1478 3731 in
1503 3679 1755 3747 patriam,

170 3785 344 3839 super
360 3772 558 3826 ﬂumen
575 3770 838 3839 llagnam,
875 3770 924 3824 in
951 3770 1068 3825 loco
1089 3770 1179 3840 qui
1203 3770 1400 3826 dicitur
1421 3768 1755 3840 Ursdnngns;

168 3879 376 3932 operor
405 3865 671 3930 manibus,
702 3863 973 3919 :edifrcare
1012 3865 1250 3934 gestiens
1295 3865 1405 3920 Deo
1437 3867 1755 3920 oratorium.

171 3958 563 4014 Desiderabam
592 3957 842 4028 equidem
899 3967 1044 4013 tuam
1094 3966 1348 4027 expetere
1393 3957 1758 4019 sanctitatem,

169 4050 449 4118 petiturus
500 4049 772 4104 licentiam
823 4049 1013 4121 agendi
1065 4065 1185 4118 qua:
1243 4057 1371 4102 sunt
1422 4055 1630 4116 empta,
1667 4047 1761 4102 sed

169 4141 439 4209 prmvenit
481 4140 651 4210 gratia
686 4150 797 4203 tua,
846 4156 967 4211 quae
1007 4154 1103 4195 nos
1128 4139 1432 4196 accersivit.
1475 4159 1492 4190 ι
1531 4138 1762 4193 lntuitns

171 4242 359 4287 autem
387 4231 562 4286 almus
604 4231 890 4302 episcopus
920 4232 1022 4287 viri
1054 4247 1358 4296 sermones,
1403 4230 1642 4301 nihilque
1678 4247 1761 4286 rc-

170 4323 558 4393 prebensionis
590 4323 1023 4392 deprehendens,
1049 4324 1238 4379 dilexit
1263 4335 1415 4388 eum;
1451 4323 1637 4391 sicque
1664 4339 1762 4391 per

1853 1837 2013 1892 Pater
2041 1839 2337 1895 canonicos
2377 1855 2527 1904 suos,
2572 1840 2660 1910 qui
2697 1841 2938 1898 Atrebati
2966 1842 3020 1898 in
3052 1843 3229 1900 Beata:
3259 1845 3442 1901 Maria:

1854 1928 2183 1983 monasterio
2214 1928 2636 1996 famulabantur,
2668 1931 2985 1988 visitaturus
3020 1934 3169 1990 adire
3196 1935 3439 1990 deberet.

1854 2022 1956 2088 Qui
1988 2021 2140 2077 locus
2166 2023 2293 2078 olim
2335 2033 2389 2079 et
2417 2025 2625 2080 ambitu
2669 2042 2948 2082 murorum
3011 2037 3065 2084 et
3138 2029 3440 2099 frequentia

1856 2112 2054 2166 civium
2085 2114 2474 2171 celeberrimus
2525 2115 2886 2184 fuerat,sed,
2935 2121 3172 2190 gentium
3221 2120 3446 2175 infesta-

1858 2200 2004 2256 tione
2047 2219 2075 2258 ιι
2113 2204 2295 2271 prisco
2332 2213 2473 2260 statu
2515 2205 2873 2274 deformatus,
2910 2210 3124 2264 crebris
3151 2210 3322 2266 ruinis
3345 2212 3445 2266 hu-

1856 2307 2059 2364 cusque
2085 2297 2350 2352 consistit.
2377 2298 2476 2354 Ubi
2504 2315 2625 2354 cum
2653 2299 2719 2357 de
2751 2303 2911 2357 rebus
2934 2302 3188 2357 Ecclesiae
3214 2303 3344 2359 satis
3375 2304 3444 2359 ad

1853 2394 2068 2454 tempus
2097 2395 2402 2453 tractasset,
2431 2391 2661 2459 quadam
2689 2401 2865 2457 nocte,
2893 2402 2949 2448 nt
2979 2393 3052 2447 illi
3082 2403 3200 2449 erat
3231 2410 3446 2465 semper

1857 2476 2044 2540 moris,
2085 2475 2344 2533 fratribus
2397 2482 2573 2535 adlmc
2624 2484 3052 2553 quiescentibus,
3101 2501 3330 2558 surgens
3375 2499 3446 2543 ad

1857 2576 2133 2622 nocturnm
2173 2569 2434 2624 orationis
2466 2579 2676 2643 tempus
2699 2612 2714 2639 ,
2748 2590 2918 2644 nsque
2960 2575 3012 2630 in
3045 2575 3178 2632 lucis
3223 2592 3446 2648 crepus-

1850 2658 2036 2714 culum
2072 2661 2426 2717 continuavit.
2469 2662 2707 2720 Necdum
2745 2681 2874 2723 vero
2917 2683 3134 2724 cursum
3183 2671 3447 2726 orationis

1857 2747 2190 2818 expleverat,
2249 2766 2370 2806 cum
2431 2769 2488 2808 se
2518 2753 2696 2820 foras,
2738 2757 2892 2826 quasi
2937 2773 3034 2826 pro
3081 2757 3450 2815 refocillandis

1855 2841 2038 2911 aliquo
2067 2841 2649 2908 relevamineartnbus,
2669 2860 2928 2916 suspensa
2958 2848 3172 2904 interim
3201 2851 3450 2905 oratione

1857 2931 2104 2994 contulit,
2130 2941 2183 2987 et
2211 2941 2364 2988 stans
2390 2933 2442 2987 in
2474 2934 2742 2989 mmnibus
2764 2937 2928 3006 cmpit
2957 2937 3056 3008 pia:
3081 2938 3451 2996 meditationis

1860 3024 2098 3078 motibus
2150 3024 2354 3094 pulsari
2404 3026 2755 3094 quamobrem
2817 3025 3112 3092 Vedastus,
3155 3038 3448 3084 ‘tantorum

1859 3117 2033 3186 spatio
2055 3132 2316 3172 annornrn
2351 3117 2470 3172 vilis
2495 3118 2724 3185 sepulcri
2769 3120 2972 3190 ccSpite
2998 3119 3237 3186 clausus,
3266 3121 3450 3176 debito

1860 3206 2064 3262 honore
2087 3217 2328 3272 careret,
2366 3209 2654 3278 quemjam
2685 3225 3040 3280 supernorum
3083 3211 3281 3267 civium
3318 3202 3449 3267 cono

1859 3301 2028 3354 sortio
2045 3300 2405 3354 exsultantem
2429 3301 2666 3357 cmlestis
2684 3301 3039 3366 lliernsalcm,
3059 3319 3155 3360 ccn
3178 3321 3448 3375 gemmam

1860 3392 2118 3446 virtutum
2167 3390 2428 3462 fulgorem
2477 3395 2795 3458 micantem,
2843 3395 3175 3451 adscivisset.
3213 3396 3446 3462 Etenim,

1862 3485 1999 3539 adie
2024 3484 2372 3554 depositionis
2415 3485 2529 3554 ejus
2557 3502 2730 3555 usque
2771 3489 2837 3541 ad
2887 3497 3098 3559 tempus
3129 3491 3269 3546 beati
3317 3492 3450 3546 Ant-

1859 3577 2032 3640 berti,
2081 3592 2173 3632 sex
2213 3575 2362 3632 fuere
2393 3578 2627 3648 episcopi
2670 3578 2866 3648 quibus
2919 3579 3030 3649 ipse
3082 3582 3342 3651 septimus
3380 3582 3448 3636 ad

1861 3668 2122 3738 pontiﬁcii
2146 3667 2355 3722 culmen
2389 3669 2672 3734 successit,
2708 3685 2828 3724 cum
2862 3680 2937 3726 tot
2968 3671 3271 3726 labentibus
3291 3673 3451 3728 annis

1862 3774 2075 3829 gemma
2100 3760 2192 3815 Dei
2224 3759 2462 3829 pretiosa
2505 3761 2862 3816 subterraneo
2891 3761 3065 3817 adhuc
3107 3778 3267 3833 specu
3296 3764 3450 3818 clan-

1862 3849 2108 3914 debatur,
2139 3849 2292 3920 cujus
2316 3849 2623 3922 sepulcrum
2654 3854 2794 3908 hauo
2818 3853 2977 3924 longe
3003 3870 3032 3908 a
3063 3855 3254 3910 dextro
3278 3869 3449 3910 cornu

1863 3945 2052 4000 altaris
2085 3946 2262 4001 Bcatze
2286 3944 2475 4000 Marire
2501 3945 2764 4012 distabat;
2799 3962 2920 4003 cum
2947 3963 3073 4004 vero
3102 3956 3180 4002 tot
3200 3948 3450 4019 egregios

1863 4036 2065 4091 Christi
2091 4037 2431 4093 confessorcs
2460 4037 2567 4092 illis
2597 4037 2762 4095 fuisse
2786 4038 3117 4109 temporibus
3141 4041 3446 4102 audiamus,

1864 4130 2075 4184 meritis
2121 4130 2400 4196 sublimes,
2449 4131 2736 4187 virtutibus
2785 4132 3042 4198 illustres,
3096 4132 3335 4187 minimis
3391 4132 3444 4185 in

1866 4221 2026 4276 rebus
2052 4221 2417 4286 sollicitiores,
2444 4222 2630 4292 procul
2655 4222 2818 4279 dubio
2845 4223 3192 4280 manifestum
3223 4232 3306 4278 est
3338 4239 3446 4277 non

1865 4325 2052 4367 eorum
2082 4313 2293 4382 ignavia
2319 4312 2865 4386 ncgligentiusjacere
2885 4323 3089 4369 tantum
3109 4315 3447 4380 thesaurum,

170 4416 383 4487 aliquot
415 4416 530 4471 dies
554 4416 723 4486 gratia
755 4415 1141 4485 hospitalitatis
1170 4423 1464 4479 retentum,
1493 4423 1549 4470 et
1577 4429 1755 4482 corpo

1865 4404 1959 4458 sed
1995 4402 2178 4458 divino
2212 4405 2417 4474 judicio
2459 4414 2516 4461 et
2561 4405 2833 4461 voluntate
2876 4406 3018 4461 beati
3077 4407 3294 4462 Vedasti
3345 4407 3450 4463 hoc

169 4505 308 4558 ralis
336 4505 607 4560 alimonia:
633 4505 896 4568 subsidio,
921 4513 977 4558 et
1001 4519 1159 4559 sacro
1184 4503 1480 4574 spiritualis
1502 4504 1624 4558 vitae
1652 4502 1764 4558 col-

168 4594 360 4665 loquio
399 4593 637 4649 satiavit.
689 4593 890 4648 Dehinc
943 4591 1333 4648 benedi:-tionis
1373 4608 1486 4647 snze
1535 4607 1761 4647 munere

168 4686 476 4748 donatum,
546 4693 874 4754 acceptaque
925 4683 1262 4754 regrediendi
1325 4683 1579 4748 licentia,
1634 4698 1757 4738 cum

169 4775 507 4832 venerabilis
545 4773 707 4829 Pater
753 4775 1000 4829 hortatur
1053 4773 1312 4842 perﬁcere
1353 4774 1592 4828 studiose
1640 4787 1761 4842 qua

168 4875 439 4938 emperat,
458 4879 646 4935 seque,
668 4865 902 4934 peractis
923 4878 1042 4932 quae
1061 4871 1442 4932 congruerent,
1463 4863 1756 4918 oratorium

168 4973 289 5013 sua:
341 4955 684 5011 auctoritatis
735 4954 1113 5008 benedictione
1157 4964 1598 5008 consceraturnm
1633 4966 1760 5022 pro-

169 5050 346 5104 misit.
377 5048 491 5115 Qna
518 5045 756 5116 episcopi
782 5046 1140 5117 promissione
1174 5045 1349 5109 hctus,
1377 5045 1526 5116 operi
1555 5045 1758 5098 ardea-

168 5141 283 5196 tius
311 5140 566 5201 instabat.
593 5138 1029 5192 animadvertens
1051 5137 1164 5206 jam
1188 5151 1253 5190 ex
1278 5153 1457 5191 rerum
1479 5144 1672 5190 eventu
1699 5151 1758 5190 se

173 5233 325 5285 illurn
355 5228 627 5284 invenisse
651 5243 811 5300 quem
844 5229 908 5284 ad
931 5227 1294 5282 ministerium
1318 5227 1534 5282 socialis
1555 5226 1756 5280 laboris

171 5321 440 5377 divinitus
463 5319 710 5375 audierat
735 5320 834 5374 sibi
868 5317 1468 5391 promissum.Expletis
1499 5333 1627 5372 vero
1657 5329 1755 5387 pro

171 5407 396 5460 modulo
423 5426 522 5465 suo
550 5426 672 5480 qua:
694 5411 1009 5466 monasticis
1037 5410 1226 5464 usibus
1247 5410 1640 5478 congruebant,
1671 5409 1756 5462 vir

172 5499 270 5556 Dei
309 5503 679 5557 venerandum
731 5502 925 5558 talibus
969 5501 1151 5558 verbis
1191 5501 1496 5569 interpellat
1548 5501 1760 5570 episco-

171 5611 302 5664 pum
330 5613 345 5647 :
387 5612 407 5645 ι
443 5593 680 5666 Tempus
710 5597 883 5661 adest,
917 5596 1098 5657 Pater,
1128 5611 1236 5666 quo
1277 5610 1432 5650 servo
1458 5610 1556 5650 suo
1591 5593 1757 5648 domi-

157 5701 277 5765 ‘nns
289 5685 476 5756 pontii.
500 5702 529 5738 κ
554 5689 832 5757 promissae
846 5687 1236 5742 benedictionis
1257 5702 1449 5742 munus
1473 5685 1753 5743 exsolvere

1868 4496 2197 4565 exsequendi
2248 4496 2488 4551 muneris
2535 4496 2892 4551 ministerium
2963 4495 3122 4550 beato
3186 4497 3450 4552 Antbertu

1866 4595 2225 4641 reservatum.
2270 4586 2449 4657 Cmpit
2490 4586 2654 4654 igitur
2702 4588 2879 4641 anima
2925 4597 3159 4642 aestuare
3208 4603 3446 4656 quonam

1865 4678 2148 4734 transferri
2210 4687 2432 4734 sanctus
2501 4678 2786 4733 confessor
2847 4679 3142 4742 debuisset,
3187 4689 3447 4750 reputans

1863 4784 2047 4826 secum
2103 4771 2456 4837 incongruum
2498 4769 2611 4823 fore
2647 4770 2754 4823 duo
2793 4768 3079 4823 luminaria
3116 4785 3306 4839 magna
3347 4788 3444 4823 an—

1862 4868 2018 4930 gusta
2046 4861 2204 4914 unius
2248 4860 2439 4913 domus
2483 4857 2610 4912 sede
2643 4857 2878 4912 cohiberi
2905 4874 2918 4912 :
2943 4858 3190 4914 videlicet
3235 4875 3320 4921 ne,
3355 4861 3446 4915 ubi

1862 4948 2116 5019 praeclara
2146 4948 2239 5003 Dei
2270 4947 2564 5003 Genitricis
2603 4947 2863 5003 memoria
2889 4949 3178 5018 primatum
3213 4951 3447 5003 nominis

1818 5039 2109 5103 'tenebat,
2164 5037 2300 5092 tanti
2360 5037 2537 5092 Patris
2591 5037 2759 5106 gloria
2813 5037 3095 5092 obscurior
3138 5039 3441 5103 videretur;

1861 5149 1984 5191 enm
2015 5142 2258 5200 repente,
2293 5147 2485 5187 aurora
2509 5132 2755 5193 rubente,
2771 5132 3031 5185 orientem
3061 5146 3245 5185 versus
3270 5132 3439 5186 inten-

1861 5226 2016 5289 dens,
2048 5225 2191 5280 videt
2222 5226 2432 5280 eminus
2482 5232 2630 5278 trans
2658 5223 2929 5277 ﬁuviolnm
2959 5223 3051 5292 qui
3081 5221 3322 5279 'l‘rientio
3350 5241 3444 5280 vo-

1865 5324 2039 5379 catur,
2058 5314 2234 5368 virum
2258 5313 2615 5383 splendidum.
2634 5314 2838 5380 virgam
2865 5313 2918 5366 in
2947 5328 3107 5366 mann
3146 5323 3442 5379 tenentem,

1865 5405 2102 5460 basilicie
2133 5405 2307 5459 locum
2332 5403 2541 5468 metiri;
2567 5417 2666 5458 cen
2695 5403 2966 5473 quondam
2987 5399 3260 5467 Ezechiel,
3285 5419 3443 5458 serus

1864 5496 2062 5554 ﬂuenta
2117 5495 2405 5567 Babylonis
2451 5509 2678 5564 corpore
2713 5495 2951 5564 positus,
2983 5496 3038 5550 in
3078 5496 3267 5566 spiritu
3294 5495 3443 5551 venit

1865 5589 1928 5643 ad
1985 5599 2182 5644 terram
2230 5586 2415 5650 Israel,
2455 5587 2546 5641 ubi
2596 5587 2650 5640 in
2699 5587 2996 5644 visionibus
3041 5589 3132 5642 Dei
3185 5588 3438 5658 templum

1866 5681 2074 5736 Domini
2105 5695 2266 5736 manu
2297 5679 2531 5734 hominis
2582 5677 2717 5732 vidit
2758 5679 2958 5734 metiri.
2998 5679 3150 5746 Quod
3188 5677 3275 5732 ille
3322 5693 3439 5747 cc;-
