3918 5326
517 165 621 223 567

1599 161 1657 219 S.
1699 161 2043 221 FULBERTI
2089 162 2245 219 VlTA
2288 164 2345 220 S.
2387 165 2709 222 AUBERTI.

3669 169 3767 226 568

519 293 676 345 nens,
718 273 994 334 revelante
1032 272 1254 345 spiritu,
1301 272 1563 329 visionem
1594 273 1847 345 cognovit
1890 273 2094 344 angeli-
2124 279 2292 348 Aqui
2342 279 2566 334 aderant
2601 280 2751 335 vario
2785 287 2980 336 eventu
3011 278 3277 346 miraculi,
3320 279 3541 336 beatum
3585 296 3767 354 corpus

517 385 659 426 cam.
710 366 976 423 lntellexit
1022 365 1189 438 igitur
1236 364 1321 420 vir
1375 365 1467 420 Dei
1529 366 1746 421 beatum
1812 364 2105 422 Vedastum

522 463 669 526 illuc,
697 467 970 516 annuente
997 458 1235 525 Christo,
1263 457 1721 514 transferendum.

528 552 533 559 ’
588 553 727 609 XIV.
755 553 954 609 Beatus
982 552 1147 624 igitur
1183 551 1425 623 pontifex
1448 592 1462 619 ,
1495 551 1586 606 tali
1623 552 1955 609 revelatione
1982 568 2104 608 ecr-

519 642 848 709 tior'factus,
882 644 1099 698 beatum
1137 643 1524 709 Audomarum,
1560 643 1651 714 qui
1693 660 1754 698 ea
1789 653 2106 714 tempestate

519 735 882 794 Tarvanensis
926 734 1075 790 urbis
1121 749 1337 806 gregem
1389 748 1521 790 cura
1571 732 1816 806 pervigili
1859 732 2103 804 regebat,

521 828 588 882 ad
634 835 743 881 tam
786 824 1029 882 solemne
1077 824 1448 881 translationis
1492 821 1723 879 oﬂicium
1770 824 2107 880 invitandum

519 901 828 974 aestimavit.
846 916 971 985 Qui,
995 916 1122 972 licet
1141 916 1293 972 senio
1315 931 1535 987 pressus
1560 924 1615 971 et
1630 915 1922 972 amissione
1946 915 2107 970 lumi-

522 1007 652 1064 tium
698 1008 925 1065 debilior
968 1008 1164 1074 factus,
1208 1007 1583 1064 imbecillioris
1632 1018 1814 1064 tamen
1862 1009 2108 1079 corporis

522 1108 733 1156 tantum
785 1114 892 1155 non
958 1098 1286 1162 formidabat
1350 1098 1615 1165 laborem,
1651 1108 1913 1170 quantum
1963 1100 2105 1155 beati

516 1190 768 1263 Autberti
798 1192 1052 1248 mandato
1082 1189 1398 1248 satisfacere
1423 1191 1710 1263 gaudebat.
1732 1190 2107 1249 Diﬂicultatem

520 1284 686 1355 igitur
736 1284 979 1355 corporis
1009 1282 1302 1353 superabat
1328 1283 1570 1339 charitas
1608 1285 1836 1351 mentis,
1859 1284 2106 1341 Christo-

520 1391 626 1448 que
645 1390 863 1449 gressus
884 1385 1124 1447 regente,
1142 1376 1365 1431 devotus
1390 1375 1457 1431 ad
1472 1376 1837 1431 venerandum
1863 1377 2110 1447 pervenit

521 1468 855 1538 episcopum.
892 1466 964 1521 At
996 1465 1084 1520 ille
1113 1481 1235 1522 cum
1266 1467 1393 1538 quid
1422 1468 1605 1523 animo
1633 1478 1865 1539 gereret,
1897 1480 1951 1524 et
1980 1468 2108 1538 quid

517 1557 620 1613 'sibi
665 1556 923 1612 divinitus
966 1541 1110 1611 esset
1156 1566 1435 1611 ostensum
1474 1556 1727 1623 referret,
1759 1559 2108 1630 congratula-

513 1643 679 1735 batur
714 1647 941 1716 visioni,
979 1656 1036 1703 et
1070 1663 1127 1703 se
1155 1646 1410 1703 fraterna'
1436 1646 1741 1705 sedulitatis
1771 1651 1949 1705 studio
1976 1650 2109 1706 obe-
2143 1640 2184 1699 Β

519 1742 734 1798 dienter
791 1740 1050 1797 accinxit.
1092 1738 1213 1797 Jam
1272 1754 1403 1796 vero
1449 1741 1707 1796 aestimari
1772 1756 1878 1797 non
1934 1751 2112 1813 potest

522 1844 724 1906 quanta
757 1832 1078 1891 confluentis
1102 1832 1284 1904 populi
1313 1832 1468 1889 turba
1495 1848 1560 1888 eo
1582 1834 1670 1889 die
1699 1835 1763 1890 ad
1786 1850 1907 1891 eum
1931 1835 2110 1891 locum

524 1925 861 1992 convenerit,
899 1923 1077 1981 clerus
1121 1924 1369 1980 videlicet
1399 1934 1453 1980 et
1487 1924 1772 1996 utriusque
1800 1941 1965 1981 sexus
2004 1941 2109 1980 non

520 2008 762 2085 ignobile
801 2014 1011 2086 vulgus.
1062 2014 1261 2071 Parato
1310 2014 1475 2084 igitur
1520 2014 1722 2070 feretro
1765 2024 1821 2070 et
1863 2016 2112 2072 omnibus

519 2124 642 2178 quae
672 2106 979 2162 necessaria
1010 2105 1350 2173 videbantur,
1392 2107 1606 2164 detecto
1639 2107 1908 2178 sepulcro,
1931 2117 1985 2164 et
2009 2109 2113 2163 im-

522 2203 700 2274 pOsita
743 2201 1064 2273 antiphona,
1099 2216 1221 2256 cum
1267 2216 1461 2272 magna
1511 2202 1813 2257 reverentia
1860 2211 2109 2258 sanctum

524 2295 838 2351 thesaurum
901 2293 1269 2360 sustulerunt,
1340 2293 1653 2365 paratisque
1723 2296 2008 2363 crucibus,
2058 2306 2114 2352 et

514 2380 693 2442 'cereis
721 2395 776 2442 et
803 2386 1106 2456 omnigenis
1129 2385 1384 2441 solemnis
1408 2401 1619 2456 pompae
1657 2390 1963 2455 ornatibus,
1987 2405 2109 2446 cum

521 2491 717 2547 magna
750 2476 922 2548 plebis
950 2475 1310 2532 exsultatione
1340 2488 1586 2533 sanctum
1609 2492 1807 2549 corpus
1841 2482 1906 2533 ad
1936 2480 2109 2537 locum

512 2561 850 2641 fdestinatum
877 2567 1170 2622 transferre
1197 2576 1501 2638 coeperunt.
1529 2569 1900 2627 Transeuntes
1927 2581 2111 2627 autem

511 2648 838 2741 :prtedictum
883 2658 1208 2725 ﬂuviolum,
1240 2675 1360 2715 cum
1399 2660 1511 2730 jam
1562 2663 1661 2718 sub
1698 2663 1934 2720 urbanos
1980 2666 2113 2721 lines

526 2750 927 2821 contingerent,
957 2760 1012 2808 et
1051 2752 1243 2807 beatus
1283 2753 1626 2810 Audomarus
1665 2757 1838 2811 sancti
1866 2757 2112 2814 Autbet‘ti

512 2832 750 2915 ‘vestigia
799 2841 1125 2913 pedetentim
1162 2852 1603 2912 prosequeretur,
1636 2847 1819 2900 statim
1866 2861 2113 2917 superna:

516 2920 863 3004 'operationis
893 2931 945 2986 in
982 2948 1042 2989 se
1068 2933 1286 3002 agnovit
1312 2932 1565 2997 virtutem
1584 2976 1598 3001 ,
1634 2946 1691 2991 ut
1722 2939 1769 2991 ei
1805 2948 1989 3007 aperte
2013 2940 2108 2995 da-

515 3006 682 3077 tretur
710 3022 933 3094 intelligi
961 3025 1145 3094 quanti
1171 3035 1353 3079 essent
1380 3026 1580 3094 meriti,
1611 3036 1668 3083 et
1708 3029 1755 3084 is
1796 3006 1884 3100 qui
1928 3038 2110 3100 porta-
2137 3014 2182 3076 Ο

518 3115 707 3201 lbatur,
739 3124 796 3171 et
835 3116 882 3173 is
910 3118 1001 3189 qui
1028 3119 1292 3189 portando
1332 3119 1676 3188 sequebatur.
1711 3120 1862 3189 Nam,
1893 3123 2111 3193 depulsa
2148 3161 2155 3168 -

528 3206 700 3277 longae
721 3207 981 3264 caecitatis
1010 3219 1190 3277 nocte,
1230 3210 1412 3266 statim
1454 3211 1737 3268 oculorum
1768 3214 1948 3269 lumen
1974 3216 2112 3271 reci—

518 3298 630 3367 ‘pit,
660 3298 714 3353 in
758 3299 876 3355 loco
906 3300 1156 3373 videlicet
1206 3304 1296 3359 ubi
1336 3305 1388 3360 in
1433 3305 1750 3362 memoriam
1799 3308 1943 3362 beati
1981 3307 2113 3362 Aut-

511 3377 668 3444 berti
696 3389 931 3457 ecclesia
964 3400 1274 3449 constructa
1314 3410 1343 3448 a
1390 3395 1748 3465 praesentibus
1777 3396 1953 3452 adhuc
1997 3413 2115 3454 cer-

520 3474 680 3537 nitur
726 3481 783 3539 in
820 3484 1184 3541 testimonium
1227 3489 1508 3558 praesentis
1548 3488 1818 3545 miraculi.
1850 3488 1956 3545 Sed
1987 3490 2113 3560 quia

509 3562 872 3629 ‘venerandus
920 3574 1006 3630 vir
1047 3575 1389 3635 Audomarus
1444 3580 1902 3650 parvi-pendebat
1934 3580 2113 3636 lumen

534 3662 834 3718 carnalium
868 3662 1166 3731 oculorum,
1210 3666 1301 3736 qui
1340 3666 1520 3723 lumen
1551 3677 1699 3724 certe
1732 3669 1928 3724 civium
1976 3669 2118 3726 desi-

535 3750 762 3808 derabat
791 3768 1171 3824 supernorum,
1214 3755 1359 3812 illico
1396 3758 1651 3829 precibus
1680 3759 1924 3815 eamdem
1953 3775 2116 3832 quam

513 3842 814 3898 ultroneus
846 3844 1053 3899 ferebat
1080 3861 1268 3902 rursus
1307 3848 1615 3920 impetravit
1647 3851 1968 3906 caecitatem.
2002 3851 2115 3918 Qua

517 3931 869 3989 'eshibitione
893 3934 1139 3991 miraculi
1169 3952 1276 3992 non
1325 3939 1455 3996 latet
1480 3942 1652 3997 virtus
1680 3942 1975 4011 operantis,
2025 3941 2121 3998 sed

538 4029 784 4090 superest
815 4036 1057 4093 quaerere
1094 4027 1345 4083 meritum
1392 4040 1589 4101 optatae
1646 4033 1878 4088 virtutis.
1919 4031 2120 4089 Verum

537 4113 790 4170 subtilius
823 4116 1223 4186 speculantibus
1246 4119 1464 4179 dubium
1488 4139 1608 4181 esse
1632 4142 1735 4180 non
1759 4134 1942 4198 potest
1968 4125 2124 4197 quia,

539 4207 983 4283 praetereuntibus
1041 4207 1250 4263 meritis
1288 4213 1456 4266 sancti
1490 4213 1727 4283 Vedasti,
1774 4217 1907 4272 ﬁdes
1932 4213 2122 4271 utem-

518 4281 761 4387 jc'eretur
787 4300 1019 4359 obtinuit
1056 4303 1199 4359 beati
1246 4303 1513 4363 Autbcrti.
1554 4281 2122 4393 Stupentibtts‘autem

2208 370 2274 424 ad
2304 369 2480 425 locum
2510 370 2578 424 ab
2606 370 2795 442 angelo
2831 371 3169 442 designatum
3207 369 3503 426 honorifice
3547 380 3773 428 transtu-

2205 460 2401 516 lerunt.
2420 460 2536 530 Quo
2557 461 2742 533 inloco
2760 461 3083 517 venerabilis
3097 463 3379 533 episcopus
3397 462 3767 518 monasterium

2205 555 2528 621 construxit,
2560 563 2609 608 et
2636 569 2702 608 ex
2741 553 2902 608 rebus
2938 553 3022 607 sui
3054 551 3311 623 episcopii
3343 552 3397 605 in
3425 566 3581 605 usum
3607 550 3769 607 famu-

2204 642 2432 699 lantium
2461 659 2558 714 pro
2586 657 2765 699 rerum
2792 642 3198 712 opportunitate
3219 640 3463 707 donavit,
3500 641 3610 705 ubi,
3625 639 3769 709 juxta

2206 750 2497 806 congruam
2540 750 2720 789 rerum
2762 732 3112 799 facultatem,
3159 730 3360 786 fratres
3414 730 3467 785 in
3525 730 3771 801 obsequia

2205 828 2371 884 divini
2401 827 2577 883 cultus
2605 826 2897 898 deputavit.
2934 825 3009 880 De
3039 824 3187 879 obitu
3222 837 3371 885 vero.
3402 837 3510 892 quo
3541 834 3773 893 tempore

2207 930 2392 976 saneta
2423 919 2484 973 Β.
2518 918 2768 974 Autberti
2813 917 3011 983 anima,
3058 931 3223 971 carne
3270 914 3471 983 soluta,
3500 928 3775 984 supernam

2207 1014 2543 1071 Hierusalem
2566 1014 2741 1086 petiit,
2773 1022 2981 1069 certum
3010 1010 3140 1082 quid
3172 1010 3239 1064 ad
3270 1018 3512 1063 nostram
3540 1006 3775 1061 notitiam

2207 1123 2314 1162 non
2377 1104 2653 1175 pervenit,
2695 1102 2969 1158 nonnullis
3019 1099 3408 1156 obsistentibus
3450 1095 3627 1150 causis
3664 1109 3781 1164 qua

2209 1200 2370 1254 etiam
2411 1198 2683 1253 maximan
2714 1196 2973 1265 virtutum
3004 1192 3120 1262 ejus
3148 1200 3357 1262 partem
3390 1204 3419 1242 a
3461 1196 3641 1242 nostra
3666 1200 3777 1239 meo

2210 1288 2379 1344 moria
2411 1286 2760 1342 sustulerunt.
2790 1284 2912 1338 Fuit
2940 1291 3118 1337 autem
3165 1289 3415 1335 sanetum
3448 1291 3639 1347 corpus
3665 1275 3779 1344 ejus

2210 1379 2531 1436 tumulatum
2559 1379 2612 1433 in
2647 1376 2873 1433 ecclesia
2901 1375 3048 1431 Beati
3087 1373 3251 1438 Petri,
3280 1387 3401 1443 qum
3425 1360 3589 1426 extra
3608 1382 3779 1422 muros

2208 1469 2444 1528 civitatis
2484 1477 2609 1524 tunc
2636 1476 2776 1532 erat,
2801 1482 2943 1520 nunc
2978 1480 3105 1520 vero
3146 1464 3284 1518 intra
3316 1461 3516 1517 mania
3545 1460 3656 1531 ejus
3684 1467 3776 1512 est.

2209 1563 2266 1619 In
2289 1581 2393 1635 qua
2421 1560 2683 1632 requievit
2710 1574 2883 1628 usque
2905 1557 2970 1611 ad
3003 1567 3213 1626 tempus
3237 1552 3519 1608 Dodilonis
3532 1548 3779 1620 episcopi,

2213 1655 2305 1727 qui
2359 1655 2408 1709 ei
2461 1652 2702 1708 decimus
2752 1658 2980 1720 quartus
3031 1649 3083 1702 in
3138 1647 3452 1717 episcopatu
3511 1641 3777 1698 successit.

2214 1746 2328 1812 Hic,
2356 1760 2477 1801 cum
2506 1742 2826 1798 Nortmanni
2854 1739 3081 1795 Galliam
3111 1735 3419 1808 depopulati
3444 1743 3646 1800 essent,
3670 1747 3780 1788 cum

2213 1852 2406 1909 magna
2432 1835 2706 1907 diligentia
2731 1842 2979 1889 sanetum
3002 1844 3198 1900 corpus
3221 1829 3274 1883 in
3305 1826 3595 1884 ecclesiam
3622 1825 3783 1879 Beata:

2212 1929 2394 1984 Mariae
2441 1925 2736 1992 transtulit,
2774 1922 2864 1978 ubi
2912 1920 3209 1979 honorifice
3253 1917 3578 1975 collocatum
3628 1914 3786 1969 multo

2215 2032 2455 2091 tempore
2479 2019 2705 2090 quievit.
3148 2024 3155 2032 ‘

2281 2114 2397 2170 XV.
2426 2114 2594 2169 Porro
2636 2110 2777 2167 Otho
2814 2111 3133 2181 imperator,
3166 2104 3385 2162 Henrici
3435 2102 3580 2175 regis
3621 2100 3782 2164 filius,

2213 2224 2241 2263 a
2292 2207 2547 2263 Fulberto
2592 2202 2968 2259 Cameracensi
3012 2201 3265 2273 episcopo
3329 2195 3448 2251 dari
3494 2194 3600 2251 sibi
3643 2194 3788 2264 petiit

2213 2314 2437 2370 corpora
2464 2305 2777 2353 sanctorum
2810 2293 3100 2366 praesulum
3126 2291 3373 2346 Autberti
3404 2297 3460 2345 et
3487 2286 3785 2357 Gaugerici.

2210 2392 2303 2448 llle
2334 2405 2482 2455 vero,
2516 2386 2839 2458 quibusdam
2873 2386 2926 2439 in
2965 2382 3193 2440 consilio
3226 2379 3518 2443 adhibitis,
3550 2376 3787 2432 Theode-

2212 2485 2309 2540 rici
2353 2479 2763 2539 Cameracensis
2816 2476 3054 2549 episcopi
3117 2483 3172 2531 et
3226 2473 3450 2528 alterius
3498 2468 3787 2526 sacerdotis

2213 2589 2440 2645 corpora
2479 2573 2527 2627 ei
2569 2570 2753 2635 dedit,
2799 2568 3122 2638 quibusdam
3171 2564 3439 2635 adiunctis
3490 2577 3522 2616 e
3566 2573 3788 2629 corpore

2213 2671 2384 2726 sancti
2417 2667 2664 2724 Autberti
2704 2665 2977 2730 articulis;
3014 2663 3308 2734 prudenter
3351 2659 3403 2714 id
3433 2656 3685 2730 quidem,
3727 2667 3787 2707 ne
3874 2690 3875 2701 χ

2214 2764 2407 2820 civitas
2428 2758 2835 2818 Cameracensis
2858 2745 2972 2814 Suis
3001 2755 3245 2828 patronis
3279 2752 3585 2807 orbaretur.
3616 2747 3788 2802 Laztns

2214 2856 2378 2928 igitur
2418 2856 2717 2926 imperator
2755 2850 3043 2923 prteclaras
3079 2847 3336 2917 reliquias
3371 2846 3423 2900 in
3463 2840 3787 2898 monasterio
3874 2894 3875 2899 η

2214 2947 2356 3017 quod
2383 2946 2497 3015 ipse
2536 2942 2885 3015 Magdeburgi
2917 2939 3225 2997 construxit
3263 2934 3599 3007 reponendas
3640 2947 3788 2987 cura-

2214 3040 2308 3093 vit.
2332 3037 2502 3093 Porro
2525 3045 2704 3091 autem
2733 3035 2873 3089 fama
2897 3031 3240 3088 Germaniam
3263 3043 3479 3084 omnem
3509 3030 3790 3094 occuparat

2214 3139 2432 3186 sanctos
2460 3127 2783 3184 Autbertum
2811 3134 2865 3181 et
2885 3123 3243 3195 Caugericum
3281 3136 3313 3176 e
3336 3117 3526 3175 Galliis
3547 3117 3600 3172 in
3628 3116 3789 3170 Saxo-

2214 3222 2358 3277 niam
2388 3220 2695 3276 translatos.
2732 3218 2837 3274 Sed
2877 3231 3034 3272 secus
3070 3217 3186 3286 ipsa
3232 3229 3319 3269 res
3360 3209 3552 3276 habet;
3599 3207 3789 3263 nostris

2214 3314 2356 3370 enim
2405 3311 2736 3384 temporibus
2781 3307 3068 3364 llerluinus
3114 3303 3311 3376 praesul
3357 3297 3787 3362 Cameracensis,

2216 3404 2501 3475 diligenter
2529 3399 3078 3474 perscrutatus,beati
3097 3395 3380 3467 Gaugerici
3401 3408 3600 3464 corpus
3629 3392 3789 3446 maxi-

2216 3511 2305 3551 ma
2334 3511 2399 3552 ex
2425 3503 2581 3566 parte
2603 3492 2825 3563 reperit.
2856 3489 2986 3560 Ejus
3008 3499 3189 3543 autem
3216 3498 3503 3541 successor
3525 3480 3789 3538 Gerardus

2218 3585 2604 3642 monasterium
2650 3584 2702 3637 in
2729 3596 2836 3652 quo
2861 3590 3083 3636 sanctus
3108 3577 3410 3633 Autbertus
3439 3572 3700 3644 quiescit,
3728 3571 3788 3623 ab

2219 3676 2478 3732 llerluino
2502 3671 2883 3749 amplificatum
2907 3711 2921 3734 ,
2967 3670 3021 3725 in
3063 3666 3381 3724 memoriam
3427 3663 3608 3718 sancti
3648 3659 3789 3716 Pauli

2219 3766 2533 3824 solemniter
2579 3762 2947 3827 consecravit,
2992 3770 3315 3826 sacrumque
3358 3754 3503 3810 beati
3552 3750 3790 3807 Autberti

2221 3871 2415 3927 corpus
2456 3855 2568 3911 suis
2597 3852 2811 3910 sedibus
2858 3850 3137 3915 restituit,
3169 3862 3311 3902 anno
3346 3844 3551 3901 Christi
3593 3842 3791 3896 decimo

2222 3965 2383 4021 supra
2413 3946 2775 4003 millesimum.
2809 3943 2911 4012 Qui
2942 3942 3090 3998 locus
3119 3939 3261 3996 haud
3306 3935 3498 4009 procul
3538 3934 3689 3988 abest
3731 3930 3792 3983 ab

2223 4039 2453 4096 ecclesia
2494 4036 2854 4097 sanctissima:
2881 4033 3073 4089 matris
3103 4031 3219 4097 Dei,
3244 4040 3299 4085 et
3326 4037 3605 4107 perpetua:
3634 4021 3791 4090 virgi-

2222 4131 2307 4186 nis
2353 4128 2563 4195 Marice;
2615 4128 2671 4182 in
2712 4140 2885 4196 eoque
2917 4133 3064 4179 recta
3102 4122 3206 4177 fide
3244 4119 3596 4191 petentibus,
3646 4111 3792 4167 beato

2223 4222 2483 4279 Autbcrto
2515 4219 2913 4286 intercedente,
2942 4214 3202 4273 beneficia
3236 4212 3419 4268 divina
3456 4213 3787 4282 praestantur.
