4018 6400
1158 508 1163 511 γ
1230 422 1568 478 APPENDIX
1607 424 1698 478 AD
1738 423 1798 480 S.
1839 422 2283 480 FULBERTUM.

3287 421 3399 511 ξπ

147 542 3386 580 am

666 656 1257 814 APPENDIX
1364 657 2005 903 tam
2111 659 2210 815 s.
2326 652 2937 892 l‘lllBEll’ll.

1072 1004 1768 1099 DIPLOMATA
1840 1005 2503 1100 NONNULLA

786 1180 894 1241 Ea:
928 1176 1318 1241 chartulario
1351 1175 1616 1238 abbatiaz
1641 1175 1703 1237 S.
1738 1175 1916 1238 Petri
1951 1173 2354 1239 Carnotensis
2395 1186 2710 1257 excerpta.

222 1326 533 1400 (Gustum),
563 1325 880 1382 Documents
904 1325 1096 1381 inedits
1132 1340 1227 1381 sur
1264 1322 1517 1380 l’histoire
1538 1323 1602 1378 de
1633 1298 2197 1464 Fraﬁﬁ.)tiartulairc
2222 1326 2288 1379 de
2314 1322 2643 1380 Saint-Pere
2673 1324 2740 1380 de
2759 1323 3044 1393 Chartres,
3077 1336 3211 1385 tom.
3241 1329 3284 1399 Ι,
3375 1327 3381 1373 ῗ

1410 1453 1423 1462 ,
1590 1412 1712 1464 pag.
1835 1417 1866 1447 ›.
2924 1452 2927 1457 ,

1590 1412 1712 1465 pag.
1747 1412 1866 1449 un.

894 1666 918 1722 ῐ

153 1787 226 1843 De
263 1783 486 1843 Viviano
514 1784 768 1839 Willelmi
811 1799 905 1853 pro
926 1780 1202 1851 cujusdam
1234 1782 1370 1834 servi
1399 1781 1481 1835 sui
1513 1780 1674 1835 inter-

536 1855 758 1924 fectione
786 1852 1018 1907 serrituti
1050 1852 1283 1906 addicto.

182 1973 382 2031 Notum
409 1987 533 2029 esse
562 1971 812 2027 volumus
851 1980 956 2023 tam
987 1968 1347 2038 praesentibus
1375 1983 1535 2038 quam
1566 1967 1712 2022 futu-

122 2069 211 2130 tis,
251 2082 357 2138 ego
383 2062 643 2120 Arnull‘us
674 2063 863 2126 abbas,
892 2069 947 2116 et
979 2059 1155 2115 omnis
1186 2059 1374 2115 Sancti
1406 2059 1549 2115 Petri
1581 2060 1710 2115 Car-

120 2160 358 2217 notensis
398 2156 629 2214 coenobii
660 2155 787 2211 mihi
818 2170 848 2208 a
883 2153 992 2208 Deo
1021 2152 1308 2208 commissa
1338 2154 1709 2224 congregatio,

120 2254 253 2324 quod
309 2251 597 2309 Vivianum
647 2259 894 2304 nostrum
942 2246 1313 2315 collibertum,
1361 2262 1484 2302 cum
1539 2264 1709 2305 uxore

117 2359 228 2409 sua,
256 2358 590 2410 omnemque
632 2341 915 2411 pecuniam
959 2339 1076 2408 ejus
1114 2338 1503 2411 subjungamus
1542 2341 1712 2397 servi-

117 2435 209 2490 tuti
237 2433 501 2489 Willelmi
532 2432 737 2499 militis,
768 2448 866 2503 pro
890 2430 1266 2488 interiectione
1296 2430 1495 2487 furtiva
1528 2433 1713 2505 cujus-

119 2531 230 2582 dam
276 2528 361 2583 sui
411 2528 572 2593 servi,
605 2542 765 2597 quem
812 2526 927 2598 ipse
960 2535 1015 2579 et
1058 2541 1195 2580 uxor
1235 2540 1331 2581 sua
1370 2524 1599 2580 latenter
1628 2525 1710 2580 in-

119 2617 477 2684 terfecerunt,
510 2628 563 2671 et
601 2632 666 2672 eo
714 2626 903 2672 tenore
947 2630 1042 2670 eos
1084 2614 1405 2670 dimittimus
1450 2630 1519 2669 ne
1563 2615 1709 2671 occi-

117 2712 311 2766 dantur
360 2724 463 2780 pro
525 2709 629 2766 hoc
688 2709 914 2766 scelere.
966 2708 1133 2764 Filios
1194 2723 1326 2763 vero
1377 2724 1514 2779 quos
1556 2725 1710 2766 nunc

120 2802 330 2866 habent,
366 2802 434 2857 ad
493 2811 709 2858 nostros
766 2802 1064 2858 retinemus
1117 2816 1277 2866 usus;
1334 2816 1471 2871 quos
1522 2810 1706 2857 autem

120 2894 402 2962 genuerint
442 2894 694 2964 posmac,
743 2894 860 2964 ejus
907 2894 1179 2960 servituti,
1215 2909 1315 2964 pro
1348 2893 1450 2950 hoc
1493 2893 1706 2950 nefario

119 2985 453 3054 pertitulato,
485 2985 827 3042 dimittimus.

180 3077 408 3151 Signum
434 3078 643 3149 Ληιωρ
666 3080 869 3136 abbatis
895 3082 956 3152 1-.

541 3282 621 3337 De
655 3283 812 3339 alodo
855 3282 1030 3339 Calidi
1070 3283 1287 3339 Montis.

649 3373 828 3442 (Circa
858 3390 949 3430 an.
984 3375 1168 3446 1020.)

180 3460 234 3519 in
269 3464 497 3520 nomine
524 3475 728 3522 sanctre
759 3475 815 3523 et
853 3467 1143 3524 individute
1171 3466 1474 3537 Trinitatis,
1502 3467 1702 3539 Patris,

119 3564 170 3611 et
196 3557 341 3623 Filii,
375 3569 430 3614 et
460 3559 695 3629 Spiritus
724 3561 919 3616 sancti.

180 3648 475 3704 Catholicae
534 3664 770 3721 vereque
833 3653 1025 3708 matris
1076 3652 1331 3709 Ecclesia:
1384 3656 1598 3725 populis
1650 3657 1704 3713 in

119 3738 454 3796 Christicolis
497 3742 615 3797 laus
657 3758 871 3811 semper
933 3743 1078 3814 viget
1112 3744 1396 3814 vigentque
1443 3761 1702 3816 perenne.

121 3828 227 3885 lloe
281 3840 467 3885 autem
526 3831 907 3902 dignissimum
975 3834 1183 3905 justum
1233 3851 1448 3906 quoque
1498 3847 1702 3905 exstat,

119 3924 370 3990 quoniam
422 3934 508 3978 est
558 3933 734 3980 mater
784 3932 999 3990 nostra,
1052 3925 1256 3982 Christi
1308 3942 1438 3984 vero
1490 3929 1701 3984 Domini

122 4015 281 4068 nostri
309 4029 535 4084 sponsa,
566 4031 727 4085 quam
756 4016 1042 4087 acquisivit
1072 4032 1170 4074 suo
1205 4034 1401 4075 cruore
1427 4023 1701 4091 pretioso;

120 4103 169 4159 in
206 4121 270 4161 ea
311 4107 460 4162 enim
501 4108 837 4164 renascimur
883 4124 982 4178 per
1027 4108 1368 4179 baptismatis
1404 4110 1702 4178 lavacrum,

121 4212 175 4251 ac
199 4198 251 4253 in
282 4213 349 4254 ea
381 4200 716 4267 resurgimus
748 4216 776 4254 a
819 4210 992 4256 morte
1023 4202 1218 4257 animae
1245 4217 1344 4272 per
1371 4203 1705 4272 poenitentiae

121 4286 338 4358 luctum,
371 4298 428 4346 et
464 4298 586 4361 post
624 4292 747 4347 vitae
795 4292 1086 4348 terminum
1137 4301 1322 4349 nostra
1369 4294 1705 4350 tumulantur

120 4382 378 4437 cadavera
398 4382 462 4436 in
488 4386 609 4452 ejus
637 4384 857 4438 atrium.
887 4383 1039 4439 lianc
1063 4383 1310 4441 Christus
1344 4401 1508 4456 supra
1543 4386 1700 4442 iidem

120 4486 272 4539 quam
329 4473 612 4530 confessus
663 4484 748 4531 est
800 4476 1149 4533 ﬁdelissimus
1197 4477 1386 4534 Petrus
1433 4476 1699 4544 fundavit,

118 4565 237 4621 dum
263 4568 498 4624 Domino
525 4568 661 4624 dixit
692 4586 706 4623 :
742 4568 818 4622 Tu
856 4586 910 4624 es
936 4569 1203 4636 Christus,
1250 4569 1426 4625 Filius
1468 4571 1563 4626 Dei
1603 4572 1702 4625 uiui

118 4656 335 4725 (Matth.
378 4674 490 4725 xw,
532 4650 667 4732 16)(
694 4658 1128 4717 Fundamentum
1172 4663 1311 4716 enim
1354 4661 1502 4716 aliud
1552 4678 1702 4716 nemo

119 4762 277 4818 potest
306 4769 522 4823 ponere,
559 4765 753 4827 praeter
793 4756 849 4809 id
883 4756 1023 4825 quod
1061 4759 1288 4826 positum
1318 4765 1415 4819 est,
1446 4755 1585 4827 quod
1625 4765 1701 4810 est

118 4838 355 4897 Christus
393 4842 555 4899 Iesus
594 4842 646 4914 (I
681 4842 809 4899 Cor.
838 4861 921 4910 ιιι,
957 4847 1063 4915 ll).
1105 4844 1246 4901 Sunt
1275 4861 1404 4901 vero
1439 4845 1579 4900 beati
1610 4845 1700 4914 qui

118 4933 382 4989 catholico
429 4934 660 4990 vivendo
708 4935 956 4991 habitant
1000 4936 1096 5002 ibi,
1135 4945 1195 4990 ut
1238 4936 1405 4991 David
1455 4935 1698 4991 cecinit:

121 5019 265 5077 Beati
310 5025 403 5095 qui
441 5024 677 5079 habitant
714 5027 770 5080 in
797 5026 954 5081 domo
984 5035 1097 5092 tua,
1126 5026 1382 5093 Domine;
1421 5027 1477 5080 in
1505 5039 1701 5081 swcuta

120 5117 427 5172 secutorum
454 5118 748 5175 laudabunt
775 5131 823 5175 te
849 5118 1019 5192 (Psal.
1054 5138 1285 5187 Lxxxut,
1314 5121 1391 5191 5).
1433 5121 1530 5177 llis
1556 5122 1701 5177 aliis-

120 5221 216 5274 que
247 5209 666 5280 quamplurihus
691 5221 1006 5268 sanctorum
1043 5213 1202 5269 dictis
1235 5229 1301 5269 ac
1328 5229 1499 5270 sacrae
1553 5213 1703 5269 Seri-

119 5307 286 5366 ptui-te
328 5302 606 5370 mysteriis
649 5302 840 5358 edocta
893 5315 950 5358 et
1004 5304 1301 5370 admonita,
1375 5320 1476 5375 ego
1520 5304 1701 5359 Hilde-

119 5391 315 5457 gardis,
365 5392 765 5450 vicecomitissa
802 5395 1167 5471 Castridunis,
1219 5398 1287 5452 do
1344 5395 1699 5452 Sanctissimo

119 5479 274 5539 Petro
304 5485 657 5543 Carnotensis
687 5490 921 5544 cmnobii
952 5490 1187 5546 alodium
1218 5507 1394 5546 meum
1434 5492 1501 5547 de
1529 5491 1701 5544 Bello;

117 5588 321 5641 monte,
351 5594 476 5635 cum
508 5581 669 5636 terris
704 5582 868 5637 cultis
899 5592 953 5636 et
981 5582 1221 5647 incultis,
1248 5592 1303 5638 et
1328 5582 1500 5649 silvis,
1525 5583 1701 5651 pisca-

119 5669 377 5739 toriisque
428 5671 624 5732 ibidem
676 5674 1090 5744 pertinentibus,
1138 5675 1469 5730 assentiente
1511 5683 1568 5728 et
1610 5689 1701 5729 an-

115 5773 317 5819 nuente
358 5764 469 5820 tilio
512 5781 634 5822 meo
674 5766 919 5837 llugone,
949 5768 1354 5839 archiepiscopo
1399 5767 1700 5831 Turonum,

183 5874 303 5948 (56)
342 5877 516 5935 Verba
545 5878 624 5935 re!
648 5890 917 5951 perpdrat'
935 5887 1304 5953 superscripta
1332 5886 1460 5935 sunt
1484 5878 1538 5934 in
1564 5876 1773 5934 codice.

1737 1645 1787 1704 Α
1815 1662 2066 1719 videlicet
2092 1679 2156 1718 eo
2184 1672 2424 1735 tempore
2451 1680 2558 1735 quo
2585 1673 2703 1736 post
2726 1674 2929 1721 exitum
2963 1682 3144 1724 meum
3170 1669 3406 1739 sepeliar

1816 1752 1869 1807 in
1910 1754 2205 1810 claustrum
2250 1756 2660 1822 monachorum,
2703 1766 2765 1814 ut
2804 1773 3019 1829 semper
3060 1768 3406 1819 transeuntes

1814 1861 1977 1916 super
2024 1862 2203 1903 meum
2251 1846 2516 1902 tumulum
2572 1857 2732 1904 orent
2778 1864 2877 1920 pro
2907 1865 2993 1905 me
3035 1850 3256 1922 jngiter.
3291 1852 3407 1907 lloc

1811 1938 2065 1993 viderunt
2090 1948 2142 1994 et
2172 1947 2480 1994 annuerant
2517 1938 2974 1998 Castridunenses
3002 1956 3279 2011 proceres,
3310 1942 3404 2011 qui

1810 2035 1940 2082 sunt
1968 2028 2156 2098 scripti
2187 2028 2392 2093 subter.
2444 2029 2501 2084 Si
2542 2031 2663 2098 quis
2699 2044 2830 2086 vero
2874 2047 2943 2087 ex
2985 2031 3244 2103 progenie
3281 2046 3403 2087 mea

1812 2125 1907 2172 aut
1954 2117 2093 2173 alius
2142 2118 2390 2182 invasor,
2433 2119 2667 2175 stimulis
2708 2120 2793 2175 vel
2841 2121 3054 2192 sagittis
3097 2121 3407 2193 exagitatus

1812 2208 2113 2275 diabolicis,
2154 2210 2261 2264 vim
2306 2210 2499 2265 iecerit
2545 2210 2849 2277 monachis,
2899 2220 2954 2266 et
2996 2211 3405 2285 eleemosynam

1794 2318 1974 2373 .quam
2006 2302 2208 2359 Sancto
2237 2303 2399 2358 Petro
2437 2303 2559 2358 dedi
2600 2319 2923 2375 quocunque
2959 2304 3119 2359 modo
3164 2304 3408 2362 abstule-

1810 2395 1915 2460 rit,
1965 2394 2310 2450 damnatione
2375 2395 2664 2451 damnatus
2720 2404 2981 2466 perpetua
3033 2404 3226 2467 pereat
3275 2411 3400 2452 cum

1811 2485 2047 2550 Dathan,
2081 2493 2135 2540 et
2164 2486 2392 2551 Abiron,
2421 2496 2476 2542 et
2500 2487 2656 2541 Anna
2688 2497 2741 2541 et
2772 2486 3009 2559 Caipha;
3047 2488 3401 2544 auctoritate-

1811 2589 1917 2645 que
1944 2573 2038 2629 t‘tlii
2066 2574 2172 2629 mei
2197 2576 2599 2646 archiprtesulis
2630 2577 2869 2648 Hugonis
2907 2577 3405 2633 anathematizatus

1810 2676 2150 2738 permaneat.
3308 2667 3313 2672 '

1882 2760 2055 2832 llugo,
2089 2761 2466 2833 archipracsul;
2514 2762 2804 2831 Cauth-idi,
2846 2765 3058 2835 nepotis
3104 2765 3251 2836 ejus;
3292 2767 3405 2824 llu-

1811 2849 1988 2917 berti;
2039 2851 2419 2919 Godeschalei,
2454 2854 2548 2909 lilii
2595 2854 2741 2922 ejus;
2792 2854 3039 2923 lluherti,
3075 2858 3403 2917 thesaurarii

1809 2942 2262 3011 Cenomanensis;
2306 2944 2590 3015 Radulphi,
2635 2946 2767 3016 legis
2799 2947 2972 3012 docti;
3004 2946 3272 3017 Fulcaldi;
3298 2950 3401 3006 Ga-

1732 3035 2023 3103 Btltonis;
2088 3034 2291 3092 Odonis
2345 3036 2610 3102 Brunelli;
2664 3035 2889 3092 lluberti
2951 3036 3222 3105 Brunelli;
3285 3039 3406 3094 llel-

1806 3132 1988 3201 gaudi,
2023 3132 2116 3187 lilii
2153 3131 2577 3202 archiepiscopi;
2602 3130 2861 3202 llelgaudi
2907 3129 3077 3202 nigri;
3119 3130 3402 3198 Gradulli;

1807 3221 2034 3278 Firtnati
2079 3224 2363 3289 canonici;
2395 3222 2700 3288 Frederici;
2743 3221 2982 3293 Hugonis
3019 3222 3237 3290 vicarii;
3270 3222 3402 3279 Ber-

1806 3313 1962 3369 nardi
1991 3314 2056 3370 de
2084 3313 2274 3380 Busld;
2326 3313 2638 3385 Junanigni,
2661 3314 2815 3384 jussu
2846 3315 3262 3387 archiepiscopi,
3303 3316 3403 3374 has

1806 3404 2014 3461 litteras
2041 3406 2190 3461 fecit.

2546 3496 2635 3553 Ill.

1806 3590 1886 3645 De
1920 3588 2136 3645 ecclesia
2166 3589 2230 3644 de
2256 3588 2693 3713 Rescoliprdlatred
2717 3588 2915 3646 Sancto
2956 3589 3117 3646 Petro
3154 3606 3186 3643 a
3214 3590 3401 3645 comite

2510 3677 2656 3713 κιαι·
2697 3677 2746 3713 o.

2510 3677 2746 3714 tcnaraa.

2346 3751 2507 3824 (Ante
2549 3767 2640 3806 an.
2678 3752 2857 3822 lost.)

1882 3845 2269 3902 Universorum
2315 3843 2565 3900 conditor
2600 3844 2742 3899 Deus
2782 3843 3048 3900 mirabilis
3084 3852 3169 3899 est
3201 3844 3254 3899 in
3287 3844 3401 3898 suis

1806 3940 2082 4010 operibus,
2110 3940 2238 3994 dum
2275 3953 2345 3994 ex
2389 3938 2514 3996 aliis
2561 3938 2689 4002 alia,
2720 3953 2787 3993 ex
2841 3938 3140 3994 minoribus
3192 3937 3402 3994 scilicet

1807 4042 1988 4104 portat
2015 4031 2129 4102 (56)
2156 4029 2380 4101 majora.
2411 4029 2576 4100 Cujus
2604 4030 2678 4085 rei
2709 4030 2979 4086 sinceram
3006 4028 3401 4084 consideratio-

1808 4139 1931 4180 nem
1969 4123 2113 4178 intus
2171 4121 2439 4187 faciendo,
2485 4132 2541 4177 et
2570 4122 2622 4175 in
2655 4122 2754 4177 hoc
2799 4122 2897 4192 ipsi
2925 4129 3106 4193 grates
3136 4120 3400 4176 debemus

1807 4231 1913 4272 non
1946 4215 2219 4282 minimas,
2255 4225 2310 4270 et
2360 4215 2413 4269 in
2439 4214 2549 4278 illo,
2585 4214 2770 4280 corde,
2804 4229 2954 4279 voce,
3002 4229 3189 4285 opere,
3229 4229 3393 4285 quam

1806 4306 2094 4369 maximas,
2136 4305 2281 4376 quod
2333 4321 2443 4360 non
2486 4305 2685 4371 solum,
2740 4313 2801 4359 ut
2847 4304 3267 4375 praelibavimus,
3325 4320 3391 4359 ex

1808 4395 2196 4466 temporalibus
2226 4396 2369 4451 fovet
2390 4403 2671 4466 perpetua,
2711 4410 2900 4449 verum
2935 4394 3101 4449 etiam
3138 4409 3201 4449 ea
3231 4394 3398 4451 ratio-

1807 4487 2060 4543 nabiliter
2108 4486 2473 4556 dispensando
2532 4486 2959 4541 misericorditer
3011 4485 3260 4556 provehit
3328 4487 3395 4538 ad

1803 4586 2030 4632 acterna.
2061 4578 2144 4632 Ad
2189 4576 2348 4642 hujus
2393 4578 2576 4647 itaque
2622 4574 2849 4643 perfecti
2881 4582 2936 4628 et
2982 4583 3091 4628 tam
3144 4572 3398 4644 Optabilis

1805 4669 1985 4739 gaudii
2023 4668 2181 4724 tidem
2213 4668 2573 4732 formandam,
2601 4667 2743 4721 inter
2769 4675 2963 4721 cmtera
2992 4679 3111 4734 qua:
3150 4664 3397 4720 mortali-

1806 4761 1907 4814 hus
1931 4775 2082 4831 spem
2114 4767 2316 4821 sanctae
2344 4757 2665 4814 aeternitatis
2697 4756 2968 4828 ingerunt,
3000 4756 3115 4825 ipsa
3163 4755 3241 4810 ait
3289 4754 3393 4811 Ve-

1806 4854 1939 4908 ritas
1962 4868 2059 4923 per
2088 4853 2434 4920 semetipsam
2471 4869 2484 4905 :
2524 4848 2704 4904 Facite
2732 4849 2875 4904 vobis
2905 4848 3102 4903 amicos
3132 4850 3196 4902 de
3218 4836 3393 4903 tuam-

1805 4961 1959 4999 mana
1982 4944 2296 5015 iniquitatis,
2338 4952 2417 5007 ut,
2447 4958 2565 4996 cum
2596 4924 2910 5011 defeceritis,
2945 4940 3196 5008 recipiant
3226 4954 3310 4993 vos
3340 4938 3394 4990 in

1803 5044 1999 5089 a'terua
2027 5032 2364 5087 tabernacula
2396 5031 2548 5104 (Luc.
2576 5047 2688 5098 xvr,
2709 5030 2786 5102 9).
2817 5030 2967 5098 Quod
2991 5031 3130 5085 dono
3150 5028 3394 5091 sentiens

1804 5122 1942 5193 ejus,
1973 5122 2212 5193 ejusdem
2260 5133 2417 5190 nutu,
2449 5121 2910 5177 Nortmannorum
2936 5133 3121 5175 comes
3152 5133 3252 5188 ego
3300 5116 3395 5171 Ri.

1803 5216 2060 5282 chardus,
2089 5217 2231 5272 inter
2249 5225 2445 5271 caetera
2482 5229 2622 5285 qum,
2666 5228 2732 5269 eo
2756 5212 3082 5282 inspirante,
3111 5210 3161 5266 ei
3191 5224 3259 5274 ex
3293 5223 3393 5264 suo

1804 5308 2034 5375 reddidi,
2060 5309 2348 5379 quamdam
2375 5308 2665 5364 ecclesiam
2710 5307 2763 5362 in
2818 5305 2988 5383 ipsius
3016 5303 3235 5360 nomine
3270 5318 3390 5357 mo-

1805 5401 1997 5456 nachis
2027 5400 2212 5456 Sancti
2236 5400 2382 5457 Petri
2414 5401 2764 5475 Carnotensis
2803 5398 3035 5455 cmnobii
3072 5396 3219 5462 dedi,
3272 5411 3393 5466 quae

1805 5493 1856 5547 in
1910 5493 2225 5562 Ebroicensi
2249 5494 2504 5561 comitatu
2534 5502 2620 5550 est
2647 5494 2789 5567 sita,
2826 5492 2878 5546 in
2907 5489 3028 5548 villa
3065 5504 3185 5561 quae
3212 5496 3296 5544 est
3324 5503 3394 5543 ex

1804 5583 2022 5637 nomine
2040 5582 2346 5639 Rescolium
2377 5585 2552 5649 dicta;
2588 5595 2691 5639 noc
2725 5591 2905 5637 autem
2929 5578 3090 5649 hujus
3120 5578 3199 5633 rei
3216 5575 3394 5649 gratia

1804 5673 2005 5730 credidi
2031 5675 2151 5730 istis
2179 5675 2446 5745 apicibus,
2472 5682 2539 5729 Lut
2562 5672 2863 5745 dapsilihus
2891 5672 2942 5726 in
2971 5668 3303 5740 exemplum,
3337 5675 3388 5718 et

1808 5769 2181 5827 testimonium
2206 5769 2291 5827 sit-
2311 5768 2627 5840 rapacibus.
2656 5765 2812 5835 Quod
2855 5765 2915 5822 si
2941 5762 3079 5823 nauis
3100 5756 3391 5817 contradi-
