4018 6452
1548 434 1718 455 M0

658 462 760 532 sit

1868 483 2207 541 APPENDIX
2239 485 2330 541 AD
2366 486 2424 543 8.
2466 484 2896 544 FULBERTL‘M.

3490 424 3541 443 τι..

658 588 897 645 ctionem
922 588 1128 645 dationi
1150 590 1342 647 fecerit
1372 594 2025 665 suprascripta,quaudiu
2060 599 2113 653 in
2142 600 2244 655 hac
2276 606 2320 665 Α
2348 599 2654 666 ecclesiam,
2679 600 2762 655 vel
2791 601 3005 669 aliquod
3044 592 3427 659 monasterium
3460 601 3525 657 de
3555 599 3790 674 propriis
3814 601 3900 660 ira“
3988 638 3989 673 ;

657 679 1018 747 permanserit
1047 675 1368 748 intentione,
1393 681 1634 740 humana
1674 694 1733 740 et
1771 684 1950 739 divina
1981 686 2248 743 multetur
2347 687 2670 746 reditatibus
2725 690 3105 757 honoraverit,
3167 690 3250 745 vel
3306 690 3652 748 donationem
3711 692 3896 759 fecerit,

655 767 1062 825 maledictione.

727 858 788 914 8.
813 859 1069 916 Richardi
1109 863 1342 918 comitis.
1363 862 1425 919 8.
1449 863 1706 921 Rodberti
1733 867 2157 936 archiprtesulis.
2178 870 2235 925 8.

653 948 913 1007 Richartli
939 954 1154 1010 comitis
1181 952 1350 1013 frater
1372 955 1726 1024 archiprzesul
1765 956 2237 1030 Rothomagensis.

657 1042 717 1098 8.
751 1041 1082 1102 Gunuoridis
1106 1048 1413 1103 comitissaz.
1441 1047 1500 1103 8.
1534 1048 1819 1115 Richardi,
1858 1050 1953 1106 ﬁlii
1995 1055 2235 1109 comitis.

655 1134 714 1187 8.
749 1135 1027 1202 Rodbcrti,
1052 1138 1145 1194 iilii
1173 1142 1408 1196 comitis.
1442 1141 1498 1196 S.
1542 1142 1778 1199 Unfridi.

725 1224 1083 1295 Supradictus
1126 1229 1355 1297 viculus,
1386 1248 1415 1285 a
1460 1234 1624 1288 rebus
1665 1234 2003 1305 colligendis,
2038 1237 2237 1292 Resro~

651 1313 759 1370 lius
783 1316 910 1373 olim
943 1318 1161 1388 quidem
1186 1320 1500 1389 dicebatur;
1538 1324 1607 1379 ibi
1637 1326 1783 1381 enim
1817 1310 2060 1382 res'ﬁsci
2088 1328 2242 1382 colli-

652 1408 921 1478 gebantur
946 1410 1027 1465 vel
1052 1413 1537 1484 congregabantur.
1570 1416 1627 1471 in
1665 1434 1792 1488 quo,
1834 1434 1940 1474 non
1981 1419 2139 1489 longe
2172 1420 2239 1476 ab

657 1500 775 1554 Ava
807 1498 1047 1566 ﬂumine,
1092 1512 1315 1572 propter
1362 1507 1649 1574 quemdam
1705 1508 1939 1572 fontem,
1991 1511 2237 1578 quaedam

651 1586 934 1641 ecclesiola
965 1588 1143 1660 lignea
1169 1592 1274 1648 sita
1303 1605 1422 1649 erat
1449 1596 1502 1649 in
1528 1596 1735 1653 honore
1763 1599 1939 1655 sancti
1982 1599 2235 1671 Remigii.

649 1674 928 1734 Deﬂueute
952 1694 1080 1735 vero
1107 1689 1368 1753 tempore,
1396 1693 1451 1741 et
1476 1686 1684 1743 viculus
1712 1703 1834 1743 cum
1868 1689 2098 1745 ecclesia
2129 1690 2238 1745 hel-

648 1766 718 1821 lis
744 1768 975 1825 assiduis
1013 1771 1080 1825 ad
1112 1773 1340 1829 nihilum
1371 1791 1509 1845 pene
1536 1776 1840 1842 deducitur,
1879 1788 1934 1834 et
1963 1789 2108 1842 tunc,
2143 1797 2237 1835 au—

650 1870 850 1918 nuente
883 1864 1085 1919 comite
1138 1864 1432 1935 Richardo,
1482 1870 1739 1938 parochia
1791 1872 1902 1940 ipsa
1949 1874 2098 1927 unita
2152 1882 2236 1928 est

2345 777 2661 838 nullatenus
2687 795 2786 836 nec
2814 796 2848 837 δ
2877 781 3009 846 tilio,
3038 797 3141 838 nec
3181 783 3250 836 ab
3279 782 3460 853 aliquo
3495 798 3807 839 successore
3841 803 3902 840 re

2344 880 2550 941 pctere,
2581 870 2787 926 idcirco
2813 887 2914 941 ego
2954 871 3281 937 .loscelinus,
3322 872 3596 929 Gausfridi
3629 873 3795 941 ﬁlius,
3822 891 3900 927 no-

2343 973 2454 1018 tum
2486 979 2605 1020 esse
2631 965 2790 1034 cupio
2820 965 3077 1021 omnibus
3130 974 3241 1020 tam
3273 965 3625 1037 praesentibus
3653 981 3813 1037 quam
3838 966 3903 1020 iu-

2344 1052 2497 1117 turis,
2527 1052 2760 1123 qualiter
2801 1062 2858 1109 et
2905 1070 3009 1125 qua
3042 1055 3254 1111 ratione
3288 1071 3387 1125 pro
3434 1056 3518 1110 bis
3558 1071 3680 1126 qua:
3709 1072 3737 1109 a
3770 1069 3903 1126 pane

2346 1157 2464 1199 meo
2491 1142 2718 1199 dimissa
2760 1154 2883 1199 sunt
2929 1154 3091 1215 atque
3126 1146 3324 1200 tradita
3369 1145 3569 1202 Sancto
3595 1146 3762 1203 Petro
3788 1148 3899 1203 Car-

2344 1228 2589 1288 notcusis
2611 1235 2867 1298 ctenobii,
2899 1244 3024 1303 post
3047 1245 3278 1291 mortem
3302 1236 3495 1306 ipsius.
3522 1236 3747 1292 adierim
3773 1238 3906 1291 dom-
3988 1228 3989 1277 ἓ

2339 1337 2473 1379 num
2518 1323 2767 1378 abbatem
2813 1323 3181 1393 Majenardum
3227 1334 3282 1380 et
3332 1340 3548 1379 omnem
3603 1324 3778 1407 ipsius
3817 1324 3899 1379 loci

2339 1415 2831 1485 congregationem.
2883 1416 3044 1468 Pater
3083 1415 3349 1484 siquidem
3388 1429 3539 1469 meus
3576 1413 3900 1478 Gausfridus,

2340 1504 2409 1559 ob
2446 1505 2744 1559 remedium
2772 1520 2992 1560 suorum
3020 1507 3418 1575 peccaminum,
3442 1506 3677 1572 alodum,
3700 1509 3903 1561 nomine

2340 1592 2695 1656 Exelusellas.
2738 1594 2790 1648 in
2834 1593 3091 1648 comitatu
3141 1594 3459 1660 Dorcasino,
3514 1594 3715 1650 Sancto
3763 1595 3903 1651 Petro

2339 1683 2626 1755 delegavit,
2675 1699 2836 1754 super
2862 1683 3082 1739 fluvium
3114 1684 3368 1751 Andum,
3402 1702 3489 1741 me
3528 1701 3699 1757 puero
3722 1698 3783 1744 et
3812 1704 3903 1742 nta-

2339 1781 2422 1827 tre
2468 1772 2703 1828 vivente.
2754 1773 2866 1843 Ego
2894 1784 3074 1828 autem
3105 1774 3279 1844 ipsum
3311 1775 3524 1832 alodum
3558 1778 3783 1846 expetii.
3813 1794 3903 1834 una

2339 1861 2459 1916 ideo
2486 1870 2543 1916 ut
2595 1862 2754 1917 velim
2790 1862 3068 1920 retrahere
3101 1863 3168 1918 ab
3207 1864 3322 1934 ipso
3350 1865 3649 1921 venerabili
3683 1865 3804 1923 loco
3830 1870 3900 1921 cui

650 1951 1075 2025 SanctiGcorgii
1117 1958 1406 2025 parochias,
1436 1961 1591 2030 cujus
1640 1959 1868 2015 ecclesia
1921 1978 2026 2016 "OH
2079 1964 2237 2031 longe
2268 1959 2310 2017 Β
2339 1961 2425 2007 est
2447 1951 2698 2017 traditus.
2729 1968 2827 2008 nec
2853 1965 2912 2008 ut
2936 1952 3112 2023 aliqua
3157 1952 3346 2009 fraude
3370 1955 3708 2026 possideam;
3733 1956 3905 2012 sedeo

632 2042 856 2109 aberat,
881 2054 937 2099 et
959 2044 1130 2101 altare
1156 2046 1343 2103 Sancti
1366 2048 1594 2120 Remigii
1618 2050 1671 2106 in
1694 2051 1779 2106 ala
1810 2052 1967 2108 istius
1987 2053 2232 2109 ecclesia:

650 2151 681 2187 a
726 2135 1010 2191 monachis
1044 2138 1359 2194 translatum
1416 2151 1521 2207 est,
1569 2141 1657 2196 ubi
1711 2143 2010 2211 permansit
2062 2144 2232 2200 donec

646 2224 907 2280 moderno
938 2236 1178 2297 tempore
1209 2244 1240 2284 a
1276 2231 1543 2286 monacho
1569 2234 1789 2287 nomine
1830 2232 2075 2289 Hoberto
2125 2249 2232 2289 cre-

645 2330 829 2375 mento
857 2331 912 2377 et
940 2320 1118 2392 lapide
1140 2332 1226 2381 est
1254 2325 1520 2382 aediﬁcata
1550 2324 1666 2399 [αι’.⁹
1699 2328 1871 2383 donec
1901 2342 1932 2382 θ
1961 2329 2231 2385 modernis

643 2407 929 2469 monachis
950 2411 1122 2485 major
1147 2425 1409 2473 caemento
1432 2426 1488 2474 et
1505 2416 1681 2489 lapide
1709 2428 1792 2474 est
1816 2418 2122 2475 mditlcatal.

1390 2529 1479 2585 IV.

641 2610 722 2667 De
748 2613 965 2670 ecclesia
989 2615 1409 2701 Wadoniscurtis
1451 2622 1578 2704 data
1618 2621 1813 2679 Sancto
1850 2605 2009 2678 Petro
2055 2639 2087 2677 α
2119 2621 2230 2676 Ru-

1322 2708 1553 2760 Jenarto.

1183 2780 1346 2847 (Ante
1382 2801 1475 2840 an.
1512 2784 1701 2857 1024.)

715 2865 773 2921 In
822 2869 1040 2926 nomine
1067 2882 1269 2929 sanctae
1307 2883 1363 2930 et
1416 2876 1708 2932 individua:
1756 2876 2059 2932 Trinitatis.
2117 2878 2227 2948 Ego

643 2954 969 3023 Richardus,
1006 2958 1464 3019 Nortmannorum
1509 2965 1638 3031 dux,
1687 2976 1871 3021 notum
1943 2966 2063 3034 volo
2108 2982 2227 3022 esse

643 3058 753 3103 tam
779 3052 1137 3120 praesentibus
1157 3070 1318 3125 quam
1349 3054 1568 3119 futuris,
1583 3056 1706 3126 quia
1721 3057 1852 3111 adiit
1879 3058 2223 3126 praesentiam

646 3154 823 3194 meam
864 3140 1042 3198 ﬁdelis
1086 3159 1260 3210 meus,
1300 3147 1518 3202 nomine
1546 3147 1890 3218 Rajenarius,
1942 3164 2064 3203 eum
2098 3165 2226 3204 eon-

641 3243 804 3284 sensu
833 3246 943 3286 sua:
972 3233 1237 3305 conjugis,
1269 3234 1686 3309 \Vandelburgis
1726 3240 2010 3303 vocabulo,
2044 3241 2220 3295 humi-

2336 2051 2523 2098 tenore
2572 2051 2628 2096 et
2696 2042 2787 2097 tali
2841 2044 3201 2098 conventione
3250 2052 3344 2108 ut,
3400 2044 3635 2113 quandiu
3690 2045 3901 2110 vixero,

2331 2131 2408 2187 xit
2427 2130 2630 2188 solidos
2660 2132 2712 2187 in
2736 2148 2955 2188 censum
2977 2132 3304 2204 persolvant,
3328 2142 3529 2189 statuto
3550 2136 3898 2200 termino,de-

2331 2227 2614 2299 bitumque
2666 2228 2945 2285 servitium
2996 2227 3327 2299 persolvam;
3363 2244 3461 2286 nec
3494 2246 3733 2302 unquam
3782 2232 3901 2285 mibi

2331 2318 2490 2373 liceat
2521 2332 2622 2372 nec
2653 2317 2906 2382 vendere,
2940 2332 3037 2372 nec
3066 2319 3280 2375 tradere
3304 2319 3486 2386 alicui,
3519 2336 3620 2376 nec
3645 2320 3782 2386 lilio,
3811 2337 3898 2376 nec

2331 2409 2491 2464 alicui
2518 2423 2759 2464 meorum
2790 2409 3248 2482 propinquorum;
3271 2413 3364 2466 sed
3394 2426 3629 2482 semper,
3659 2413 3787 2466 dum
3816 2413 3900 2467 ila-

2331 2510 2445 2556 tum
2470 2501 2727 2567 emisero,
2758 2501 2809 2555 in
2839 2516 2956 2558 mea
2993 2516 3153 2556 manu
3178 2516 3406 2571 meoque
3434 2502 3677 2557 dominio
3710 2503 3899 2557 habea-

2331 2602 2437 2646 tur.
2461 2590 2590 2647 Post
2613 2591 2774 2646 linem
2824 2606 2950 2646 vero
2980 2605 3112 2644 meae
3156 2590 3301 2653 vitaz,
3327 2601 3386 2646 ut
3430 2590 3603 2661 major
3654 2592 3900 2645 memoria

2329 2682 2610 2754 sitpatris,
2647 2692 2702 2737 et
2732 2693 2938 2755 partem
2968 2682 3174 2737 valeam
3201 2682 3400 2737 habere
3442 2684 3496 2736 in
3538 2683 3708 2752 ipsius
3747 2685 3899 2738 bene-

2329 2773 2499 2841 facto,
2535 2791 2639 2830 non
2690 2774 2849 2830 modo
2903 2773 3031 2828 illud
3079 2774 3221 2844 quod
3273 2783 3426 2843 pater
3465 2774 3717 2840 donavit,
3769 2776 3899 2845 quod

2328 2882 2471 2922 nunc
2502 2875 2688 2930 teneo,
2709 2865 2852 2919 dono
2878 2865 3060 2920 domui
3101 2866 3311 2919 abbatis
3348 2863 3643 2932 Majenardi
3681 2875 3741 2920 et
3781 2866 3898 2919 alio-

2327 2974 2448 3014 rum
2472 2958 2765 3020 seniorum,
2790 2957 2882 3012 sed
2912 2956 3091 3011 omnia
3122 2971 3246 3011 cum
3273 2956 3357 3011 his
3386 2970 3506 3025 qua:
3534 2958 3590 3011 in
3617 2957 3736 3027 ipso
3762 2968 3897 3021 sunt,

2326 3049 2534 3105 scilicet
2583 3031 2924 3111 molendiuis,
2964 3048 3123 3103 terris
3151 3046 3312 3102 cultis
3349 3055 3404 3102 et
3432 3047 3674 3113 incultis,
3715 3049 3893 3118 pratis,

2326 3141 2500 3207 silvis,
2525 3142 2591 3195 ad
2614 3141 2862 3194 eumdem
2887 3139 3062 3194 locum
3101 3154 3129 3192 a
3163 3154 3272 3209 quo
3302 3140 3505 3210 accepi,
3538 3141 3824 3195 deveniam
3848 3142 3895 3193 in

2327 3247 2458 3285 usus
2500 3246 2785 3286 servorum
2810 3229 3033 3285 Christi.
3084 3228 3154 3285 Ut
3177 3237 3357 3284 autem
3408 3229 3613 3297 absque
3637 3229 3894 3284 calumnia

643 3319 765 3374 liter
790 3328 980 3391 petens
1010 3332 1089 3389 ut,
1131 3339 1227 3394 pro
1256 3327 1495 3382 remedio
1524 3329 1719 3383 anima:
1756 3345 1909 3393 mem,
1933 3330 2217 3385 ecclesiam
2248 3319 2294 3381 C
2325 3321 2431 3374 Ulla
2455 3321 2535 3375 Vel
2558 3320 2986 3375 contradiClione
3005 3319 3105 3374 hoc
3133 3318 3247 3384 ίὶιιιι
3280 3318 3475 3374 "Neris
3502 3320 3764 3375 mandare
3793 3329 3895 3374 διιιο

641 3410 696 3464 lu
725 3411 982 3468 comitatu
1016 3414 1266 3484 libi-uico,
1306 3418 1390 3473 cui
1430 3434 1624 3473 nomen
1650 3429 1734 3473 est
1764 3418 2219 3489 Wadouiscnrtis,

642 3516 734 3557 seu
762 3519 859 3574 pro
879 3503 971 3559 ﬁlii
1008 3507 1090 3561 sui
1118 3507 1319 3573 anima,
1343 3507 1495 3578 cujus
1521 3510 1837 3565 vocabulum
1863 3509 1960 3565 fuit
1986 3512 2223 3567 Rodber-

648 3604 761 3663 tus,
784 3597 871 3652 vel
894 3612 992 3668 pro
1012 3598 1287 3655 abolendis
1306 3600 1420 3669 suis
1452 3603 1709 3671 peccatis,
1732 3604 2013 3659 monachis
2036 3602 2221 3659 Sancti

640 3686 788 3744 Petri
813 3692 1045 3745 emnobii
1081 3693 1429 3750 Carnoteusis
1469 3697 1841 3752 concederem.
1873 3697 1996 3764 Qui,
2019 3699 2221 3768 justam

638 3781 955 3847 petitionem
989 3785 1117 3839 tanti
1151 3784 1251 3839 viri
1280 3787 1627 3843 considerans
1674 3803 1958 3843 assensum
1993 3790 2218 3859 praebui,

638 3872 858 3943 insuper
885 3875 1133 3930 sanciens
1174 3887 1252 3938 ut,
1286 3877 1353 3931 ab
1391 3877 1549 3933 hodie
1593 3879 1645 3932 in
1690 3878 2037 3948 subsequeuli
2068 3895 2225 3950 gene-

638 3964 873 4030 ratione,
923 3965 1098 4022 nullus
1128 3982 1372 4032 suorum,
1420 3968 1504 4022 vel
1552 3969 1919 4039 quorumlibet
1970 3969 2217 4036 aliorum,

635 4051 724 4118 jus
735 4051 1118 4109 dominationis
1139 4071 1231 4110 seu
1247 4054 1555 4112 viclentiam
1578 4057 2218 4128 cujuslibetirruptionis,

642 4139 883 4213 [contra]
906 4141 1064 4212 hujus
1085 4143 1429 4201 {irntitudinis
1458 4156 1654 4201 nostrae
1673 4148 2119 4218 compactionem,
2145 4156 2221 4202 te-

638 4233 875 4286 meraria
909 4228 1516 4308 procacitate,irrogare
1543 4246 1788 4292 conetur.
1808 4238 1874 4294 Ut
1903 4250 2082 4294 autem
2108 4241 2222 4295 haec

637 4323 844 4377 carmla
868 4324 919 4378 in
943 4323 1035 4379 Dei
1058 4327 1276 4382 nomine
1302 4328 1523 4383 iirmiori
1548 4328 1809 4385 innitatur
1831 4331 2039 4400 vigore,
2057 4346 2220 4386 manu

636 4415 856 4485 pr0pria
888 4415 1206 4486 subscripsi,
1251 4417 1495 4478 ﬁdelibus
1537 4436 1750 4493 quoque
1777 4422 1910 4478 meis
1939 4423 2006 4478 ad
2035 4439 2220 4479 corro-

635 4505 941 4562 borandtlm
972 4509 1192 4566 tradidi.

707 4597 763 4654 8.
799 4596 1053 4657 Richardi
1090 4604 1327 4660 comitis.
1383 4605 1441 4661 8.
1497 4606 1751 4663 Rodberti
1800 4608 2213 4679 archiepisc0pi.

2325 3411 2447 3476 dui;
2475 3412 2544 3465 ob
2572 3412 2675 3466 hoc
2697 3411 2929 3465 maxime
2952 3425 3019 3464 ne
3051 3410 3267 3480 aliquis,
3291 3410 3422 3465 mihi
3450 3410 3618 3466 fuerit
3641 3411 3781 3480 (sic).
3803 3413 3895 3467 sibi

2326 3501 2580 3556 vindicet.
2610 3500 2821 3556 Seuiori
2851 3514 3067 3570 quoque
3094 3515 3215 3555 meo
3231 3499 3428 3565 Odoni,
3465 3500 3651 3555 comiti
3680 3500 3894 3571 inclyte,

2322 3589 2747 3659 proceribusque
2796 3590 2908 3644 suis
2973 3588 3128 3643 trado
3179 3589 3667 3655 corroborandum,
3714 3602 3769 3643 ut
3819 3604 3899 3644 se

2322 3695 2495 3751 quens
2527 3681 2580 3735 in
2621 3695 2793 3735 savum
2819 3680 3032 3734 ﬁrmum
3070 3688 3128 3733 et
3170 3678 3544 3736 inconvulsum
3593 3689 3897 3749 permaneat

2323 3772 2465 3842 quod
2507 3772 2769 3827 insertum
2819 3780 2921 3826 est.
2973 3768 3031 3824 8.
3082 3769 3285 3826 Odonis
3331 3769 3568 3832 comitis,
3600 3769 3658 3824 8.
3708 3769 3895 3829 Bertae,

2323 3865 2513 3919 matris
2565 3878 2692 3919 siue.
2738 3863 2796 3917 S.
2853 3863 3097 3934 Agnetis,
3140 3863 3262 3917 ﬁlim
3312 3863 3502 3932 ipsius.
3550 3862 3612 3917 S.
3656 3860 3893 3917 Walterii

2322 3958 2558 4013 comitis.
2599 3956 2656 4011 8.
2686 3957 2974 4011 Gausiredi
3003 3955 3210 4010 militis.
3244 3955 3302 4010 8.
3336 3954 3893 4011 Herveivicecomitis.

2324 4050 2385 4104 8.
2413 4048 2647 4103 Rodulll.
2698 4048 2755 4102 8.
2802 4047 3110 4102 Gausberti.
3155 4047 3213 4101 S.
3246 4045 3475 4101 Alhcrti.
3506 4046 3565 4101 8.
3613 4044 3893 4101 Wasulini.

2322 4140 2381 4194 S.
2411 4139 2565 4195 Sulii.
2601 4139 2659 4194 S.
2692 4137 2966 4202 Joscelini,
3016 4139 3110 4209 qui
3158 4138 3300 4193 hanc
3346 4136 3649 4194 chartulam
3695 4133 3897 4191 ﬁrmari

2322 4232 2574 4288 instituit.
2609 4229 2667 4286 S.
2700 4230 2997 4301 Gausi'rldi,
3026 4230 3212 4284 militis
3234 4228 3342 4285 sui.

3072 4320 3157 4375 Vl.

2635 4426 2659 4467 t
2680 4430 2708 4468 ε
2745 4423 2953 4482 ωιενρο
2980 4410 3311 4466 υπὶυὶιιαήε
3347 4409 3603 4464 certatim.

2844 4502 3018 4574 (Circa
3050 4516 3140 4556 an.
3178 4499 3363 4569 1024.)

2393 4614 2507 4670 Sub
2593 4625 2798 4669 :eterno
2886 4612 3147 4682 regimine
3219 4626 3537 4681 summoque
3600 4595 3896 4667 sacerdotio

635 4689 696 4745 8.
727 4687 975 4748 llerlterti
997 4693 1251 4765 episcopi.
1287 4696 1345 4751 8.
1378 4696 1692 4754 Theoderici
1720 4699 1951 4755 abbatis.
1986 4677 2043 4755 S.
2073 4677 2217 4755 Rod-
2248 4677 2294 4735 ί)
2318 4703 2515 4761 Christi
2545 4744 2559 4768 ,
2585 4719 2709 4759 meo
2733 4677 3002 4773 tempore,
3025 4717 3125 4772 ego
3144 4677 3893 4765 Odolricus,_Aurelianorum

631 4783 773 4840 berti
825 4785 1028 4843 clerici.
1062 4785 1119 4841 S.
1166 4787 1464 4857 Rajcnarii,
1517 4791 1609 4860 qui
1669 4792 1810 4847 hanc
1862 4792 2210 4847 donationem

631 4871 783 4929 fecit.
812 4872 873 4930 S.
907 4874 1167 4933 llunl‘retli
1196 4879 1265 4933 de
1284 4878 1627 4936 Wetnlabus.

714 4965 904 5022 Utrum
953 4969 1097 5025 illius
1143 4970 1401 5043 temporis
1452 4973 1702 5029 monachi
1743 4975 2083 5045 possederint
2127 4975 2209 5031 vel

632 5058 926 5115 habuerint
965 5061 1245 5131 praefatam
1273 5062 1559 5119 ecclesiam
1594 5067 1809 5135 penitus
1838 5067 2051 5137 ignoro;
2087 5082 2209 5121 nam

635 5163 808 5219 neque
828 5165 949 5205 eam
975 5153 1226 5206 habuisse
1247 5156 1315 5206 ab
1340 5155 1576 5224 antiquis
1592 5156 1870 5211 monachis
1898 5157 2101 5221 audivi,
2119 5170 2212 5211 ne-

631 5255 736 5311 que
766 5257 797 5296 a
827 5243 1099 5298 modernis
1142 5246 1472 5299 mentionem
1500 5244 1733 5314 aliquam
1784 5245 1901 5302 ﬁeri
1933 5263 2209 5318 nunquam

634 5333 758 5403 (sic,
784 5351 900 5388 cum
923 5334 1121 5407 duplici
1147 5336 1437 5408 negatione)
1473 5336 1675 5392 audivi.

632 5515 709 5571 De
730 5517 885 5571 alodo
919 5515 1295 5572 Sciunt/arum
1339 5517 1464 5658 (ista
1492 5535 1525 5572 α
1553 5515 1841 5589 Gattsfride
1871 5529 1920 5574 et
1940 5520 2204 5575 Joscelino

1417 5605 1487 5643 to.

1417 5605 1487 5643 ιο.

1166 5680 1337 5747 (Ante
1361 5696 1450 5734 an.
1484 5680 1666 5751 1024.)

703 5767 968 5834 Quoniam
1020 5778 1301 5840 permanet
1341 5770 1601 5841 scriptum
1641 5778 1803 5841 atque
1847 5771 2118 5827 sancitum
2150 5771 2205 5826 in

631 5861 865 5916 decretis
891 5869 1153 5931 veterum,
1177 5861 1219 5917 si
1251 5860 1374 5933 quis
1401 5861 1657 5919 nobilium
1683 5862 1944 5919 laicorum
1971 5863 2204 5935 aliquam

2320 4794 2630 4865 episcopus,
2660 4801 2847 4848 notum
2882 4793 2997 4847 ﬁeri
3036 4794 3156 4847 volo
3195 4793 3691 4863 contemporalibus
3732 4802 3895 4862 atque

2321 4886 2726 4940 successoribus
2762 4885 2897 4939 meis
2925 4884 3142 4939 modum
3171 4893 3227 4939 et
3267 4884 3428 4939 tinem
3481 4900 3657 4940 causa!
3687 4899 3797 4955 qua:
3834 4884 3895 4937 in

2320 4974 2423 5029 hac
2450 4974 2693 5028 chartula
2723 4974 3054 5043 scripta‘est.
3098 4972 3339 5028 Monaehi
3367 4973 3552 5047 Sancti
3582 4973 3724 5029 Petri
3756 4971 3897 5027 Car-

2321 5064 2563 5120 notensis
2605 5063 2838 5120 cmuobii
2887 5063 3266 5134 possidebant,
3308 5078 3376 5118 ex
3405 5063 3564 5134 longo
3614 5072 3850 5133 tempore
3874 5103 3891 5123 ,

2286 5167 2291 5170 '
2315 5158 2603 5226 quamdam
2627 5153 2915 5210 ecclesiam
2938 5153 2992 5205 in
3013 5167 3152 5223 pago
3173 5152 3410 5206 Dunensi
3439 5152 3494 5206 in
3517 5151 3637 5208 loco
3656 5154 3745 5223 qui
3763 5151 3897 5205 dici-

2317 5246 2769 5303 turUrsivillaris.
2799 5245 3026 5312 Quidam
3053 5259 3184 5299 vero
3199 5253 3415 5298 rasatus
3441 5254 3647 5300 noster.
3679 5241 3895 5298 nomine

2317 5339 2599 5394 llilduinus
2620 5379 2635 5403 ,
2662 5353 2785 5392 cum
2825 5337 2940 5392 suis
2990 5335 3307 5407 propinquis
3348 5335 3664 5390 intendebat
3690 5338 3763 5390 eis
3784 5349 3893 5388 ea-

2321 5430 2580 5484 lumniam
2609 5430 2677 5484 de
2708 5429 2823 5498 ipsa
2846 5428 3075 5483 ecclesia
3106 5466 3122 5489 ,
3152 5427 3341 5482 dicens
3362 5439 3484 5480 eam
3507 5426 3577 5480 ad
3613 5439 3890 5482 casamca-

2314 5527 2427 5574 tum
2456 5528 2699 5575 nostrum
2724 5527 2778 5573 et
2807 5518 2874 5572 ad
2916 5532 3072 5573 suum
3093 5514 3414 5572 beneﬁcium
3463 5516 3749 5585 pertinere.
3773 5514 3891 5567 Ad-

2311 5610 2475 5664 debat
2518 5609 2682 5663 etiam
2723 5607 3055 5678 temporibus
3104 5614 3506 5661 antecessorum
3551 5619 3782 5661 meorum
3814 5617 3886 5657 se

2311 5700 2445 5754 satis
2472 5700 2707 5769 agitasse
2733 5698 3059 5753 calumniam
3096 5697 3288 5760 istam,
3314 5697 3410 5751 sed
3431 5695 3692 5766 justitiam
3720 5694 3884 5749 mini-

2313 5806 2401 5845 me
2452 5791 3006 5862 consequi‘potuisse.
3055 5788 3416 5846 Convenimus
3452 5805 3585 5857 ergo
3626 5790 3882 5844 domuum

2312 5882 2628 5940 Fulbertum
2653 5922 2668 5951 ,
2698 5881 3009 5956 episcopum
3039 5881 3446 5947 Carnotensem,
3477 5891 3531 5937 et
3553 5879 3823 5935 Arrudfum
3860 5919 3881 5941 ,
