4018 6386
293 328 394 383 373

1449 323 1632 385 LAUS
1675 326 1852 384 ΠΤᾸΞ
1893 326 2329 387 ΜΟΝΑΞΤΙΩΑΞ.

3435 325 3540 382 ΞΠ

293 436 474 492 Sancti
498 435 642 491 Petri
669 436 948 501 abbatem,
982 445 1039 490 ut
1067 435 1134 491 de
1159 435 1262 491 ista
1287 451 1456 492 causa
1490 437 1681 494 darent
1704 439 1860 495 nobis
1888 448 1936 505 Α
1965 442 2270 512 hujusmodi
2319 438 2638 510 sacrilegam
2671 435 2994 495 calumniam
3059 434 3286 492 ulterius
3333 436 3540 508 inquie-

291 528 578 583 audientiae
611 527 823 592 locum;
853 527 994 597 quod
1021 537 1078 582 et
1100 526 1347 582 fecerunt
1397 528 1564 584 semel
1596 530 1648 582 in
1675 530 1863 584 eadem

295 617 421 671 villa
443 632 565 686 quae
587 617 784 672 dicitur
804 615 1166 681 Ursivillaris,
1197 627 1249 672 et
1274 617 1466 672 iterum
1507 619 1560 672 iu
1595 617 1717 672 villa
1745 633 1864 688 qua:

291 707 489 762 dicitur
513 713 854 762 Castauetas.
885 707 1136 764 Discussa
1168 709 1347 777 itaque
1367 723 1432 762 ex
1465 717 1688 778 utraque
1716 719 1865 779 parte

289 801 697 866 controversia,
748 800 1051 857 invenimus
1102 811 1311 872 partem
1362 803 1747 856 monachorum
1789 802 1864 857 ita

287 893 556 962 scriptura
596 901 649 947 et
679 893 904 948 testibus
925 901 978 948 et
1005 893 1160 963 longa
1191 893 1446 948 vestitura
1475 893 1771 959 sull'altam,
1809 902 1868 947 ut

285 981 438 1034 nulla
479 980 914 1036 Christianorum
947 981 1064 1051 lege
1090 991 1272 1048 posset
1302 982 1610 1052 supradicta
1638 982 1867 1037 ecclesia

281 1071 358 1126 ab
384 1087 570 1125 eorum
592 1086 929 1142 possessrone
951 1071 1174 1128 auferri.
1201 1071 1372 1138 Unde,
1397 1073 1690 1142 contrajus
1708 1081 1868 1143 atque

282 1163 442 1219 nefas
463 1164 792 1219 contendere
825 1164 1099 1230 nolentes,
1152 1181 1253 1236 ego
1284 1165 1532 1220 videlicet
1587 1165 1868 1222 Odolricus

281 1258 605 1326 episcopus,
630 1267 684 1312 et
708 1257 872 1311 frater
903 1272 1052 1313 meus
1079 1257 1415 1312 lsembardus
1437 1299 1450 1322 ,
1486 1265 1541 1312 et
1579 1259 1867 1328 przcdictus

286 1345 575 1401 Hilduinus
602 1362 724 1400 cum
755 1346 878 1401 filiis
921 1356 975 1401 et
1027 1347 1235 1402 caeteris
1265 1346 1582 1418 propinquis
1610 1349 1750 1410 suis,
1800 1363 1865 1404 ex

285 1446 413 1516 toto,
464 1439 800 1509 gnrpivimus
867 1439 1157 1511 inccnptam
1209 1439 1534 1494 calumniam
1593 1442 1869 1497 monachis

284 1529 479 1586 Sancti
529 1527 706 1592 Petri,
742 1540 1044 1585 annuentes
1081 1539 1138 1583 ut
1185 1529 1352 1585 solide
1381 1539 1435 1584 et
1473 1529 1653 1598 quiete
1696 1529 1863 1598 possi-

280 1625 456 1678 deant
479 1622 766 1679 ecclesiam
797 1640 948 1680 suam
979 1621 1310 1679 Ursivillaris
1342 1623 1393 1676 in
1424 1631 1773 1692 perpetuum,
1797 1621 1870 1675 si-

280 1722 381 1770 eut
400 1714 606 1784 justum
631 1730 748 1770 esse
777 1716 1161 1786 comperimus.
1186 1714 1437 1769 lnterdixi
1475 1716 1636 1770 etiam
1663 1712 1870 1782 episco-

283 1803 396 1873 pali
428 1805 750 1861 auctoritat'e
783 1807 914 1862 mihi
947 1822 975 1860 a
1001 1806 1112 1861 Deo
1138 1806 1334 1861 tradita
1362 1819 1427 1860 ne
1446 1805 1570 1874 quis
1587 1819 1868 1858 successo-

1964 541 2062 586 tet.
2103 531 2255 599 Quod
2286 531 2332 586 si
2367 529 2716 602 pertinaciter
2742 527 2944 583 odiosa:
2971 525 3253 582 calumnia:
3276 525 3540 581 inhaerere

1967 626 2249 690 maluerit,
2302 624 2392 678 illo
2447 637 2553 693 quo
2599 620 2740 676 Deus
2783 619 2953 674 iratus
2999 616 3395 687 incorrigibiles
3443 618 3539 671 da-

1966 726 2115 772 mnat
2142 716 2485 771 anathemate
2531 714 2776 770 feriatur.
2808 713 2946 768 Fiat.
2991 712 3102 766 fiat.
3131 709 3239 767 Nos
3268 725 3416 776 vero,
3445 711 3538 780 qui

1967 807 2294 862 calumniam
2319 805 2682 876 supradictam
2713 804 3076 876 gurpivimus,
3099 802 3318 858 nomina
3352 811 3540 856 nostra

1967 905 2390 966 nostrorumque
2450 895 2683 950 fidelium
2732 894 2822 964 qui
2853 901 3144 964 praesentes
3181 893 3426 954 aderant,
3483 889 3538 944 in

1968 986 2216 1056 praesenti
2246 985 2522 1052 chartula,
2572 985 2844 1041 memoria:
2882 998 3077 1049 causa,
3109 983 3337 1038 fecimus
3375 982 3544 1035 aduo-

1970 1079 2092 1132 tari.

2042 1167 2099 1222 S.
2161 1165 2398 1224 Odolrici
2419 1207 2434 1231 ,
2479 1164 2886 1222 Aurelianensis
2919 1165 3180 1237 episcopi.
3210 1163 3268 1218 S.
3302 1160 3545 1217 Fulberti

1970 1259 2320 1318 Carnotensis
2371 1260 2630 1330 episcopi.
2685 1258 2742 1313 S.
2790 1257 2998 1314 Alberti
3041 1256 3272 1312 abbatis.
3304 1254 3363 1310 S.
3394 1254 3544 1309 lseu-

1970 1353 2122 1407 bardi
2175 1352 2320 1407 laici.
2376 1352 2435 1406 S.
2483 1350 2692 1405 Erfredi
2725 1348 2928 1405 clerici.
2966 1348 3024 1404 S.
3077 1347 3289 1403 Salonis
3337 1345 3547 1401 clerici.

1972 1443 2028 1500 S.
2059 1444 2308 1507 Bovonis,
2324 1441 2511 1497 decaui
2529 1440 2711 1496 Sancti
2731 1439 2940 1494 Martini
2964 1438 3314 1495 Turonensis.
3342 1437 3400 1491 S.
3417 1435 3548 1490 Tes-

1970 1533 2128 1589 celini
2157 1531 2360 1588 clerici.
2389 1531 2445 1586 S.
2470 1530 2693 1586 Tedoini
2723 1530 2928 1586 clerici.
2956 1529 3012 1584 S.
3042 1528 3297 1584 Alberici.
3340 1529 3398 1582 S.
3435 1527 3548 1582 Hilo

1972 1624 2118 1679 duini
2151 1622 2293 1688 laici,
2313 1621 2371 1677 S.
2397 1621 2631 1677 llilduini
2664 1621 2736 1676 liii
2758 1621 2895 1692 ejus.
2925 1619 2988 1677 S.
3014 1619 3250 1676 Odolrici
3278 1618 3372 1672 lilii
3403 1616 3542 1686 ejus.

1973 1715 2031 1770 S.
2062 1714 2327 1770 Pontelini
2358 1715 2566 1784 nepotis
2588 1713 2722 1784 ejus.
2751 1712 2809 1768 S.
2834 1707 3551 1769 Godefridilaici.S.Adml-

1973 1808 2024 1862 di
2049 1806 2404 1861 vicecomitis.
2429 1804 2486 1861 S.
2511 1805 2775 1862 Frideriei
2816 1804 2884 1860 fr.
2911 1804 3051 1860 laici.
3080 1805 3137 1860 S.
3170 1802 3412 1875 llugonis
3441 1800 3550 1855 lla-

285 1911 412 1952 rum
435 1907 743 1955 nostrorum
769 1901 1052 1956 praedictos
1067 1901 1364 1957 monachos
1386 1899 1570 1955 Sancti
1600 1900 1744 1954 Petri
1766 1914 1863 1970 per
1896 1893 1938 1951 Β
1967 1897 2141 1954 dordi.
2177 1897 2234 1953 S.
2266 1896 2458 1952 Gualoi
2485 1897 2630 1952 laici.

303 2073 3547 2117 MM

1163 2240 1448 2332 LAUS
1515 2239 1841 2332 VIT/E
1913 2235 2668 2330 MONASTICIE.

933 2434 1108 2506 (Apud
1133 2433 1200 2488 Β.
1230 2431 1290 2488 Ρ.
1321 2432 1622 2499 Sirmund.,
1663 2432 1797 2501 Opp.
1835 2425 2057 2499 Codofr.
2100 2426 2401 2496 Vindocin.,
2430 2437 2548 2486 not.
2573 2427 2642 2484 ad
2666 2425 2761 2483 lib.
2786 2427 2874 2497 ιι.)

1802 2575 2121 2591 _—-.

293 2729 445 2786 Felix
478 2743 607 2800 grex
635 2728 936 2794 hominum,
962 2728 1076 2797 qui,
1108 2726 1310 2782 Christi
1335 2727 1525 2796 dogma
1563 2735 1872 2795 sequentes,
1981 2727 2290 2782 Discursum
2315 2724 2610 2788 monachis,
2638 2723 2806 2779 vitam
2833 2723 2985 2786 dant,
3011 2729 3066 2778 et
3085 2717 3369 2776 stationem
3394 2734 3415 2786 ;

364 2818 697 2890 Contemptis
723 2817 938 2889 Opibus,
976 2818 1048 2873 nil
1079 2819 1353 2888 proprium
1381 2817 1616 2872 retinent
1643 2833 1660 2881 ;

299 2913 468 2970 Unius
513 2911 740 2968 arbitrio
760 2926 897 2981 quos
924 2911 1106 2983 regula
1135 2920 1324 2966 sancta
1353 2919 1592 2976 coercet,

365 3004 603 3071 Quorum
620 3004 847 3074 quisque
868 3019 972 3059 suo
1001 3003 1074 3058 nil
1100 3005 1211 3075 agit
1233 3018 1300 3060 ex
1329 3004 1498 3058 libito.

292 3095 403 3150 Cor
429 3094 628 3166 quibus
658 3103 743 3151 est
773 3110 958 3158 unum,
991 3096 1187 3164 quibus
1214 3094 1504 3150 indiscreta
1539 3094 1806 3157 voluntas,

363 3185 470 3240 Par
495 3185 706 3241 cunctis
728 3185 942 3241 habitus
967 3194 1022 3239 et
1041 3185 1195 3240 cibus
1217 3193 1300 3241 est
1327 3185 1538 3240 similis.

294 3273 387 3329 Sic
411 3284 588 3329 tamen
615 3282 674 3328 ut
702 3274 880 3344 capiat
899 3288 1007 3344 quo
1045 3275 1276 3345 quisque
1307 3275 1521 3331 videtur
1542 3289 1732 3344 egere,

364 3363 520 3419 xEtas
551 3375 609 3418 ut
634 3364 843 3434 fragilis
873 3363 1188 3418 debilitasve
1211 3363 1383 3433 jubet.

291 3456 478 3511 Luxus
506 3457 660 3512 abest
684 3457 884 3521 omnis,
918 3458 1174 3526 peccandi
1207 3472 1328 3511 rara
1359 3455 1616 3522 facultas,

364 3546 556 3601 Cuncti
585 3557 902 3603 cunctorum
917 3561 1040 3602 cum
1074 3548 1298 3601 timeant
1318 3546 1526 3602 oculos.

292 3637 404 3693 Lex
425 3640 728 3693 communis
765 3639 927 3696 habet
951 3639 1096 3694 visas
1123 3653 1246 3693 mox
1275 3639 1504 3708 prodere
1528 3637 1739 3708 culpas,

372 3727 437 3785 Ut
459 3744 689 3785 nascens
714 3730 904 3784 vitium
935 3743 1094 3800 poena
1119 3744 1354 3799 sequens
1385 3740 1610 3784 resecet.

290 3819 566 3876 Desidiam
591 3821 820 3892 fugiunt,
847 3821 998 3878 labor
1019 3822 1167 3876 utilis
1194 3829 1424 3892 occupat
1455 3836 1664 3876 omnes.

369 3909 536 3964 Noxia
565 3921 838 3981 torpentes
867 3929 937 3969 ne
973 3912 1199 3968 subeant
1226 3914 1459 3968 animos.

293 4000 597 4057 Confusum
625 4003 760 4057 nihil
791 4013 898 4068 est,
929 4003 1019 4059 ubi
1048 4005 1183 4060 fiunt
1212 4005 1402 4059 ordine
1424 4013 1640 4069 cuncta,

368 4091 604 4146 Curatur
629 4102 820 4161 totum,
850 4095 1248 4166 negligiturque
1271 4094 1429 4150 nihil.

289 4181 406 4238 Nec
426 4183 598 4238 solum
628 4187 759 4251 vita,
799 4186 894 4241 sed
915 4195 1129 4242 constat
1151 4195 1205 4243 et
1231 4189 1365 4244 ordo
1391 4187 1640 4257 loquendi
1667 4204 1682 4240 :

367 4271 691 4342 Dispensant
721 4291 875 4346 teque
904 4278 1142 4332 maxima
1172 4293 1296 4333 cum
1320 4278 1579 4342 minimis,

291 4359 414 4419 Non
439 4366 543 4420 nisi
567 4369 883 4438 prtescripto
904 4370 1187 4439 quisquam
1215 4368 1521 4439 loquiturve
1549 4368 1758 4436 siletve,

367 4459 511 4524 Stat,
546 4460 717 4526 sedet,
755 4461 956 4516 incedit
985 4461 1174 4517 ordine
1205 4461 1435 4530 quisque
1459 4476 1574 4516 suo.

293 4549 556 4605 Ecclesia:
589 4552 749 4606 limen
783 4561 1075 4622 noctesque
1106 4553 1331 4622 diesque
1359 4552 1728 4622 frequentant,

370 4641 437 4695 Et
463 4643 666 4697 sanctis
695 4644 944 4713 precibus
974 4658 1139 4713 seque
1169 4659 1402 4711 suosque
1429 4643 1642 4713 juvant.

297 4728 439 4796 Quid
471 4745 671 4797 moror,
703 4741 753 4786 et
777 4732 956 4787 verbis
980 4731 1228 4787 evolvere
1253 4731 1467 4802 singula
1497 4740 1642 4786 tento
1666 4731 1689 4783 ἲ

370 4819 640 4892 Quidquid
663 4829 849 4893 agunt,
879 4839 1014 4892 opus
1041 4832 1124 4879 est
1149 4825 1394 4894 corporis
1425 4832 1517 4877 aut
1546 4823 1780 4876 animm.‘

299 4911 438 4978 Quid
467 4913 610 4982 quod
636 4913 717 4967 sic
755 4913 1020 4979 habitant,
1055 4921 1114 4967 ut
1157 4913 1230 4968 sit
1267 4929 1423 4970 sacer
1455 4913 1569 4982 ipse
1605 4911 1885 4966 domorum

375 5003 444 5057 Et
471 5005 608 5059 situs
639 5013 693 5061 et
724 5021 1004 5071 numerus,
1033 5007 1411 5078 sufficiensque
1439 5006 1576 5062 sibi?

306 5093 641 5160 Quadratam
677 5097 913 5166 speciem
951 5105 1221 5153 structura
1252 5099 1549 5154 domestica
1577 5096 1814 5169 pt'mfert.

373 5187 526 5241 Atria
559 5189 642 5244 bis
669 5189 810 5245 binis
833 5190 1033 5262 inclyta
1073 5192 1390 5261 porticibus.

303 5277 456 5344 Quze,
492 5279 664 5335 tribus
693 5280 916 5336 inclusa:
938 5281 1358 5352 domibus,quas
1380 5285 1626 5353 corporis
1655 5297 1784 5338 usus

377 5368 639 5433 Postulat,
661 5381 714 5426 et
742 5382 1092 5445 quarta,qu:e
1115 5376 1308 5431 domus
1335 5386 1418 5432 est
1441 5376 1672 5440 Domini,

2053 2817 2168 2884 Qua
2193 2816 2337 2872 velut
2365 2817 2418 2871 in
2457 2815 2628 2871 caulis
2653 2815 3033 2871 contineantur
3057 2827 3205 2866 oves.

1984 2909 2222 2976 Quarum
2247 2908 2419 2978 prima
2448 2909 2640 2962 domus
2675 2913 2853 2962 servat
2885 2913 3190 2975 potumque
3212 2902 3523 2971 cibumque,

2055 3001 2133 3054 Ex
2161 3000 2355 3070 quibus
2376 2999 2474 3053 hos
2497 2997 2672 3053 reficit
2689 2998 2876 3068 juncta
2900 2995 3136 3051 secunda
3167 2993 3376 3048 domus.

1985 3092 2168 3147 Tertia
2206 3091 2450 3146 membra
2475 3088 2621 3144 fovet
2650 3095 2844 3144 vexata
2875 3086 3060 3143 labore
3085 3085 3300 3150 diurno,

1905 3182 1950 3242 C
2051 3185 2256 3253 Quarta
2284 3182 2379 3238 Dei
2413 3181 2600 3236 laudes
2630 3181 2846 3238 assidue
2867 3185 3110 3235 resonat.

1980 3274 2214 3330 Plurima
2245 3282 2508 3344 praetereo
2534 3271 2694 3327 simili
2725 3270 2990 3340 condigna
3017 3268 3210 3330 relatu,

2051 3368 2156 3424 Sed
2191 3366 2432 3423 breviter
2459 3367 2657 3431 dicam,
2687 3364 2759 3420 nil
2785 3369 3051 3435 superest,
3084 3358 3169 3414 vel
3191 3359 3366 3414 abest.

1980 3456 2090 3513 llos
2119 3457 2281 3526 igitur
2308 3469 2580 3525 proceres,
2628 3455 2773 3508 hunc
2815 3453 3038 3524 dignum
3079 3449 3236 3505 laude
3281 3455 3556 3512 senatum,

2049 3545 2313 3615 Exiguum
2345 3545 2544 3613 specie,
2578 3542 2817 3598 moribus
2844 3541 3124 3605 eximium,

1978 3637 2245 3705 Compare
2277 3633 2538 3697 formicis,
2572 3648 2802 3702 quarum
2830 3632 3070 3688 studiosa
3105 3628 3352 3683 laborum

2052 3725 2306 3781 Turmula
2337 3733 2623 3782 convectat
2653 3737 2881 3794 corpore
2904 3721 3078 3790 majus
3097 3733 3252 3774 onus.

1981 3818 2110 3885 Qua:
2141 3831 2208 3872 ne
2237 3831 2340 3880 non
2374 3816 2583 3886 possint
2609 3828 2952 3869 communem
2982 3812 3180 3866 ducere
3199 3809 3388 3873 vitam,

2052 3908 2224 3965 Isdem
2255 3906 2357 3963 sub
2379 3907 2584 3962 laribus
2611 3907 2806 3961 horrea
2831 3919 2998 3976 parva
3030 3903 3232 3957 locant.

1981 3999 2249 4068 Comparo
2271 3997 2469 4052 divinis
2495 3996 2705 4066 apibus,
2735 4010 2856 4065 (pne
2883 4007 3112 4062 corpore
3141 4005 3309 4060 parvo

2051 4091 2301 4162 lugentes
2329 4090 2539 4145 animas
2563 4086 2913 4158 egregiasque
2939 4092 3134 4155 gerunt
3159 4100 3172 4136 :

1983 4183 2290 4251 Hexagonis
2318 4181 2466 4236 cellis
2503 4195 2624 4252 qua:
2654 4178 2809 4234 mella
2841 4176 3100 4248 liquentia
3129 4175 3391 4239 condunt,

2058 4274 2198 4330 Utile
2221 4273 2509 4329 mirificum
2539 4287 2656 4342 quae
2683 4269 3016 4325 fabricantur
3040 4282 3196 4338 opus.

1983 4368 2114 4436 Quae
2158 4365 2518 4436 disciplinam,
2549 4378 2668 4434 quae
2687 4362 2806 4430 jura
2832 4360 3126 4416 domestica
3153 4363 3392 4412 servant.

2054 4457 2306 4528 Quasque
2344 4455 2500 4511 simul
2533 4453 2708 4509 reﬁcit
2730 4452 3008 4521 ingeniosa
3034 4449 3246 4504 domus.

1913 4544 1966 4602 D
1991 4549 2260 4618 Compare
2289 4546 2579 4611 sideribus,
2616 4545 2813 4613 quibus
2837 4540 2959 4596 aula
2989 4554 3222 4610 superna
3261 4534 3514 4605 refulget,

2057 4638 2199 4692 Aera
2230 4651 2350 4706 quae
2380 4635 2592 4689 furvum
2625 4632 2872 4688 noctibus
2897 4630 3182 4685 irradiant.

1989 4730 2118 4797 Quze
2149 4726 2317 4783 semel
2349 4725 2652 4794 impositam
2683 4730 2900 4778 servant
2929 4736 3014 4790 per
3050 4717 3244 4775 saecula
3278 4716 3469 4784 legem,

2058 4820 2188 4888 Qua:
2210 4818 2396 4873 solitos
2425 4830 2613 4871 cursus
2641 4823 2696 4868 et
2717 4801 2974 4868 numeros
3008 4815 3287 4882 peragunt.

1989 4913 2257 4981 Compare
2279 4906 2492 4980 gyranti
2528 4903 2847 4960 solemnlter
2879 4901 3057 4956 omnia
3082 4898 3222 4955 caelo
3253 4915 3267 4950 :

2063 5001 2288 5070 insuper
2315 4996 2571 5068 angelicis
2599 5009 2854 5064 comparo
2882 4992 3184 5063 spiritibus,

1995 5095 2096 5162 Qui
2127 5107 2344 5163 semper
2373 5090 2618 5146 Saxcrus
2655 5086 2920 5158 triplicata
2947 5098 3078 5139 voce
3108 5081 3390 5146 resultant,

2066 5188 2124 5242 lu
2157 5187 2317 5242 terris
2345 5182 2597 5240 monachi
2620 5181 2760 5251 quod
2791 5177 3138 5234 modulantur
3159 5177 3324 5232 idem.

1997 5279 2086 5335 Sic
2118 5277 2390 5334 Cherubin
2418 5277 2573 5338 etelo,
2601 5273 2851 5328 monachi
2883 5269 3073 5326 tellure
3097 5277 3401 5332 manentes,

2071 5366 2246 5422 Unum
2271 5367 2398 5421 dant
2426 5366 2514 5420 uni
2546 5365 2824 5419 servitium
2863 5365 3112 5418 DOllllflO.
