4018 6382
146 341 253 399 377
282 350 293 362 ’

1046 340 1258 398 GUlDO
1296 339 1660 397 ARETINCS.
1693 370 1763 381 --
1792 338 2061 397 ΝΟΤΙἸΊΑ
2104 338 2541 396 LITTERARIA.

3325 331 3427 388 378

150 461 294 516 ultra
320 474 615 531 qumaectm
640 469 733 514 aut
763 459 900 530 forte
926 455 1186 514 sexdecim
1209 457 1609 527 protenduntur,
1649 453 1741 508 setl
1772 457 1817 515 Α
1849 451 2099 522 appellat.
2145 451 2312 510 (ἴθι-1).
2356 451 2512 508 Joau.
2566 446 2791 505 Vossius
2820 447 3024 510 etiam,
3070 460 3193 519 pag.
3242 444 3311 500 95
3354 446 3433 500 De

150 556 251 621 ipsi
274 556 437 610 iidem
472 557 562 627 qui
585 565 707 609 sunt
734 554 958 624 inferius
983 561 1305 624 repetuntur,
1332 552 1496 606 ethoc
1523 568 1617 621 pro
1645 567 1735 605 ua-

154 651 286 700 riete
347 648 645 700 modorum.
702 647 782 702 Ac
831 661 964 702 sane
1011 644 1081 701 28
1130 645 1373 719 patir/you:
1424 646 1540 700 sive
1584 654 1741 699 tonos

152 737 385 791 musicis
445 735 823 806 lrcquentatos
884 735 993 803 iam
1060 736 1319 791 describit
1356 734 1740 800 Nicomachus,

152 826 251 879 lib.
302 843 343 881 ιι
377 825 644 881 Manualis
677 826 1000 891 harmonici,
1052 843 1178 898 pag.
1219 827 1310 882 59.
1365 825 1518 882 Sicut
1560 837 1741 880 autem

150 914 332 972 Cuido
362 930 459 986 per
486 916 722 987 syllabas
745 926 820 984 ut,
850 934 924 982 re,
946 918 1038 979 mi,
1065 926 1197 981 etc.,
1232 917 1306 971 ita
1336 928 1546 971 veteres
1569 918 1737 988 z’Egy-

151 1008 251 1078 ptii
284 1023 385 1078 per
407 1016 614 1078 septem
636 1007 850 1062 vocales
869 1008 1174 1078 exprimere
1196 1008 1418 1063 totidem
1436 1024 1598 1065 sonos
1623 1025 1745 1064 con-

151 1109 472 1167 sueverunt,
507 1108 564 1154 ut
586 1115 649 1155 ex
676 1099 932 1154 Demetrii
966 1101 1103 1156 libro
1141 1103 1258 1174 Περὶ
1284 1103 1546 1175 ἑρμηνείας
1589 1101 1616 1173 §
1654 1101 1741 1168 17,

149 1194 289 1249 edit.
323 1191 501 1249 Oxon.
551 1194 769 1249 lsaacus
816 1194 1037 1249 Vossius
1070 1194 1245 1259 docet,
1290 1204 1452 1263 atque
1495 1195 1743 1250 eumdem

151 1283 207 1339 in
238 1283 466 1338 modum
496 1283 793 1356 Gregorius
821 1284 1046 1356 Magnus
1070 1285 1263 1354 primis
1285 1286 1351 1341 ad
1372 1285 1475 1341 hoc
1505 1302 1634 1343 usus
1663 1298 1748 1342 cst

152 1385 369 1444 septem
420 1374 616 1431 litteris
651 1375 949 1446 alphabeti,
983 1377 1180 1447 quibus
1226 1379 1470 1432 decursis
1511 1379 1625 1433 sive
1664 1394 1746 1432 as-

154 1464 405 1522 cendens
430 1476 622 1521 cantus
651 1468 766 1522 sive
791 1467 1127 1523 descendens
1162 1468 1303 1522 redit
1326 1470 1392 1524 ad
1421 1479 1668 1524 octavam
1691 1478 1759 1536 et,

154 1566 209 1612 et
239 1558 445 1612 iisdem
479 1556 781 1629 obloquitur
820 1560 1050 1614 numeris
1086 1569 1277 1615 sentem
1316 1560 1623 1615 discrimina
1651 1576 1745 1616 vo-

152 1663 296 1701 cum.

222 1736 370 1793 Huic
397 1737 631 1794 Guidoni
658 1739 1013 1809 Trithemius,
1041 1760 1160 1816 cap.
1188 1746 1312 1811 318,
1340 1748 1530 1803 tribuit
1549 1748 1745 1804 librum

1841 544 2074 601 scientiis
2113 543 2516 607 mathematicis,
2557 541 2636 595 ait
2678 540 2942 595 musicum
2972 536 3269 594 Guidoncm
3311 551 3451 601 esse;

1842 637 1934 705 qui
1960 652 2023 691 ex
2061 636 2326 691 mmiacho
2348 633 2580 690 coenobii
2615 632 2875 688 llectonis
2923 631 3038 685 sive
3077 616 3429 683 S.‘Lcnfredi

1844 730 1958 785 sive
1987 727 2264 784 Lodiiredi
2287 726 2426 793 apud
2456 725 2813 780 Ebroicenses
2838 721 3221 783 Nortmannos,
3256 718 3433 771 factus

1845 819 2361 888 sitarehirpiscopus
2376 816 2705 879 Aversanus,
2723 824 2883 883 atque
2900 810 3151 866 Ecclesiae
3176 808 3434 863 Romana:

1845 908 2157 964 cardinalis.
2196 907 2300 963 Sed
2340 906 2486 960 illum
2536 904 2838 961 Guidoncm
2885 904 2999 957 sive
3037 899 3430 961 Guimundum,

1845 1002 1936 1072 qui
1982 1011 2171 1057 contra
2215 998 2603 1067 Berengarium
2656 995 2894 1066 scripsit,
2935 1003 3083 1049 recte
3120 1007 3146 1044 a
3189 989 3448 1045 Guidona-

1846 1090 2072 1145 Arctino
2108 1089 2412 1159 distinguit,
2455 1096 2651 1158 przcter
2679 1101 3007 1156 anonymum
3067 1082 3435 1137 Mcllicensem

1846 1196 1894 1236 c.
1918 1180 2042 1247 102,
2068 1181 2206 1236 idem
2226 1179 2580 1246 Tritbemius,
2598 1195 2717 1249 cap.
2738 1178 2859 1243 122,
2884 1188 2936 1233 et
2961 1177 3025 1242 ll,
3047 1176 3117 1232 80
3140 1175 3214 1228 De
3236 1173 3432 1227 illustr.

1849 1270 2236 1334 Benetlictinis;
2279 1285 2454 1339 neque
2511 1280 2715 1340 tempus
2743 1268 2948 1340 patitur
3009 1282 3130 1322 cum
3189 1263 3436 1320 Guidone

1846 1359 2069 1414 Arctino
2090 1360 2337 1415 eumdem
2373 1359 2537 1414 fuisse
2564 1358 3030 1429 archiepiscopum
3072 1356 3444 1418 Aversauum,

1848 1449 2196 1520 superstitem
2222 1450 2398 1504 adhuc
2419 1466 2509 1504 an.
2547 1448 2706 1505 1090.

1920 1560 2183 1616 Similiter
2206 1561 2484 1616 cavendus
2509 1560 2691 1630 lapsus
2717 1560 3019 1624 Posscvini,
3059 1557 3150 1627 qui
3185 1553 3441 1610 Hicrolo-

1848 1670 1970 1725 gum
1994 1653 2257 1709 Guidonis
2289 1653 2552 1707 musicum
2590 1652 2869 1708 confundit
2899 1667 3019 1705 cum
3052 1647 3343 1717 Micrologo
3372 1646 3439 1700 de

1849 1744 2234 1800 ecclesiasticis
2259 1744 2731 1799 observationibus
2757 1757 2852 1798 seu
2880 1746 2945 1800 de
2975 1740 3138 1795 missa
3165 1740 3268 1793 rite
3298 1736 3441 1792 cele-

152 1825 229 1881 De
251 1845 476 1897 corpore
491 1841 536 1884 et
550 1833 1031 1902 sanguineDomini
1055 1837 1317 1894 adversus
1338 1838 1747 1913 Bcrengarium,
1780 1813 1823 1871 Β
1855 1836 2082 1902 branda,
2113 1846 2176 1891 ut
2202 1853 2230 1891 a
2264 1835 2427 1906 Pugio
2467 1837 2533 1891 ad
2571 1852 2772 1891 annum
2808 1835 2966 1901 1029.,
3008 1847 3157 1889 nsun.
3197 1831 3253 1898 9,
3288 1838 3341 1885 et
3370 1827 3440 1882 ab

154 1920 522 1991 eumdemque
534 1924 832 1994 respiciens
848 1925 1387 2002 fortasseanonymus
1400 1931 1745 2001 Mellicensis,

156 2022 276 2078 cap.
304 2010 400 2075 80,
428 2009 754 2081 Guidonem,
799 2014 903 2072 ﬁde
935 2034 999 2071 ac
1033 2020 1251 2074 scientia
1283 2023 1744 2093 incomparabilem

195 2142 2632 2175 Μ

1854 1925 2067 1984 Oudino
2096 1937 2243 1984 recte
2266 1929 2381 1998 jam
2415 1936 2681 1984 notatum.

1153 2228 1664 2383 NOTITIA
1736 2229 2504 2385 Lt'rieaantA.

722 2479 838 2553 ;([›.
868 2470 1132 2539 Martinus
1160 2483 1504 2553 Gannaarus,
1537 2487 1832 2559 Scriptores
1866 2489 2204 2545 ecclesiastici
2228 2491 2293 2546 de
2316 2492 2539 2556 musica,
2566 2491 2624 2554 ll,
2656 2490 2833 2561 prmi.)

229 2832 494 2903 1.Dignus
506 2829 728 2887 omnino
749 2837 832 2886 est
848 2845 878 2885 a
897 2844 1004 2900 quo
1018 2844 1213 2886 novam
1237 2830 1497 2901 epocham
1512 2828 1745 2886 scripto-

159 2940 276 2979 rum
330 2924 400 2979 de
441 2937 501 2978 re
565 2924 769 2979 musica
816 2924 1181 2993 auspicemus.
1228 2923 1409 2980 Guido
1467 2924 1744 2990 Arcturus,

159 3016 273 3086 qui,
291 3016 505 3072 sublata
528 3025 775 3072 veterum
811 2996 1060 3072 notarum
1085 3015 1347 3087 indigesta
1370 3017 1513 3071 serie
1541 3032 1602 3072 ac
1615 3032 1746 3072 con—

1850 2829 2028 2885 Guido
2067 2829 2121 2884 in
2148 2829 2375 2900 epistola
2402 2830 2467 2884 ad
2502 2829 2814 2885 Michaelcm
2859 2829 3182 2886 monachum
3214 2829 3446 2902 Pompo-

1849 2922 2091 2985 sianum,
2124 2937 2179 2991 p.
2206 2922 2298 2986 45,
2340 2922 2561 2993 prolixis
2592 2924 2787 2992 ﬁnibus
2838 2924 3135 2978 exsulatum
3171 2940 3229 2980 se
3275 2926 3443 2990 dicit;

1852 3029 1918 3068 ac
1950 3029 2094 3076 mox,
2128 3030 2446 3084 persuasum
2474 3032 2532 3072 se
2558 3026 2612 3071 ut
2646 3018 2697 3072 in
2725 3032 2791 3072 eo
2816 3017 3147 3074 monasterio
3175 3028 3441 3081 maneret.

160 3107 393 3173 lusione,
424 3123 523 3179 per
552 3107 721 3162 lineas
740 3119 794 3162 et
817 3108 1176 3179 claves,quas
1201 3122 1463 3163 vocamus
1499 3108 1552 3162 in
1597 3109 1743 3164 scala
1774 3143 1819 3206 C
1851 3121 1882 3161 a
1909 3105 2156 3162 Guidone
2211 3106 2372 3176 hujus
2406 3109 2639 3163 cmuobii
2676 3109 2893 3173 abbate,
2946 3111 3065 3165 viro
3118 3124 3312 3180 nempe
3353 3110 3444 3166 illo

161 3199 392 3262 musica,
442 3198 686 3254 discendi
724 3199 1164 3269 exsequendique
1211 3199 1473 3254 musicam
1508 3199 1749 3271 discipli-

162 3306 284 3344 nam
337 3289 533 3345 mirum
591 3290 645 3345 in
676 3291 891 3347 modum
922 3290 1171 3345 eamdnm
1202 3290 1507 3353 facilitavit.
1551 3289 1744 3347 Testa-

162 3390 249 3436 tur
280 3382 334 3436 id
370 3382 487 3451 ipse
521 3382 574 3436 in
614 3382 889 3454 Microloqi
915 3385 997 3440 sui
1031 3384 1275 3455 prologo,
1298 3386 1509 3439 tandem
1538 3383 1747 3439 adluis-

162 3488 218 3530 se
247 3474 352 3530 sibi
385 3475 622 3529 divinam
653 3477 900 3546 gratiam,
926 3494 1041 3531 cum
1082 3479 1337 3532 musicam
1361 3477 1538 3548 pueris
1566 3478 1744 3529 trade-

164 3572 331 3630 ret,et
356 3563 609 3631 Quidam,
643 3566 833 3636 inquit,
868 3584 1047 3626 earum
1079 3568 1372 3621 imitatione
1406 3565 1616 3620 chordw
1646 3581 1743 3618 no-

159 3664 390 3707 strarum
437 3664 683 3708 notarum
729 3674 826 3711 usu
868 3658 1159 3723 exercitati,
1204 3667 1325 3711 ante
1356 3658 1512 3710 unius
1554 3655 1745 3710 mensis

160 3744 388 3813 spatium
423 3743 618 3797 invisos
643 3756 690 3799 et
724 3747 991 3803 inauditos
1024 3758 1211 3803 cantus
1253 3749 1326 3801 ita
1353 3748 1525 3818 primo
1552 3748 1744 3801 intuitu

161 3838 521 3895 indubitanter
574 3841 891 3907 cantabant,
946 3851 1004 3895 ut
1052 3843 1342 3897 maximum
1393 3840 1745 3910 spectaculum

162 3930 402 3998 plurimis
432 3934 770 4002 prwberetur.
806 3932 911 3990 Per
964 3935 1222 3990 chordam
1267 3933 1514 4004 intelligit
1547 3935 1745 3991 lineam

163 4021 332 4089 illam,
363 4039 528 4093 quam
554 4024 734 4080 colore
764 4040 957 4081 croceo
988 4026 1069 4081 vel
1098 4028 1263 4082 rubro
1294 4028 1628 4097 distinguere
1657 4041 1748 4081 so-

161 4113 308 4171 lebat
329 4132 398 4172 eo
428 4115 548 4173 loco
572 4132 680 4187 quo
708 4134 805 4173 nos
831 4134 974 4174 nunc
1009 4115 1216 4174 clavem
1246 4118 1286 4173 C
1318 4130 1409 4173 aut
1432 4119 1470 4173 F
1506 4119 1658 4173 initio
1684 4118 1749 4173 li-

163 4222 277 4262 nea:
306 4208 558 4277 ponimus
584 4210 727 4264 inter
774 4217 996 4265 czcteras
1029 4225 1058 4264 a
1115 4227 1171 4266 sc
1202 4212 1364 4266 etiam
1396 4211 1630 4280 primum
1666 4210 1747 4265 in-

162 4307 354 4353 venias
383 4298 583 4363 lineas,
616 4300 681 4355 de
707 4300 903 4371 quibus
946 4301 1058 4372 ipse
1115 4290 1264 4373 haud
1299 4303 1571 4361 immerito
1602 4304 1748 4358 dicc-

163 4388 256 4443 bat
282 4406 297 4441 :
328 4388 536 4443 Musica
581 4390 695 4443 sine
736 4391 888 4445 lineis
917 4401 991 4445 est
1042 4393 1175 4445 sicut
1213 4403 1399 4462 puteus
1453 4394 1564 4447 sine
1599 4393 1743 4460 fune.

1851 3198 2225 3266 sanctissimo,
2270 3200 2426 3271 cujus
2480 3216 2699 3271 corpus,
2775 3210 2834 3256 ut
2882 3211 3005 3273 post
3068 3202 3441 3258 llermanuum

1850 3288 2228 3356 Contr-actum,
2269 3290 2592 3361 scriptorem
2626 3308 2890 3360 comvum,
2922 3293 3012 3348 alii
3046 3294 3246 3364 passim
3277 3296 3443 3349 chro-

1851 3380 2005 3435 nistm
2032 3382 2341 3450 perhibent,
2367 3399 2456 3437 an.
2489 3382 2650 3446 1047,
2676 3394 2798 3438 ante
2820 3401 2926 3439 non
2959 3386 3220 3454 integrant
3245 3401 3445 3438 artuum

1848 3471 2108 3540 defuncti,
2131 3471 2371 3542 plurimis
2395 3473 2751 3542 glori/iculum
2774 3474 3047 3527 miraculis
3073 3473 3328 3528 Henricus
3347 3472 3445 3527 III

1840 3561 1975 3633 imp.
2005 3563 2068 3617 de
2092 3561 2411 3629 Parmensi,
2451 3565 2539 3618 ubi
2562 3565 2795 3635 sepultus
2832 3565 2956 3633 fuit,
2988 3566 3194 3620 civitate
3242 3566 3312 3619 ac!
3357 3582 3449 3618 un

1852 3654 1967 3708 bem
1994 3653 2203 3725 Spir-am
2237 3654 2347 3724 (ubi
2374 3656 2647 3726 hodieque
2682 3656 2909 3724 insignis
2956 3657 3009 3711 in
3043 3655 3158 3725 ejus
3181 3657 3448 3713 honorent

1849 3746 2078 3802 ecclesia
2127 3747 2518 3818 collegiumque
2555 3748 2941 3803 canonicorum
2981 3748 3179 3819 exstat)
3214 3747 3440 3816 transfe-

1851 3838 2067 3891 rendum
2098 3856 2287 3909 magno
2314 3856 2489 3894 serum
2519 3842 2717 3895 honore
2749 3842 2952 3895 rediens
2978 3842 3202 3896 devexit.

1918 3926 2049 3988 lude
2092 3948 2224 3988 vero
2274 3936 2419 4006 quod
2472 3935 2530 3989 S.
2564 3935 2769 4001 Guido,
2825 3934 3219 4005 Pomposianus
3249 3932 3451 3995 abbas,
3530 3994 3533 3995 ν
3590 3962 3593 3966 ·

1848 4021 2079 4079 GuidOni
2111 4025 2338 4080 Aretino
2378 4027 2711 4097 persuaserit
2756 4042 2977 4083 manere
3020 4027 3071 4080 in
3102 4042 3199 4081 suo
3253 4040 3441 4080 mona~

1849 4115 2034 4181 sterio,
2066 4126 2315 4173 auctores
2361 4118 2557 4172 Annal.
2588 4118 2889 4173 Carnaldul.
2944 4127 2980 4172 t.
3012 4115 3074 4183 ll,
3108 4132 3160 4187 p.
3189 4114 3278 4180 45,
3311 4130 3441 4169 con-

1842 4195 2039 4275 jiciunt
2091 4206 2391 4263 Guidonem
2437 4210 2722 4264 Arctinum
2771 4208 2823 4262 in
2861 4225 2959 4263 suo
2979 4206 3279 4279 juventutis
3308 4204 3443 4259 ﬂore

1849 4297 2198 4367 Pomposiani
2256 4301 2573 4355 monasterii
2626 4300 2925 4370 disciplinae
2974 4315 3079 4352 non
3127 4298 3292 4352 fuisse
3341 4298 3438 4350 ad-

1850 4392 2052 4447 dictum
2084 4409 2097 4445 :
2128 4407 2228 4447 nec
2271 4393 2571 4449 abhorrent
2597 4393 2664 4447 ab
2694 4410 2755 4448 ea
2792 4393 3046 4463 opinione
3099 4392 3262 4446 iidem
3308 4390 3453 4444 scriv.

164 4478 219 4532 lu
252 4479 360 4549 ipsa
391 4480 555 4533 etiam
590 4481 794 4536 musica
819 4482 1130 4537 harmonica
1154 4498 1248 4538 seu
1291 4484 1615 4555 polyphouia
1641 4483 1741 4537 ali-
1775 4493 1822 4552 ι)
1848 4491 2050 4553 plores,
2082 4482 2387 4553 Guidonem
2420 4492 2664 4538 nostrum
2713 4483 2862 4538 illum
2896 4483 3069 4551 ipsum
3094 4480 3284 4557 inisse
3323 4492 3449 4532 πηοεν.

163 4581 432 4638 quatenus
461 4571 715 4627 duritiam
743 4571 1071 4644 diaphonia},
1103 4584 1156 4628 ut
1190 4575 1474 4639 vocabant,
1499 4590 1660 4645 quam
1692 4572 1743 4629 iu

164 4659 443 4718 llucbaldo
491 4664 829 4729 notavimus,
862 4665 1120 4720 cmollivit
1170 4665 1376 4727 Guido,
1431 4674 1489 4720 ut
1539 4665 1591 4720 in
1629 4664 1745 4736 ipso

164 4768 326 4823 opere
350 4754 557 4809 musico
581 4754 617 4808 Ι.
661 4770 742 4822 ιιι,
768 4771 818 4811 c.
846 4757 895 4822 1,
921 4757 1054 4821 n.7,
1087 4757 1442 4827 prodidimus.

234 4843 424 4899 Mirum
475 4844 611 4900 adeo
640 4843 782 4899 haud
813 4855 895 4901 est
943 4846 1086 4915 quod
1132 4844 1307 4901 Guido
1349 4845 1415 4898 ad
1443 4844 1742 4899 docendam

163 4938 425 4991 musicam
472 4946 814 4993 evocaretur.
868 4937 1130 5008 Congruit
1189 4953 1403 5007 quoque
1446 4937 1563 5007 ejus
1598 4937 1745 4991 :ctati

165 5028 306 5097 quod
336 5028 404 5083 ad
450 5044 541 5082 an.
576 5030 746 5094 109.3,
793 5044 901 5099 quo
932 5027 1274 5083 llcrmamius
1324 5027 1628 5083 Btcmcnsis
1656 5043 1746 5081 ar-

165 5120 541 5192 chiepiscopus
569 5121 672 5177 fuit
700 5122 1066 5184 renuntiatus,
1097 5120 1296 5190 legitur
1347 5120 1485 5190 apud
1533 5120 1747 5175 Leibni.

147 5212 308 5272 'zium
335 5211 510 5280 Scrip.
540 5226 647 5266 rer.
679 5211 930 5275 Brunsv.,
956 5227 1009 5284 p.
1042 5210 1164 5274 745.
1188 5212 1238 5263 in
1266 5209 1534 5264 Chronico
1563 5211 1745 5265 Slavo-

167 5315 311 5367 rum,
343 5313 398 5358 et
425 5304 617 5358 iisdem
650 5301 766 5358 fere
798 5301 978 5357 verbis
1007 5302 1059 5356 in
1085 5299 1358 5356 Chronico
1383 5301 1588 5355 Alhcrti
1624 5300 1746 5354 Sta-

160 5394 347 5449 .densis
394 5395 472 5451 ita
502 5405 760 5450 narratur
791 5414 804 5450 :
858 5393 1218 5449 Iierimannus
1247 5410 1393 5464 ergo,
1425 5395 1573 5463 parvi
1621 5410 1746 5464 pen-

163 5485 295 5553 dens
325 5488 499 5543 omnia
521 5505 638 5560 qua:
667 5491 724 5543 in
750 5489 1050 5558 episcopatu
1083 5487 1299 5552 invenit,
1324 5488 1495 5556 primo
1535 5486 1744 5555 quidem

164 5579 422 5649 musicum
482 5577 777 5649 Guidonem
823 5578 1071 5633 Bremam
1116 5577 1359 5641 adduxit,
1390 5577 1539 5645 cujus
1591 5576 1745 5629 indu-

169 5652 311 5719 stria
339 5662 618 5724 melodiom
645 5681 693 5723 et
723 5668 1061 5723 claustralem
1110 5668 1443 5734 disciplinam
1493 5654 1741 5721 correxit.

174 5758 323 5832 Quod
352 5765 517 5820 solum
557 5782 622 5820 ex
646 5766 760 5837 ejus
791 5781 1038 5839 prospere
1060 5765 1306 5820 successit
1336 5762 1596 5839 operibus.
1627 5764 1744 5843 Ipse

1850 4574 2071 4628 uastrrii
2116 4573 2662 4639 Avellaniabbatcm,
2692 4573 2780 4642 qui
2827 4572 2885 4626 S.
2924 4572 3142 4625 Petrum
3191 4558 3436 4625 Damiani

1848 4666 1915 4720 ad
1946 4665 2287 4735 disciplinam
2320 4666 2676 4719 monasticam
2727 4663 3045 4731 suScepcrit,
3089 4673 3254 4729 atque
3294 4659 3443 4715 forte

1849 4756 2013 4810 etiam
2059 4755 2371 4823 aliquando,
2411 4764 2616 4824 utpote,
2649 4754 2997 4807 Domnizonis
3057 4753 3108 4805 in
3166 4751 3282 4804 Vita
3329 4750 3436 4803 Ma-

1851 4847 2035 4901 thildis
2064 4846 2392 4908 testimonio,
2421 4845 2709 4898 monac/tus
2751 4860 2843 4896 nec
2893 4860 2998 4897 non
3032 4842 3246 4896 eremita
3279 4841 3447 4895 been-t

1847 4940 1975 5005 dus,
2011 4939 2061 4992 in
2108 4938 2504 4992 Camaldulensi
2547 4952 2735 4992 eremo
2766 4952 2958 4990 recens
3013 4935 3065 4988 in
3114 4933 3290 5001 patrio
3317 4930 3434 4986 solo

1847 5030 2073 5085 Aretino
2112 5029 2329 5084 fundata
2373 5027 2610 5084 latuerit.
2639 5029 2715 5083 lbi
2768 5043 2857 5081 an.
2890 5025 3046 5080 1033.
3075 5023 3246 5078 (initio
3270 5022 3435 5091 frater

1849 5120 1995 5176 Petri
2042 5121 2355 5177 venerabilis
2392 5123 2625 5176 eremito:
2672 5121 2903 5189 iussione
2933 5118 3168 5179 dictavit,
3211 5115 3354 5185 petiit
3383 5123 3432 5167 et

1847 5216 2137 5286 impetravit
2168 5231 2199 5267 α
2231 5213 2530 5268 TlteobtJdo
2578 5215 2825 5284 episcopo
2848 5212 3093 5274 Aretino,
3146 5210 3229 5262 cui
3258 5207 3435 5263 Guitlo

1842 5308 2199 5379 .Microloyum
2247 5306 2521 5368 dedicarit,
2553 5305 2889 5358 donationem
2914 5318 3029 5372 qua:
3070 5300 3261 5371 legitur
3294 5297 3431 5368 apud

1847 5400 2216 5455 Mabillonium
2255 5407 2295 5453 ι.
2323 5397 2387 5453 ιν
2414 5396 2605 5450 Annal.
2631 5393 2697 5450 0.
2733 5392 2793 5449 S.
2817 5393 2883 5446 B.
2905 5410 2957 5461 p.
2984 5392 3119 5458 589;
3154 5391 3248 5445 sed
3280 5404 3427 5451 cum,

1848 5491 2075 5547 testibus
2125 5490 2339 5545 illismet
2384 5487 2668 5541 annalistis
2718 5483 3248 5546 Camallulensibus,
3299 5480 3431 5534 mihi

1848 5580 1975 5634 dum
2033 5580 2278 5634 viverent
2329 5576 2707 5647 amicissimis,
2754 5575 2918 5630 etiam
2988 5574 3040 5628 in
3098 5570 3433 5627 monasterio

1847 5674 2108 5729 Avellano
2137 5673 2306 5742 rigida
2342 5672 2432 5727 illa
2466 5669 2749 5740 disciplina
2785 5669 2946 5723 fuerit
2971 5676 3205 5723 servata.
3236 5663 3302 5719 de
3328 5663 3432 5718 Cas

1850 5764 2167 5823 maldulcnsi
2233 5762 2308 5818 nil
2363 5762 2525 5819 statui
2566 5768 2759 5839 potest.
2807 5758 3025 5815 Addunt
3080 5759 3131 5811 in
3185 5753 3443 5825 ejusdem.
