4018 6382
321 384 419 472 5a

1753 393 2099 452 MICROLOG
2111 393 2212 451 US.

3457 380 3563 440 583

323 500 601 572 martyris,
630 501 715 557 cui
754 499 862 559 Deo
899 509 1120 560 auctore
1162 503 1283 577 jure
1322 503 1522 562 vicario
1572 507 1890 578 praesidetis,

2027 509 2122 564 ιλιι.
2138 507 2224 562 Vl.
2240 510 2367 564 Item
2380 504 2824 583 dedivisionibus,
2838 500 3341 572 etinterpretationc
3353 516 3558 555 carum.

322 592 561 649 mirabili
608 594 834 651 nimium
888 596 1163 653 schemate
1216 599 1523 670 peregistis,
1555 598 1626 652 Ita
1655 597 1892 668 ejusdem

329 681 604 741 ministros
668 684 912 741 ecclesiae
966 686 1349 743 honestissimo
1414 690 1896 759 decentissimoque

327 774 558 843 quodam
589 776 868 847 privilegio
908 780 1118 835 cunctis
1157 794 1296 850 pene
1325 796 1420 852 per
1457 783 1644 838 orbem
1685 781 1898 837 clericis

328 864 649 934 spectabiles
676 868 993 924 redderetis.
1025 870 1091 924 Et
1129 886 1316 927 revera
1377 872 1509 928 satis
1540 872 1700 928 habet
1736 874 1899 928 mira-

327 954 429 1011 culi
461 965 517 1011 ct
542 957 803 1026 optionis,
823 974 945 1014 cum
982 969 1174 1017 vestra:
1200 962 1457 1019 Ecclesia:
1478 963 1642 1019 etiam
1670 964 1819 1034 pueri
1845 964 1898 1018 in

328 1046 639 1104 modulandi
686 1050 864 1108 studio
909 1051 1177 1123 perfectos
1240 1053 1468 1109 aliorum
1516 1067 1902 1127 usquequaque

328 1138 571 1200 locorum
597 1154 855 1214 superent
873 1160 1050 1215 senes,
1077 1149 1351 1217 vestrique
1381 1148 1602 1205 honoris
1631 1164 1695 1203 ac
1720 1147 1901 1203 meriti

327 1229 717 1290 nernlurimum
739 1235 1103 1292 cumulabitur
1123 1235 1402 1300 celsitudo,
1418 1252 1538 1292 cum
1561 1247 1681 1308 post
1697 1237 1902 1307 priores

326 1318 522 1376 Patres
570 1329 719 1378 tanta
767 1339 832 1380 ac
869 1325 990 1380 talis
1040 1326 1298 1382 Ecclesia:
1329 1341 1428 1397 per
1464 1341 1563 1382 vos
1601 1327 1901 1382 studiorum

327 1412 647 1482 provenerit
697 1414 983 1471 claritudo.
1031 1414 1216 1486 Itaque
1244 1420 1370 1488 quia
1405 1426 1587 1473 vestro
1618 1427 1723 1472 tam
1751 1432 1903 1473 com-

329 1503 494 1558 modo
517 1513 786 1576 praecepto
813 1522 910 1564 nec
935 1506 1076 1563 volui
1125 1509 1420 1573 contraire,
1474 1523 1574 1564 uec
1618 1508 1785 1575 valui,
1820 1508 1904 1563 of-

328 1591 452 1649 fero
506 1594 876 1652 solertissima:
926 1597 1234 1667 pateruitati
1285 1606 1477 1653 vestra:
1526 1596 1741 1652 Musica:
1773 1597 1908 1652 artis

332 1683 571 1755 regulas,
603 1694 806 1755 quanto
828 1685 1055 1741 lucidius
1081 1696 1135 1742 et
1162 1687 1380 1742 brevius
1408 1687 1580 1758 potui,
1602 1704 1632 1742 a
1663 1687 1905 1759 philoso-

329 1775 457 1845 phis
484 1775 811 1846 explicatas;
838 1790 938 1832 nec
986 1785 1168 1833 tamen
1211 1779 1399 1833 eadem
1437 1777 1522 1833 via
1560 1777 1626 1831 ad
1669 1776 1905 1847 plenum,

1998 605 2124 660 Car.
2166 601 2273 657 VII.
2303 600 2376 657 De
2412 598 2666 654 alliuitate
2693 612 2879 651 vocum
2907 610 3003 665 per
3027 604 3258 663 quatuor
3286 593 3495 648 modos.

1996 693 2123 748 Car.
2166 689 2296 745 VIII.
2330 690 2402 743 De
2432 689 2553 744 aliis
2576 687 2942 750 allinitatibus,
2968 693 3024 741 et
3047 684 3082 739 b
3106 668 3244 777 et

1997 785 2126 840 CAP.
2163 780 2254 836 IX.
2302 780 2431 835 item
2474 780 2539 833 de
2568 777 2915 834 similitudine
2945 790 3155 843 vocum,
3186 774 3411 845 quarunt
3452 774 3566 830 dia-

2068 889 2237 945 pason
2274 870 2386 928 sola
2410 870 2647 941 perlecta
2682 879 2784 925 est.

1998 968 2127 1023 ω.
2165 964 2231 1021 Χ.
2263 964 2392 1019 Iteut
2415 964 2481 1018 de
2503 962 2674 1018 modis
2698 972 2754 1018 et
2777 960 2899 1017 falsi
2920 960 3045 1016 meli
3073 958 3346 1033 agnitione
3362 967 3417 1013 et
3447 974 3568 1014 cor-

2072 1058 2333 1113 rectionc.

2000 1146 2129 1202 Car.
2161 1143 2250 1200 XI.
2277 1146 2407 1213 Qua:
2434 1161 2558 1212 vox,
2585 1153 2640 1200 ct
2681 1144 2857 1199 cur-iu
2889 1150 3050 1200 cantu
3094 1141 3332 1198 obtineat
3366 1141 3568 1215 princi-

2072 1237 2289 1306 patum?

2002 1330 2131 1385 Car.
2171 1326 2284 1383 XII.
2318 1327 2392 1383 De
2413 1325 2676 1383 divisione
2704 1338 2935 1397 quatuor
2973 1323 3251 1379 modorum
3277 1324 3329 1378 in
3357 1332 3496 1377 octo.

2003 1420 2131 1478 Car.
2169 1420 2303 1475 XIII.
2331 1419 2406 1476 De
2428 1429 2554 1476 octo
2582 1420 2863 1475 modorum
2913 1416 3205 1487 agnitione,
3245 1414 3494 1470 acumine
3521 1420 3575 1469 ct

2074 1510 2360 1582 gravitate.

2006 1600 2131 1656 Car.
2177 1598 2314 1654 XIV.
2348 1596 2480 1652 Item
2507 1597 2574 1651 de
2599 1595 2767 1666 tropis
2792 1603 2846 1648 et
2870 1595 3067 1649 virtute
3099 1592 3334 1648 musiczn.

2006 1692 2135 1747 Cn.
2174 1689 2288 1745 XV.
2330 1688 2407 1745 De
2458 1687 2739 1743 commoda
2796 1685 2878 1741 vel
2929 1684 3295 1755 componenda
3333 1681 3578 1737 modula-

2081 1784 2246 1839 tione.

334 1882 513 1938 neque
541 1869 745 1924 eisdem
780 1868 1078 1925 iusistendo
1099 1870 1340 1941 vestigiis
1373 1869 1464 1924 :id
1511 1869 1684 1926 solum
1717 1885 1910 1940 procu-
1941 1852 1984 1910 Β
2012 1876 2137 1932 (λι),
2180 1873 2317 1930 XVI,
2342 1874 2417 1928 De
2443 1870 2723 1943 multiplici
2770 1869 3030 1925 γατῖεωιε
3073 1882 3325 1924 sonorum
3349 1874 3405 1921 ει
3445 1879 3579 1921 ηοω-

336 1974 467 2013 rans
514 1960 656 2028 quod
679 1960 1059 2015 ecclesiastica:
1105 1962 1274 2031 prosit
1311 1960 1551 2026 utilitati,
1602 1959 1912 2029 nostrisque

335 2051 619 2106 subveniat
640 2052 897 2122 parvulis.
922 2052 1048 2109 Ideo
1080 2054 1226 2109 enim
1258 2054 1362 2109 hoc
1387 2052 1621 2108 studium
1647 2053 1913 2109 hactenus

334 2140 872 2215 latuitoccultatum,
906 2143 1053 2213 quia,
1101 2158 1223 2198 cum
1279 2158 1467 2198 revera
1493 2151 1637 2197 esset
1661 2142 1910 2207 arduum,

334 2246 446 2286 non
472 2239 556 2286 est
584 2247 614 2285 a
638 2231 877 2302 quolibet
914 2232 1190 2288 humiliter
1213 2231 1577 2303 explanatum.
1609 2231 1761 2299 Quod
1804 2244 1913 2301 qua

334 2323 623 2379 occasione
650 2324 777 2379 olim
807 2340 1095 2396 aggressus
1122 2326 1245 2392 sim,
1274 2339 1450 2397 quave
1475 2324 1707 2380 utilitate
1748 2331 1802 2381 et
1832 2324 1913 2378 iu-

340 2414 604 2481 tentioue,
631 2416 917 2486 perpaucis
945 2416 1244 2472 absolvam.

868 2505 1096 2574 Explicit
1118 2505 1357 2577 epistola.

385 2614 626 2672 INCIPIT
672 2616 1037 2676 PROLOGUS
1073 2618 1381 2675 EIUSDEM
1421 2618 1485 2675 IN
1525 2618 1854 2677 MUSICAM.

412 2708 546 2763 Cum
565 2724 651 2765 me
682 2719 736 2764 et
763 2712 1027 2766 naturalis
1050 2712 1287 2767 conditio
1315 2721 1370 2768 et
1398 2713 1658 2768 bonorum
1685 2714 1918 2769 imitatio

341 2802 647 2857 communis
687 2802 935 2858 utilitatis
967 2804 1274 2876 diligentem
1324 2805 1547 2872 Iaceret,
1578 2808 1716 2876 εαξρὶ
1748 2798 1916 2862 ’ἰιιιον

344 2894 451 2948 alia
472 2894 651 2949 studia
675 2896 936 2951 musicam
992 2899 1205 2954 tradere
1248 2899 1448 2970 pueris.
1482 2898 1721 2955 Tandem
1748 2898 1918 2954 adluit

347 2985 481 3039 mihi
534 2985 714 3039 divina
768 2988 960 3057 gratia,
1009 2996 1065 3043 et
1118 2989 1336 3058 quidam
1381 3005 1567 3044 eorum
1619 2990 1919 3045 imitatione

349 3075 591 3139 chordae,
634 3085 943 3130 nostrarum
996 3088 1243 3132 notarum
1293 3094 1389 3134 usu
1442 3079 1746 3144 exercitati,
1793 3088 1920 3135 ante

2082 1982 2314 2023 marum.

2012 2059 2137 2116 CAP.
2183 2056 2341 2113 XVII.
2372 2055 2525 2124 Quod
2569 2055 2636 2110 ad
2671 2060 2889 2110 cantum
2940 2050 3200 2122 redigitur
3227 2063 3386 2104 omne
3440 2045 3582 2118 quod

2083 2153 2301 2208 dicitur.
2817 2155 2820 2158 ’

2013 2241 2140 2298 CAP.
2181 2238 2363 2297 XVIII.
2395 2239 2470 2293 De
2493 2237 2802 2307 diaphouia,
2852 2236 2905 2289 id
2933 2243 3036 2298 est,
3073 2232 3259 2304 organi
3295 2236 3584 2301 prmeepto.

2012 2333 2141 2390 Car.
2187 2330 2323 2386 XIX.
2349 2331 2517 2386 Dicta:
2545 2328 2850 2401 diapltouia:
2876 2342 2973 2398 per
2993 2325 3239 2395 exempla
3267 2322 3534 2395 probatio.

2016 2423 2140 2480 Car.
2181 2422 2302 2476 XX.
2349 2421 2628 2490 Quomodo
2679 2418 2885 2475 tnusiea
2937 2432 3000 2472 cx
3054 2414 3368 2469 malleorum
3408 2411 3586 2466 sonitu

2085 2517 2157 2571 sit
2181 2517 2421 2571 iuventa.

2517 2603 2747 2660 CAPUT
2785 2598 3074 2657 PRIMUM.

2018 2700 2158 2766 Quid
2188 2698 2350 2770 faciat
2378 2698 2467 2769 qui
2488 2714 2542 2750 se
2569 2696 2639 2751 ad
2665 2694 2995 2764 disciplinam
3018 2690 3231 2745 musica:
3251 2688 3384 2742 artis
3401 2695 3549 2756 parat
3568 2685 3593 2737 .’

2085 2789 2252 2860 Igitur
2278 2788 2369 2857 qni
2401 2778 2643 2841 nostram
2683 2782 3023 2853 disciplinam
3074 2778 3231 2849 petit,
3284 2776 3594 2845 aliquantus

2018 2889 2215 2938 cantus
2269 2878 2473 2934 nostris
2521 2876 2664 2932 uotis
2708 2874 3009 2941 descriptos
3037 2869 3301 2932 addiscat,
3330 2867 3381 2943 in
3410 2880 3595 2920 metto-

2019 2973 2205 3028 cltordi
2233 2987 2330 3027 usu
2372 2984 2592 3025 manum
2635 2972 2909 3028 exerceat,
2935 2963 3140 3031 hasque
3191 2957 3406 3030 regulas
3454 2970 3596 3024 saepe

2022 3063 2329 3126 meditetur,
2353 3061 2545 3126 donec,
2572 3059 2623 3115 vi
2654 3068 2711 3113 et
2737 3066 2935 3111 natura
2967 3068 3158 3108 vocum
3189 3048 3424 3121 cognita,
3442 3046 3594 3116 igno-

346 3164 506 3220 unius
534 3165 735 3220 mensis
763 3166 995 3236 spatium
1021 3166 1222 3222 invisos
1243 3177 1299 3223 et
1327 3168 1599 3223 inauditos
1628 3140 1822 3224 cantus
1846 3170 1918 3223 ita
1948 3188 1993 3251 ρ
2026 3166 2107 3211 los
2136 3162 2194 3209 υι
2221 3164 2379 3209 ποῑοε
2407 3162 2601 3208 catillis
2642 3150 2881 3206 suaviter
2918 3152 3096 3202 canat.
3131 3142 3236 3198 Sed
3267 3140 3390 3211 (ιυὶει
3416 3152 3593 3199 V0065.

345 3257 524 3324 primo
555 3256 750 3311 intuitu
783 3232 1150 3313 indubitanter
1175 3260 1489 3325 cantabant,
1527 3269 1586 3315 ttt
1625 3260 1918 3315 maximum
1949 3232 1993 3251 ν
2024 3263 2145 3319 qua!
2176 3245 2336 3316 hujus
2360 3246 2492 3300 artis
2520 3244 2694 3314 prima
2723 3249 2850 3296 sunt
2892 3236 3262 3297 fundamenta,
3310 3232 3362 3286 in
3413 3241 3599 3284 mono-

348 3345 716 3415 spcctaculum
749 3346 994 3416 plurimis
1039 3346 1394 3417 praaberetur;
1431 3349 1573 3418 quod
1623 3356 1799 3404 tamen
1829 3350 1920 3418 qui

348 3456 455 3493 non
495 3446 672 3508 potest
718 3436 918 3502 facere,
966 3439 1147 3494 nescio
1195 3454 1301 3509 qua
1330 3437 1508 3495 fronte
1555 3454 1614 3494 se
1656 3439 1922 3494 musicum

349 3529 435 3585 vel
458 3537 733 3583 cautorem
765 3526 962 3584 audeat
985 3528 1186 3583 dicere.
1218 3528 1652 3598 Maximeitaque
1676 3527 1822 3583 dolui
1858 3530 1925 3584 de

351 3621 551 3678 nostris
573 3622 905 3685 cantoribus,
938 3620 1167 3691 qui,etsi
1190 3629 1405 3675 centum
1430 3621 1588 3676 anuis
1617 3621 1669 3675 in
1697 3619 1924 3675 canendi

351 3716 530 3771 studio
555 3724 929 3785 perseverent,
974 3728 1250 3783 nunquam
1298 3722 1476 3769 tamen
1521 3712 1603 3767 vel
1644 3712 1921 3767 minimam

352 3806 698 3877 autipltonam
733 3821 823 3876 per
851 3819 910 3860 se
938 3805 1118 3859 valent
1152 3802 1366 3869 eﬂ‘erre,
1402 3819 1615 3873 semper
1635 3804 1924 3868 discentes,

354 3901 507 3954 ntait
546 3899 856 3968 Apostolus,
894 3909 948 3953 et
996 3912 1269 3969 nunquam
1317 3897 1384 3950 ad
1427 3893 1717 3968 perfectam
1768 3891 1928 3962 hujus

359 3988 495 4044 artis
526 3988 803 4044 scientiam
852 3988 1245 4059 pervenientes.
1300 3986 1534 4056 Cupiens
1580 3986 1758 4054 itaque
1819 3994 1926 4038 tam

364 4081 494 4136 utile
523 4090 768 4134 nostrum
791 4078 1026 4134 studium
1076 4079 1129 4132 itt
1159 4092 1499 4132 communem
1527 4076 1811 4130 utilitatem
1836 4089 1931 4129 ex-

359 4170 609 4239 pendere,
634 4170 701 4226 de
727 4169 907 4224 multis
928 4169 1148 4224 musicis
1169 4167 1520 4240 argumentis,
1543 4183 1662 4238 qua:
1687 4165 1932 4236 adjutore

358 4262 467 4317 Deo
517 4275 613 4332 per
667 4260 816 4314 varia
865 4268 1107 4330 tempora
1151 4257 1472 4328 conquisivi,
1503 4256 1768 4328 quaedam,
1813 4271 1932 4323 quae

358 4353 670 4411 cantoribus
694 4352 955 4423 prolicere
980 4351 1203 4414 credidi,
1242 4358 1443 4420 quanta
1486 4350 1632 4421 potui
1666 4348 1933 4404 brevitate

359 4445 679 4519 perstrinxi;
705 4461 823 4514 qua:
843 4444 985 4499 enim
1003 4443 1066 4499 de
1091 4442 1294 4497 musica
1322 4442 1389 4497 ad
1419 4439 1718 4496 cauendum
1753 4437 1932 4493 minus

2024 3338 2232 3395 cbordo
2281 3337 2475 3392 melius
2515 3334 2811 3397 intuemur,
2842 3328 3112 3399 quomodo
3161 3340 3255 3381 eas
3280 3322 3477 3378 ibidem
3510 3332 3602 3374 ars

2026 3440 2275 3485 naturam
2306 3428 2511 3482 imitata
2542 3422 2821 3486 discrevit,
2850 3419 3100 3491 primitus
3124 3415 3421 3470 videamus.

2651 3531 2876 3589 CAPUT
2917 3528 2978 3584 ll.

2242 3630 2373 3697 Quae
2400 3627 2474 3684 vel
2500 3624 2677 3698 quales
2698 3626 2800 3680 sint
2829 3632 2988 3686 naue,
3022 3618 3098 3674 vel
3129 3626 3251 3688 quot
3281 3613 3432 3685 (I0)?

2095 3726 2249 3781 Notae
2273 3731 2453 3778 autem
2507 3720 2560 3773 itt
2606 3714 2977 3773 monocltordo
3024 3710 3106 3765 ha:
3136 3716 3281 3763 sunt.
3335 3703 3605 3773 Inprimis

2029 3825 2262 3888 ponatur
2293 3826 2349 3870 Γ.
2380 3826 2615 3883 graecum
2647 3825 2676 3862 a
2702 3805 2975 3863 modernis
2996 3802 3326 3871 adiunctum.
3356 3797 3606 3866 Sequun-

2033 3886 2121 3961 tur
2153 3917 2357 3974 septem
2391 3900 2662 3972 alphabcti
2714 3899 2907 3953 littera:
2934 3907 3144 3964 graves,
3177 3891 3403 3958 ideoque
3444 3886 3609 3954 maju-

2032 3995 2179 4050 ribus
2211 3994 2403 4048 t'tttet‘is
2433 3990 2702 4060 insignitae
2722 3989 2825 4043 hoc
2853 3986 3033 4041 modo.
3063 3976 3457 4037 ABCDEFG.
3482 3975 3609 4031 Post

2032 4090 2130 4145 bas
2170 4089 2253 4143 lue
2296 4087 2499 4142 eaedem
2540 4095 2747 4154 septem
2806 4081 3000 4136 litterae
3048 4085 3220 4133 acuta:
3273 4080 3607 4145 repetuntur,

2033 4177 2126 4233 sed
2158 4177 2460 4231 minoril,us
2508 4173 2705 4230 litteris
2736 4171 3139 4233 describuntur,
3185 4167 3237 4221 in
3276 4165 3471 4236 quibus
3528 4170 3609 4215 ta-

2033 4283 2155 4323 mcu
2193 4269 2333 4321 inter
2358 4283 2411 4319 a.
2435 4274 2490 4320 et
2510 4249 2556 4357 ἢ
2576 4264 2736 4318 aliam
2760 4262 2812 4316 b.
2845 4261 3112 4331 ponimus,
3137 4270 3299 4326 quam
3325 4251 3609 4357 rotundatur

2036 4358 2294 4421 facimus;
2335 4326 2561 4411 alteraui
2611 4368 2738 4408 vero
2786 4349 3191 4421 quadravimus.
3245 4345 3323 4399 Ita
3376 4358 3427 4396 a.
3459 4342 3512 4395 b.

2037 4466 2087 4504 e.
2118 4449 2172 4504 d.
2212 4466 2262 4503 e.
2295 4447 2333 4501 l‘.
2374 4463 2426 4519 g.
2458 4446 2718 4501 Addimus
2752 4445 2834 4499 bis
2853 4442 3055 4498 eisdem
3086 4439 3299 4501 litteris,
3323 4437 3416 4492 sed
3448 4437 3614 4489 variis

361 4545 606 4608 prosunt,
632 4543 725 4590 aut
755 4535 800 4589 si
827 4549 947 4605 quae
984 4548 1053 4588 ex
1104 4532 1187 4586 Itis
1231 4546 1349 4602 qua:
1386 4531 1639 4585 dicuntur
1681 4543 1786 4581 non
1836 4541 1916 4579 va-

2039 4539 2222 4612 liguris
2276 4534 2677 4593 tetracltordum
2729 4541 3193 4612 superacutarutn,
3244 4529 3296 4581 in
3326 4541 3433 4595 quo
3461 4526 3511 4579 b.
3543 4525 3614 4578 si-

359 4626 491 4682 lent
538 4624 783 4694 intelligi,
833 4640 934 4680 nec
961 4631 1261 4677 memoratu
1305 4620 1463 4691 digna
1509 4618 1781 4688 judicaw;
1826 4630 1933 4671 non

361 4732 558 4773 curans
588 4717 653 4771 de
677 4715 761 4770 ltis
816 4714 862 4769 si
905 4712 1260 4783 quorumdam
1292 4711 1504 4766 aninms
1534 4708 1759 4763 livescat
1797 4704 1931 4761 invi-

362 4808 471 4873 dia,
503 4809 629 4863 dum
656 4805 1011 4877 quorumdam
1043 4802 1289 4872 proﬁciat
1312 4798 1614 4869 disciplina.

889 4894 1115 4965 Explicit
1153 4893 1417 4964 prologus.

731 5006 1076 5067 INCIPIUNT
1115 5003 1454 5062 camera
1490 5002 1590 5074 (9).

2016 4606 2102 4700 λ’
2836 4606 3129 4713 mace

2037 4721 2242 4777 militer
2293 4717 2630 4787 duplicamus
2655 4753 2669 4775 .
2733 4712 2804 4765 ita
2842 4727 2871 4764 a
2909 4695 3070 4801 bh'c
3096 4708 3148 4763 (Ι.
3202 4705 3296 4762 llas
3336 4706 3533 4759 litterae
3583 4720 3616 4759 a

2039 4810 2221 4866 multis
2285 4807 2539 4863 dicuntur
2583 4800 2898 4873 superﬂuat;
2957 4795 3056 4855 nos
3099 4807 3279 4852 autem
3331 4795 3617 4851 maluimus

2039 4902 2334 4968 abundare,
2365 4913 2526 4969 quam
2557 4894 2809 4950 deiicere.
2840 4890 3203 4962 Fiuutitaque
3248 4886 3404 4943 simul
3428 4900 3618 4969 omnes

3377 4964 3619 5070 attgcd

367 5106 680 5164 Cunnum
707 5046 1800 5170 (Quid.FaciatVu‘ui-sevad‘disciplinam
1824 5106 1941 5147 mu-
2042 5085 2186 5143 XXI.
2209 5086 2312 5140 hoc
2339 5046 2499 5138 modo
2524 5081 2611 5137 ΓΑ
2632 5078 2778 5165 BCD
2799 5075 2969 5133 EFG.
3006 5091 3035 5130 a
3054 5076 3182 5170 ρης
3198 5074 3228 5128 d
3243 5089 3271 5127 e
3293 5072 3356 5170 fg
3391 5046 3621 5170 bﬁcd

437 5198 561 5251 sica:
585 5194 785 5266 parat?

370 5289 496 5344 Car.
540 5288 599 5342 ll.
630 5287 758 5355 Quae
788 5284 871 5339 vel
890 5283 1078 5356 quales
1104 5282 1217 5338 sint
1242 5290 1402 5345 uotze,
1424 5278 1506 5333 vel
1536 5278 1700 5347 quot?

372 5380 499 5434 Car.
538 5378 623 5434 III.
660 5379 733 5433 De
759 5375 1110 5447 dispositione
1132 5387 1317 5428 earum
1350 5372 1403 5425 itt
1426 5366 1817 5425 mouocltordo.

372 5469 497 5527 CAP.
539 5467 629 5523 ιι.
667 5466 875 5536 Quibus
919 5481 1014 5522 sex
1043 5463 1214 5519 modis
1243 5460 1344 5517 sibi
1376 5460 1606 5515 invicem
1643 5453 1947 5526 vocesjuu—

424 5558 676 5629 .gantur?

376 5652 500 5707 Car.
547 5649 611 5704 γ.
643 5649 715 5706 De
727 5649 1076 5719 diapasoa,et
1096 5661 1192 5700 cur
1207 5653 1409 5699 tantum
1424 5650 1627 5713 septem
1649 5641 1758 5696 sint
1775 5641 1948 5696 noue?

449 5785 526 5854 (9)
569 5781 679 5838 Iloc
707 5779 1000 5853 t-apitulare
1026 5777 1078 5834 iu
1103 5777 1313 5833 caeteris
1332 5791 1460 5833 mss.
1485 5786 1568 5833 est
1594 5773 1877 5830 omissum.

2045 5176 2283 5244 Quarum
2315 5173 2597 5244 dispositio
2634 5160 2756 5225 cum
2804 5187 2832 5223 a
2867 5160 3180 5223 doctoribus
3209 5173 3301 5219 aut
3332 5160 3623 5217 l‘uissetta-

2044 5274 2173 5338 cita,
2228 5280 2321 5325 aut
2373 5269 2540 5324 nimia
2588 5267 2919 5322 obscuritate
2971 5264 3246 5334 perplexa,
3299 5262 3455 5316 adest
3484 5275 3621 5315 nunc

2045 5364 2211 5421 etiam
2238 5362 2423 5434 pueris
2460 5361 2697 5415 breviter
2719 5375 2780 5412 ac
2814 5356 3125 5427 plenissime
3154 5354 3441 5424 explicata.

2663 5446 2890 5503 CAPUT
2920 5445 3003 5501 III.

2258 5539 2334 5596 De
2366 5540 2702 5610 dispositione
2737 5554 2917 5592 carum
2949 5538 3002 5590 in
3040 5534 3408 5590 monochorda.

2122 5645 2176 5689 [ν.
2217 5633 2400 5701 itaque
2430 5630 2485 5686 in
2524 5628 2716 5701 primis
2764 5624 2919 5683 allisa
2957 5626 3026 5682 ab
3060 5640 3125 5681 ea
3169 5637 3340 5695 usque
3366 5621 3433 5676 ad
3463 5619 3624 5676 liuent

2121 5768 2234 5842 (I0)
2273 5768 2550 5835 AdmouL,
2592 5765 2665 5823 De
2693 5779 2906 5821 numero
2932 5773 2978 5819 et
3006 5760 3327 5816 dimensions
3359 5764 3621 5811 notarum.
