4018 6410
385 376 509 441 535.

388 584 626 638 termino
658 586 848 655 prima:
875 603 1032 643 nona:
1052 592 1223 660 partis
1251 594 1292 645 A
1324 592 1563 649 litteram
1603 610 1766 665 pone,
1810 611 1840 650 a
1867 611 1975 666 qua

385 690 578 730 omnes
608 678 816 747 antiqui
837 677 1014 735 fecere
1038 682 1386 754 principium.
1404 683 1530 740 Item
1549 686 1616 739 ab
1645 687 1712 740 A.
1735 687 1801 741 ad
1817 686 1976 741 linem

388 783 530 821 nona
555 769 780 825 collecta
823 780 994 839 parte,
1038 775 1230 830 eodem
1255 777 1416 831 modo
1437 777 1497 831 Β.
1523 776 1760 832 litteram
1790 777 1976 852 junge,

387 859 518 914 Post
542 862 657 917 haec
686 866 751 917 ad
792 876 847 919 Γ.
881 876 1163 921 revertens
1190 870 1255 923 ad
1287 868 1447 923 linem
1475 884 1642 939 usque
1666 872 1856 925 metire
1884 888 1979 941 per

387 952 499 1006 1111.
529 964 581 1008 et
612 956 663 1009 in
692 957 881 1024 primae
908 963 1080 1028 partis
1117 961 1353 1017 termino
1393 963 1635 1017 invenies
1660 962 1721 1017 C.
1746 963 1980 1018 Eadem-

388 1060 497 1113 que
532 1046 797 1104 divisione
825 1064 922 1118 per
946 1050 1053 1105 1111.
1088 1052 1228 1106 sicut
1254 1067 1377 1107 cum
1404 1065 1461 1109 Γ.
1494 1053 1977 1110 ἰιιινειιιιιηιοεειϐ.

393 1140 558 1205 simili
587 1143 745 1198 modo
780 1158 878 1215 per
916 1145 1165 1201 ordinem
1205 1162 1328 1203 eum
1361 1146 1426 1201 A.
1476 1146 1717 1203 invenies
1746 1148 1825 1212 D;
1856 1163 1978 1204 cum

391 1232 455 1289 Β.
512 1234 753 1292 invenies
804 1237 876 1303 E;
925 1248 981 1294 et
1015 1256 1136 1294 cum
1166 1239 1227 1295 C.
1286 1241 1535 1296 invenies
1575 1241 1723 1308 F;et
1767 1258 1888 1298 cum
1917 1242 1977 1297 D.

392 1322 741 1391 invenies'G;
789 1340 844 1386 et
875 1347 997 1387 cum
1036 1333 1100 1388 E.
1137 1334 1383 1390 invenies
1410 1333 1452 1388 A
1494 1346 1743 1400 acutum,
1771 1346 1825 1391 et
1860 1351 1981 1390 eum

392 1416 455 1470 Β.
485 1418 730 1474 invenies
757 1422 809 1476 b.
846 1423 1157 1478 rotundam.
1183 1425 1312 1491 Qua:
1340 1442 1470 1481 vero
1490 1438 1810 1497 sequuntur,
1835 1428 1986 1483 simia

391 1506 526 1563 lium
557 1519 612 1564 et
640 1513 954 1568 emumdem
998 1530 1192 1571 omnes
1234 1532 1332 1585 per
1376 1518 1623 1573 ordinem
1668 1519 1984 1574 medietates

393 1600 557 1657 facile
583 1603 931 1671 colliguntur,
982 1616 1039 1660 ιιι
1069 1618 1195 1678 puta
1234 1610 1302 1665 ab
1349 1610 1408 1664 Β.
1439 1626 1608 1680 usque
1638 1612 1705 1666 ad
1738 1611 1896 1666 linem
1932 1612 1983 1665 in

396 1694 579 1748 medio
607 1695 785 1764 spatio
816 1712 956 1767 pone
983 1699 1143 1754 aliam
1264 1700 1635 1774 Similiterque
1660 1702 1723 1760 C.
1753 1704 1987 1775 signabit

396 1783 559 1839 aliam
589 1800 637 1841 c.
664 1797 721 1841 et
742 1788 803 1843 D.
835 1789 997 1845 aliam
1024 1794 1074 1845 d.
1099 1802 1154 1848 et
1235 1836 1246 1846 .
1282 1795 1445 1849 aliam
1489 1810 1538 1849 e.
1568 1805 1622 1849 et
1664 1796 1724 1849 F.
1758 1797 1918 1849 aliam
1946 1797 1984 1849 t‘.

396 1783 559 1839 aliam
589 1800 637 1841 c.
664 1797 721 1841 et
742 1788 803 1843 D.
835 1789 997 1845 aliam
1024 1794 1074 1845 d.
1099 1802 1154 1848 et
1184 1783 1246 1849 Ε.
1282 1795 1445 1849 aliam
1489 1810 1538 1853 e.
1568 1805 1622 1853 et
1664 1796 1724 1852 F.
1758 1797 1918 1852 aliam
1946 1797 1984 1852 Γ.

1193 1908 1220 1945 ι
1618 1890 1652 1941 b

390 1977 453 2076 et
478 1969 542 2026 G.
572 1970 733 2027 aliam
763 1989 815 2043 g.
839 1983 894 2029 et
918 1991 967 2030 au
995 1975 1155 2031 aliam
1179 1993 1229 2031 a.
1262 1987 1319 2033 et
1338 1979 1393 2034 b.
1422 1980 1584 2036 aliam
1608 1982 1662 2037 b.
1685 1991 1740 2037 et
1759 1967 1803 2076 ἣ
1825 1983 1985 2038 aliam

402 2044 447 2151 lq
845 2084 873 2122 ο
1299 2076 1330 2125 d

394 2141 463 2247 ἥ.
489 2164 542 2211 et
574 2170 623 2211 c.
651 2156 812 2211 aliam
844 2172 895 2212 c.
922 2166 977 2213 et
1007 2159 1057 2214 d.
1105 2159 1264 2215 aliam
1299 2161 1351 2216 d.
1382 2162 1582 2218 Eodem
1617 2166 1778 2220 modo
1800 2180 1989 2236 posses

401 2247 458 2303 in
483 2249 753 2319 infinitum
803 2251 877 2305 ita
904 2255 1156 2323 progredi
1206 2270 1420 2309 sursum
1449 2257 1531 2310 vel
1580 2257 1856 2322 deorsum,
1885 2259 1989 2313 nisi

398 2340 539 2401 artis
573 2351 902 2412 prmeeptum
936 2361 1030 2399 sua
1068 2353 1118 2399 te
1154 2347 1478 2402 auctoritate
1500 2358 1896 2417 compesceret.

478 2429 555 2486 De
578 2432 965 2502 multiplicibus
1014 2435 1356 2505 diversisque
1391 2438 1748 2493 divisionibus
1805 2455 1993 2495 ιιιοιιο-

402 2525 595 2579 cbordi
629 2542 791 2580 unam
827 2529 1075 2597 apposui,
1102 2538 1163 2582 ut
1190 2545 1311 2584 cum
1345 2546 1374 2584 a
1423 2530 1609 2587 multis
1630 2532 1696 2586 ad
1721 2548 1882 2586 unam
1908 2534 1993 2587 in-

402 2618 748 2684 tenderetur,
777 2622 894 2675 sine
915 2622 1169 2692 serupulo
1198 2631 1504 2692 caperetur.
1530 2623 1840 2679 Prmsertim
1871 2642 1991 2680 eum

405 2710 480 2765 Sit
511 2718 671 2765 tanta:
694 2712 968 2775 utilitatis,
1001 2722 1059 2767 ut
1083 2721 1139 2767 et.
1175 2711 1332 2768 facile
1358 2715 1706 2786 intelligatur,
1736 2724 1787 2771 et
1824 2725 1884 2771 ut
1914 2717 1995 2771 in-

410 2801 626 2856 tellecta
658 2802 747 2856 vix
790 2803 1165 2858 obliviscatur.
1197 2804 1351 2859 Alius
1382 2805 1653 2861 dividendi
1696 2806 1888 2862 modus
1919 2824 1996 2864 se-

411 2892 623 2961 quitur,
661 2893 867 2960 quietsi
908 2894 1085 2948 minus
1124 2895 1398 2949 memoria}
1440 2896 1772 2966 adjungitur,
1807 2913 1873 2954 eo
1918 2907 1997 2953 ta-

409 3000 535 3040 men
562 2985 991 3041 monoehordum
1022 2986 1294 3044 velociore
1322 2989 1601 3045 celeritate
1625 2993 1994 3061 componitur,

408 3074 515 3129 hoc
561 3076 722 3130 modo
751 3090 767 3129 :
800 3092 925 3131 cum
974 3078 1208 3147 primum
1263 3095 1294 3134 a
1342 3091 1400 3137 Γ.
1455 3081 1524 3136 ad
1575 3082 1736 3137 linem
1806 3098 1999 3152 passus

413 382 511 460 es:
1711 382 2036 459 GUIDO‘NIS
2071 383 2347 440 warm

385 492 693 576 suiijeetum
719 492 937 552 chorda:
971 497 1213 568 spatium
1232 514 1329 569 per
1358 516 1552 558 novem
1581 505 1809 573 partire,
1834 512 1892 559 et
1918 504 1972 559 in
2004 506 2051 564 A

3560 377 3668 453 δελ

2693 503 2918 561 CAPUT
2976 509 3064 564 IV.

2173 597 2377 665 Quibus
2403 614 2497 653 sea:
2522 599 2692 655 modis
2715 602 2816 656 sibi
2840 603 3059 658 invicem
3087 620 3232 659 voces
3254 618 3574 678 junguntur.

2154 688 2442 760 Dispositis
2470 691 2653 760 itaque
2693 693 2917 750 vocibus
2968 696 3110 750 inter
3142 712 3328 753 vocem
3377 708 3433 753 et
3477 715 3669 757 vocem

2080 779 2216 835 alias
2266 778 2441 848 majus
2479 781 2712 851 spatium
2764 785 3026 849 cernitur,
3065 794 3124 840 ut
3172 787 3316 843 inter
3341 799 3398 844 Γ.
3431 797 3487 843 et
3516 790 3584 844 Α.
3617 764 3684 846 ρι’

2081 873 2224 927 inter
2253 873 2317 928 A.
2375 883 2432 929 et
2477 873 2538 928 Β.
2594 874 2730 929 alias
2759 876 2959 941 minus,
3005 888 3066 933 ut
3101 879 3245 935 inter
3300 880 3361 935 Β.
3411 891 3466 937 et
3506 881 3568 937 C.
3617 858 3690 948 et“,

2083 968 2239 1037 reliq.
2264 967 2331 1021 Et
2358 967 2532 1038 majus
2562 968 2777 1038 quidem
2815 970 3049 1041 Spatium
3101 981 3262 1028 tonus
3301 973 3539 1029 dicitur:
3572 962 3688 1051 ηιίοξ

2082 1073 2184 1114 nus
2210 1071 2341 1114 vero
2369 1059 2741 1127 semitonium,
2772 1061 2938 1116 semis
2983 1061 3237 1118 videlicet
3262 1104 3278 1128 ,
3334 1063 3387 1118 id
3430 1074 3536 1129 est,
3561 1081 3674 1120 non

2082 1147 2275 1216 plenus
2303 1157 2480 1205 tonus.
2531 1148 2664 1205 Item
2693 1150 2837 1205 inter
2865 1150 3102 1223 aliquam
3134 1168 3321 1209 vocem
3365 1164 3421 1209 et
3453 1157 3674 1211 tertiam

2084 1252 2115 1291 a
2144 1253 2204 1293 se
2234 1248 2345 1293 tum
2373 1239 2594 1295 ditonus
2620 1248 2724 1305 est,
2759 1239 2812 1295 id
2840 1248 2944 1307 est,
2969 1241 3075 1296 duo
3106 1242 3242 1308 toni,
3270 1251 3331 1297 ut
3358 1257 3387 1297 a
3417 1242 3479 1300 C.
3504 1245 3572 1299 ad
3607 1244 3675 1299 Ε.

2086 1338 2198 1386 tum
2228 1330 2608 1396 semiditonus,
2641 1332 2735 1402 qui
2766 1332 2928 1388 habet
2961 1342 3169 1388 tantum
3212 1344 3396 1390 tonum
3427 1345 3482 1391 et
3510 1337 3682 1392 semi-

2088 1422 2318 1488 tonium,
2367 1431 2485 1478 uta
2526 1424 2587 1477 D.
2623 1424 2674 1478 in
2707 1423 2767 1480 F.
2797 1436 2851 1479 et
2877 1423 3033 1495 reliq.
3092 1425 3440 1482 Diatessaron
3490 1437 3679 1482 autem

2086 1524 2194 1575 est,
2245 1528 2366 1568 cum
2415 1513 2556 1569 inter
2607 1513 2743 1569 duas
2793 1529 2955 1569 voces
3004 1529 3329 1585 quocunque
3369 1519 3529 1572 modo
3569 1519 3683 1573 duo

2086 1612 2213 1656 sunt
2240 1603 2376 1668 toni,
2403 1611 2457 1658 et
2488 1619 2655 1657 unum
2693 1603 3062 1670 semitonium,
3096 1614 3153 1659 ut
3180 1606 3335 1661 abA.
3366 1608 3434 1661 ad
3461 1607 3524 1660 D.
3562 1617 3621 1662 et
3650 1626 3679 1661 a

2090 1693 2149 1746 Β.
2185 1694 2239 1747 in
2276 1692 2338 1747 E.
2372 1702 2427 1747 et
2481 1694 2640 1763 reliq.
2678 1693 2940 1763 Diaponte
2991 1696 3121 1749 vero
3173 1709 3282 1751 uno
3338 1704 3464 1751 tono
3503 1694 3685 1763 major

2089 1792 2195 1849 est,
2227 1798 2349 1839 eum
2407 1783 2553 1839 inter
2578 1783 2851 1853 quaslibet
2886 1799 3049 1840 voces
3100 1793 3212 1840 tres
3262 1793 3389 1840 sunt
3446 1786 3580 1848 toni,
3630 1796 3689 1841 et

2017 1858 2062 1916 Β
2093 1890 2263 1930 unum
2311 1875 2682 1941 semitonium,
2730 1883 2791 1930 ut
2822 1875 2891 1931 ab
2938 1876 3005 1930 A.
3036 1877 3087 1930 in
3127 1877 3187 1931 E.
3221 1886 3276 1933 et
3308 1894 3335 1931 a
3364 1877 3424 1933 C.
3458 1879 3510 1932 in
3535 1879 3604 1933 (ἓ.
3632 1888 3686 1931 et

2091 1967 2246 2037 reliq.
2296 1967 2475 2023 [labes
2520 1968 2704 2038 itaque
2758 1983 2855 2024 sex
2908 1984 3103 2026 vocum
3152 1971 3576 2036 consonantias,
3635 1971 3684 2023 id

2088 2069 2221 2128 est,
2289 2069 2472 2115 tonum
2504 2100 2518 2125 ,
2598 2060 2946 2115 semitonium
2978 2101 2993 2125 ,
3060 2060 3303 2115 ditonum
3339 2101 3354 2126 ,
3405 2060 3685 2116 semidito-

2091 2169 2221 2208 num
2258 2193 2275 2219 ,
2347 2153 2685 2209 diatessaron
2725 2193 2740 2219 ,
2813 2162 2870 2208 et
2930 2153 3205 2224 diapente.
3256 2152 3404 2226 [(12)
3473 2152 3684 2220 Quibus

2092 2246 2269 2301 adhuc
2323 2247 2697 2301 consonantiis
2752 2246 2870 2301 duae
2922 2245 3042 2300 alia:
3077 2245 3358 2299 modorum
3411 2245 3681 2315 speciesa

2094 2337 2372 2395 nonnullis
2417 2338 2738 2395 cantoribus
2786 2337 3245 2408 superadduntur,
3300 2338 3401 2392 hoc
3435 2346 3541 2402 est,
3567 2336 3684 2392 dia-

2095 2439 2259 2501 pente
2292 2445 2414 2485 cum
2442 2429 2729 2484 semitonio
2757 2445 2770 2481 :
2811 2436 2871 2482 ut
2907 2428 2974 2482 ab
3017 2428 3080 2483 E.
3127 2428 3192 2482 ad
3219 2444 3270 2483 ο.
3304 2428 3547 2498 Itemque
3569 2427 3682 2482 dia-

2095 2531 2261 2593 pcnte
2289 2538 2411 2578 cum
2442 2533 2568 2577 tono
2599 2540 2612 2576 :
2654 2531 2711 2576 ut
2750 2537 2779 2575 a
2816 2521 2877 2576 C.
2903 2522 2967 2575 ad
2999 2538 3050 2575 a.
3081 2520 3405 2592 Adjungitur
3436 2522 3600 2577 etiam
3628 2530 3684 2575 et

2098 2616 2378 2684 diapason.
2408 2614 2540 2680 Qtne
2586 2615 2713 2683 quia
2756 2628 2880 2670 raro
2929 2612 3298 2678 inveniuntur,
3329 2628 3359 2667 a
3396 2613 3555 2667 nobis
3576 2612 3686 2666 ‘mi-

2096 2723 2201 2762 nus
2225 2707 2365 2761 inter
2395 2706 2480 2761 Vl.
2514 2714 2960 2760 annumerantur.
2989 2703 3096 2759 Sed
3135 2704 3291 2773 origo
3320 2704 3537 2773 quidem
3566 2703 3682 2756 dia-

2096 2814 2267 2871 pason
2298 2815 2419 2870 qua:
2451 2809 2505 2855 ct
2533 2797 2825 2871 qualisgsit,
2855 2798 2946 2868 qui
2981 2797 3257 2853 studiosus
3285 2806 3683 2866 perscrutatur,

2101 2893 2154 2947 in
2187 2894 2539 2964 sequentibus
2591 2890 2870 2969 reperiet.]
2916 2891 2981 2949 ln,
3022 2891 3169 2947 nullo
3190 2892 3334 2946 enim
3375 2901 3536 2948 cantu
3563 2892 3684 2946 aliis

2099 2986 2278 3041 modis
2298 3002 2402 3040 vox
2436 2985 2554 3039 voci
2588 2985 2691 3039 rite
2713 2981 3057 3055 conjungitur
3074 3025 3089 3050 ,
3112 2983 3196 3039 vel
3227 2982 3577 3047 intendendo,
3601 2982 3688 3036 vel

2101 3076 2451 3132 remittendo.
2484 3075 2580 3129 llis
2622 3074 2989 3145 adiunguntur
3032 3087 3258 3143 septem,
3292 3073 3352 3141 (i.
3389 3071 3467 3141 e.)
3509 3072 3689 3141 diapa-

412 3182 630 3234 novem,
662 3169 714 3224 id
745 3179 848 3234 est,
875 3171 1171 3240 particulas
1200 3171 1389 3238 facies,
1425 3174 1632 3244 primus
1666 3190 1859 3245 passus
1888 3184 2000 3232 ter-

2106 3183 2232 3233 son;
2261 3183 2383 3238 quae
2417 3167 2543 3237 quia
2598 3181 2725 3220 raro
2764 3166 3130 3231 inveniuntur,
3166 3166 3345 3220 minus
3384 3164 3530 3219 inter
3554 3163 3689 3217 alias

410 3258 712 3314 minabitur
736 3260 790 3315 in
816 3261 882 3314 A.
912 3263 1187 3318 secundus
1207 3272 1397 3319 vacat:
1429 3264 1625 3321 tertius
1653 3265 1706 3320 in
1739 3266 1803 3321 D.
1834 3282 1998 3336 quar-

410 3386 502 3446 tus
533 3400 690 3446 vacat
716 3411 727 3446 :
759 3393 983 3464 quintus
1005 3395 1060 3449 in
1092 3411 1144 3449 a.
1174 3404 1360 3450 sextus
1384 3396 1434 3451 in
1468 3397 1520 3450 d.
1576 3398 1843 3468 septimus
1872 3398 1923 3452 in
1946 3348 1996 3453 3.

418 3485 610 3556 reliqui
650 3498 862 3542 vacant.
913 3487 1043 3544 item
1099 3505 1223 3545 cum
1272 3488 1341 3545 ab
1391 3491 1455 3545 Α.
1499 3505 1669 3561 usque
1714 3490 1781 3544 ad
1839 3491 1998 3545 linem

417 3578 641 3631 novenis
670 3579 916 3647 passibus
946 3580 1186 3648 partiris,
1220 3580 1428 3648 primus
1458 3595 1650 3650 passus
1684 3580 2002 3635 terminabi-

418 3679 508 3724 tur
531 3671 582 3725 in
628 3669 687 3724 Β.
725 3671 1000 3726 secundus
1026 3680 1188 3727 vacat
1212 3688 1225 3725 :
1258 3673 1451 3729 tertius
1483 3673 1536 3728 in
1562 3672 1626 3742 Ε.
1651 3681 1882 3743 quartus
1910 3689 2004 3729 va-

414 3856 548 3907 cat:
590 3853 811 3922 quintus
844 3854 896 3910 in
922 3841 966 3949 ﬁ
989 3864 1173 3910 sextus
1206 3855 1257 3910 in
1292 3869 1342 3909 e.
1377 3856 1642 3926 septimus
1667 3857 1720 3910 in
1744 3752 1789 3950 Ξ
1812 3857 2002 3927 reliqui

420 3954 638 4003 vacant.
684 3945 815 4001 item
863 3945 984 4001 cum
1025 3962 1052 3999 a
1080 3960 1115 4003 Γ
1153 3948 1217 4001 ad
1277 3949 1437 4003 linem
1484 3950 1760 4016 quaternis
1781 3945 2003 4016 dividis,

420 4036 627 4104 primus
660 4052 853 4105 passus
893 4040 1272 4093 terminabitur
1322 4040 1373 4093 in
1418 4040 1479 4095 C.
1519 4044 1788 4096 secundus
1838 4042 1890 4096 in
1938 4044 2003 4099 G.

424 4131 618 4184 tertius
645 4130 698 4183 in
738 4147 793 4199 g.
832 4141 1059 4199 quartus
1090 4133 1222 4186 linit.
1253 4131 1334 4186 Ab
1383 4133 1444 4188 C.
1478 4148 1609 4187 vero
1638 4135 1701 4188 ad
1741 4134 1901 4190 finem
1934 4137 2007 4189 si-

423 4221 625 4282 militer
651 4230 885 4291 quatuor
917 4238 1193 4293 passuum,
1226 4225 1430 4293 primus
1461 4226 1836 4282 terminabitur
1862 4228 1915 4282 in
1944 4228 2008 4283 Ε.

425 4362 699 4419 secundus
726 4362 778 4417 in
810 4379 859 4417 e.
889 4372 1080 4419 tertms
1107 4364 1158 4419 in
1263 4375 1491 4434 quartus
1519 4366 1654 4422 linit.
1683 4366 1764 4422 Ab
1794 4367 1858 4423 ιε’.
1882 4383 2012 4425 vero

425 4464 815 4523 quaternorum
879 4470 1134 4525 passuum
1185 4459 1393 4527 primus
1441 4459 1821 4513 terminabitur
1868 4460 1920 4515 in
1954 4459 2007 4515 b.

428 4546 738 4607 rotundum.
769 4547 1044 4603 secundus
1073 4548 1186 4603 inf.
1216 4550 1409 4605 tertius
1439 4550 1492 4605 in
1521 4565 1552 4606 e
1579 4548 1712 4621 (ll).
1741 4550 1786 4603 Α
1807 4551 2010 4606 b.vero
2044 4564 2091 4622 ι)

1854 4630 1898 4715 tt

432 4734 929 4804 rotundatquatuor
954 4749 1209 4804 passuum
1241 4736 1294 4789 in
1322 4736 1560 4791 secundo
1587 4737 1830 4793 invenies
1932 4751 2018 4793 re-

998 4837 1025 4871 5|

434 4893 565 4963 liqui
614 4902 826 4949 vacant.
865 4895 948 4949 Ab
994 4909 1047 4950 a.
1080 4911 1209 4951 vero
1239 4908 1565 4968 superacnta
1610 4907 1842 4969 quatuor
1893 4916 2020 4971 pas-

435 5070 615 5116 suum,
656 5056 708 5111 in
764 5059 941 5127 primo
979 4999 1303 5116 invenies
1339 5060 1532 5127 reliqui
1575 5069 1787 5114 vacant.
1844 5060 1912 5115 Et
1958 5061 2025 5115 de

438 5148 881 5215 dispositionibus
922 5150 975 5204 hi
1030 5151 1135 5204 duo
1177 5150 1479 5220 regularum
1538 5149 1679 5204 modi
1737 5148 2024 5214 sumi-iant,

439 5253 666 5304 quorum
712 5240 960 5308 superior
996 5240 1211 5309 quidem
1269 5241 1460 5294 modus
1503 5239 1568 5292 ad
1620 5239 2027 5293 memorandum

443 5330 753 5384 facillimus.
786 5331 883 5386 llic
917 5349 1045 5388 vero
1067 5334 1332 5387 exstatad
1371 5333 2025 5388 faciendumcelerrimus.

441 5421 497 5476 In
524 5426 877 5489 sequentibus
906 5441 1036 5480 vero
1059 5439 1249 5481 omnes
1277 5424 1599 5509 divisionum
1622 5423 1767 5480 modi
1796 5425 1849 5479 in
1880 5424 2029 5480 brevi

442 5514 721 5585 patebunt.

516 5677 632 5749 (ll)
673 5676 784 5734 Ott.
820 5686 876 5733 et
918 5677 1100 5743 Adm.,
1130 5678 1194 5731 Α.
1231 5677 1289 5731 b.
1338 5678 1459 5731 item
1507 5678 1734 5749 rotunda
1778 5677 1848 5730 ad
1883 5677 2035 5743 linem

446 5809 676 5864 (litorum
713 5826 965 5877 passuum
1014 5825 1161 5879 prior
1189 5809 1485 5863 terminabit
1610 5808 1872 5865 sertmdus
1899 5808 2036 5873 linit.

450 5879 514 5939 Α.
547 5880 598 5934 d.
630 5897 746 5935 vero
780 5881 847 5937 ad
886 5880 1045 5949 ﬁnem
1076 5880 1299 5935 duorum
1336 5880 1577 5937 similiter
1597 5896 1872 5950 passuum,
1896 5879 2043 5945 prior

2103 3269 2556 3316 annumerantur.
2584 3259 2828 3327 Cumque
2872 3267 2978 3311 tam
3026 3257 3213 3326 paucis
3238 3255 3687 3320 clausulis,_teste

2100 3351 2309 3416 Boetio,
2338 3358 2451 3406 tota
2488 3350 2774 3404 harmonia
2805 3347 3089 3413 formetur,
3119 3346 3405 3401 utillimum
3436 3354 3539 3408 est,
3569 3344 3690 3398 altat

2102 3457 2198 3497 eas
2228 3442 2504 3496 memoriae
2556 3438 2958 3503 commendare,
3009 3445 3067 3493 et
3113 3437 3286 3492 donec
3332 3434 3490 3506 plene
3520 3435 3573 3488 in
3600 3449 3693 3489 ca-

2104 3536 2282 3592 nendo
2332 3536 2642 3590 sentiantur
2692 3542 2749 3589 et
2807 3540 3249 3603 cognoscantur,
3300 3529 3370 3584 ab
3429 3528 3690 3583 exercitio

2104 3642 2382 3696 nunquam
2415 3642 2655 3690 cessare,
2694 3636 2752 3680 ut
2774 3624 2861 3679 his
2884 3623 3143 3678 clausulis
3168 3621 3332 3676 veluti
3365 3618 3688 3691 quibusdam

2105 3716 2347 3772 clavibus
2392 3715 2620 3771 canendi
2669 3715 2843 3785 possis
2882 3713 3131 3784 peritiam
3159 3710 3426 3782 sagaciter
3450 3708 3689 3764 facilius-

2106 3822 2212 3878 que
2233 3807 2532 3877 possidere.
2742 3876 2754 3878 _
2820 3818 2841 3878 νς

2726 3875 2954 3934 CAPUT
2999 3877 3063 3930 V.

2235 3948 2309 4003 De
2345 3949 2601 4019 diapason
2632 3959 2678 4003 et
2706 3966 2799 4001 cur
2827 3958 3029 4002 tantum
3061 3956 3254 4015 septem
3279 3945 3378 3999 sint
3406 3953 3566 4023 natm.

2179 4040 2447 4108 Diapason
2483 4049 2665 4094 autem
2703 4047 2807 4103 est,
2856 4039 2909 4092 in
2955 4054 3060 4108 qua
3090 4038 3430 4091 diatessaron
3481 4042 3537 4088 et
3577 4032 3691 4088 dia-

2110 4141 2271 4202 pente
2297 4131 2632 4200 junguntur;
2663 4144 2785 4184 cum
2832 4129 2977 4184 enim
3020 4128 3088 4182 ab
3113 4129 3179 4182 A.
3213 4130 3265 4183 in
3297 4127 3360 4182 D.
3391 4128 3461 4181 sit
3489 4125 3690 4180 diates-

2112 4237 2293 4286 saron,
2322 4231 2377 4276 et
2421 4221 2488 4275 ab
2515 4221 2700 4275 eadem
2736 4220 2797 4274 Ι).
2853 4219 2905 4273 in
2959 4234 3009 4273 a.
3055 4228 3271 4273 acutmn
3319 4218 3387 4272 sit
3420 4215 3690 4285 diapente.

2113 4315 2181 4368 ab
2210 4315 2273 4368 A.
2309 4314 2361 4368 in
2392 4313 2621 4368 alteram
2649 4328 2700 4367 a.
2732 4313 2991 4382 diapason
3039 4311 3224 4367 existit
3252 4328 3264 4364 :
3308 4307 3465 4379 cujus
3501 4308 3586 4362 vis
3615 4314 3695 4361 est

2113 4406 2357 4460 eamdem
2393 4406 2628 4460 litteram
2662 4406 2711 4459 in
2761 4416 2993 4476 utroque
3033 4403 3229 4458 habere
3261 4403 3463 4467 latere,
3487 4410 3547 4455 nt
3578 4416 3607 4454 a
3634 4399 3692 4453 Β.

2118 4499 2171 4555 in
2298 4513 2349 4551 a.
2381 4496 2443 4553 C.
2470 4497 2523 4551 in
2551 4513 2601 4553 e.
2632 4513 2661 4551 a
2685 4497 2747 4551 D.
2777 4497 2830 4550 in
2856 4497 2911 4551 d.
2935 4505 2990 4551 et
3018 4496 3173 4565 reliq.
3198 4493 3515 4549 Sicutenim
3546 4501 3694 4546 utra-

2117 4580 2349 4662 qne'vox
2378 4590 2565 4645 eadem
2598 4589 2774 4645 littera
2808 4600 3048 4653 notatur,
3104 4589 3177 4642 ita
3226 4580 3322 4657 per
3351 4585 3534 4641 omnia
3563 4590 3691 4652 ejus-

2120 4686 2241 4739 dem
2271 4682 2573 4752 qualitatis,
2605 4681 3123 4753 pcrfectissimarque
3151 4676 3521 4734 similitudinis
3549 4672 3723 4729 utra-‘

2120 4790 2226 4845 que
2250 4775 2479 4829 habetur
2520 4783 2575 4828 ct
2619 4773 2879 4828 creditur.
2925 4772 3058 4827 Nam
3111 4771 3253 4826 sicut
3293 4769 3462 4823 linitis
3496 4776 3694 4835 septem

2123 4866 2313 4920 diebus
2343 4866 2561 4920 eosdem
2619 4864 2934 4932 repetimus,
2982 4872 3040 4917 ut
3087 4876 3306 4932 semper
3364 4859 3597 4929 primum
3648 4865 3700 4908 et

2124 4966 2373 5010 octavum
2391 4955 2637 5010 eumdem
2657 4954 2798 5007 diem
2814 4954 3078 5013 dicamus,
3093 4952 3165 5005 ita
3189 4950 3390 5020 primas
3411 4959 3467 5004 et
3487 4957 3701 5003 octavas

2127 5062 2342 5117 semper
2368 5062 2529 5102 voces
2556 5047 2744 5101 eodem
2783 5046 3100 5100 charactere
3146 5042 3439 5111 ﬁguramus
3481 5049 3537 5094 et
3578 5036 3699 5092 dici-

2130 5155 2271 5204 mus,
2304 5139 2431 5209 quia
2461 5154 2555 5195 cas
2584 5138 2813 5193 nan‘trali
2866 5136 3156 5193 concordia
3208 5148 3507 5190 consonare
3546 5129 3707 5186 senti-

2132 5245 2277 5292 mus,
2305 5239 2362 5283 ut
2387 5228 2447 5282 D.
2478 5237 2531 5283 et
2554 5230 2605 5283 d.
2644 5226 2881 5297 Utraque
2905 5228 3048 5280 enim
3098 5235 3224 5280 tono
3245 5235 3300 5279 ct
3320 5221 3627 5285 semitonio.
3656 5226 3708 5273 et

2133 5321 2342 5375 duolms
2395 5320 2536 5374 tonis
2567 5319 2878 5380 remittitur,
2911 5328 2966 5372 et
3003 5318 3131 5371 item
3170 5326 3297 5371 tono
3346 5323 3399 5369 et
3422 5312 3707 5369 semitonio

2135 5421 2189 5465 et
2221 5412 2429 5468 duobus
2458 5412 2621 5475 tonis,
2641 5410 2935 5467 intenditur
2988 5407 3139 5464 Unde
3167 5417 3220 5462 et
3252 5407 3305 5461 in
3331 5405 3575 5460 canendo
3605 5404 3706 5456 duo

2136 5513 2228 5557 attt
2259 5512 2390 5569 tres,
2423 5512 2514 5557 aut
2543 5502 2723 5573 plures
2750 5512 3020 5560 cantores.
3053 5508 3211 5569 prout
3243 5497 3498 5568 possibile
3532 5494 3709 5557 fuerit,

2141 5596 2185 5652 si
2213 5612 2308 5668 per
2338 5598 2479 5651 hanc
2509 5596 2746 5666 speciem
2801 5592 3175 5651 dill'erentibus
3218 5591 3444 5647 vocibus
3474 5588 3712 5646 eamdem

2544 5671 2577 5719 d

2142 5738 2438 5792 terminabit
2463 5740 2515 5792 in
2547 5737 2599 5790 tl.
2622 5735 2879 5791 secundus
2901 5735 3038 5803 fmil.

2144 5878 2190 5937 Ο
2216 5807 2326 5934 (Ιί)
2360 5808 2583 5865 Uncinis
2610 5808 2816 5864 inclusa
2840 5807 3111 5863 habentur
3137 5819 3191 5859 tn
3226 5810 3359 5859 .o.‘sc.
3385 5804 3637 5859 Aomout.
3665 5804 3715 5856 ct

2196 5888 2270 5935 tto
2312 5895 2393 5937 ur.
