4018 6444
1079 436 1306 492 CAPlTT
1334 437 1460 491 Vill.

704 533 778 586 De
803 532 920 586 aliis
948 531 1280 599 affinitatibus
1309 547 1509 594 vocum,
1539 539 1586 584 et
1611 531 1660 583 b.
1686 542 1730 582 et

549 626 611 692 .Si
637 640 754 695 qum
779 624 896 678 alia:
925 621 1382 686 suntallimtates,
1431 637 1524 676 eas
1565 636 1778 690 quoque
1820 621 2067 675 similiter

486 718 820 772 diatessaron
853 724 907 770 et
936 715 1191 785 diapente
1228 712 1494 769 fecerunt.
1529 709 1661 766 Nam
1714 727 1836 766 cum
1881 712 2067 782 diapa-

487 823 586 861 son
621 808 671 861 in
698 823 754 862 sc
781 807 1114 860 diatessaron
1144 813 1198 858 et
1223 804 1473 872 diapente
1518 801 1736 864 haheat,
1765 810 1818 856 et
1848 803 2065 856 easdem

484 894 695 950 litteras
724 896 776 949 in
807 905 1037 964 utroque
1079 894 1248 947 latere
1292 892 1596 955 contineat,
1640 906 1854 962 semper
1878 891 1930 945 in
1958 907 2068 945 mc-

485 986 574 1041 dio
602 985 721 1054 ejus
747 986 924 1056 spatio
952 985 1131 1053 aliqua
1163 992 1246 1037 est
1293 982 1496 1047 littera,
1536 996 1655 1050 qum
1684 982 1750 1035 ad
1778 991 2068 1051 utrumque

485 1077 746 1146 diapason
772 1076 913 1130 latus
942 1078 1011 1129 ita
1037 1073 1312 1137 convenit,
1336 1081 1392 1125 ιιι
1421 1073 1504 1126 cui
1535 1072 1729 1127 littera:
1757 1088 1785 1126 a
1815 1074 2068 1143 gravibus

487 1166 828 1222 diatessaron
885 1166 1084 1228 reddit,
1133 1165 1303 1218 eidem
1361 1164 1413 1216 in
1461 1163 1634 1217 acutis
1679 1179 1777 1232 per
1819 1163 2068 1232 diapente

485 1257 794 1322 conveniat,
827 1267 887 1311 ut
923 1257 974 1310 in
1003 1255 1267 1326 superiori
1324 1253 1496 1324 figura
1545 1262 1785 1318 notatur,
1825 1262 1878 1307 et
1921 1255 2005 1308 cui
2037 1270 2065 1308 a

485 1347 738 1416 gravibus
794 1346 1044 1414 diapente
1083 1342 1334 1408 contulit,
1382 1343 1556 1396 cidem
1610 1358 1637 1395 a
1694 1344 2067 1410 superioribus

486 1438 822 1492 diatessaron
858 1436 1025 1498 dabit,
1073 1446 1130 1489 ut
1159 1434 1225 1487 Λ.
1267 1435 1326 1488 Ε.
1355 1450 1407 1487 a.
1443 1433 1507 1487 A.
1544 1434 1686 1488 enim
1714 1444 1768 1488 et
1799 1436 1858 1488 Ε.
1897 1436 1949 1490 in
1979 1437 2070 1490 de-

486 1530 752 1598 positione
804 1527 1176 1591 concordant,
1220 1541 1340 1595 qure
1391 1536 1622 1593 utraque
1659 1526 1866 1582 duobus
1926 1527 2068 1583 tonis

483 1619 877 1688 semitonioque
906 1617 1211 1674 coniicitur.
1272 1617 1512 1685 Itemque
1537 1613 1603 1670 G.
1635 1631 1758 1671 cum
1802 1616 1868 1671 ad
1913 1617 1975 1672 C.
2015 1628 2069 1674 et

482 1712 547 1766 D.
576 1727 672 1782 per
694 1711 910 1766 easdem
956 1708 1166 1779 species
1203 1715 1444 1771 resonet,
1478 1709 1640 1762 unius
1680 1709 2066 1778 depositionem

482 1799 813 1870 alteriusque
849 1799 1204 1854 elevationem
1235 1799 1491 1866 sumpsit.
1531 1797 1664 1852 Nam
1711 1811 1767 1853 et
1809 1799 1871 1855 C.
1915 1810 1970 1855 et
1999 1800 2064 1857 G.
2098 1785 2143 1844 Β

482 1891 693 1948 duobus
721 1892 861 1946 tonis
888 1890 1094 1960 pariter
1136 1896 1190 1943 et
1239 1889 1529 1942 semitouio
1569 1898 1817 1958 surgunt,
1845 1901 1902 1945 et
1928 1891 1988 1946 D.
2013 1899 2070 1946 et

482 1984 550 2039 ϐ.
582 1992 709 2040 tono
739 1992 793 2038 et
829 1982 1116 2038 semitouio
1168 1980 1374 2050 pariter
1419 1978 1788 2036 inflectuntur.
1833 1983 1886 2037 b.
1935 1999 2066 2039 vero

485 2075 773 2130 rotundum
801 2116 816 2141 ,
857 2073 982 2143 quia
1037 2072 1216 2126 minus
1262 2081 1346 2125 est
1383 2073 1650 2142 regulare,
1699 2076 1840 2145 quod
1880 2075 2069 2144 adjun-

483 2177 630 2220 ctum
657 2165 742 2220 vel
771 2164 927 2219 molle
959 2165 1163 2228 dicunt,
1204 2177 1325 2217 cum
1369 2161 1432 2215 F.
1487 2164 1651 2219 habet
1695 2167 2062 2232 concordiam,

483 2266 536 2311 et
567 2258 686 2311 ideo
711 2256 952 2310 additum
990 2265 1091 2320 est,
1145 2254 1270 2323 quia
1315 2251 1376 2306 F.
1424 2268 1547 2307 cum
1589 2268 1782 2326 quarta
1829 2273 1858 2311 a
1899 2273 1957 2312 se
1996 2259 2062 2333 η.

484 2351 685 2402 tritono
739 2347 1019 2402 (lim-rente
1076 2346 1336 2417 nequibat
1406 2348 1608 2404 habere
1670 2350 2062 2404 concordiam:

483 2448 768 2508 utramque
799 2447 979 2492 autem
1029 2439 1081 2492 b.
1236 2440 1290 2493 in
1338 2439 1528 2495 eadem
1569 2453 1763 2494 ncuma
1809 2454 1915 2493 non
1938 2437 2062 2508 jun-

482 2545 599 2598 gas.
635 2530 688 2583 In
711 2530 899 2584 eodem
928 2543 1058 2583 vero
1083 2529 1242 2584 cantu
1288 2531 1526 2585 maxime
1564 2530 1619 2584 b.
1652 2529 1798 2584 molli
1838 2529 2065 2593 utimur,

485 2620 536 2673 in
567 2635 672 2684 quo
700 2618 764 2672 ιτ.
801 2618 837 2671 f.
871 2618 1102 2687 amplius
1134 2620 1487 2675 continuatur
1532 2621 1713 2690 gravis
1758 2621 1840 2674 vel
1885 2630 2064 2682 acuta,

481 2711 573 2764 ubi
617 2721 669 2765 et
697 2711 989 2780 quamdam
1032 2710 1406 2766 confusionem
1449 2721 1506 2767 et
1537 2711 2066 2766 transformationem

482 2802 698 2856 videtur
727 2801 906 2856 facere
931 2842 944 2864 ,
997 2811 1057 2854 ut
1095 2801 1161 2857 G.
1209 2813 1365 2857 sonet
1418 2813 1656 2872 protum,
1686 2819 1737 2858 a.
1762 2804 2067 2870 deuterum,

483 2907 606 2944 cum
637 2892 747 2961 ipsa
781 2893 832 2946 b.
884 2892 1061 2947 mollis
1089 2904 1244 2948 sonet
1273 2895 1462 2949 tritum
1489 2912 1503 2959 ;
1537 2897 1678 2949 unde
1730 2894 1847 2962 ejus
1874 2911 1903 2950 a
1936 2895 2071 2949 mul-

485 2984 554 3039 tis
584 2999 682 3037 nee
707 2985 910 3039 mentio
943 2985 1084 3040 facta
1133 2996 1237 3040 est.
1277 2987 1521 3042 Alterum
1554 3003 1684 3042 vero
1839 2989 1890 3042 in
1924 3005 2076 3043 com-

1793 319 2115 378 CUIDONIS
2146 320 2423 376 ARETINI
3623 329 3712 382 588

2096 441 2142 498 Λ
2175 452 2333 489 mune.
2364 434 2563 505 placuit
2592 434 2814 490 habere.
2846 434 2998 502 Quod
3023 437 3067 491 si
3119 437 3287 507 ipsam
3329 441 3380 494 b.
3417 441 3614 497 mollem
3653 446 3718 499 vis

2169 528 2390 580 omnino
2421 542 2526 580 non
2553 527 2778 591 habere,
2827 541 3087 592 nenmas,
3135 528 3186 582 in
3238 528 3432 598 quibus
3477 531 3580 600 ipsa
3629 545 3716 600 est,

2172 614 2536 688 itagteinpera,
2567 627 2625 671 ut
2657 632 2752 686 pro
2800 616 2862 672 F.
2906 618 2971 672 ϐ.
3015 634 3066 672 a.
3114 627 3167 671 ct
3194 619 3304 688 ipsa
3338 619 3390 673 b.
3443 621 3628 676 habeas
3663 625 3716 680 (ἶ,

2170 721 2220 758 a.
2343 722 2392 760 c.
2430 716 2522 760 aut
2554 707 2596 761 si
2627 685 2750 763 talis
2776 719 2860 763 est
2886 724 3100 773 neuma,
3134 685 3251 780 quae
3281 720 3401 781 post
3431 711 3487 765 D.
3516 713 3572 766 E.
3595 713 3647 767 F.
3675 716 3718 768 in

2170 796 2472 852 elev'atioue
2493 797 2606 850 vult
2633 798 2766 853 duos
2789 807 2945 853 tonos
2971 808 3025 853 et
3052 801 3419 865 semitonium,
3447 803 3580 872 quod
3619 805 3714 872 ipsa

2172 892 2223 942 b.
2279 888 2454 944 mollis
2497 887 2666 954 facit,
2715 899 2808 943 aut
2847 905 2968 959 qua:
3023 900 3144 960 post
3190 891 3253 946 D.
3311 892 3369 946 Ε.
3403 892 3462 947 F.
3503 893 3552 947 in
3580 894 3718 963 depo-

2171 979 2365 1033 sitione
2395 979 2510 1032 vult
2557 980 2693 1035 duos
2741 989 2938 1045 tonos;
2973 996 3070 1051 pro
3124 981 3185 1034 D.
3237 981 3296 1035 E.
3351 981 3415 1036 F.
3450 998 3650 1040 assume
3676 1000 3718 1038 a.

2171 1073 2215 1163 η
2277 1085 2326 1124 c.
2356 1085 2477 1140 qum
2506 1069 2746 1139 ejusdem
2780 1082 2907 1125 sunt
2959 1073 3123 1136 moili,
3157 1080 3211 1126 et
3249 1074 3531 1142 praedictas
3573 1076 3723 1130 eleva-

2173 1166 2346 1216 tiones
2375 1171 2425 1215 et
2449 1161 2814 1230 depositiones
2844 1164 3163 1233 regulariter
3191 1165 3410 1219 habent.
3435 1164 3722 1236 llnjusmodi

2171 1253 2315 1306 enim
2350 1252 2683 1308 elevationes
2724 1264 2778 1307 et
2827 1255 3192 1324 depositiones
3244 1255 3386 1311 inter
3432 1255 3492 1310 D.
3523 1259 3577 1313 Ε.
3601 1259 3636 1312 F
3643 1299 3655 1311 .
3676 1270 3720 1313 et

2173 1360 2224 1398 a.
2355 1360 2408 1397 o.
2441 1344 2588 1399 clare
2611 1346 2926 1400 discernens
2951 1346 3324 1402 confusionem
3367 1350 3594 1405 maxime
3620 1366 3728 1405 con-

2175 1440 2396 1489 trariain
2429 1437 2588 1490 tollit.

2242 1549 2317 1604 Dc
2346 1549 2698 1607 similitudine
2733 1565 2924 1607 vocum
2956 1567 3126 1622 pauca
3157 1550 3593 1624 perstrinximus,
3619 1556 3726 1628 quia

2171 1653 2429 1714 quantum
2473 1644 2770 1699 similitudo
2814 1644 2866 1699 in
2911 1645 3140 1701 diversis
3189 1647 3349 1702 rebus
3389 1650 3727 1717 conquiritur.

2173 1741 2380 1786 tantum
2414 1733 2529 1803 ipsa
2559 1733 2866 1797 diversitas,
2897 1747 2993 1803 per
3017 1749 3178 1804 quam
3209 1748 3363 1790 mens
3386 1735 3600 1792 confusa
3627 1740 3730 1826 diu-

2174 1825 2278 1878 tius
2302 1826 2474 1893 potuit
2503 1823 2770 1886 laborare,
2794 1825 3085 1889 minuitur;
3115 1841 3330 1896 semper
3353 1827 3496 1881 enim
3525 1823 3730 1884 adunata

2170 1915 2356 1970 divisis
2385 1913 2596 1968 facilius
2623 1915 2933 1982 capiuntur.
2964 1913 3164 1970 Omnes
3192 1915 3375 1986 itaque
3404 1919 3544 1972 modi
3568 1917 3732 1974 distin-

2170 2007 2485 2075 ctionesqne
2529 2008 2810 2061 modorum
2865 2006 2949 2060 his
3007 2007 3180 2062 tribus
3234 2017 3494 2078 aptantur
3539 2011 3732 2064 vocibus

2167 2099 2229 2154 C.
2266 2100 2325 2152 D.
2369 2099 2427 2155 E.
2469 2099 2856 2154 Distiuctiones
2893 2111 3073 2153 autem
3107 2100 3227 2154 dico
3259 2117 3353 2155 eas
3401 2118 3521 2172 quae
3569 2118 3596 2155 a
3639 2103 3732 2171 ple-

2167 2192 2350 2259 risque.
2405 2189 2725 2244 tliii'erentite
2771 2202 3075 2256 vocantur,
3128 2191 3230 2246 hoc
3277 2201 3396 2257 est,
3447 2194 3731 2248 seculorum

2169 2297 2339 2334 amen.
2387 2278 2700 2334 Differcntia
2744 2291 2927 2334 autem
2978 2283 3179 2336 idcirco
3226 2284 3460 2348 dicitur,
3506 2301 3567 2341 co
3612 2285 3731 2354 quod

2169 2371 2445 2425 discernat
2491 2387 2586 2426 seu
2633 2383 2851 2442 separet
2885 2374 3072 2444 plagas
3097 2375 3165 2428 ab
3192 2377 3464 2443 autentis;
3503 2389 3731 2432 cat-terunt

2167 2463 2393 2518 abusive
2419 2464 2636 2517 dicitur.
2673 2464 2813 2534 Ergo
2836 2479 3025 2518 omnes
3055 2480 3216 2521 voces
3246 2467 3363 2522 alim
3399 2483 3522 2522 cum
3549 2471 3626 2523 his
3651 2469 3734 2522 ali-

2168 2571 2326 2626 quam
2359 2557 2561 2611 habent
2584 2556 2954 2621 concordiam,
2987 2571 3083 2610 seu
3121 2558 3173 2612 in
3206 2559 3546 2628 depositione
3578 2576 3660 2614 seu
3690 2562 3732 2614 in

2170 2647 2504 2710 elevatiune;
2540 2647 2698 2701 nulla:
2724 2663 2856 2703 vero
2889 2649 2939 2701 in
2975 2659 3203 2719 utroque
3235 2665 3293 2706 se
3318 2651 3576 2706 exhibent
3600 2653 3731 2706 simi-

2171 2738 2248 2793 l'es
2272 2755 2394 2793 cum
2427 2740 2567 2803 aliis,
2602 2740 2703 2794 nisi
2743 2741 2796 2795 iii
2842 2741 3117 2812 diapason.
3151 2741 3255 2798 Sed
3284 2744 3478 2798 horum
3509 2745 3736 2799 similitno

2173 2831 2350 2886 dinem
2404 2834 2645 2887 omnium
2696 2833 2746 2895 in
2802 2832 2903 2887 hac
2953 2833 3147 2903 figura,
3199 2850 3362 2904 quam
3413 2834 3734 2904 subjecinuis,

2174 2923 2418 2993 quisquis
2449 2926 2777 2995 requisierit,
2808 2927 3046 2995 reperire
3074 2928 3273 2996 poterit

1243 3189 2986 3214 ww

1412 3455 1448 3487 ς
1576 3453 1614 3482 υ

1410 3510 1449 3543 o
1577 3505 1613 3536 =
2628 3494 2680 3548 Ξ⁰

1412 3562 1448 3587 ι-
1577 3554 1614 3586 ο
2779 3557 2831 3610 ..Ξ

1411 3611 1448 3639 σε
2041 3660 2052 3672 .
2185 3630 2238 3671 =
2796 3614 2833 3659 Ξ

1409 3664 1447 3690 ω
1577 3675 1613 3702 σε
2019 3694 2054 3722 υ
2186 3699 2238 3710 ...
2612 3673 2664 3721 ’Ξ
2795 3665 2839 3703 ’τ’

1410 3707 1448 3733 ω
1576 3722 1612 3748 ν
2019 3747 2052 3760 _
2187 3736 2223 3764 ω
2629 3726 2662 3768 Ξ
2795 3706 2833 3734 (ι

1337 3387 1350 4005 1
1403 3755 1447 3822 3
1508 3411 1518 4005 1
1559 3771 1612 3834 2
1948 3395 1958 4005 1
2018 3765 2053 3834 Ξ
2170 3793 2223 3824 Ὀ
2281 3412 2292 4005 1
2557 3395 2568 4005 Ι
2722 3407 2736 4005 ι
2793 3781 2846 3825 Ξ.
2889 3397 2901 4005 1

1410 3848 1448 3877 π
1575 3853 1614 3882 υ
1675 3369 1685 4005 1
2003 3857 2054 3870 --
2187 3847 2223 3874 -—~
2627 3836 2664 3902 ἓ
2795 3834 2847 3902 ξ.

1395 3900 1448 3913 0-
2012 3901 2052 3915 ..ι
2187 3901 2224 3927 ω
2626 3910 2665 3938 ω
2796 3911 2847 3942 =

1393 3937 1446 3977 Ω
1578 3940 1614 3972 ε
2017 3940 2053 3967 ιτ
2188 3947 2224 3980 Ο
2628 3945 2639 3956 ⁸
2795 3944 2829 3974 δέ

1171 4957 1531 5026 111
1959 4957 2314 5023 111

1059 5024 1214 5206 In.
1327 5079 1391 5133 ι).
1491 5079 1549 5132 E.
1941 5075 2000 5130 c.
2111 5077 2171 5130 ι).
2285 5077 2343 5130 ε.

1412 3455 1448 3487 ς

1410 3510 1449 3543 Ο

1412 3562 1448 3587 ι-

1411 3611 1448 3639 σε

1409 3664 1447 3690 ω

1410 3707 1448 3733 ω

1409 3755 1447 3784 θ

1403 3806 1446 3822 u-

1410 3848 1448 3877 ﬂ

1393 3937 1446 3977 Ω

1576 3423 1614 3482 =5

1577 3523 1614 3586 Ξ

1562 3605 1612 3653 ’.ἶ

1577 3675 1613 3702 σε

1576 3722 1612 3748 ν

1576 3771 1612 3800 ω

1559 3821 1614 3882 ’ῗῦ

1578 3940 1614 3972 ε

1560 3997 1614 4011 ..-

1153 4119 1191 4174 F

1325 4116 1392 4170 (ἱ.

1505 4129 1531 4164 ιι

2019 3660 2054 3722 :3

2003 3857 2054 3915 ’.ἶ

2017 3940 2053 3967 π

2018 3993 2053 4022 δ.

2004 4065 2056 4115 .I.

2021 4139 2057 4168 υ

2025 4391 2060 4421 ε

2025 4440 2061 4472 Ο

2026 4495 2061 4520 cn

2027 4541 2064 4570 ﬂ

2028 4593 2079 4625 2⁸-

2029 4653 2063 4681 ετ

2013 4739 2065 4778 G

1241 4391 1294 4426 ε.

1242 4428 1279 4444 -ι

1241 4485 1296 4516 ε.

1226 4521 1282 4588 -ῧ

1243 4590 1296 4666 Ξ.

1243 4677 1296 4711 ς.

1244 4718 1282 4748 Ο

1245 4754 1282 4822 ἓ

1408 4355 1464 4413 Ξ

1410 4420 1448 4450 υ

1411 4457 1453 4507 δ’

1411 4512 1450 4568 Ξ

1413 4573 1448 4599 εδ

1413 4607 1450 4666 Ξ

1413 4671 1450 4703 :3

1412 4734 1466 4778 (Β.

1416 4802 1450 4834 :

1416 4863 1470 4926 50::

1100 5378 1324 5434 CAPUT
1363 5377 1452 5434 ιΧ.
1575 5457 1585 5466 _

495 5491 569 5548 De
616 5492 959 5553 similitudine
1001 5509 1179 5565 vocum
1228 5494 1520 5565 inperium,
1555 5511 1778 5565 quarum
1818 5495 2074 5562 diapason

1041 5562 1153 5614 sala
1185 5563 1414 5633 perfecta
1441 5576 1534 5618 est.

519 5722 522 5730 λ
563 5651 900 5722 Supradicta:
926 5667 1107 5716 voces,
1139 5663 1297 5722 prout
1327 5655 1532 5710 similes
1567 5663 1712 5717 sunt,
1747 5664 1929 5723 utpote
1956 5654 2073 5711 alia:

495 5744 545 5799 in
577 5737 905 5807 elevatione,
948 5751 1005 5796 nt
1041 5742 1099 5798 Ο.
1133 5753 1186 5796 et
1216 5742 1283 5808 Ο.
1328 5744 1386 5797 D.
1439 5755 1492 5799 et
1539 5761 1587 5798 a.
1628 5744 1746 5799 alia:
1780 5746 1830 5800 in
1863 5745 2074 5820 deposi-

2779 3557 2833 3640 ’Ξ

2795 3646 2839 3734 Ξ-

2793 3781 2846 3825 ε’.

2795 3834 2830 3880 Ξ

2795 3931 2847 3974 Ξ.

2628 3494 2680 3509 -ο

2628 3518 2663 3531 κ

2628 3535 2662 3548 -

2628 3605 2678 3635 Co

2627 3640 2663 3670 ϐ

2612 3673 2664 3704 τ

2629 3709 2662 3721 Α

2629 3726 2662 3768 Ξ

2627 3773 2680 3784 -ι

2627 3795 2667 3810 ει..

2626 3817 2679 3831 -ο

2630 3836 2664 3865 ε

2627 3871 2664 3902 =5

2626 3910 2665 3938 ω

2628 3945 2639 3956 ι

2454 4053 2726 4068 w

2710 4116 2774 4168 (ἶ.

2881 4134 2929 4171 τι.

3040 4137 3094 4188 q.

2469 4229 2728 4242 ο-ρν-η-

3066 4281 3076 4500 1

3068 4503 3078 4720 1

2185 3630 2238 3671 '3

2186 3699 2223 3764 Ξ

2170 3793 2223 3824 τ

2187 3861 2224 3927 ἔ,

2188 3947 2224 3980 Ο

2193 4258 2243 4288 ε.

2193 4312 2229 4350 ca

2179 4363 2232 4396 ἐ’

2198 4417 2234 4449 Ο

2197 4471 2234 4498 ω

2199 4520 2253 4579 τ’,

2203 4640 2241 4673 ο

2203 4695 2241 4727 5

2202 4749 2242 4780 ο

2970 4398 3010 4428 ο

2973 4440 3010 4473 ε

2973 4487 3012 4518 Ο

2967 4560 3012 4580 ..ο

2973 4598 3012 4626 τι

2973 4638 3012 4670 >

2974 4681 3014 4712 υ

2958 4722 3014 4739 ~

2974 4750 3014 4780 υ

2975 4839 3014 4873 Ε

3071 4723 3078 4808 1

3071 4824 3080 4874 1

3071 4909 3077 4944 l

2805 4317 2841 4340 Ὦ

2791 4510 2843 4561 ’Ξ

2811 4615 2844 4646 υ

2801 4657 2842 4675 -ο

2808 4690 2844 4704 ρ

2808 4709 2844 4723 μ

2807 4738 2845 4767 ω

2807 4783 2861 4814 ,τ-

2809 4831 2845 4859 η

2793 4876 2846 4890 ι-

2795 4906 2847 4944 ε.

2723 5080 2782 5134 c.
2894 5081 2953 5133 ι).
3029 5041 3100 5136 ,ιέ
3181 5025 3194 5208 Ι

2183 5380 2346 5442 tione,
2375 5390 2435 5435 ut
2463 5398 2512 5435 a.
2546 5390 2603 5436 et
2628 5367 2783 5436 EIG.
2816 5393 2870 5436 et
2899 5383 2958 5438 D.
2991 5384 3106 5439 alia:
3134 5385 3185 5440 in
3217 5378 3477 5454 utroque,
3521 5393 3580 5438 ut
3612 5382 3668 5436 C.
3696 5387 3742 5433 rt

2180 5470 2246 5526 G.
2282 5473 2344 5526 E.
2371 5481 2426 5528 et
2450 5458 2598 5563 h’ita
2628 5473 2832 5528 similes
2858 5474 3061 5530 faciunt
3085 5492 3330 5544 neumas,
3358 5477 3492 5531 adeo
3514 5486 3572 5531 ut
3601 5472 3744 5556 unius

2180 5565 2418 5634 cognitio
2447 5560 2648 5634 pandat
2675 5567 2768 5622 tibi
2806 5566 3051 5628 alteram,
3101 5569 3153 5621 in
3199 5570 3394 5637 quibus
3444 5581 3574 5621 vero
3615 5560 3741 5618 nulla

2182 5657 2479 5713 similitudo
2512 5669 2809 5715 monstrata
2842 5670 2947 5724 est,
2978 5659 3060 5716 vel
3099 5677 3219 5731 qua:
3261 5661 3594 5716 diversorum
3643 5673 3746 5711 mo-

2183 5749 2374 5805 dorum
2395 5759 2541 5818 sunt,
2569 5750 2734 5807 altera
2763 5753 2984 5810 alterius
3013 5767 3262 5808 ncumam
3293 5764 3613 5821 cautumque
3648 5760 3742 5802 nan
