4018 6382
204 348 321 405 389

1676 348 2021 407 lilCROLOG
2031 351 2118 407 US

3384 357 3489 416 390

203 467 418 540 recipit
450 445 465 522 ξ
495 466 636 537 quod
664 464 708 522 si
738 463 1034 535 eompellas
1062 462 1325 532 recipere,
1363 460 1801 529 transfer-maliis;
1833 476 1879 533 Α
1909 479 2009 518 nos
2041 464 2341 528 nominant,
2370 463 2461 534 qui
2495 464 2573 521 sic
2605 473 2730 519 sunt
2760 466 2992 522 naturali
3035 467 3102 523 ab
3137 468 3366 527 invicem
3402 475 3485 528 di-

203 569 264 613 ut
301 569 435 631 puta
470 560 515 615 si
545 556 665 629 quis
686 557 850 612 vellet
892 557 1268 628 antiplronam,
1291 554 1443 626 cujus
1485 554 1807 624 principium

202 659 297 705 est
327 651 384 706 in
417 652 477 706 Ι).
503 650 557 704 in
584 650 646 704 E.
675 648 758 703 vel
788 648 839 702 in
890 647 953 702 Ρ.
984 661 1104 718 qua:
1129 654 1256 702 sunt
1280 644 1503 701 alterius
1541 644 1684 700 modi
1714 658 1810 698 vo-

202 754 331 803 ces,
368 739 626 809 incipere,
668 753 789 793 mox
834 737 1019 793 auditu
1051 736 1356 807 perciperet
1384 743 1587 805 quanta
1636 735 1809 790 diver-

201 830 400 884 sitatis
444 827 850 883 transiormatio
896 826 1068 881 ﬁeret.
1102 827 1159 881 ln
1212 825 1276 880 D.
1323 840 1453 881 vero
1498 833 1552 879 et
1588 840 1637 879 a.
1687 838 1809 894 qn:e

201 918 383 973 unius
405 926 531 972 sunt
563 917 727 980 modi,
759 916 1055 986 sepissime
1081 930 1370 987 possumus
1399 916 1647 971 eumdem
1685 931 1806 969 can-

202 1015 335 1060 tum
373 1007 610 1077 incipere
644 1006 728 1060 vel
772 1005 927 1059 linire
959 1024 972 1060 :
1012 1006 1310 1077 smpissime
1340 1014 1518 1059 autem
1563 1006 1698 1070 dixi,
1749 1013 1805 1059 et

201 1111 321 1151 non
358 1111 599 1166 semper,
629 1095 757 1165 quia
785 1094 1100 1161 similitudo,
1147 1094 1250 1150 nisi
1287 1094 1339 1149 in
1372 1095 1647 1164 diapason,
1677 1109 1803 1164 per-

199 1186 356 1241 tecta
387 1201 493 1241 non
520 1194 628 1242 est.
663 1184 761 1240 Ubi
808 1186 948 1239 enim
980 1184 1190 1240 diversa
1222 1193 1307 1240 est
1356 1193 1603 1239 tonorum
1648 1182 1806 1238 semi-

198 1273 596 1344 toniorumque
616 1273 834 1340 positio,
862 1272 955 1326 ﬁat
983 1287 1206 1327 necesse
1234 1282 1317 1326 est
1355 1282 1413 1328 et
1459 1287 1797 1326 netnnarnm.

200 1363 260 1417 In
295 1363 579 1431 przedictis
631 1377 864 1432 namque
905 1362 1151 1429 vocibus,
1194 1372 1250 1417 et
1277 1378 1396 1433 qua:
1446 1361 1607 1416 unius
1656 1361 1799 1416 modi

199 1455 511 1520 dicuntur,
558 1452 1028 1513 dissimilitudines
1089 1454 1465 1519 inveniuntur;
1528 1453 1593 1508 D.
1656 1451 1799 1507 enim

201 1544 505 1614 deponitur
533 1552 682 1610 tono,
707 1558 758 1597 a.
792 1559 921 1599 vero
949 1544 1161 1610 ditono;
1196 1544 1276 1600 sic
1303 1553 1359 1599 et
1384 1544 1436 1598 in
1483 1542 1726 1613 reliquis.

837 1635 1066 1692 CAPUT
1107 1635 1173 1690 X.

317 1729 399 1783 De
426 1728 600 1785 Medis
627 1739 675 1785 ct
706 1728 828 1799 falsi
850 1729 972 1784 ηπειί
997 1730 1262 1800 agnitione
1283 1739 1332 1783 et
1353 1730 1692 1785 correctione.

240 1818 346 1874 ~Ili
373 1828 502 1875 sunt
526 1829 759 1892 quatuor
784 1821 927 1875 modi
955 1820 1040 1874 vel
1080 1821 1240 1891 tropi,
1271 1835 1409 1890 quos
1432 1821 1656 1875 abusive
1705 1827 1783 1874 to-
1810 1814 1857 1874 Β

221 1996 564 2017 —o

1163 2058 1201 2135 η

923 2370 1202 2385 *σι’-ἰ’

1911 554 2164 608 versitate
2189 552 2466 621 disjnncti,
2503 562 2561 608 ut
2587 553 2724 608 alter
2747 554 2901 610 alteri
2931 557 2983 610 in
3025 571 3119 612 sua
3151 560 3278 614 sede
3306 559 3485 616 locum

1909 657 2014 697 non
2050 643 2269 708 tribuat,
2301 644 2546 713 alterque
2571 643 2793 699 alterius
2820 660 3068 699 neumam
3097 656 3190 701 aut
3220 648 3488 703 transfor-

1910 744 2140 789 metant
2168 735 2393 804 recipiat
2428 752 2735 806 nunquam;
2771 737 3104 793 dissonantia
3137 755 3349 808 quoque
3387 757 3488 812 per

1906 820 2193 877 falsitatem
2230 823 2302 877 ita
2332 823 2384 876 in
2411 825 2654 879 canendo
2682 824 2941 894 subrepit,
2968 842 3091 882 eum
3121 839 3215 881 aut
3258 830 3325 885 de
3347 830 3487 885 bene

1906 914 2166 969 dimensis
2192 914 2414 969 vocibus
2440 931 2630 985 parum
2658 917 2785 985 quid
2808 928 3099 987 gravantes
3126 922 3370 987 deruunt,
3399 922 3485 979 vel

1905 1004 2162 1071 adjiciunt
2211 1006 2581 1073 intendentes;
2616 1009 2758 1076 qned
2793 1025 2973 1079 prava:
3012 1026 3173 1066 voces
3203 1012 3481 1068 hominum

1904 1096 2129 1162 faciunt,
2161 1114 2282 1153 cum
2337 1108 2431 1153 ant
2482 1101 2793 1169 praedictam
2853 1103 3116 1157 rationem
3166 1103 3285 1172 plus
3332 1102 3484 1172 justo

1906 1185 2245 1241 intendentes
2277 1188 2356 1242 vel
2388 1189 2745 1253 remittentes,
2777 1204 3024 1245 neumam
3052 1192 3336 1261 cujuslibet
3368 1209 3483 1247 mo-

1903 1277 1955 1330 di
1986 1286 2080 1331 aut
2110 1279 2161 1331 in
2190 1277 2351 1336 alium
2380 1279 2594 1333 modum
2622 1291 2964 1349 pervertunt,
2989 1291 3083 1347 aut
3122 1283 3176 1337 in
3221 1282 3358 1349 loco,
3387 1287 3479 1356 qui

1900 1383 2087 1424 vocem
2142 1384 2247 1424 non
2296 1372 2506 1438 recipit,
2557 1372 2830 1434 inchoant,
2862 1372 2945 1425 vel
2974 1374 3234 1443 quasdam
3278 1374 3482 1431 faciunt

1901 1461 2285 1517 subductiones
2319 1464 2371 1516 in
2410 1465 2538 1518 trito
2558 1504 2572 1528 ,
2601 1479 2720 1533 quae
2750 1464 2926 1520 dieses
2955 1465 3314 1536 appellantur,
3354 1484 3479 1523 cum

1828 1586 1835 1590 -
1901 1568 2007 1607 non
2056 1563 2303 1623 oporteat
2346 1568 2441 1609 cas
2473 1555 2525 1609 in
2557 1570 2713 1609 usum
2751 1557 3058 1623 admittere,
3087 1558 3190 1613 nisi
3222 1574 3476 1629 superve-

1900 1642 2171 1698 nientibus
2194 1645 2361 1699 certis
2391 1643 2546 1702 locis.
2577 1646 2732 1713 Quod
2760 1655 2820 1701 ut
2848 1646 3006 1703 facile
3032 1656 3237 1719 pateat,
3282 1663 3479 1721 propo-

1898 1732 2077 1787 nimus
2107 1733 2412 1803 cxemplnm
2441 1750 2459 1789 :

581 2000 3479 2026 mw

2057 2175 3474 2202 -————_————_———-—-—‘

2388 2555 2671 2568 -ᾠ-

196 2164 2051 2213 -———~aoa—a-a—a-——-—-——a-—a-————a——-—-—a

698 2247 1293 2307 GGGGG
1646 2246 1690 2303 G
1957 2246 2002 2302 (ἲ

196 2341 1338 2396 F~———-————-———.F—-———-—-—-—-
1349 2340 1450 2394 F—
1460 2338 2552 2395 -—-—-——-—F-——-—F——-F-—--—-—F

813 2435 856 2490 E
962 2435 1004 2490 E
1437 2435 1479 2489 E
1904 2435 1948 2488 Ε
2169 2433 2212 2488 Ε
2570 2432 2613 2488 Ε

1364 2533 2344 2585 ο------------’
2348 2524 3429 2589 1)----Ι)----.-...........

536 2646 873 2702 Desiderinm

267 2728 326 2793 in
373 2738 520 2795 nullo
559 2737 701 2793 enim
729 2751 865 2793 sono
895 2734 1035 2789 valet
1076 2734 1214 2796 ﬁeri,
1242 2739 1469 2801 excepto
1522 2729 1682 2785 tertio
1733 2736 1790 2785 et

197 2846 393 2899 sexto;
423 2849 547 2889 nam
583 2834 683 2890 etsi
724 2832 1031 2903 reperiatur
1068 2830 1123 2883 in
1162 2829 1297 2893 alio,
1345 2829 1557 2898 penitus
1601 2842 1788 2883 emen-

197 2928 381 2982 danda
414 2937 527 2988 est;
549 2942 663 2982 .non
688 2925 860 2981 solum
888 2935 1065 2980 autem
1102 2924 1237 2993 ipsa,
1281 2925 1373 2977 sed
1419 2932 1476 2976 et
1516 2921 1689 2985 radix,
1717 2935 1784 2974 ex

197 3034 305 3088 qua
338 3018 604 3072 inutiliter
630 3015 914 3086 processit,
945 3012 1268 3069 eradicanda
1295 3021 1397 3068 est.

266 3108 601 3170 Notandum,
633 3106 810 3178 quod,
856 3105 980 3178 quia
1013 3122 1045 3159 a
1075 3120 1104 3158 a
1138 3104 1458 3173 quibusdam
1513 3100 1780 3157 semitonii

193 3196 316 3254 loco
350 3176 678 3263 admittitur,
706 3196 828 3252 ideo
856 3176 1199 3251 barmoniam
1231 3194 1283 3248 in
1310 3193 1523 3248 modum
1554 3190 1779 3261 plaustri

194 3285 473 3358 vergentis
494 3301 590 3356 per
625 3293 897 3355 petrosam
924 3278 1174 3339 semitam
1205 3282 1515 3338 coniiciunt.
1546 3281 1669 3334 ideo
1692 3295 1781 3334 au-

200 3384 307 3429 tem
341 3372 465 3444 plus
486 3374 912 3443 qnam-omnium
943 3372 1140 3428 artium
1169 3373 1390 3427 musica:
1415 3379 1540 3426 sunt
1580 3369 1778 3439 regula:

196 3465 501 3530 dissoluta,
529 3466 675 3535 quia,
707 3466 834 3519 dum
875 3479 1142 3534 nusquam
1173 3463 1339 3531 aliqui
1380 3470 1668 3532 potuerunt
1720 3476 1777 3515 se

196 3559 260 3610 ad
288 3558 547 3612 semitam
585 3557 892 3622 admittere,
918 3557 1029 3611 imo
1064 3556 1189 3610 dum
1233 3555 1375 3624 pleni
1420 3551 1656 3607 ﬂuminis
1708 3553 1771 3621 (Ι.

196 3646 390 3718 instar)
422 3647 509 3702 cui
543 3647 668 3701 dum
716 3662 825 3702 non
877 3646 1081 3702 snflicit
1133 3645 1384 3714 proprius
1430 3643 1634 3709 alveus,
1678 3657 1776 3712 per

195 3737 432 3808 compita
465 3734 806 3802 diﬂ'unditur;
837 3736 908 3790 ita
940 3736 1038 3807 ipsi
1065 3736 1211 3792 omni
1237 3733 1373 3800 loco,
1417 3748 1525 3804 quo
1559 3734 1775 3788 semito-

194 3829 283 3883 nia
334 3836 709 3893 accreverunt,
754 3827 913 3881 aliam
944 3828 1193 3883 semitam
1224 3826 1521 3896 elegerunt,
1569 3823 1773 3878 scilicet

193 3926 502 3975 metuentes
543 3928 748 3972 arctum
792 3918 997 3989 ingredi
1028 3932 1269 3988 specum,
1317 3931 1385 3973 ne
1439 3914 1767 3986 magnitudo.

190 4024 292 4079 qna
330 4006 663 4078 praecellunt,
697 4009 941 4078 corporis
980 4017 1237 4072 arctetur,
1269 4015 1363 4063 aut
1389 4008 1594 4062 minori
1647 4006 1766 4060 lati-

191 4100 381 4154 tudine
406 4109 499 4153 aut
527 4098 760 4155 breviori
796 4098 1077 4154 altitudine
1109 4099 1378 4170 tegminis.
1437 4097 1536 4153 Ubi
1587 4106 1764 4151 autem

186 4201 295 4244 non
322 4196 578 4260 qnzerunt
604 4188 670 4260 (Ῑ.
697 4189 922 4260 queunt)
958 4191 1172 4261 penitus
1215 4189 1632 4262 ell’ugere,.diesi
1682 4190 1762 4244 usi

189 4288 338 4346 sunt,
369 4278 644 4334 imitantes
693 4277 951 4335 nimirum
1024 4280 1143 4334 illos
1191 4281 1305 4350 qui,
1352 4281 1477 4336 dum
1520 4287 1765 4335 metuunt

189 4369 295 4422 vim
329 4367 547 4437 algoris,
578 4369 686 4423 vim
707 4367 917 4424 faciunt
942 4369 1298 4440 impingentes
1322 4369 1490 4426 semel
1527 4380 1651 4425 ante
1700 4385 1764 4426 os

190 4458 413 4514 camini.

250 4554 425 4625 Igitur
484 4555 600 4611 lucc
638 4555 838 4624 diesis,
879 4571 1035 4627 quae,
1094 4557 1234 4612 sicut
1282 4570 1445 4627 supra
1492 4556 1757 4620 diximus,

199 4643 379 4700 locum
408 4645 676 4702 semitonii
723 4646 909 4711 sumit,
944 4662 1207 4716 nusquam
1235 4647 1491 4702 sumenda
1524 4656 1629 4711 est,
1657 4649 1758 4702 nisi

185 4733 289 4789 isto
325 4734 500 4799 modo,
540 4749 663 4790 eum
712 4736 872 4791 tritus
896 4736 1141 4800 canitur,
1177 4745 1233 4791 et
1254 4736 1527 4791 tetrardus
1557 4736 1762 4806 produ-

182 4826 388 4881 cendus
418 4835 499 4881 est
537 4827 589 4881 in
631 4838 818 4897 proto,
852 4828 1155 4898 iterumque
1193 4827 1541 4898 deponendus
1581 4836 1673 4882 est
1704 4828 1755 4881 in

183 4915 493 4987 semetipso,
548 4919 633 4973 vel
686 4918 738 4973 in
788 4918 979 4974 eodem
1041 4919 1191 4984 trito,
1237 4920 1318 4973 vel
1373 4918 1536 4975 etiam
1587 4919 1758 4988 magis

181 5003 391 5059 inﬁmo.
440 5004 591 5060 Tunc
632 5007 826 5070 tritus,
851 5007 944 5077 qni
974 5016 1173 5077 prmeat
1205 5008 1468 5071 letrardo,
1508 5018 1754 5078 protovc,

181 5093 558 5149 subducendas
580 5105 663 5150 est
694 5096 991 5160 modicum;
1033 5111 1156 5166 qua:
1197 5098 1483 5152 subductio
1521 5097 1758 5168 appella-

182 5189 268 5235 tur
305 5180 503 5245 diesis,
541 5190 598 5238 ct
646 5185 908 5241 medietas
948 5186 1230 5255 sequentis
1268 5188 1571 5247 semitonii.
1614 5189 1752 5243 sicut

183 5273 525 5328 semitonium
575 5284 660 5330 est
714 5276 976 5332 medietas
1023 5279 1299 5347 sequentis
1352 5280 1486 5333 toni.
1535 5279 1752 5335 Metitur

182 5373 357 5419 autem
380 5365 482 5421 boc
506 5367 686 5421 modo.
713 5367 847 5422 Cum
865 5382 896 5421 a
922 5367 988 5423 (ἓ.
1014 5369 1081 5423 ad
1123 5369 1282 5424 tinem
1326 5367 1520 5426 feceris
1554 5387 1746 5427 novem

3229 2730 3256 2767 ο

1888 2797 1964 2852 bit
2017 2798 2214 2865 locum,
2272 2800 2364 2870 qui
2409 2800 2657 2856 similiter
2709 2801 2815 2857 erit
2872 2801 3013 2858 inter
3057 2698 3182 2896 aet
3219 2820 3267 2861 c.
3308 2805 3464 2864 Modo

1887 2889 2047 2944 simili
2080 2906 2110 2944 a
2139 2892 2191 2945 (1.
2236 2906 2422 2961 passus
2454 2891 2583 2946 (iant
2618 2892 2839 2947 totidem
2876 2893 2943 2949 ad
2987 2889 3144 2949 linem
3166 2937 3182 2962 ,
3232 2912 3465 2967 moxque

1884 2981 2133 3036 secundae
2177 2982 2383 3051 patebit
2411 2981 2582 3048 locus,
2615 2985 2922 3053 supradicto
2953 2986 3171 3052 ordine,
3203 3003 3323 3058 qua:
3358 2989 3464 3046 erit

1884 3069 2027 3125 inter
2046 3086 2095 3126 e.
2121 3080 2175 3125 et
2197 3072 2234 3125 Γ.
2257 3071 2406 3128 Tune
2436 3084 2712 3129 revertens
2755 3074 2824 3130 ad
2875 3076 3102 3145 primam
3145 3079 3338 3144 diesin,
3381 3081 3464 3133 di-

1881 3160 2003 3216 vide
2048 3161 2115 3216 ad
2156 3162 2317 3218 ﬁnem
2362 3179 2460 3234 per
2484 3173 2737 3235 quatuor,
2782 3177 2837 3222 et
2873 3167 3077 3237 primus
3110 3170 3238 3241 item
3272 3186 3462 3241 passus

3212 3215 3237 3221 ..
3273 3215 3373 3241 νην.

3192 3215 3238 3335 ᾗ
3345 3263 3373 3298 .~.

1882 3323 2192 3377 terminabit
2245 3324 2387 3380 inter
2432 3341 2482 3381 c.
2523 3335 2576 3381 et
2616 3325 2653 3381 f.
2704 3328 2973 3385 secundus
3016 3332 3155 3389 inter
3188 3312 3238 3429 ξ
3269 3345 3375 3390 etc
3405 3350 3454 3389 ο.

1879 3414 2073 3485 reliqui
2141 3426 2356 3471 vacant.
2415 3418 2780 3475 Admonemus
2846 3437 2976 3477 vero
3057 3414 3308 3480 lectorem
3390 3443 3457 3482 ne

1876 3503 2149 3560 existimet
2197 3522 2295 3561 nos
2351 3508 2640 3578 desipere,
2670 3512 2899 3580 eoquod
2948 3514 3123 3582 primo
3175 3516 3457 3571 omisimus

1878 3592 1979 3648 ista
2006 3596 2261 3651 scribere.
2295 3596 2401 3652 Nos
2421 3598 2563 3652 enim
2595 3610 2813 3668 paratos
2846 3601 3095 3669 habebit,
3126 3617 3246 3674 post
3294 3607 3451 3661 linem

1873 3684 2055 3753 operis
2084 3701 2149 3740 ex
2192 3686 2308 3742 istis
2352 3691 2678 3759 respondere
2714 3690 2844 3757 sibi;
2877 3708 3017 3748 nunc
3050 3694 3116 3748 ad
3160 3706 3334 3766 empta
3365 3712 3450 3752 re-

1872 3784 2019 3829 verta
2028 3792 2166 3831 mur.

1943 3865 2081 3921 Sunt
2104 3868 2267 3923 etiam
2295 3871 2556 3938 nonnulli,
2581 3873 2690 3942 qui,
2721 3871 2811 3929 ubi
2842 3874 3140 3930 debuerant
3169 3877 3449 3933 semidito-

1794 3985 1838 4047 ϐ
1871 3975 1998 4013 num
2028 3959 2336 4028 admittere,
2372 3973 2647 4033 apponunt
2682 3974 2890 4022 tonum.
2914 3966 3067 4034 Quod
3109 3976 3167 4023 nt
3199 3969 3448 4040 exemplo

1866 4058 2068 4120 pateat,
2125 4050 2177 4106 in
2225 4051 2634 4122 Connnnnione,
2687 4056 2884 4126 diffusa
2938 4067 3012 4111 cst
3056 4060 3260 4128 gratia,
3292 4059 3446 4114 multi

1867 4152 2172 4213 propterea,
2208 4145 2351 4214 quod
2398 4154 2517 4200 erat
2555 4147 2917 4217 incipiendum
2958 4148 3012 4203 in
3060 4149 3120 4203 Ρ.
3164 4165 3269 4205 nuo
3320 4160 3448 4205 tono

1866 4236 2155 4305 deponunt,
2195 4250 2317 4291 eum
2356 4246 2483 4292 ante
2526 4236 2590 4293 F.
2632 4248 2790 4295 tonus
2825 4256 2929 4295 non
2984 4241 3050 4297 sit
3086 4260 3099 4296 :
3143 4243 3329 4312 sicque
3364 4244 3442 4306 tit,

1866 4333 1925 4379 ut
1988 4326 2292 4396 ubicunqite
2354 4329 2593 4385 occurrit
2634 4331 3001 4396 semitoninm,
3053 4341 3252 4402 ponant
3296 4333 3442 4388 illum

1865 4414 1965 4467 sub
2008 4412 2069 4477 F,
2102 4416 2245 4485 quod
2283 4416 2428 4471 nullo
2462 4419 2619 4472 modo
2669 4418 2786 4474 ﬁeri
2818 4428 3014 4490 potest,
3057 4430 3112 4476 et
3165 4422 3281 4477 ideo
3321 4422 3442 4478 linis

1862 4504 2271 4564 Communionis
2295 4509 2532 4579 ejusdem
2562 4511 2760 4566 ibidem
2801 4513 3006 4576 veniat,
3039 4514 3127 4568 ubi
3160 4514 3302 4567 nulla
3330 4530 3436 4569 vox

1861 4607 1963 4653 est.
1989 4597 2240 4654 Cantoris
2269 4601 2449 4670 itaque
2477 4602 2684 4670 peritia:
2709 4617 2831 4657 esse
2855 4602 3031 4665 debet,
3067 4618 3176 4672 quo
3208 4603 3325 4658 loco
3353 4603 3440 4658 vel

1861 4687 2020 4743 modo
2057 4688 2352 4757 quamlibet
2391 4705 2641 4744 neumam
2681 4690 2930 4760 incipiat,
2977 4701 3034 4745 ut
3067 4707 3188 4746 eam
3226 4693 3307 4747 vel
3337 4708 3436 4748 suo

1861 4781 2022 4835 modo
2052 4780 2319 4846 restituat,
2358 4780 2466 4839 vel.
2510 4781 2555 4835 si
2588 4782 2824 4837 motione
2852 4797 2986 4852 opus
3021 4791 3126 4849 est,
3155 4783 3222 4838 ad
3249 4781 3434 4839 aliine:

1858 4886 2020 4927 voces
2091 4871 2349 4941 inquirat.
2420 4872 2527 4926 llos
2597 4883 2776 4928 autem
2849 4873 3038 4929 modos
3106 4874 3188 4930 vel
3251 4886 3434 4946 tropos

1857 4977 2028 5031 grzece
2071 4962 2412 5018 nominamus
2452 4971 2703 5035 pratum,
2753 4965 3055 5031 deuterum,
3098 4966 3306 5031 tritum,
3353 4973 3433 5021 te.

1859 5062 2108 5109 trartnm.

2463 5125 2688 5182 CAPUT
2726 5126 2815 5182 XI.

1857 5214 1989 5280 Qum
2029 5230 2149 5281 vox,
2191 5225 2241 5270 et
2285 5231 2449 5286 quare
2486 5218 2541 5271 in
2579 5227 2737 5271 cantu
2789 5217 3016 5273 obtineat
3054 5221 3425 5291 principatum.

1782 5319 1829 5379 ι)
1923 5304 2056 5360 Cum
2102 5315 2282 5361 autem
2320 5306 2544 5375 quilibet
2592 5320 2782 5362 cantus
2822 5310 3072 5366 omnibus
3109 5313 3330 5368 vocibus
3374 5323 3431 5370 et

1856 5396 2028 5451 modis
2054 5394 2166 5461 liat,
2193 5411 2294 5452 vox
2319 5406 2497 5452 tamen
2520 5412 2637 5467 qua:
2666 5408 2885 5455 cantum
2910 5402 3181 5468 terminat,
3218 5403 3431 5460 obtinet

181 5468 390 5524 passus,
436 5456 750 5527 reperisque
799 5472 853 5511 a.
901 5468 1027 5514 tunc
1048 5461 1116 5514 ab
1153 5475 1205 5514 a.
1238 5459 1305 5514 ad
1355 5460 1515 5516 linem
1548 5463 1748 5532 partire

183 5557 274 5611 per
297 5554 526 5616 septem,
557 5556 612 5602 et
637 5547 691 5602 in
724 5548 957 5604 termino
973 5550 1162 5619 primae
1182 5552 1353 5620 partis
1377 5553 1613 5622 reperies
1637 5553 1746 5623 pri.

184 5650 320 5692 mam
355 5636 568 5704 diesim,
604 5637 743 5694 inter
765 5623 811 5707 Β
835 5647 965 5695 etc.
997 5639 1118 5694 Mox
1146 5642 1417 5697 secundus
1462 5652 1518 5698 et
1555 5647 1743 5701 tertius

184 5737 365 5793 passus
385 5737 543 5784 erunt
573 5743 751 5797 vacui,
779 5741 1009 5800 quartus
1028 5745 1157 5788 vero
1188 5731 1330 5788 tertii
1351 5732 1514 5791 diesis
1533 5734 1741 5793 obtine-

1853 5489 2242 5560 principatum;
2276 5505 2342 5546 ea
2375 5492 2518 5546 enim
2559 5502 2614 5547 et
2646 5493 2846 5547 diutius
2870 5502 2925 5548 et
2951 5497 3218 5551 morosius
3247 5505 3423 5551 sonat.

1853 5579 1921 5635 Et
1943 5580 2235 5650 prtemissm
2264 5595 2443 5642 voces,
2479 5597 2599 5652 qua:
2637 5591 2845 5638 tantum
2869 5586 3180 5642 exercitatis
3212 5595 3424 5656 patent,

1851 5670 1926 5724 ita
1947 5673 2016 5726 ad
2052 5686 2173 5726 eam
2200 5671 2542 5741 adaptantur,
2578 5682 2639 5727 ut
2671 5675 2867 5729 mirum
2897 5675 2950 5731 in
2982 5676 3198 5732 mo‘dnm
3224 5692 3417 5749 quam-

1758 5839 1762 5842 ,
1851 5760 1973 5815 dam
2018 5761 2090 5820 ab
2127 5776 2192 5819 ea
2245 5762 2441 5820 coloris
2485 5762 2678 5822 faciem
2730 5764 2928 5825 ducere
2972 5768 3273 5824 videantur.
3315 5766 3419 5823 Per
