3918 5326
555 194 657 253 591

1860 197 2181 256 GUIDONIS
2220 198 2501 255 ARETINI
3376 227 3391 240 '
3718 208 3803 265 592

555 307 895 379 supradictas
927 293 1122 381 nempe
1161 324 1258 366 sex
1289 310 1694 376 consonantias,
1727 312 1844 366 voci
1873 325 1991 380 qua:
2015 327 2145 367 neu-
2172 323 2218 380 Α
2247 312 2357 383 pia,
2387 325 2523 383 Opus
2549 320 2633 369 est
2663 312 2961 371 adltmrere.
2999 315 3277 387 Excipitur
3312 316 3500 374 Tribus
3521 320 3799 389 miracub‘s;

555 413 700 450 mam
757 398 1010 453 terminat
1062 399 1282 470 reliqua:
1326 415 1489 456 voces
1535 399 1868 455 concordare
1924 400 2140 455 debent.

552 489 685 545 Voci
733 505 864 545 vero
894 507 1014 561 quae
1042 506 1263 546 cantum
1295 494 1570 558 terminat,
1608 493 1968 562 principatum
2001 493 2138 562 ejus,

552 590 979 655 cunctarumque
1008 583 1413 639 distinctionum
1445 584 1580 641 ﬁnes
1610 584 1694 639 vel
1748 585 1912 639 etiam
1939 584 2139 655 princi-

968 1162 1172 1174 -ᾑ

2247 402 2396 471 quia,
2433 417 2556 457 eum
2581 412 2777 460 cantus
2815 403 2869 459 in
2900 404 2965 460 E.
2998 402 3250 463 terminat
3280 424 3425 480 saepe
3458 410 3512 464 in
3555 427 3602 465 c.
3642 415 3720 482 qui
3747 418 3801 469 ab

2246 507 2310 547 ea
2341 494 2590 564 diapente
2626 504 2681 550 et
2702 498 3043 553 seaiitonium
3067 500 3249 568 distat,
3281 503 3604 575 principium
3628 507 3797 580 facitia

2249 584 2353 639 bac
2400 586 2739 656 audpbona:

2651 985 2935 1000 —_——

2823 1170 3170 1183 Ἥ

616 978 827 991 _.__._.
860 966 3789 1014 _a__a——————-———-——-a—-——-—a——-——aa————a-—a—-————-———~

903 1043 947 1099 G
1091 1041 1138 1098 G
1244 1042 1290 1098 G
1962 1044 2007 1099 ϐ

2392 1047 2433 1101 G
2725 1048 3147 1109 GGGG

544 1132 2112 1188 F.————--——————F————————-...____

2216 1136 3214 1198 -——-—~F——-—-—F——-————-F
3293 1184 3789 1203 Ἦ

1326 1223 1531 1279 ΕΕΕ
1872 1256 1877 1261 ~
3268 1233 3313 1288 Ε

1569 1316 3797 1369 D—————__.___._._._____________..____

788 1495 977 1550 Tertia-
1001 1497 1111 1550 dies
1132 1506 1229 1560 est,
1260 1495 1399 1566 quod
1429 1496 1540 1549 Iure
1567 1495 1707 1566 facta
1733 1505 1874 1548 sunt.

608 1589 878 1646 Praeterea
917 1604 1039 1643 cum
1079 1588 1312 1659 aliquem
1347 1596 1570 1643 cantare
1594 1588 1863 1651 audimus,
1895 1588 2125 1658 primam

542 1684 662 1753 ejus
691 1698 901 1747 vocem,
932 1679 1235 1748 cuiusmodi
1281 1681 1370 1745 sit,
1408 1681 1749 1749 ignoramus;
1787 1680 1912 1747 quia
1944 1690 2124 1734 utrum

535 1775 645 1829 toni
705 1772 791 1828 vel
838 1773 1126 1831 semitonia
1185 1771 1472 1841 reliqumve
1530 1770 1740 1841 species
1802 1782 2122 1840 sequantur,

531 1865 823 1920 nescimus.
868 1865 1049 1919 Finito
1090 1878 1220 1919 vero
1271 1871 1436 1918 cantu
1475 1862 1677 1917 ultimae
1712 1864 1859 1919 vocis
1902 1865 2123 1917 modum

531 1973 597 2010 ex
661 1956 957 2026 praeteritis
1024 1964 1211 2026 aperte
1272 1937 1645 2023 agnoscimus.
1694 1953 1911 2025 lacepto
1978 1955 2121 2008 enim

529 2046 718 2112 cantu,
751 2047 877 2117 quid
922 2054 1199 2116 sequatur,
1253 2044 1494 2113 ignoras,
1544 2044 1697 2099 ﬁnite
1742 2057 1947 2110 autem,
1994 2045 2123 2113 quid

526 2138 889 2206 praecesserit,
939 2140 1110 2195 vides.
1162 2138 1349 2207 Itaque
1417 2136 1596 2192 tinalis
1653 2152 1754 2191 vox
1800 2146 1901 2200 est,
1957 2152 2119 2206 quam

525 2230 721 2286 melius
748 2231 1043 2285 intuemur.
1085 2230 1288 2285 Deinde
1311 2229 1354 2282 si
1382 2230 1558 2283 eidem
1588 2230 1767 2284 cautui
1792 2245 2005 2284 versum
2029 2239 2121 2283 aut

528 2322 819 2392 psalmum,
853 2333 945 2377 aut
979 2322 1181 2393 aliquid
1221 2322 1357 2376 velis
1393 2321 1754 2393 subiungere,
1799 2325 1865 2377 ad
1904 2322 2118 2377 ﬁnalem

527 2428 716 2469 vocem
747 2415 1083 2485 permavinie
1112 2430 1250 2484 opus
1276 2426 1359 2469 est
1394 2426 1669 2484 coaptare,
1704 2431 1806 2470 non
1832 2415 1896 2470 ad
1922 2416 2113 2486 prima:

522 2506 609 2561 vel
640 2508 869 2562 aliarum
898 2508 1035 2563 adeo
1060 2510 1448 2578 inspectionem
1475 2511 1672 2565 redire.

598 2599 826 2655 Additur
870 2616 1088 2672 quoque
1130 2611 1186 2657 et
1210 2603 1362 2670 illud,
1392 2604 1534 2673 quod
1578 2604 1817 2660 accurati
1843 2617 2031 2661 cantus
2066 2607 2115 2661 in

525 2690 741 2763 ﬁnalem
789 2708 977 2769 vocem
1022 2697 1257 2751 maxime
1303 2698 1681 2753 distinctiones
1726 2701 1957 2754 mittant.
2008 2700 2117 2757 Nec

521 2784 720 2839 mirum
761 2795 846 2840 est
885 2786 1101 2858 regulas
1148 2789 1410 2843 musicam
1461 2805 1676 2844 sumere
1723 2806 1750 2844 a
1786 2790 1927 2845 ﬁnali
1960 2806 2111 2857 voce,

521 2891 643 2941 cum
679 2884 733 2931 et
768 2876 820 2931 in
853 2878 1235 2934 Grammatica:
1266 2880 1509 2949 partibus
1551 2882 1683 2936 artis
1731 2897 1865 2953 pene
1913 2883 2112 2954 ubique

518 2966 628 3031 vim
661 2984 852 3024 sensus
885 2969 937 3024 in
966 2971 1174 3026 ultimis
1218 2971 1414 3027 litteris
1439 2972 1519 3027 vel
1550 2973 1766 3043 syllabis
1807 2989 1904 3042 per
1931 2988 2125 3038 casus,_

522 3072 804 3125 numeros,
837 3077 1119 3131 personas,
1151 3072 1501 3133 temporaque
1529 3065 1907 3120 discernimus.
1942 3067 2111 3134 lgitnr

517 3150 642 3219 quia
694 3161 751 3207 et
793 3154 973 3210 omnis
1011 3154 1130 3210 laus
1186 3155 1237 3208 in
1288 3154 1392 3209 (ine
1430 3156 1674 3219 canitur,
1711 3157 1835 3227 jure
1879 3158 2109 3216 dicimus

516 3242 660 3310 quod
707 3244 885 3300 omnis
931 3255 1122 3301 cantus
1160 3247 1208 3300 ei
1245 3246 1320 3301 sit
1356 3248 1514 3302 modo
1540 3246 1838 3316 subjectus,
1869 3260 1922 3303 et
1951 3251 2018 3305 ab
2044 3266 2109 3306 eo

517 3332 680 3389 modo
720 3334 960 3406 regulam
1007 3346 1217 3402 sumat,
1263 3339 1353 3407 qui
1405 3339 1628 3395 ultimus
1669 3350 1844 3396 sonat.
1874 3341 1917 3395 Α
1959 3343 2106 3397 iinali

522 3424 705 3494 itaque
732 3440 862 3481 voce
901 3429 967 3481 ad
1012 3429 1258 3497 quintam
1291 3429 1342 3483 in
1375 3431 1612 3500 quolibet
1641 3441 1804 3485 cantu
1844 3431 1990 3500 justa
2024 3443 2108 3488 est

520 3513 804 3583 depositio,
840 3524 895 3569 et
928 3533 1099 3587 usque
1136 3519 1202 3574 ad
1230 3530 1454 3574 octavas
1485 3521 1732 3587 elevatio,
1764 3522 1890 3577 licet
1919 3533 2106 3578 contra

513 3600 657 3659 hanc
686 3605 922 3674 regulam
954 3620 1094 3675 smpe
1125 3609 1236 3672 liat,
1270 3624 1391 3664 cum
1421 3610 1486 3663 ad
1521 3626 1739 3675 nonam,
1767 3612 2105 3666 decimamve

516 3692 599 3749 vel
634 3697 974 3752 undecimam
1005 3700 1443 3769 progrediamur.
1471 3701 1625 3757 Unde
1650 3712 1705 3758 et
1738 3703 1926 3759 finales
1947 3721 2107 3761 veccs

512 3792 821 3840 statuerunt
855 3788 914 3840 Ι).
947 3787 1007 3840 Ε.
1041 3786 1102 3840 F.
1135 3787 1200 3842 G.
1235 3790 1359 3859 quia
1391 3791 1473 3844 bis
1515 3792 1751 3861 primum
1792 3794 2103 3861 prtedietam

512 3872 870 3930 elevationem
920 3876 1004 3931 vel
1059 3877 1450 3948 depositionem
1505 3882 1857 3937 monochordi
1907 3884 2105 3952 positio

510 3966 972 4033 commodaverit;
1008 3969 1213 4026 habent
1260 3971 1404 4026 enim
1457 3973 1573 4029 brec
1629 3975 1882 4030 deorsum
1937 3993 2100 4032 unum

514 4058 922 4113 tetrachordum
985 4063 1278 4131 gravium,
1349 4078 1565 4120 sursum
1644 4081 1771 4123 vero
1841 4068 1948 4124 duo
1976 4086 2104 4124 aett-

512 4154 716 4203 tarum.

1116 4244 1346 4303 CAPUT
1375 4248 1486 4302 XII.

733 4334 811 4389 De
839 4336 1091 4393 divisione
1113 4350 1343 4410 quatuor
1363 4343 1636 4397 modorum
1660 4345 1710 4396 in
1734 4354 1868 4397 octo.

577 4425 788 4483 Interea
811 4443 932 4484 cum
983 4441 1173 4486 cantus
1199 4434 1358 4488 unius
1398 4435 1564 4499 modi,
1609 4444 1794 4504 utpote
1830 4437 1988 4505 preti,
2027 4437 2094 4492 ad

863 4578 973 4636 Dac
1047 4599 1076 4637 a
1226 4601 1256 4640 a
1341 4586 1526 4642 GF‘E
1633 4588 1677 4644 G
1751 4590 1839 4644 FE
1953 4591 2039 4644 DD

860 4649 1129 4707 Primum
1181 4673 1298 4725 qua:
1338 4658 1381 4711 ri
1455 4669 1504 4713 te
1628 4676 1681 4713 re
1708 4678 1866 4731 gnum
1947 4661 2042 4714 Dei

577 4781 693 4837 Mox
726 4784 870 4837 enim
909 4794 968 4840 ut
1005 4801 1128 4841 cum
1167 4786 1275 4842 ﬁne
1326 4788 1553 4858 alicujus
1596 4792 1905 4862 antipboua:
1952 4793 2093 4847 banc

503 4887 753 4927 neumam
800 4876 940 4930 bene
982 4877 1276 4933 viderimus
1319 4881 1641 4948 convenire,
1686 4883 1829 4951 quod
1885 4886 2094 4938 autcnti

502 4965 640 5032 preti
693 4967 790 5033 sit,
834 4983 940 5022 non
989 4980 1073 5024 est
1116 4986 1254 5039 opus
1304 4973 1591 5039 dubitare;
1643 4976 1722 5029 sic
1767 4985 1819 5029 ct
1856 4976 1922 5030 de
1967 4978 2092 5031 reli-

502 5072 646 5125 quis.

573 5150 652 5204 Ad
688 5166 787 5207 nec
816 5154 978 5208 etiam
1006 5157 1438 5227 cognoscendum
1476 5158 1769 5227 plurimum
1810 5160 1990 5215 valent
2042 5173 2097 5216 et

502 5256 688 5298 versus
718 5247 1117 5302 nocturnalium
1154 5250 1644 5320 rcspousoriorum,
1673 5262 1728 5306 et
1758 5251 1948 5321 ps:ilini
1976 5252 2094 5308 uilio

2157 1482 2202 1540 Β
2232 1494 2688 1562 comparationem
2732 1495 2855 1550 ﬁnis
2888 1503 3000 1550 tum
3041 1497 3148 1550 sint
3184 1511 3377 1567 graves
3416 1509 3465 1553 et
3506 1499 3664 1568 ιιίιιιί,
3697 1512 3791 1554 tum

2230 1585 2371 1639 acuti
2402 1596 2454 1638 et
2481 1584 2597 1650 alti,
2623 1600 2814 1640 versus
2835 1594 2888 1641 et
2910 1585 3119 1655 psalmi,
3149 1588 3275 1642 et'si
3298 1590 3448 1658 quid,
3488 1600 3544 1643 ut
3565 1591 3788 1655 diximus,

2231 1676 2321 1731 [ini
2353 1677 2648 1747 aptandum
2676 1686 2817 1741 erat,
2860 1693 2968 1733 uno
2998 1680 3297 1749 eodemque
3330 1681 3491 1734 modo
3526 1683 3787 1751 prolatum,

2230 1769 2457 1824 diversis
2477 1769 2651 1837 aptari
2690 1785 2796 1823 non
2825 1779 3058 1839 poterat.
3093 1769 3244 1836 Quod
3268 1772 3413 1826 enim
3450 1772 3788 1843 subiungeba-

2232 1871 2335 1927 tur,
2370 1860 2415 1917 si
2453 1871 2572 1915 erat
2605 1877 2791 1932 grave,
2826 1878 2947 1917 cum
2989 1863 3164 1919 acutis
3209 1877 3315 1917 non
3358 1865 3722 1930 conveniebat,
3750 1864 3787 1919 si

2228 1964 2346 2010 erat
2399 1965 2652 2020 acutmn,
2715 1971 2746 2009 a
2796 1955 3050 2026 gravibus
3103 1956 3468 2011 discordabat.
3519 1956 3785 2011 Consilium

2228 2048 2410 2118 itaque
2437 2047 2558 2111 fuit,
2591 2057 2653 2102 ut
2681 2050 2908 2119 quisque
2936 2049 3125 2103 modus
3154 2048 3450 2116 partiretur
3483 2049 3536 2104 in
3561 2049 3705 2116 duos,
3742 2049 3788 2103 id

2225 2151 2327 2207 est,
2356 2151 2570 2196 acutum
2598 2149 2654 2195 et
2675 2156 2918 2209 gravem,
2965 2141 3377 2212 distributisque
3410 2144 3612 2213 regulis
3647 2151 3785 2197 acuta

2225 2250 2346 2288 cum
2397 2233 2602 2299 acutis,
2662 2243 2717 2287 et
2778 2234 2961 2303 gravia
3018 2234 3379 2289 convenirent
3430 2235 3703 2304 gravibus,
3739 2242 3786 2288 et

2222 2332 2414 2378 acutus
2457 2324 2687 2394 quisque
2717 2324 2910 2378 modus
2950 2324 3224 2378 diceretur
3258 2326 3588 2389 auteutieus,
3620 2326 3668 2379 id
3693 2335 3782 2389 est,

2223 2416 2514 2472 auctoralis
2543 2425 2598 2471 et
2638 2416 2921 2486 princeps;
2961 2415 3144 2485 gravis
3173 2425 3355 2470 autem
3395 2415 3549 2487 plaga
3587 2431 3783 2473 vocare‘

2224 2518 2329 2574 tur,
2355 2508 2407 2563 id
2454 2516 2557 2571 est,
2609 2506 2846 2562 lateralis
2892 2516 2948 2562 et
3001 2507 3200 2561 minor.
3261 2505 3363 2573 Qui
3419 2509 3563 2562 enim
3611 2507 3783 2561 dicitur

2221 2612 2368 2657 stare
2419 2601 2485 2655 ad
2535 2600 2678 2655 latus
2723 2614 2928 2665 meum,
2959 2600 3138 2653 minor
3185 2614 3270 2654 me
3295 2611 3401 2666 est,
3452 2609 3701 2654 cartorum
3743 2598 3779 2651 si

2219 2701 2363 2746 esset
2388 2684 2582 2761 major,
2615 2705 2716 2760 ego
2743 2691 2922 2760 aptius
2965 2690 3178 2745 dicerer
3218 2700 3365 2745 Stare
3390 2689 3458 2744 ad
3500 2688 3636 2743 latus
3662 2687 3777 2756 ejus.

2218 2786 2351 2838 Cum
2383 2800 2512 2855 ergo
2557 2783 2771 2838 dicatur
2815 2792 3070 2838 autentus
3116 2793 3303 2852 pretus
3341 2790 3395 2835 ct
3426 2782 3598 2853 plagis
3635 2781 3777 2851 preti,

2215 2875 2465 2930 similiter
2515 2873 2583 2928 de
2640 2872 2895 2942 reliquis,
2947 2874 3039 2941 qui
3100 2871 3425 2925 naturaliter
3476 2872 3531 2925 in
3582 2871 3779 2925 vocibus

2213 2975 2370 3021 erant
2413 2976 2611 3037 quater
2656 2966 2838 3030 divisi,
2896 2966 2951 3020 in
3003 2966 3256 3021 cantibus
3303 2964 3431 3018 facti
3486 2974 3612 3019 sunt
3653 2973 3774 3018 octo.

2210 3060 2414 3115 Abusio
2458 3069 2643 3115 autem
2704 3059 2928 3114 tradidit
2971 3058 3156 3114 latinis
3184 3059 3368 3112 dicere
3397 3074 3411 3113 :
3437 3072 3537 3118 pro
3581 3065 3777 3111 anteme

2211 3161 2434 3224 protect
2456 3153 2627 3223 plagis
2650 3150 3032 3222 proti,primus
3046 3158 3101 3203 et
3124 3148 3423 3213 secundus;
3451 3162 3552 3216 pre
3582 3150 3775 3200 autenm

2210 3248 2437 3300 deutere
2477 3253 2532 3297 et
2576 3243 2748 3314 plagis
2804 3239 3040 3304 deuteri,
3090 3239 3283 3293 tertius
3306 3246 3362 3291 ct
3417 3246 3665 3306 quartus;
3696 3248 3775 3303 pro

2209 3342 2433 3390 auteuto
2467 3335 2594 3387 trito
2650 3342 2705 3387 et
2768 3331 2941 3401 plagis
3003 3329 3139 3394 triti,
3185 3328 3409 3397 quintus
3470 3338 3528 3379 et
3584 3335 3770 3384 sextus;

2209 3441 2307 3495 pro
2343 3434 2564 3479 autento
2598 3423 2838 3478 tetrardo
2880 3429 2935 3477 et
2979 3420 3151 3490 plagis
3175 3418 3422 3484 tetrardi,
3458 3417 3773 3487 scptimuset

2208 3527 2455 3572 octavus.
3798 3524 3805 3532 ’

2797 3604 3029 3662 CAPUT
3067 3604 3203 3658 λιιι.

2206 3702 2284 3758 De
2328 3711 2442 3756 octo
2480 3699 2755 3755 modorum
2787 3698 3073 3769 agnitione,
3126 3696 3370 3749 acumine
3417 3703 3465 3747 et
3521 3692 3768 3763 gravitate.

2277 3795 2443 3866 lgitur
2467 3804 2590 3849 octo
2612 3804 2737 3848 sunt
2764 3792 2929 3854 modi,
2962 3800 3021 3844 ut
3050 3799 3175 3845 octo
3205 3800 3387 3858 partes
3412 3786 3688 3846 orationis,
3723 3789 3769 3835 et

2205 3898 2327 3944 octo
2359 3887 2547 3942 forma:
2578 3884 2949 3949 beatitudinis,
3002 3898 3099 3953 per
3138 3897 3273 3952 quos
3301 3882 3483 3936 onmis
3522 3878 3767 3934 cantilena

2205 3983 2519 4036 discurrens
2555 3989 2677 4034 octo
2708 3977 3066 4033 dissimilibus
3092 3977 3315 4032 vocibus
3347 3985 3412 4046 et
3440 3969 3769 4043 qualitatibus

2204 4075 2466 4130 variatur.
2503 4072 2584 4127 Ad
2620 4088 2756 4141 quos
2802 4072 2857 4125 in
2900 4070 3151 4127 cautibus
3192 4066 3584 4123 discernendos
3623 4063 3766 4116 etiam

2125 4181 2176 4241 υ
2203 4173 2448 4244 qttzedam
2473 4185 2680 4225 neumze
2703 4169 2935 4223 inventa:
2964 4174 3109 4230 sunt,
3143 4181 3207 4220 ex
3233 4179 3464 4234 quarum
3493 4157 3767 4233 aptitudiae

2199 4265 2272 4319 ita
2297 4263 2512 4319 modum
2535 4261 2800 4316 cantionis
2825 4258 3186 4330 agnoscimus,
3214 4258 3354 4311 sicut
3375 4269 3520 4324 saepe
3551 4267 3612 4309 ex
3643 4255 3766 4318 apti-

2199 4358 2384 4412 tudine
2438 4354 2709 4426 corporis,
2767 4366 2889 4423 qua:
2954 4349 3109 4420 cujus
3171 4348 3245 4404 sit
3301 4346 3517 4410 tunica,
3590 4336 3765 4410 repeti-

2201 4466 2337 4514 mus,
2367 4458 2426 4502 ut
2451 4467 2464 4501 :

2143 4577 3309 4645 CFGaGaGFEFGaGFEFD.

2196 4795 2406 4858 partem
2437 4788 2628 4840 borum
2656 4800 2777 4855 qua:
2799 4783 3056 4838 dicuntur
3109 4781 3383 4852 intelligit.
3444 4780 3522 4835 lbi
3554 4776 3688 4833 enim
3713 4775 3761 4829 in

2196 4880 2387 4936 formis
2414 4876 2765 4948 prmvidetur,
2818 4877 3016 4947 quibus
3063 4876 3118 4930 in
3161 4874 3389 4931 vocibus
3445 4872 3758 4943 singulorum

2200 4970 2480 5025 modorum
2512 4978 2707 5023 cantus
2752 4969 2931 5022 rarius
2974 4967 3241 5035 smpitlsve
3292 4965 3599 5033 incipiatur.
3635 4959 3758 5015 etin

2199 5060 2396 5131 quibus
2423 5060 2649 5114 minime
2676 5061 2727 5113 id
2761 5058 2859 5113 ﬁat
2885 5076 2898 5111 :
2935 5066 2995 5112 ut
3021 5058 3072 5112 in
3114 5057 3288 5129 plagis
3311 5057 3527 5128 quidem
3555 5052 3762 5111 minimc

2198 5154 2326 5211 licet
2355 5154 2438 5209 vel
2479 5152 2747 5223 principia
2778 5152 2864 5207 vel
2901 5152 3041 5208 ﬁnes
3076 5152 3491 5207 disdnctionum
3512 5151 3576 5202 ad
3617 5146 3761 5214 quin-

2197 5254 2280 5299 tas
2316 5244 2624 5311 intendere,
2686 5260 2809 5300 cum
2847 5253 2905 5299 et
2948 5244 3017 5298 ad
3068 5252 3295 5312 quartas
3347 5255 3570 5311 perraro
3602 5237 3758 5291 soleat
