4018 6382
161 356 273 415 593

1617 347 2081 416 ωιοηοιοαυε.

3330 363 3436 419 ὅθι

166 471 241 526 ad
274 478 464 527 sertas
495 469 798 538 intendere,
852 467 1020 543 plaga
1056 481 1187 527 vero
1223 467 1366 542 preti
1406 467 1489 526 vel
1522 471 1635 526 triti
1691 471 1759 527 ad
1790 457 1838 517 Α
1867 469 2047 532 biliter
2087 464 2382 548 penetralia
2433 465 2634 530 cordis.
2666 469 2794 530 lnde
2828 481 2934 541 est,
2971 477 3112 546 quod
3144 474 3283 533 sicut
3319 479 3437 547 qni-

167 563 371 618 tertias
416 548 709 618 intendunt
735 579 752 630 ;
781 572 840 620 et
878 562 1051 636 plagae
1097 563 1310 620 deuteri
1339 570 1396 618 et
1426 551 1653 619 tetrardi
1689 557 1757 618 ad

165 665 405 725 quartas
435 656 750 712 intendunt.

241 749 560 805 Memineris
576 758 860 819 praeterea,
896 749 1038 820 quod
1061 741 1481 806 sicutusualium
1501 755 1756 803 eantuum

164 837 526 894 attestatione
560 836 900 906 perhibetur,
943 834 1147 892 autenti
1174 839 1264 891 vix
1300 852 1328 891 a
1367 852 1464 891 suo
1491 836 1601 892 line
1641 835 1758 906 plus

165 944 281 983 una
336 941 472 983 voce
527 925 879 984 descendunt.
925 927 1005 984 Ex
1059 928 1254 998 quibus
1304 935 1555 982 autentus
1601 927 1760 1000 tritus

169 1020 460 1074 rarissime
522 1018 576 1074 id
633 1019 812 1074 facere
853 1029 1076 1091 propter
1131 1007 1434 1087 subjectum
1487 1005 1757 1074 semitonii

167 1107 638 1178 imperfectionem
688 1109 922 1163 videtur.
968 1109 1281 1164 Ascenduut
1325 1116 1505 1163 autem
1553 1107 1759 1164 autenti

166 1213 344 1268 usque
387 1202 454 1253 ad
490 1211 735 1254 octavam
779 1208 835 1255 et
878 1217 1097 1266 nonam,
1135 1201 1220 1255 vel
1267 1201 1431 1256 etiam
1467 1201 1755 1255 decimam.

173 1285 363 1361 Plaga
407 1305 534 1346 vero
567 1292 636 1346 ad
673 1292 892 1361 quintas
917 1293 1265 1347 remittuntur
1293 1303 1349 1348 et
1383 1294 1757 1348 intenduntur.

170 1381 287 1436 Sed
310 1370 606 1440 intensioni
625 1394 781 1438 sexta
814 1382 898 1437 vel
937 1383 1166 1454 septima
1201 1383 1523 1438 auctoritate
1567 1382 1759 1436 tribui-

169 1484 280 1540 tur,
334 1474 481 1530 sicut
529 1475 582 1528 in
600 1477 848 1531 'autentis
873 1491 1013 1530 nona
1063 1485 1118 1530 et
1143 1474 1371 1531 decima.
1424 1476 1601 1544 Plagae
1631 1490 1759 1530 vero

167 1567 337 1635 proti,
376 1566 608 1632 deuteri,
651 1575 705 1622 et
733 1567 845 1622 triti
875 1565 1164 1637 aliquando
1206 1568 1258 1621 in
1287 1582 1336 1620 a.
1368 1567 1430 1634 ω.
1486 1581 1536 1621 c.
1570 1574 1760 1620 acutas

169 1657 490 1712 necessario
523 1656 805 1712 ﬁniuntur.

241 1751 587 1820 Supradicta:
612 1735 796 1805 autem
831 1752 1026 1822 regulae
1053 1751 1387 1822 permaxima
1421 1759 1679 1806 caventur
1704 1751 1758 1805 in

170 1843 487 1913 antiphonis
529 1853 585 1898 et
610 1845 991 1913 responsoriis,
1029 1859 1260 1914 quorum
1293 1853 1486 1899 cautus
1519 1852 1579 1898 ut
1610 1840 1756 1913 psal-

173 1934 280 1988 mis
307 1941 366 1988 et
418 1933 668 1988 versibus
719 1942 1058 2003 coaptentur,
1105 1942 1346 2005 Oportet,
1383 1933 1760 1990 communibus

174 2026 383 2096 regulis
415 2025 728 2081 fulciantur.
761 2026 1014 2096 Alioquin
1049 2027 1234 2096 plures
1263 2037 1458 2083 cantus
1497 2027 1758 2092 invenies,

175 2114 229 2170 in
261 2115 464 2185 quibus
499 2117 635 2170 adeo
663 2114 1012 2170 confunditur
1045 2116 1284 2186 gravitas
1331 2125 1386 2171 et
1421 2129 1670 2182 acumen,
1702 2124 1762 2170 ut

176 2220 284 2258 non
339 2204 518 2274 possit
567 2203 796 2272 adverti,
856 2206 941 2261 cui
992 2207 1182 2278 magis,
1222 2207 1274 2262 id
1309 2215 1409 2269 est,
1441 2215 1663 2262 autento
1691 2221 1760 2262 an

175 2291 350 2363 plagae
384 2291 754 2347 conferantur.
787 2293 1058 2350 Praeterea
1095 2303 1149 2349 et
1189 2294 1241 2348 in
1287 2293 1593 2365 ignotorum
1635 2310 1762 2350 can-

184 2392 334 2437 tuum
381 2384 1153 2456 inquisitione,pmdictarum
1196 2397 1508 2441 ncumatum
1537 2396 1594 2442 et
1637 2388 1763 2443 sub-

171 2471 519 2541 junctienum
576 2477 912 2546 appositione
943 2477 1231 2546 plurimum
1271 2471 1611 2546 adiuvamur,
1638 2492 1760 2533 cum

181 2565 372 2620 talium
409 2567 710 2636 aptitudine
756 2568 875 2624 soni
927 2568 1187 2638 cujusque
1236 2569 1619 2640 proprietatem
1665 2581 1763 2638 per

179 2657 288 2710 vim
322 2658 585 2727 tropicam
615 2659 906 2714 intuemur.
950 2659 1044 2714 Est
1089 2669 1270 2715 autem
1319 2669 1508 2730 trepus
1554 2660 1762 2730 species

176 2749 473 2815 cantionis,
506 2749 596 2820 qui
625 2759 678 2806 et
712 2750 904 2806 modus
931 2749 1109 2807 dictus
1147 2760 1251 2819 est,
1287 2759 1345 2806 et
1373 2751 1550 2806 adhuc
1579 2751 1763 2806 dicen-

178 2839 307 2894 dum
332 2847 417 2896 est
446 2840 514 2896 de
547 2855 630 2897 eo.

768 2949 996 3015 CAPUT
1027 2957 1167 3016 XIV.

529 3063 604 3121 De
632 3069 815 3139 tropis,
850 3080 897 3124 et
943 3071 1134 3126 uirtute
1170 3073 1403 3128 musicis.

252 3172 461 3232 Horum
501 3179 718 3250 quidam
769 3189 1046 3252 troporum
1086 3184 1366 3239 exercitati
1405 3200 1502 3240 usu
1535 3184 1610 3240 ita
1637 3199 1762 3255 pro-

183 3269 444 3337 prietates
476 3279 532 3326 et
559 3272 822 3329 discretas
849 3273 1039 3339 facies,
1068 3283 1126 3330 ut
1159 3276 1232 3330 ita
1257 3276 1458 3341 dicam,
1491 3276 1762 3346 extemplo

186 3367 244 3413 ut
292 3359 585 3428 audierint,
623 3374 1051 3433 recognoscunt,
1092 3365 1234 3419 sicut
1273 3366 1478 3434 peritus
1521 3366 1762 3436 gentium

186 3465 372 3506 coram
424 3453 614 3521 positis
666 3453 848 3510 multis
886 3454 1102 3512 habitus
1135 3471 1322 3512 eorum
1355 3457 1552 3512 intueri
1585 3463 1765 3528 potest

185 3551 239 3596 et
261 3540 442 3598 dicere
467 3561 498 3597 :.
515 3542 602 3601 hic
630 3542 848 3603 Graecus
871 3557 972 3613 est,
1002 3548 1090 3603 ille
1107 3548 1392 3619 Hispanus,
1425 3549 1514 3605 hic
1541 3547 1764 3607 Latinus

186 3641 240 3686 et
261 3633 349 3688 ille
378 3631 727 3701 Teutonicus,
758 3637 859 3693 iste
878 3654 1008 3693 vero
1035 3638 1222 3695 Gallus
1248 3657 1261 3694 :
1296 3648 1458 3709 atque.
1488 3641 1560 3695 ita
1589 3643 1764 3697 diver-

188 3720 317 3775 sitas
349 3731 626 3790 troporum
661 3724 963 3781 diversitati
1008 3728 1272 3783 mentium
1327 3739 1643 3800 coaptatur,
1703 3741 1764 3786 ut

189 3822 324 3864 unus
345 3813 550 3866 autenti
582 3814 788 3869 deuteri
817 3815 1009 3872 fractis
1030 3817 1252 3874 saltibus
1277 3818 1596 3886 delectetur;
1627 3821 1762 3878 alius

191 3899 353 3970 plaga:
389 3903 503 3958 triti
530 3904 1070 3978 eligatvoluptatem;
1097 3909 1187 3964 uni
1217 3910 1508 3981 garrulitas
1540 3911 1762 3967 tetrardi

191 3993 391 4045 autenti
425 3996 594 4065 magis
624 3995 826 4066 placet;
860 3998 997 4054 alter
1032 3996 1274 4071 ejusdem
1319 4001 1487 4074 plagae
1529 4003 1768 4058 suavita-

195 4087 296 4134 tem
319 4083 538 4150 probat;
571 4085 651 4140 sic
676 4095 731 4140 et
761 4087 828 4142 de
855 4087 1099 4160 reliquis.

259 4167 367 4223 Nec
399 4172 613 4237 mirum,
644 4175 687 4228 si
715 4177 979 4233 varietate
1002 4190 1258 4234 sonorum
1281 4177 1584 4236 delectatur
1614 4181 1765 4237 audi-

197 4263 297 4324 tus,
343 4275 462 4314 cum
513 4264 772 4319 varietate
813 4265 1053 4322 colorum
1109 4269 1407 4341 gratuletur
1461 4271 1631 4337 visus,
1671 4286 1767 4326 va-

199 4349 384 4405 rietate
426 4353 651 4409 odorum
692 4355 938 4412 foveatur
965 4358 1214 4426 olfactus,
1245 4361 1577 4430 mutatisque
1606 4376 1766 4430 sapo-

199 4438 344 4492 ribus
393 4439 573 4512 lingua
613 4447 962 4515 congaudeat.
1014 4448 1104 4504 Sic
1144 4450 1287 4503 enim
1337 4459 1434 4520 per
1476 4450 1758 4506 feltestratr

195 4533 435 4602 corporis
477 4537 871 4596 delcctabilium
915 4555 1094 4599 rerum
1131 4547 1369 4602 suavitas
1408 4547 1574 4601 intrat
1603 4547 1763 4601 mira-
1791 4579 1842 4638 Β

1414 4739 1491 4794 De
1527 4737 1816 4795 collatione
1845 4737 2282 4810 proportionem.

1083 5371 1149 5426 Α.
1225 5370 1590 5425 Diatessaron.

3175 5454 3191 5460 -
3229 5454 3240 5488 ι

481 5486 1008 5613 Ξ-
1041 5499 1196 5698 «alii
1677 5497 1764 5604 lsi
1825 5524 1880 5608 ξ’
2390 5551 2427 5603 ,ε

482 5623 522 5648 ⁸⁵
668 5629 885 5694 “uincta
1041 5609 1078 5641 ⁵
1141 5613 1180 5641 ⁶⁹
1333 5623 1535 5702 ηιιὶιεῐ·
1636 5693 1638 5696 ν
2021 5629 2225 5692 qttiultc
2390 5613 2426 5641 ³·
2779 5663 2788 5675 .

595 5775 864 5837 Parnm“
902 5765 1012 5836 CX
1029 5767 1062 5830 ι
1079 5766 1126 5835 l.

1771 5365 1832 5422 Ι).
1912 5359 2188 5440 Diupente.

1859 563 2084 621 busdam
2120 566 2425 635 saporibus,
2457 565 2726 621 coloribus
2751 575 2805 622 et
2840 567 3115 633 odoribus,
3153 568 3238 624 vel
3266 570 3434 626 etiam

1859 656 2100 710 colorum
2125 656 2324 711 intuitu
2355 655 2500 712 salus
2546 665 2659 710 tam
2702 658 2879 714 cordis
2913 673 3077 728 quam
3107 660 3320 731 coporis
3351 662 3436 718 vel

1860 746 2125 800 minuitur
2151 737 2233 801 vel
2275 755 2520 816 augetur.
2564 743 2641 802 ιω
2669 749 2962 818 quondam,
2989 758 3049 804 ut
3077 749 3290 821 legitur,
3319 752 3438 821 qui-

1860 837 1983 891 dam
2033 838 2398 907 phreneticus,
2446 849 2675 894 canente
2727 839 3042 910 Asclepiade
3109 841 3337 909 medico,
3369 843 3438 897 ab

1861 929 2072 984 insania
2134 939 2437 988 revocatus.
2483 931 2551 985 Et
2599 931 2726 984 item
2762 930 2900 985 alius
2946 930 3164 999 quidam
3215 930 3440 986 cithara:

1857 1022 2127 1076 'suavitate
2173 1022 2228 1077 in
2268 1031 2476 1078 tantam
2523 1021 2805 1077 libidinem
2833 1021 3106 1088 incitatus,
3140 1031 3199 1076 ut
3219 1022 3438 1077 cubicu-

1861 1111 1970 1166 lum
1997 1112 2191 1182 puellae
2233 1121 2499 1183 quaereret
2547 1112 2834 1182 effringere
2865 1113 3206 1168 dementatus
3238 1129 3253 1166 :
3281 1128 3437 1168 mox-

1859 1221 1982 1282 que
2021 1205 2324 1261 citharme
2369 1214 2612 1260 mutante
2657 1205 2876 1260 modum
2925 1204 3216 1273 voluptatis
3266 1205 3439 1274 pmni-

1862 1295 2030 1350 tentia
2076 1295 2297 1350 ductum
2326 1295 2614 1352 recessisse
2643 1295 2948 1351 confusum.
2995 1295 3125 1350 ltem
3170 1304 3225 1349 et
3269 1295 3438 1349 David

1863 1385 1990 1439 Saul
2035 1385 2356 1440 daemonium
2399 1387 2611 1440 cithara
2657 1384 2956 1457 mitigabat,
2999 1393 3053 1440 et
3086 1385 3436 1446 dacmouicam

1861 1475 2133 1530 feritatem
2166 1477 2325 1543 hujus
2353 1477 2488 1531 artis
2513 1478 2718 1547 potenti
2758 1477 2806 1530 vi
2831 1491 2895 1531 ac
2928 1477 3194 1530 suavitate
3223 1476 3440 1544 frange-

1861 1567 1971 1622 bat.
1995 1567 2126 1633 Quaz
2154 1575 2349 1621 tamem
2385 1568 2466 1622 vis
2496 1567 2670 1622 solum
2700 1567 2894 1621 divina:
2922 1569 3197 1636 sapientia:
3233 1565 3300 1620 ad
3327 1567 3439 1636 ple-

1861 1677 1989 1718 num
2019 1670 2187 1731 patet.
2219 1661 2326 1716 Nos
2349 1677 2480 1716 vero
2500 1677 2619 1730 qua:
2645 1661 2698 1714 in
2736 1659 3024 1728 aenigmate
3053 1660 3120 1714 ab
3148 1659 3271 1714 inde
3310 1673 3438 1728 per-

1862 1753 2126 1822 cepimus,
2157 1752 2208 1806 in
2249 1751 2446 1806 divinis
2494 1750 2738 1804 laudibus
2785 1758 3020 1804 utamur.
3069 1748 3176 1803 Sed
3203 1747 3329 1819 quia
3373 1747 3439 1801 de

1863 1840 2021 1909 hujus
2045 1841 2179 1894 artis
2213 1841 2414 1894 virtute
2458 1839 2544 1892 vix
2591 1853 2762 1908 pauca
2793 1836 3103 1901 libavimus,
3147 1836 3342 1906 quibus
3370 1835 3440 1888 ad

1859 1931 1998 1988 bene
2025 1928 2405 1986 modulandum
2429 1929 2589 1984 rebus
2617 1942 2751 1997 opus
2775 1928 2866 1994 sit,
2895 1925 3194 1982 videamus.

2456 2041 2684 2098 CAPUT
2721 2029 2839 2096 XV.

2068 2157 2140 2212 De
2170 2155 2443 2212 commoda
2471 2153 2830 2225 componenda
2853 2150 3230 2208 modulatione.

1931 2269 2098 2342 Igitur
2125 2267 2575 2340 quemadmodum
2629 2266 2683 2320 in
2733 2265 2923 2321 metris
2971 2274 3098 2322 sunt
3139 2265 3336 2321 litterze
3385 2274 3444 2322 et

1862 2363 2104 2435 syllaba»,
2131 2370 2314 2433 partes
2349 2369 2403 2415 et
2443 2359 2631 2430 pedes,
2661 2373 2726 2413 ac
2757 2372 2988 2414 versus:
3021 2357 3095 2412 ita
3126 2365 3182 2412 et
3222 2357 3274 2411 in
3312 2357 3441 2413 har-

1863 2453 2043 2508 monia
2094 2459 2220 2506 sunt
2275 2449 2559 2522 phthongi,
2598 2449 2650 2505 id
2683 2456 2771 2504 est
2815 2447 2961 2515 soni,
3004 2455 3235 2518 quorum
3280 2463 3440 2514 unus,

1861 2543 1987 2612 duo,
2024 2545 2107 2600 vel
2132 2553 2242 2599 tres
2268 2550 2524 2612 aptantur
2556 2543 2610 2597 in
2638 2541 2896 2613 syllabas,
2941 2540 3176 2612 ipsaeque
3205 2538 3333 2596 solae
3356 2541 3444 2595 vel

1863 2636 2150 2706 duplicatae
2175 2649 2449 2699 neumam,
2484 2633 2536 2690 id
2564 2640 2671 2700 est,
2699 2641 2908 2703 partem
2945 2633 3282 2688 constituunt
3312 2647 3444 2687 can-

1865 2727 2067 2792 tilenze;
2093 2725 2188 2781 sed
2227 2741 2353 2796 pars
2398 2739 2505 2779 una
2552 2723 2635 2780 vel
2689 2723 2872 2794 plures
2909 2723 3314 2779 distinctionem
3362 2722 3445 2776 fa-

1862 2820 2033 2884 ciunt,
2067 2818 2121 2874 id
2183 2825 2286 2883 est,
2336 2831 2632 2887 congruum
2693 2814 3068 2886 respirationis
3112 2813 3313 2870 locum.
3368 2811 3444 2868 De

1863 2911 2058 2982 quibus
2110 2908 2238 2965 illud
2286 2917 2371 2964 est
2426 2908 2759 2974 notandum,
2803 2906 2947 2978 quod
2999 2915 3272 2978 totapars
3295 2921 3444 2963 com-

1864 3016 2049 3072 presse
2089 3011 2145 3058 et
2188 3000 2424 3057 notanda
2463 3009 2519 3056 et
2552 2999 2904 3070 exprimenda
2931 3005 3034 3064 est,
3076 2997 3283 3071 syllaba
3313 2999 3476 3054 vero'

1865 3093 2248 3163 compressius,
2281 3102 2439 3148 tenor
2475 3105 2626 3158 vero,
2659 3091 2710 3146 id
2739 3098 2844 3156 est,
2870 3105 3021 3146 mora
3052 3089 3254 3145 ultima:
3275 3090 3441 3156 vocis,

1862 3186 1957 3255 qui
1985 3185 2037 3240 in
2061 3183 2260 3256 syllaba
2283 3182 2805 3254 quantuluscumque
2819 3189 2903 3236 est
2930 3180 3162 3252 amplior
3185 3180 3237 3236 in
3264 3189 3442 3250 parte,

1863 3274 2201 3331 diutissimus
2223 3286 2354 3329 vero
2381 3273 2434 3328 in
2471 3272 2839 3338 distinctione,
2864 3271 3077 3342 signum
3108 3271 3162 3325 in
3187 3269 3272 3326 bis
3298 3269 3442 3325 divi-

1862 3366 2105 3423 sionibus
2130 3365 2336 3430 existit,
2377 3366 2565 3435 sicque
2594 3377 2730 3431 Opus
2756 3370 2868 3428 est,
2910 3370 2970 3416 ut
3004 3361 3158 3432 quasi
3201 3361 3445 3417 metricis

1863 3457 2088 3528 pedibus
2126 3455 2398 3511 cantilena
2447 3454 2756 3525 plaudatur,
2780 3461 2835 3507 et
2872 3451 2992 3506 alia:
3027 3465 3187 3506 voces
3222 3449 3291 3506 ab
3320 3451 3445 3507 aliis

1863 3547 2127 3602 morulam
2151 3546 2314 3616 duplo
2335 3546 2652 3615 longiorem,
2691 3543 2776 3598 vel
2810 3543 2971 3612 duplo
2994 3542 3321 3606 breviorem,
3346 3550 3442 3596 aut

1863 3635 2148 3692 tremulam
2177 3635 2436 3701 habeant,
2464 3635 2516 3690 id
2553 3642 2656 3699 est,
2707 3633 2916 3687 varium
2961 3639 3224 3698 tenorem,
3279 3645 3441 3701 quem

1863 3725 2079 3796 longum
2127 3724 2452 3796 aliquotiens
2507 3725 2700 3780 litterae
2740 3721 2949 3793 virgula
2999 3721 3155 3792 plana
3194 3721 3470 3826 apposita.

1863 3818 2132 3889 signiﬁcat
2158 3833 2173 3871 :
2206 3831 2273 3872 ac
2301 3829 2644 3885 summopere
2679 3823 2934 3870 caveatur
2965 3814 3085 3868 talis
3113 3825 3434 3868 neumarum

1864 3907 2194 3972 distributio,
2250 3915 2312 3961 ut
2355 3920 2479 3960 cum
2534 3920 2743 3960 neuma:
2773 3913 2885 3959 tum
2915 3904 3154 3974 ejusdem
3186 3903 3304 3958 soni
3356 3917 3443 3958 re-

1862 3997 2229 4070 perc‘ussione,
2269 4005 2384 4052 tum
2433 3997 2664 4052 duorum
2693 4003 2788 4050 aut
2831 3995 3066 4066 plurium
3105 3994 3442 4050 connexione

1865 4091 2018 4156 llant,
2067 4106 2281 4161 semper
2321 4097 2497 4144 tamen
2539 4090 2714 4144 autin
2750 4100 2978 4141 numero
3006 4101 3199 4142 vocum
3245 4093 3339 4140 aut
3384 4085 3441 4140 in

1865 4184 2074 4237 ratione
2129 4191 2378 4238 tonorum
2422 4195 2631 4236 neumae
2688 4178 3009 4233 alterutrum
3067 4176 3438 4241 conferantur,

1866 4283 2027 4346 atque
2058 4272 2442 4346 respondeant,
2474 4287 2618 4329 nunc
2653 4286 2823 4343 aequae
2866 4272 3052 4345 aequis,
3083 4285 3224 4326 nunc
3265 4268 3441 4338 dupla

1868 4368 1951 4424 vel
1981 4368 2156 4439 tripke
2190 4367 2542 4439 simplicibus,
2574 4378 2738 4440 atque
2757 4367 2896 4423 alias
2919 4365 3206 4422 collatione
3234 4361 3441 4427 sesqui-

1872 4461 2043 4520 altera
2067 4462 2154 4518 vel
2179 4459 2541 4533 sesquitertia.

1414 4739 1491 4794 De
1527 4737 1816 4795 collatione
1845 4737 2282 4810 proportionem.
2692 4769 2707 4821 ι
2728 4785 2788 4820 ³,
2885 4737 2892 4742 ’
2923 4739 2926 4742 ’
3006 4814 3019 4825 ο

623 4894 630 4901 .
3153 4861 3206 4917 Ξ

1743 4922 2424 5021 ‘—'—T—T-—
2469 4757 3221 5316 “IT—"‘3

1751 5075 1803 5087 .-
2341 5114 2344 5116 γ
2470 5029 2504 5058 ³
2553 5029 3122 5042 ψ
3153 5055 3205 5119 e2

1751 5225 1767 5236 δ
3139 5234 3142 5236 ⁷
3168 5233 3201 5295 ‘—

383 5321 395 5454 ,
472 5364 538 5420 G.
615 5367 866 5426 Tonus.
1083 5371 1149 5426 Α.
1225 5370 1590 5425 Diatessaron.

2443 5388 2493 5426 a.
2573 5373 2860 5443 Diapason.
3229 5319 3243 5480 Ι

2443 5388 2493 5426 a.
2573 5373 2860 5443 Diapason.

2735 5764 2876 5826 ’13
