  <div class='ocr_page' id='page_1' title='image "/cluster/home/n/w/nwhite01/storage/ocr_20150623/141/hvd.32044015471790/203.png"; bbox 0 0 4018 6438; ppageno 0'>
   <div class='ocr_carea' id='block_1_1' title="bbox 1909 423 2545 480">
    <p class='ocr_par' dir='ltr' id='par_1_1' title="bbox 1909 423 2545 480">
     <span class='ocr_line' id='line_1_1' title="bbox 1909 423 2545 480; baseline -0.003 -1"><span class='ocrx_word' id='word_1_1' title='bbox 1909 423 2231 480; x_wconf 76' lang='lat' dir='ltr'><strong>GUIDONIS</strong></span> <span class='ocrx_word' id='word_1_2' title='bbox 2269 423 2545 478; x_wconf 74' lang='lat' dir='ltr'><strong>ARETINI</strong></span> 
     </span>
    </p>
   </div>
   <div class='ocr_carea' id='block_1_2' title="bbox 3750 430 3855 485">
    <p class='ocr_par' dir='ltr' id='par_1_2' title="bbox 3750 430 3855 485">
     <span class='ocr_line' id='line_1_2' title="bbox 3750 430 3855 485; baseline 0 0"><span class='ocrx_word' id='word_1_3' title='bbox 3750 430 3855 485; x_wconf 75' lang='lat'><strong>396</strong></span> 
     </span>
    </p>
   </div>
   <div class='ocr_carea' id='block_1_3' title="bbox 1884 535 2578 591">
    <p class='ocr_par' dir='ltr' id='par_1_3' title="bbox 1884 535 2578 591">
     <span class='ocr_line' id='line_1_3' title="bbox 1884 535 2578 591; baseline -0.007 -2"><span class='ocrx_word' id='word_1_4' title='bbox 1884 535 1959 590; x_wconf 88' lang='lat' dir='ltr'><strong>De</strong></span> <span class='ocrx_word' id='word_1_5' title='bbox 1996 536 2356 591; x_wconf 86' lang='lat' dir='ltr'><strong>construendo</strong></span> <span class='ocrx_word' id='word_1_6' title='bbox 2393 543 2578 591; x_wconf 87' lang='lat' dir='ltr'><strong>cantu.</strong></span> 
     </span>
    </p>
   </div>
   <div class='ocr_carea' id='block_1_4' title="bbox 2480 630 2495 840">
    <p class='ocr_par' dir='ltr' id='par_1_4' title="bbox 2480 630 2495 840">
     <span class='ocr_line' id='line_1_4' title="bbox 2480 630 2495 840; baseline 0 0"><span class='ocrx_word' id='word_1_7' title='bbox 2480 630 2495 840; x_wconf 86' lang='lat' dir='ltr'><strong>l</strong></span> 
     </span>
    </p>
   </div>
   <div class='ocr_carea' id='block_1_5' title="bbox 995 721 3451 1168">
    <p class='ocr_par' dir='ltr' id='par_1_5' title="bbox 1168 721 3349 855">
     <span class='ocr_line' id='line_1_5' title="bbox 1168 721 3349 855; baseline -0.004 1"><span class='ocrx_word' id='word_1_8' title='bbox 1168 721 1789 855; x_wconf 41' lang='grc' dir='ltr'><strong>[τέ’-’-</strong></span> <span class='ocrx_word' id='word_1_9' title='bbox 2264 812 2269 815; x_wconf 79' lang='lat'>.</span> <span class='ocrx_word' id='word_1_10' title='bbox 2581 721 3349 850; x_wconf 50' lang='lat' dir='ltr'><strong>—~_7&#39;l</strong></span> 
     </span>
    </p>
   </div>
   <div class='ocr_carea' id='block_1_6' title="bbox 1785 1036 1803 1252">
    <p class='ocr_par' dir='ltr' id='par_1_6' title="bbox 1785 1036 1803 1252">
     <span class='ocr_line' id='line_1_6' title="bbox 1785 1036 1803 1252; baseline 0 0"><span class='ocrx_word' id='word_1_11' title='bbox 1785 1036 1803 1252; x_wconf 96' lang='grc' dir='ltr'><strong>Ι</strong></span> 
     </span>
    </p>
   </div>
   <div class='ocr_carea' id='block_1_7' title="bbox 1491 1279 1500 1524">
    <p class='ocr_par' dir='ltr' id='par_1_7' title="bbox 1491 1279 1500 1524">
     <span class='ocr_line' id='line_1_7' title="bbox 1491 1279 1500 1524; baseline 0 0"><span class='ocrx_word' id='word_1_12' title='bbox 1491 1279 1500 1524; x_wconf 89' lang='lat' dir='ltr'><strong>l</strong></span> 
     </span>
    </p>
   </div>
   <div class='ocr_carea' id='block_1_8' title="bbox 1412 1375 1665 1645">
    <p class='ocr_par' dir='ltr' id='par_1_8' title="bbox 1412 1375 1665 1645">
     <span class='ocr_line' id='line_1_8' title="bbox 1412 1375 1665 1645; baseline -0.004 -121"><span class='ocrx_word' id='word_1_13' title='bbox 1412 1375 1665 1645; x_wconf 41' lang='lat' dir='ltr'><strong>Erl—EE</strong></span> 
     </span>
    </p>
   </div>
   <div class='ocr_carea' id='block_1_9' title="bbox 1837 1173 2288 1241">
    <p class='ocr_par' dir='ltr' id='par_1_9' title="bbox 1837 1173 2288 1241">
     <span class='ocr_line' id='line_1_9' title="bbox 1837 1173 2288 1241; baseline 0.009 -15"><span class='ocrx_word' id='word_1_14' title='bbox 1837 1173 2288 1241; x_wconf 81' lang='lat' dir='ltr'><strong>Sesquialicra</strong></span> 
     </span>
    </p>
   </div>
   <div class='ocr_carea' id='block_1_10' title="bbox 1546 1273 2855 1340">
    <p class='ocr_par' dir='ltr' id='par_1_10' title="bbox 1546 1273 2855 1340">
     <span class='ocr_line' id='line_1_10' title="bbox 1546 1273 2855 1340; baseline -0.007 -11"><span class='ocrx_word' id='word_1_15' title='bbox 1546 1273 2325 1340; x_wconf 81' lang='lat' dir='ltr'><strong>Sesqttinctava</strong></span> <span class='ocrx_word' id='word_1_16' title='bbox 2849 1296 2855 1340; x_wconf 60' lang='grc' dir='ltr'><strong>ε</strong></span> 
     </span>
    </p>
   </div>
   <div class='ocr_carea' id='block_1_11' title="bbox 2752 1323 2857 1528">
    <p class='ocr_par' dir='ltr' id='par_1_11' title="bbox 2752 1323 2857 1528">
     <span class='ocr_line' id='line_1_11' title="bbox 2752 1323 2857 1528; baseline 0.01 -1"><span class='ocrx_word' id='word_1_17' title='bbox 2752 1362 2765 1527; x_wconf 86' lang='lat' dir='ltr'><strong>l</strong></span> <span class='ocrx_word' id='word_1_18' title='bbox 2846 1323 2857 1528; x_wconf 80' lang='lat' dir='ltr'><strong>l</strong></span> 
     </span>
    </p>
   </div>
   <div class='ocr_carea' id='block_1_12' title="bbox 2656 1535 2877 1550">
    <p class='ocr_par' dir='ltr' id='par_1_12' title="bbox 2656 1535 2877 1550">
     <span class='ocr_line' id='line_1_12' title="bbox 2656 1535 2877 1550; baseline -0.014 -2"><span class='ocrx_word' id='word_1_19' title='bbox 2656 1535 2877 1550; x_wconf 59' lang='lat'><strong>.—</strong></span> 
     </span>
    </p>
   </div>
   <div class='ocr_carea' id='block_1_13' title="bbox 2662 1527 2932 1649">
    <p class='ocr_par' dir='ltr' id='par_1_13' title="bbox 2662 1527 2932 1649">
     <span class='ocr_line' id='line_1_13' title="bbox 2662 1527 2877 1550; baseline -0.005 -3"><span class='ocrx_word' id='word_1_20' title='bbox 2662 1527 2877 1550; x_wconf 58' lang='grc' dir='ltr'><strong>...η-..-</strong></span> 
     </span>
     <span class='ocr_line' id='line_1_14' title="bbox 2662 1527 2932 1649; baseline -0.019 -40"><span class='ocrx_word' id='word_1_21' title='bbox 2662 1560 2671 1629; x_wconf 75' lang='grc' dir='ltr'><strong>Ι</strong></span> <span class='ocrx_word' id='word_1_22' title='bbox 2741 1569 2854 1608; x_wconf 70' lang='lat' dir='ltr'><strong>\‘tnt</strong></span> <span class='ocrx_word' id='word_1_23' title='bbox 2919 1527 2932 1649; x_wconf 69' lang='grc' dir='ltr'>ι</span> 
     </span>
    </p>
   </div>
   <div class='ocr_carea' id='block_1_14' title="bbox 2657 1626 2910 1644">
    <p class='ocr_par' dir='ltr' id='par_1_14' title="bbox 2657 1626 2910 1644">
     <span class='ocr_line' id='line_1_15' title="bbox 2657 1626 2910 1644; baseline -0.008 -2"><span class='ocrx_word' id='word_1_24' title='bbox 2657 1626 2910 1644; x_wconf 61' lang='lat' dir='ltr'><strong>J—————-</strong></span> 
     </span>
    </p>
   </div>
   <div class='ocr_carea' id='block_1_15' title="bbox 666 1693 3852 1797">
    <p class='ocr_par' dir='ltr' id='par_1_15' title="bbox 666 1693 3852 1797">
     <span class='ocr_line' id='line_1_16' title="bbox 666 1693 3852 1797; baseline -0.004 -14"><span class='ocrx_word' id='word_1_25' title='bbox 666 1728 1041 1797; x_wconf 83' lang='lat' dir='ltr'><strong>Proponatquc</strong></span> <span class='ocrx_word' id='word_1_26' title='bbox 1067 1720 1165 1775; x_wconf 89' lang='lat' dir='ltr'><strong>sibi</strong></span> <span class='ocrx_word' id='word_1_27' title='bbox 1199 1717 1453 1780; x_wconf 80' lang='lat' dir='ltr'><strong>Musicus,</strong></span> <span class='ocrx_word' id='word_1_28' title='bbox 1477 1715 1669 1785; x_wconf 81' lang='lat' dir='ltr'><strong>quibus</strong></span> <span class='ocrx_word' id='word_1_29' title='bbox 1716 1728 1780 1767; x_wconf 84' lang='lat' dir='ltr'><strong>ex</strong></span> <span class='ocrx_word' id='word_1_30' title='bbox 1826 1711 1910 1766; x_wconf 97' lang='lat' dir='ltr'><strong>his</strong></span> <span class='ocrx_word' id='word_1_31' title='bbox 1947 1709 2166 1765; x_wconf 85' lang='lat' dir='ltr'><strong>divisio-</strong></span> <span class='ocrx_word' id='word_1_32' title='bbox 2197 1693 2240 1750; x_wconf 75' lang='grc' dir='ltr'><strong>Α</strong></span> <span class='ocrx_word' id='word_1_33' title='bbox 2272 1718 2326 1764; x_wconf 89' lang='lat' dir='ltr'><strong>et</strong></span> <span class='ocrx_word' id='word_1_34' title='bbox 2358 1710 2767 1781; x_wconf 75' lang='lat' dir='ltr'><strong>distinctionum</strong></span> <span class='ocrx_word' id='word_1_35' title='bbox 2809 1712 3087 1768; x_wconf 89' lang='lat' dir='ltr'><strong>moderata</strong></span> <span class='ocrx_word' id='word_1_36' title='bbox 3131 1712 3391 1778; x_wconf 72' lang='lat' dir='ltr'><strong>varietas,</strong></span> <span class='ocrx_word' id='word_1_37' title='bbox 3426 1722 3482 1767; x_wconf 91' lang='lat' dir='ltr'><strong>ut</strong></span> <span class='ocrx_word' id='word_1_38' title='bbox 3516 1722 3689 1769; x_wconf 87' lang='lat' dir='ltr'><strong>tamen</strong></span> <span class='ocrx_word' id='word_1_39' title='bbox 3716 1730 3852 1770; x_wconf 87' lang='lat' dir='ltr'><strong>neu-</strong></span> 
     </span>
    </p>
   </div>
   <div class='ocr_carea' id='block_1_16' title="bbox 569 1798 2169 1885">
    <p class='ocr_par' dir='ltr' id='par_1_16' title="bbox 569 1798 2169 1885">
     <span class='ocr_line' id='line_1_17' title="bbox 569 1798 2169 1885; baseline -0.013 -10"><span class='ocrx_word' id='word_1_40' title='bbox 569 1820 752 1885; x_wconf 44' lang='lat' dir='ltr'><strong>.ntbus</strong></span> <span class='ocrx_word' id='word_1_41' title='bbox 778 1817 1110 1871; x_wconf 91' lang='lat' dir='ltr'><strong>incedentem</strong></span> <span class='ocrx_word' id='word_1_42' title='bbox 1139 1808 1305 1863; x_wconf 80' lang='lat' dir='ltr'><strong>faciat</strong></span> <span class='ocrx_word' id='word_1_43' title='bbox 1329 1802 1566 1867; x_wconf 79' lang='lat' dir='ltr'><strong>cautum,</strong></span> <span class='ocrx_word' id='word_1_44' title='bbox 1597 1804 1734 1858; x_wconf 81' lang='lat' dir='ltr'><strong>sicut</strong></span> <span class='ocrx_word' id='word_1_45' title='bbox 1756 1802 2024 1861; x_wconf 72' lang='lat' dir='ltr'><strong>Meti-iens,</strong></span> <span class='ocrx_word' id='word_1_46' title='bbox 2053 1798 2169 1869; x_wconf 84' lang='lat' dir='ltr'><strong>qui-</strong></span> 
     </span>
    </p>
   </div>
   <div class='ocr_carea' id='block_1_17' title="bbox 570 1886 2169 1981">
    <p class='ocr_par' dir='ltr' id='par_1_17' title="bbox 570 1886 2169 1981">
     <span class='ocr_line' id='line_1_18' title="bbox 570 1886 2169 1981; baseline -0.012 -18"><span class='ocrx_word' id='word_1_47' title='bbox 570 1886 691 1973; x_wconf 47' lang='lat' dir='ltr'><strong>,hus</strong></span> <span class='ocrx_word' id='word_1_48' title='bbox 714 1907 937 1981; x_wconf 80' lang='lat' dir='ltr'><strong>pedibus</strong></span> <span class='ocrx_word' id='word_1_49' title='bbox 963 1903 1123 1957; x_wconf 73' lang='lat' dir='ltr'><strong>faciat</strong></span> <span class='ocrx_word' id='word_1_50' title='bbox 1148 1914 1391 1962; x_wconf 84' lang='lat' dir='ltr'><strong>versum;</strong></span> <span class='ocrx_word' id='word_1_51' title='bbox 1425 1895 1525 1951; x_wconf 87' lang='lat' dir='ltr'><strong>nisi</strong></span> <span class='ocrx_word' id='word_1_52' title='bbox 1554 1894 1691 1963; x_wconf 88' lang='lat' dir='ltr'><strong>quod</strong></span> <span class='ocrx_word' id='word_1_53' title='bbox 1725 1892 1956 1946; x_wconf 81' lang='lat' dir='ltr'><strong>Musicus</strong></span> <span class='ocrx_word' id='word_1_54' title='bbox 1982 1909 2085 1944; x_wconf 83' lang='lat' dir='ltr'><strong>non</strong></span> <span class='ocrx_word' id='word_1_55' title='bbox 2112 1906 2169 1945; x_wconf 91' lang='lat' dir='ltr'><strong>sc</strong></span> 
     </span>
    </p>
   </div>
   <div class='ocr_carea' id='block_1_18' title="bbox 596 1981 2170 2065">
    <p class='ocr_par' dir='ltr' id='par_1_18' title="bbox 596 1981 2170 2065">
     <span class='ocr_line' id='line_1_19' title="bbox 596 1981 2170 2065; baseline -0.01 -13"><span class='ocrx_word' id='word_1_56' title='bbox 596 2009 741 2053; x_wconf 88' lang='lat' dir='ltr'><strong>tanta</strong></span> <span class='ocrx_word' id='word_1_57' title='bbox 774 1997 906 2065; x_wconf 80' lang='lat' dir='ltr'><strong>legis</strong></span> <span class='ocrx_word' id='word_1_58' title='bbox 935 1992 1252 2047; x_wconf 77' lang='lat' dir='ltr'><strong>necessitate</strong></span> <span class='ocrx_word' id='word_1_59' title='bbox 1287 1984 1602 2057; x_wconf 82' lang='lat' dir='ltr'><strong>constringit</strong></span> <span class='ocrx_word' id='word_1_60' title='bbox 1632 2022 1647 2048; x_wconf 93' lang='lat'><strong>,</strong></span> <span class='ocrx_word' id='word_1_61' title='bbox 1678 1983 1800 2051; x_wconf 88' lang='lat' dir='ltr'><strong>quia</strong></span> <span class='ocrx_word' id='word_1_62' title='bbox 1837 1982 1887 2036; x_wconf 90' lang='lat' dir='ltr'><strong>in</strong></span> <span class='ocrx_word' id='word_1_63' title='bbox 1918 1981 2170 2036; x_wconf 83' lang='lat' dir='ltr'><strong>omnibus</strong></span> 
     </span>
    </p>
   </div>
   <div class='ocr_carea' id='block_1_19' title="bbox 592 2073 2165 2147">
    <p class='ocr_par' dir='ltr' id='par_1_19' title="bbox 592 2073 2165 2147">
     <span class='ocr_line' id='line_1_20' title="bbox 592 2073 2165 2147; baseline -0.01 -6"><span class='ocrx_word' id='word_1_64' title='bbox 592 2102 650 2143; x_wconf 86' lang='lat' dir='ltr'><strong>se</strong></span> <span class='ocrx_word' id='word_1_65' title='bbox 678 2087 795 2142; x_wconf 66' lang='lat' dir='ltr'><strong>haec</strong></span> <span class='ocrx_word' id='word_1_66' title='bbox 835 2101 924 2139; x_wconf 85' lang='lat' dir='ltr'><strong>ars</strong></span> <span class='ocrx_word' id='word_1_67' title='bbox 960 2084 1012 2138; x_wconf 90' lang='lat' dir='ltr'><strong>in</strong></span> <span class='ocrx_word' id='word_1_68' title='bbox 1043 2095 1234 2136; x_wconf 88' lang='lat' dir='ltr'><strong>vocum</strong></span> <span class='ocrx_word' id='word_1_69' title='bbox 1267 2076 1615 2147; x_wconf 76' lang='lat' dir='ltr'><strong>dispositione</strong></span> <span class='ocrx_word' id='word_1_70' title='bbox 1658 2073 1956 2127; x_wconf 75' lang='lat' dir='ltr'><strong>rationabili</strong></span> <span class='ocrx_word' id='word_1_71' title='bbox 1990 2073 2165 2127; x_wconf 83' lang='lat' dir='ltr'><strong>varie-</strong></span> 
     </span>
    </p>
   </div>
   <div class='ocr_carea' id='block_1_20' title="bbox 592 2161 2168 2248">
    <p class='ocr_par' dir='ltr' id='par_1_20' title="bbox 592 2161 2168 2248">
     <span class='ocr_line' id='line_1_21' title="bbox 592 2161 2168 2248; baseline -0.008 -15"><span class='ocrx_word' id='word_1_72' title='bbox 592 2189 702 2233; x_wconf 81' lang='lat' dir='ltr'><strong>tate</strong></span> <span class='ocrx_word' id='word_1_73' title='bbox 726 2161 996 2248; x_wconf 84' lang='lat' dir='ltr'><strong>permutat</strong></span> <span class='ocrx_word' id='word_1_74' title='bbox 1030 2172 1161 2243; x_wconf 68' lang='grc'><strong>(14).</strong></span> <span class='ocrx_word' id='word_1_75' title='bbox 1196 2169 1366 2238; x_wconf 83' lang='lat' dir='ltr'><strong>Quam</strong></span> <span class='ocrx_word' id='word_1_76' title='bbox 1393 2165 1869 2223; x_wconf 85' lang='lat' dir='ltr'><strong>rationabilitatem</strong></span> <span class='ocrx_word' id='word_1_77' title='bbox 1899 2164 2002 2219; x_wconf 89' lang='lat' dir='ltr'><strong>etsi</strong></span> <span class='ocrx_word' id='word_1_78' title='bbox 2025 2179 2168 2235; x_wconf 62' lang='lat' dir='ltr'><strong>saepe</strong></span> 
     </span>
    </p>
   </div>
   <div class='ocr_carea' id='block_1_21' title="bbox 562 2256 2168 2338">
    <p class='ocr_par' dir='ltr' id='par_1_21' title="bbox 562 2256 2168 2338">
     <span class='ocr_line' id='line_1_22' title="bbox 562 2256 2168 2338; baseline -0.004 -18"><span class='ocrx_word' id='word_1_79' title='bbox 562 2280 698 2325; x_wconf 85' lang='lat' dir='ltr'><strong>:nnn</strong></span> <span class='ocrx_word' id='word_1_80' title='bbox 713 2267 1253 2338; x_wconf 76' lang='lat' dir='ltr'><strong>comprehendamus,</strong></span> <span class='ocrx_word' id='word_1_81' title='bbox 1270 2259 1529 2315; x_wconf 83' lang='lat' dir='ltr'><strong>rationale</strong></span> <span class='ocrx_word' id='word_1_82' title='bbox 1544 2268 1720 2313; x_wconf 87' lang='lat' dir='ltr'><strong>tamen</strong></span> <span class='ocrx_word' id='word_1_83' title='bbox 1734 2256 2033 2313; x_wconf 88' lang='lat' dir='ltr'><strong>crediturid</strong></span> <span class='ocrx_word' id='word_1_84' title='bbox 2044 2272 2168 2325; x_wconf 82' lang='lat' dir='ltr'><strong>,quo</strong></span> 
     </span>
    </p>
   </div>
   <div class='ocr_carea' id='block_1_22' title="bbox 562 2346 2165 2426">
    <p class='ocr_par' dir='ltr' id='par_1_22' title="bbox 562 2346 2165 2426">
     <span class='ocr_line' id='line_1_23' title="bbox 562 2346 2165 2426; baseline 0.004 -31"><span class='ocrx_word' id='word_1_85' title='bbox 562 2391 567 2395; x_wconf 85' lang='lat'><strong>.</strong></span> <span class='ocrx_word' id='word_1_86' title='bbox 590 2361 819 2423; x_wconf 27' lang='lat' dir='ltr'><strong>monui&quot;</strong></span> <span class='ocrx_word' id='word_1_87' title='bbox 836 2374 937 2426; x_wconf 58' lang='lat' dir='ltr'><strong>qna</strong></span> <span class='ocrx_word' id='word_1_88' title='bbox 955 2365 1032 2416; x_wconf 58' lang='lat' dir='ltr'><strong>es;</strong></span> <span class='ocrx_word' id='word_1_89' title='bbox 1048 2356 1204 2418; x_wconf 86' lang='lat' dir='ltr'><strong>ratio,</strong></span> <span class='ocrx_word' id='word_1_90' title='bbox 1218 2352 1533 2406; x_wconf 76' lang='lat' dir='ltr'><strong>delectatur.</strong></span> <span class='ocrx_word' id='word_1_91' title='bbox 1551 2349 1655 2404; x_wconf 88' lang='lat' dir='ltr'><strong>Sed</strong></span> <span class='ocrx_word' id='word_1_92' title='bbox 1672 2350 1848 2404; x_wconf 76' lang='lat' dir='ltr'><strong>ltzecet</strong></span> <span class='ocrx_word' id='word_1_93' title='bbox 1863 2346 2165 2418; x_wconf 80' lang='lat' dir='ltr'><strong>hujusmodi</strong></span> 
     </span>
    </p>
   </div>
   <div class='ocr_carea' id='block_1_23' title="bbox 563 2439 2163 2519">
    <p class='ocr_par' dir='ltr' id='par_1_23' title="bbox 563 2439 2163 2519">
     <span class='ocr_line' id='line_1_24' title="bbox 563 2439 2163 2519; baseline -0.009 -16"><span class='ocrx_word' id='word_1_94' title='bbox 563 2451 782 2505; x_wconf 81' lang='lat' dir='ltr'><strong>.melius</strong></span> <span class='ocrx_word' id='word_1_95' title='bbox 801 2444 1153 2519; x_wconf 86' lang='lat' dir='ltr'><strong>colloquendo</strong></span> <span class='ocrx_word' id='word_1_96' title='bbox 1177 2457 1337 2512; x_wconf 88' lang='lat' dir='ltr'><strong>quatn</strong></span> <span class='ocrx_word' id='word_1_97' title='bbox 1363 2439 1754 2495; x_wconf 86' lang='lat' dir='ltr'><strong>conscribendo</strong></span> <span class='ocrx_word' id='word_1_98' title='bbox 1776 2445 2163 2493; x_wconf 68' lang='lat' dir='ltr'><strong>int-nstrantur.</strong></span> 
     </span>
    </p>
   </div>
   <div class='ocr_carea' id='block_1_24' title="bbox 562 2529 2167 2615">
    <p class='ocr_par' dir='ltr' id='par_1_24' title="bbox 562 2529 2167 2615">
     <span class='ocr_line' id='line_1_25' title="bbox 562 2529 2167 2615; baseline -0.007 -21"><span class='ocrx_word' id='word_1_99' title='bbox 562 2588 569 2594; x_wconf 96' lang='lat'><strong>.</strong></span> <span class='ocrx_word' id='word_1_100' title='bbox 657 2544 884 2612; x_wconf 66' lang='lat' dir='ltr'><strong>ttportet</strong></span> <span class='ocrx_word' id='word_1_101' title='bbox 961 2551 1091 2615; x_wconf 81' lang='lat' dir='ltr'><strong>ergo</strong></span> <span class='ocrx_word' id='word_1_102' title='bbox 1159 2542 1219 2588; x_wconf 93' lang='lat' dir='ltr'><strong>ut</strong></span> <span class='ocrx_word' id='word_1_103' title='bbox 1276 2547 1428 2588; x_wconf 84' lang='lat' dir='ltr'><strong>more</strong></span> <span class='ocrx_word' id='word_1_104' title='bbox 1477 2546 1731 2588; x_wconf 89' lang='lat' dir='ltr'><strong>versuum</strong></span> <span class='ocrx_word' id='word_1_105' title='bbox 1795 2529 2167 2584; x_wconf 84' lang='lat' dir='ltr'><strong>distinctiones</strong></span> 
     </span>
    </p>
   </div>
   <div class='ocr_carea' id='block_1_25' title="bbox 560 2616 2166 2698">
    <p class='ocr_par' dir='ltr' id='par_1_25' title="bbox 560 2616 2166 2698">
     <span class='ocr_line' id='line_1_26' title="bbox 560 2616 2166 2698; baseline -0.009 -15"><span class='ocrx_word' id='word_1_106' title='bbox 560 2628 823 2698; x_wconf 47' lang='lat' dir='ltr'><strong>aequales</strong></span> <span class='ocrx_word' id='word_1_107' title='bbox 852 2627 984 2691; x_wconf 88' lang='lat' dir='ltr'><strong>sint,</strong></span> <span class='ocrx_word' id='word_1_108' title='bbox 1009 2634 1064 2680; x_wconf 87' lang='lat' dir='ltr'><strong>et</strong></span> <span class='ocrx_word' id='word_1_109' title='bbox 1091 2623 1415 2693; x_wconf 83' lang='lat' dir='ltr'><strong>aliquotiens</strong></span> <span class='ocrx_word' id='word_1_110' title='bbox 1450 2621 1645 2677; x_wconf 60' lang='lat' dir='ltr'><strong>eadem</strong></span> <span class='ocrx_word' id='word_1_111' title='bbox 1673 2620 1932 2688; x_wconf 60' lang='lat' dir='ltr'><strong>repetitre,</strong></span> <span class='ocrx_word' id='word_1_112' title='bbox 1958 2626 2048 2670; x_wconf 71' lang='lat' dir='ltr'><strong>aut</strong></span> <span class='ocrx_word' id='word_1_113' title='bbox 2070 2616 2166 2670; x_wconf 79' lang='lat' dir='ltr'><strong>ali-</strong></span> 
     </span>
    </p>
   </div>
   <div class='ocr_carea' id='block_1_26' title="bbox 588 2697 2167 2788">
    <p class='ocr_par' dir='ltr' id='par_1_26' title="bbox 588 2697 2167 2788">
     <span class='ocr_line' id='line_1_27' title="bbox 588 2697 2167 2788; baseline -0.007 -16"><span class='ocrx_word' id='word_1_114' title='bbox 588 2697 693 2788; x_wconf 82' lang='lat' dir='ltr'><strong>qua</strong></span> <span class='ocrx_word' id='word_1_115' title='bbox 724 2717 807 2774; x_wconf 87' lang='lat' dir='ltr'><strong>vel</strong></span> <span class='ocrx_word' id='word_1_116' title='bbox 838 2732 1000 2788; x_wconf 86' lang='lat' dir='ltr'><strong>parva</strong></span> <span class='ocrx_word' id='word_1_117' title='bbox 1034 2715 1332 2769; x_wconf 83' lang='lat' dir='ltr'><strong>mutatione</strong></span> <span class='ocrx_word' id='word_1_118' title='bbox 1354 2711 1596 2774; x_wconf 74' lang='lat' dir='ltr'><strong>variatzc,</strong></span> <span class='ocrx_word' id='word_1_119' title='bbox 1623 2718 1676 2762; x_wconf 83' lang='lat' dir='ltr'><strong>et</strong></span> <span class='ocrx_word' id='word_1_120' title='bbox 1699 2697 1819 2762; x_wconf 83' lang='lat' dir='ltr'><strong>cum</strong></span> <span class='ocrx_word' id='word_1_121' title='bbox 1845 2707 1954 2777; x_wconf 84' lang='lat' dir='ltr'><strong>(l5)</strong></span> <span class='ocrx_word' id='word_1_122' title='bbox 1988 2707 2167 2775; x_wconf 83' lang='lat' dir='ltr'><strong>plures</strong></span> 
     </span>
    </p>
   </div>
   <div class='ocr_carea' id='block_1_27' title="bbox 587 2796 2161 2878">
    <p class='ocr_par' dir='ltr' id='par_1_27' title="bbox 587 2796 2161 2878">
     <span class='ocr_line' id='line_1_28' title="bbox 587 2796 2161 2878; baseline -0.008 -18"><span class='ocrx_word' id='word_1_123' title='bbox 587 2807 790 2862; x_wconf 77' lang='lat' dir='ltr'><strong>fuerint</strong></span> <span class='ocrx_word' id='word_1_124' title='bbox 810 2804 1112 2876; x_wconf 65' lang='lat' dir='ltr'><strong>duplicatae,</strong></span> <span class='ocrx_word' id='word_1_125' title='bbox 1151 2803 1416 2857; x_wconf 80' lang='lat' dir='ltr'><strong>habentes</strong></span> <span class='ocrx_word' id='word_1_126' title='bbox 1446 2809 1626 2869; x_wconf 84' lang='lat' dir='ltr'><strong>partes</strong></span> <span class='ocrx_word' id='word_1_127' title='bbox 1656 2812 1762 2878; x_wconf 86' lang='lat' dir='ltr'><strong>non</strong></span> <span class='ocrx_word' id='word_1_128' title='bbox 1793 2796 1954 2851; x_wconf 90' lang='lat' dir='ltr'><strong>nimis</strong></span> <span class='ocrx_word' id='word_1_129' title='bbox 1983 2797 2161 2851; x_wconf 87' lang='lat' dir='ltr'><strong>diver-</strong></span> 
     </span>
    </p>
   </div>
   <div class='ocr_carea' id='block_1_28' title="bbox 586 2887 2165 2967">
    <p class='ocr_par' dir='ltr' id='par_1_28' title="bbox 586 2887 2165 2967">
     <span class='ocr_line' id='line_1_29' title="bbox 586 2887 2165 2967; baseline -0.009 -12"><span class='ocrx_word' id='word_1_130' title='bbox 586 2916 695 2963; x_wconf 83' lang='lat' dir='ltr'><strong>sas,</strong></span> <span class='ocrx_word' id='word_1_131' title='bbox 726 2910 778 2954; x_wconf 88' lang='lat' dir='ltr'><strong>et</strong></span> <span class='ocrx_word' id='word_1_132' title='bbox 804 2911 923 2967; x_wconf 66' lang='lat' dir='ltr'><strong>qua:</strong></span> <span class='ocrx_word' id='word_1_133' title='bbox 954 2896 1277 2965; x_wconf 79' lang='lat' dir='ltr'><strong>aliquotiens</strong></span> <span class='ocrx_word' id='word_1_134' title='bbox 1323 2891 1524 2947; x_wconf 72' lang='lat' dir='ltr'><strong>eaedem</strong></span> <span class='ocrx_word' id='word_1_135' title='bbox 1575 2887 2027 2945; x_wconf 78' lang='lat' dir='ltr'><strong>ttansl&#39;urmentur</strong></span> <span class='ocrx_word' id='word_1_136' title='bbox 2068 2901 2165 2957; x_wconf 89' lang='lat' dir='ltr'><strong>per</strong></span> 
     </span>
    </p>
   </div>
   <div class='ocr_carea' id='block_1_29' title="bbox 520 2978 2159 3055">
    <p class='ocr_par' dir='ltr' id='par_1_29' title="bbox 520 2978 2159 3055">
     <span class='ocr_line' id='line_1_30' title="bbox 520 2978 2159 3055; baseline -0.009 -11"><span class='ocrx_word' id='word_1_137' title='bbox 520 3002 527 3009; x_wconf 88' lang='lat'>&#39;</span> <span class='ocrx_word' id='word_1_138' title='bbox 587 2990 801 3055; x_wconf 88' lang='lat' dir='ltr'><strong>modos,</strong></span> <span class='ocrx_word' id='word_1_139' title='bbox 830 2993 922 3041; x_wconf 86' lang='lat' dir='ltr'><strong>aut</strong></span> <span class='ocrx_word' id='word_1_140' title='bbox 952 2984 1155 3040; x_wconf 89' lang='lat' dir='ltr'><strong>similes</strong></span> <span class='ocrx_word' id='word_1_141' title='bbox 1187 2984 1411 3038; x_wconf 70' lang='lat' dir='ltr'><strong>intensa:</strong></span> <span class='ocrx_word' id='word_1_142' title='bbox 1436 2991 1488 3035; x_wconf 93' lang='lat' dir='ltr'><strong>et</strong></span> <span class='ocrx_word' id='word_1_143' title='bbox 1520 2981 1756 3035; x_wconf 79' lang='lat' dir='ltr'><strong>remissae</strong></span> <span class='ocrx_word' id='word_1_144' title='bbox 1796 2978 2159 3035; x_wconf 82' lang='lat' dir='ltr'><strong>inveniantur.</strong></span> 
     </span>
    </p>
   </div>
   <div class='ocr_carea' id='block_1_30' title="bbox 562 3072 2159 3153">
    <p class='ocr_par' dir='ltr' id='par_1_30' title="bbox 562 3072 2159 3153">
     <span class='ocr_line' id='line_1_31' title="bbox 562 3072 2159 3153; baseline -0.009 -18"><span class='ocrx_word' id='word_1_145' title='bbox 562 3081 717 3143; x_wconf 69' lang='lat' dir='ltr'><strong>Item</strong></span> <span class='ocrx_word' id='word_1_146' title='bbox 741 3088 799 3134; x_wconf 88' lang='grc' dir='ltr'><strong>ιιι</strong></span> <span class='ocrx_word' id='word_1_147' title='bbox 826 3078 1159 3149; x_wconf 88' lang='lat' dir='ltr'><strong>reciprocata</strong></span> <span class='ocrx_word' id='word_1_148' title='bbox 1195 3090 1389 3130; x_wconf 90' lang='lat' dir='ltr'><strong>neuma</strong></span> <span class='ocrx_word' id='word_1_149' title='bbox 1418 3074 1605 3128; x_wconf 88' lang='lat' dir='ltr'><strong>eadem</strong></span> <span class='ocrx_word' id='word_1_150' title='bbox 1640 3072 1745 3153; x_wconf 65' lang='lat' dir='ltr'><strong>via,</strong></span> <span class='ocrx_word' id='word_1_151' title='bbox 1788 3086 1893 3139; x_wconf 88' lang='lat' dir='ltr'><strong>qua</strong></span> <span class='ocrx_word' id='word_1_152' title='bbox 1919 3079 2159 3134; x_wconf 86' lang='lat' dir='ltr'><strong>venerat,</strong></span> 
     </span>
    </p>
   </div>
   <div class='ocr_carea' id='block_1_31' title="bbox 555 3159 2163 3245">
    <p class='ocr_par' dir='ltr' id='par_1_31' title="bbox 555 3159 2163 3245">
     <span class='ocr_line' id='line_1_32' title="bbox 555 3159 2163 3245; baseline -0.011 -16"><span class='ocrx_word' id='word_1_153' title='bbox 555 3173 799 3245; x_wconf 34' lang='lat' dir='ltr'><strong>,redeat,</strong></span> <span class='ocrx_word' id='word_1_154' title='bbox 851 3186 915 3225; x_wconf 84' lang='lat' dir='ltr'><strong>ac</strong></span> <span class='ocrx_word' id='word_1_155' title='bbox 966 3184 1063 3239; x_wconf 88' lang='lat' dir='ltr'><strong>per</strong></span> <span class='ocrx_word' id='word_1_156' title='bbox 1105 3167 1293 3222; x_wconf 82' lang='lat' dir='ltr'><strong>eadem</strong></span> <span class='ocrx_word' id='word_1_157' title='bbox 1338 3164 1569 3234; x_wconf 80' lang='lat' dir='ltr'><strong>vestigia</strong></span> <span class='ocrx_word' id='word_1_158' title='bbox 1617 3170 1882 3217; x_wconf 81' lang='lat' dir='ltr'><strong>recurrat.</strong></span> <span class='ocrx_word' id='word_1_159' title='bbox 1924 3159 2055 3213; x_wconf 85' lang='lat' dir='ltr'><strong>Item</strong></span> <span class='ocrx_word' id='word_1_160' title='bbox 2107 3169 2163 3214; x_wconf 89' lang='lat' dir='ltr'><strong>ut</strong></span> 
     </span>
    </p>
   </div>
   <div class='ocr_carea' id='block_1_32' title="bbox 558 3246 2166 3332">
    <p class='ocr_par' dir='ltr' id='par_1_32' title="bbox 558 3246 2166 3332">
     <span class='ocr_line' id='line_1_33' title="bbox 558 3246 2166 3332; baseline -0.009 -14"><span class='ocrx_word' id='word_1_161' title='bbox 558 3262 801 3332; x_wconf 82' lang='lat' dir='ltr'><strong>.qualem</strong></span> <span class='ocrx_word' id='word_1_162' title='bbox 833 3260 1093 3315; x_wconf 82' lang='lat' dir='ltr'><strong>ambitum</strong></span> <span class='ocrx_word' id='word_1_163' title='bbox 1120 3256 1204 3311; x_wconf 84' lang='lat' dir='ltr'><strong>vel</strong></span> <span class='ocrx_word' id='word_1_164' title='bbox 1256 3256 1454 3310; x_wconf 90' lang='lat' dir='ltr'><strong>lineam</strong></span> <span class='ocrx_word' id='word_1_165' title='bbox 1493 3267 1597 3306; x_wconf 86' lang='lat' dir='ltr'><strong>una</strong></span> <span class='ocrx_word' id='word_1_166' title='bbox 1648 3252 1777 3306; x_wconf 80' lang='lat' dir='ltr'><strong>facit</strong></span> <span class='ocrx_word' id='word_1_167' title='bbox 1816 3246 2055 3306; x_wconf 81' lang='lat' dir='ltr'><strong>saliendo</strong></span> <span class='ocrx_word' id='word_1_168' title='bbox 2098 3248 2166 3303; x_wconf 83' lang='lat' dir='ltr'><strong>ab</strong></span> 
     </span>
    </p>
   </div>
   <div class='ocr_carea' id='block_1_33' title="bbox 588 3345 2165 3418">
    <p class='ocr_par' dir='ltr' id='par_1_33' title="bbox 588 3345 2165 3418">
     <span class='ocr_line' id='line_1_34' title="bbox 588 3345 2165 3418; baseline -0.009 -10"><span class='ocrx_word' id='word_1_169' title='bbox 588 3354 783 3418; x_wconf 84' lang='lat' dir='ltr'><strong>acutis,</strong></span> <span class='ocrx_word' id='word_1_170' title='bbox 814 3351 976 3407; x_wconf 87' lang='lat' dir='ltr'><strong>talem</strong></span> <span class='ocrx_word' id='word_1_171' title='bbox 1026 3349 1334 3405; x_wconf 81' lang='lat' dir='ltr'><strong>inclinatam</strong></span> <span class='ocrx_word' id='word_1_172' title='bbox 1388 3346 1560 3402; x_wconf 88' lang='lat' dir='ltr'><strong>altera</strong></span> <span class='ocrx_word' id='word_1_173' title='bbox 1612 3360 1643 3399; x_wconf 92' lang='lat' dir='ltr'><strong>e</strong></span> <span class='ocrx_word' id='word_1_174' title='bbox 1683 3345 1897 3413; x_wconf 88' lang='lat' dir='ltr'><strong>regione</strong></span> <span class='ocrx_word' id='word_1_175' title='bbox 1930 3351 2165 3412; x_wconf 86' lang='lat' dir='ltr'><strong>opponat</strong></span> 
     </span>
    </p>
   </div>
   <div class='ocr_carea' id='block_1_34' title="bbox 587 3435 2165 3517">
    <p class='ocr_par' dir='ltr' id='par_1_34' title="bbox 587 3435 2165 3517">
     <span class='ocr_line' id='line_1_35' title="bbox 587 3435 2165 3517; baseline -0.008 -15"><span class='ocrx_word' id='word_1_176' title='bbox 587 3444 960 3517; x_wconf 84' lang='lat' dir='ltr'><strong>respondendo</strong></span> <span class='ocrx_word' id='word_1_177' title='bbox 1000 3457 1028 3496; x_wconf 88' lang='lat' dir='ltr'><strong>a</strong></span> <span class='ocrx_word' id='word_1_178' title='bbox 1077 3441 1350 3513; x_wconf 76' lang='lat' dir='ltr'><strong>gravibus,</strong></span> <span class='ocrx_word' id='word_1_179' title='bbox 1402 3439 1541 3493; x_wconf 85' lang='lat' dir='ltr'><strong>sicut</strong></span> <span class='ocrx_word' id='word_1_180' title='bbox 1601 3437 1679 3502; x_wconf 88' lang='lat' dir='ltr'><strong>Iit,</strong></span> <span class='ocrx_word' id='word_1_181' title='bbox 1723 3452 1844 3492; x_wconf 91' lang='lat' dir='ltr'><strong>cum</strong></span> <span class='ocrx_word' id='word_1_182' title='bbox 1895 3435 1946 3489; x_wconf 92' lang='lat' dir='ltr'><strong>in</strong></span> <span class='ocrx_word' id='word_1_183' title='bbox 2003 3445 2165 3506; x_wconf 85' lang='lat' dir='ltr'><strong>puteo</strong></span> 
     </span>
    </p>
   </div>
   <div class='ocr_carea' id='block_1_35' title="bbox 589 3524 2163 3604">
    <p class='ocr_par' dir='ltr' id='par_1_35' title="bbox 589 3524 2163 3604">
     <span class='ocr_line' id='line_1_36' title="bbox 589 3524 2163 3604; baseline -0.01 -10"><span class='ocrx_word' id='word_1_184' title='bbox 589 3552 688 3594; x_wconf 88' lang='lat' dir='ltr'><strong>nos</strong></span> <span class='ocrx_word' id='word_1_185' title='bbox 714 3551 837 3592; x_wconf 90' lang='lat' dir='ltr'><strong>cum</strong></span> <span class='ocrx_word' id='word_1_186' title='bbox 888 3533 1120 3604; x_wconf 88' lang='lat' dir='ltr'><strong>imagine</strong></span> <span class='ocrx_word' id='word_1_187' title='bbox 1163 3541 1346 3586; x_wconf 86' lang='lat' dir='ltr'><strong>nostra</strong></span> <span class='ocrx_word' id='word_1_188' title='bbox 1398 3538 1584 3583; x_wconf 87' lang='lat' dir='ltr'><strong>contra</strong></span> <span class='ocrx_word' id='word_1_189' title='bbox 1640 3526 2001 3598; x_wconf 82' lang='lat' dir='ltr'><strong>speculantur.</strong></span> <span class='ocrx_word' id='word_1_190' title='bbox 2034 3524 2163 3578; x_wconf 90' lang='lat' dir='ltr'><strong>ltetn</strong></span> 
     </span>
    </p>
   </div>
   <div class='ocr_carea' id='block_1_36' title="bbox 586 3616 2165 3698">
    <p class='ocr_par' dir='ltr' id='par_1_36' title="bbox 586 3616 2165 3698">
     <span class='ocr_line' id='line_1_37' title="bbox 586 3616 2165 3698; baseline -0.007 -18"><span class='ocrx_word' id='word_1_191' title='bbox 586 3625 875 3698; x_wconf 78' lang='lat' dir='ltr'><strong>aliquando</strong></span> <span class='ocrx_word' id='word_1_192' title='bbox 902 3638 1011 3677; x_wconf 84' lang='lat' dir='ltr'><strong>una</strong></span> <span class='ocrx_word' id='word_1_193' title='bbox 1048 3620 1249 3691; x_wconf 76' lang='lat' dir='ltr'><strong>syllaba</strong></span> <span class='ocrx_word' id='word_1_194' title='bbox 1285 3633 1445 3672; x_wconf 89' lang='lat' dir='ltr'><strong>unam</strong></span> <span class='ocrx_word' id='word_1_195' title='bbox 1472 3617 1555 3672; x_wconf 85' lang='lat' dir='ltr'><strong>vel</strong></span> <span class='ocrx_word' id='word_1_196' title='bbox 1595 3618 1774 3686; x_wconf 88' lang='lat' dir='ltr'><strong>plures</strong></span> <span class='ocrx_word' id='word_1_197' title='bbox 1804 3616 2000 3670; x_wconf 84' lang='lat' dir='ltr'><strong>habeat</strong></span> <span class='ocrx_word' id='word_1_198' title='bbox 2038 3627 2165 3669; x_wconf 85' lang='lat' dir='ltr'><strong>ncu-</strong></span> 
     </span>
    </p>
   </div>
   <div class='ocr_carea' id='block_1_37' title="bbox 554 3707 2162 3786">
    <p class='ocr_par' dir='ltr' id='par_1_37' title="bbox 554 3707 2162 3786">
     <span class='ocr_line' id='line_1_38' title="bbox 554 3707 2162 3786; baseline -0.009 -11"><span class='ocrx_word' id='word_1_199' title='bbox 554 3772 557 3775; x_wconf 89' lang='lat'><strong>.</strong></span> <span class='ocrx_word' id='word_1_200' title='bbox 591 3734 730 3785; x_wconf 85' lang='lat' dir='ltr'><strong>mas,</strong></span> <span class='ocrx_word' id='word_1_201' title='bbox 763 3715 1053 3786; x_wconf 83' lang='lat' dir='ltr'><strong>aliquando</strong></span> <span class='ocrx_word' id='word_1_202' title='bbox 1079 3729 1182 3766; x_wconf 89' lang='lat' dir='ltr'><strong>una</strong></span> <span class='ocrx_word' id='word_1_203' title='bbox 1208 3727 1400 3766; x_wconf 89' lang='lat' dir='ltr'><strong>neuma</strong></span> <span class='ocrx_word' id='word_1_204' title='bbox 1424 3709 1601 3779; x_wconf 83' lang='lat' dir='ltr'><strong>plures</strong></span> <span class='ocrx_word' id='word_1_205' title='bbox 1618 3710 1887 3763; x_wconf 82' lang='lat' dir='ltr'><strong>dividatur</strong></span> <span class='ocrx_word' id='word_1_206' title='bbox 1918 3708 1970 3762; x_wconf 92' lang='lat' dir='ltr'><strong>in</strong></span> <span class='ocrx_word' id='word_1_207' title='bbox 2001 3707 2162 3779; x_wconf 74' lang='lat' dir='ltr'><strong>sylla-</strong></span> 
     </span>
    </p>
   </div>
   <div class='ocr_carea' id='block_1_38' title="bbox 584 3796 2167 3865">
    <p class='ocr_par' dir='ltr' id='par_1_38' title="bbox 584 3796 2167 3865">
     <span class='ocr_line' id='line_1_39' title="bbox 584 3796 2167 3865; baseline -0.009 0"><span class='ocrx_word' id='word_1_208' title='bbox 584 3808 700 3865; x_wconf 81' lang='lat' dir='ltr'><strong>bas.</strong></span> <span class='ocrx_word' id='word_1_209' title='bbox 726 3805 1094 3862; x_wconf 78' lang='lat' dir='ltr'><strong>Variabuntur</strong></span> <span class='ocrx_word' id='word_1_210' title='bbox 1127 3805 1207 3856; x_wconf 74' lang='lat' dir='ltr'><strong>ba:</strong></span> <span class='ocrx_word' id='word_1_211' title='bbox 1243 3801 1325 3855; x_wconf 85' lang='lat' dir='ltr'><strong>vel</strong></span> <span class='ocrx_word' id='word_1_212' title='bbox 1356 3815 1543 3854; x_wconf 87' lang='lat' dir='ltr'><strong>omnes</strong></span> <span class='ocrx_word' id='word_1_213' title='bbox 1586 3814 1814 3860; x_wconf 70' lang='lat' dir='ltr'><strong>uentum,</strong></span> <span class='ocrx_word' id='word_1_214' title='bbox 1861 3812 1982 3851; x_wconf 91' lang='lat' dir='ltr'><strong>cum</strong></span> <span class='ocrx_word' id='word_1_215' title='bbox 2030 3796 2167 3851; x_wconf 84' lang='lat' dir='ltr'><strong>alias</strong></span> 
     </span>
    </p>
   </div>
   <div class='ocr_carea' id='block_1_39' title="bbox 546 3886 2160 3962">
    <p class='ocr_par' dir='ltr' id='par_1_39' title="bbox 546 3886 2160 3962">
     <span class='ocr_line' id='line_1_40' title="bbox 546 3886 2160 3962; baseline -0.009 -9"><span class='ocrx_word' id='word_1_216' title='bbox 546 3936 554 3943; x_wconf 65' lang='lat'><strong>.</strong></span> <span class='ocrx_word' id='word_1_217' title='bbox 587 3899 655 3953; x_wconf 85' lang='lat' dir='ltr'><strong>ab</strong></span> <span class='ocrx_word' id='word_1_218' title='bbox 682 3898 869 3954; x_wconf 86' lang='lat' dir='ltr'><strong>eadem</strong></span> <span class='ocrx_word' id='word_1_219' title='bbox 894 3909 1022 3949; x_wconf 88' lang='lat' dir='ltr'><strong>voce</strong></span> <span class='ocrx_word' id='word_1_220' title='bbox 1049 3893 1328 3962; x_wconf 84' lang='lat' dir='ltr'><strong>incipiant,</strong></span> <span class='ocrx_word' id='word_1_221' title='bbox 1352 3890 1485 3943; x_wconf 89' lang='lat' dir='ltr'><strong>alias</strong></span> <span class='ocrx_word' id='word_1_222' title='bbox 1515 3889 1579 3942; x_wconf 90' lang='lat' dir='ltr'><strong>de</strong></span> <span class='ocrx_word' id='word_1_223' title='bbox 1604 3886 1952 3941; x_wconf 74' lang='lat' dir='ltr'><strong>dissimilibus</strong></span> <span class='ocrx_word' id='word_1_224' title='bbox 1975 3901 2160 3940; x_wconf 86' lang='lat' dir='ltr'><strong>secun-</strong></span> 
     </span>
    </p>
   </div>
   <div class='ocr_carea' id='block_1_40' title="bbox 586 3977 2163 4046">
    <p class='ocr_par' dir='ltr' id='par_1_40' title="bbox 586 3977 2163 4046">
     <span class='ocr_line' id='line_1_41' title="bbox 586 3977 2163 4046; baseline -0.009 -2"><span class='ocrx_word' id='word_1_225' title='bbox 586 3991 712 4044; x_wconf 89' lang='lat' dir='ltr'><strong>dttm</strong></span> <span class='ocrx_word' id='word_1_226' title='bbox 742 3985 1031 4043; x_wconf 79' lang='lat' dir='ltr'><strong>Iaxationis</strong></span> <span class='ocrx_word' id='word_1_227' title='bbox 1071 3992 1126 4037; x_wconf 83' lang='lat' dir='ltr'><strong>et</strong></span> <span class='ocrx_word' id='word_1_228' title='bbox 1171 3980 1437 4036; x_wconf 89' lang='lat' dir='ltr'><strong>acuminis</strong></span> <span class='ocrx_word' id='word_1_229' title='bbox 1467 3979 1644 4033; x_wconf 88' lang='lat' dir='ltr'><strong>varias</strong></span> <span class='ocrx_word' id='word_1_230' title='bbox 1689 3977 2001 4046; x_wconf 81' lang='lat' dir='ltr'><strong>qualitates.</strong></span> <span class='ocrx_word' id='word_1_231' title='bbox 2032 3977 2163 4031; x_wconf 89' lang='lat' dir='ltr'><strong>Item</strong></span> 
     </span>
    </p>
   </div>
   <div class='ocr_carea' id='block_1_41' title="bbox 550 4069 2163 4147">
    <p class='ocr_par' dir='ltr' id='par_1_41' title="bbox 550 4069 2163 4147">
     <span class='ocr_line' id='line_1_42' title="bbox 550 4069 2163 4147; baseline -0.009 -13"><span class='ocrx_word' id='word_1_232' title='bbox 550 4130 556 4139; x_wconf 84' lang='grc'><em>,</em></span> <span class='ocrx_word' id='word_1_233' title='bbox 588 4087 645 4133; x_wconf 89' lang='grc' dir='ltr'><strong>ιιι</strong></span> <span class='ocrx_word' id='word_1_234' title='bbox 668 4078 734 4132; x_wconf 87' lang='lat' dir='ltr'><strong>ad</strong></span> <span class='ocrx_word' id='word_1_235' title='bbox 759 4074 1111 4147; x_wconf 83' lang='lat' dir='ltr'><strong>principalem</strong></span> <span class='ocrx_word' id='word_1_236' title='bbox 1135 4087 1342 4137; x_wconf 90' lang='lat' dir='ltr'><strong>vocem,</strong></span> <span class='ocrx_word' id='word_1_237' title='bbox 1368 4071 1419 4125; x_wconf 89' lang='lat' dir='ltr'><strong>id</strong></span> <span class='ocrx_word' id='word_1_238' title='bbox 1443 4076 1527 4123; x_wconf 92' lang='lat' dir='ltr'><strong>est</strong></span> <span class='ocrx_word' id='word_1_239' title='bbox 1570 4069 1804 4131; x_wconf 86' lang='lat' dir='ltr'><strong>tinalem,</strong></span> <span class='ocrx_word' id='word_1_240' title='bbox 1830 4070 1911 4123; x_wconf 86' lang='lat' dir='ltr'><strong>vel</strong></span> <span class='ocrx_word' id='word_1_241' title='bbox 1937 4069 1979 4122; x_wconf 89' lang='lat' dir='ltr'><strong>si</strong></span> <span class='ocrx_word' id='word_1_242' title='bbox 2004 4082 2163 4137; x_wconf 85' lang='lat' dir='ltr'><strong>quant</strong></span> 
     </span>
    </p>
   </div>
   <div class='ocr_carea' id='block_1_42' title="bbox 548 4150 2166 4235">
    <p class='ocr_par' dir='ltr' id='par_1_42' title="bbox 548 4150 2166 4235">
     <span class='ocr_line' id='line_1_43' title="bbox 548 4150 2166 4235; baseline -0.007 -12"><span class='ocrx_word' id='word_1_243' title='bbox 548 4220 557 4229; x_wconf 76' lang='grc'>,</span> <span class='ocrx_word' id='word_1_244' title='bbox 589 4167 799 4223; x_wconf 78' lang='lat' dir='ltr'><strong>aliinem</strong></span> <span class='ocrx_word' id='word_1_245' title='bbox 829 4166 949 4235; x_wconf 85' lang='lat' dir='ltr'><strong>ejus</strong></span> <span class='ocrx_word' id='word_1_246' title='bbox 974 4180 1073 4234; x_wconf 87' lang='lat' dir='ltr'><strong>pro</strong></span> <span class='ocrx_word' id='word_1_247' title='bbox 1106 4164 1217 4234; x_wconf 86' lang='lat' dir='ltr'><strong>ipsa</strong></span> <span class='ocrx_word' id='word_1_248' title='bbox 1255 4162 1540 4231; x_wconf 77' lang='lat' dir='ltr'><strong>elegerint,</strong></span> <span class='ocrx_word' id='word_1_249' title='bbox 1574 4150 1725 4228; x_wconf 80' lang='lat' dir='ltr'><strong>pene</strong></span> <span class='ocrx_word' id='word_1_250' title='bbox 1750 4175 1939 4214; x_wconf 87' lang='lat' dir='ltr'><strong>omnes</strong></span> <span class='ocrx_word' id='word_1_251' title='bbox 1973 4159 2166 4213; x_wconf 85' lang='lat' dir='ltr'><strong>distin-</strong></span> 
     </span>
    </p>
   </div>
   <div class='ocr_carea' id='block_1_43' title="bbox 548 4249 2163 4318">
    <p class='ocr_par' dir='ltr' id='par_1_43' title="bbox 548 4249 2163 4318">
     <span class='ocr_line' id='line_1_44' title="bbox 548 4249 2163 4318; baseline -0.005 -9"><span class='ocrx_word' id='word_1_252' title='bbox 548 4292 555 4301; x_wconf 63' lang='grc' dir='ltr'><strong>ι</strong></span> <span class='ocrx_word' id='word_1_253' title='bbox 587 4257 796 4311; x_wconf 91' lang='lat' dir='ltr'><strong>etiones</strong></span> <span class='ocrx_word' id='word_1_254' title='bbox 825 4260 1076 4318; x_wconf 88' lang='lat' dir='ltr'><strong>currant,</strong></span> <span class='ocrx_word' id='word_1_255' title='bbox 1111 4262 1167 4307; x_wconf 88' lang='lat' dir='ltr'><strong>et</strong></span> <span class='ocrx_word' id='word_1_256' title='bbox 1194 4252 1385 4305; x_wconf 87' lang='lat' dir='ltr'><strong>eadem</strong></span> <span class='ocrx_word' id='word_1_257' title='bbox 1418 4249 1704 4318; x_wconf 85' lang='lat' dir='ltr'><strong>aliquando</strong></span> <span class='ocrx_word' id='word_1_258' title='bbox 1735 4265 1835 4304; x_wconf 80' lang='lat' dir='ltr'><strong>vox</strong></span> <span class='ocrx_word' id='word_1_259' title='bbox 1857 4290 1870 4313; x_wconf 94' lang='lat'><strong>,</strong></span> <span class='ocrx_word' id='word_1_260' title='bbox 1901 4265 2021 4318; x_wconf 78' lang='lat' dir='ltr'><strong>quae</strong></span> <span class='ocrx_word' id='word_1_261' title='bbox 2055 4257 2163 4302; x_wconf 83' lang='lat' dir='ltr'><strong>ter-</strong></span> 
     </span>
    </p>
   </div>
   <div class='ocr_carea' id='block_1_44' title="bbox 2270 1803 3851 1875">
    <p class='ocr_par' dir='ltr' id='par_1_44' title="bbox 2270 1803 3851 1875">
     <span class='ocr_line' id='line_1_45' title="bbox 2270 1803 3851 1875; baseline 0.003 -18"><span class='ocrx_word' id='word_1_262' title='bbox 2270 1817 2371 1857; x_wconf 66' lang='lat' dir='ltr'><strong>mm</strong></span> <span class='ocrx_word' id='word_1_263' title='bbox 2395 1804 2602 1858; x_wconf 88' lang='lat' dir='ltr'><strong>neumis</strong></span> <span class='ocrx_word' id='word_1_264' title='bbox 2651 1811 2706 1858; x_wconf 91' lang='lat' dir='ltr'><strong>ct</strong></span> <span class='ocrx_word' id='word_1_265' title='bbox 2756 1803 3130 1859; x_wconf 84' lang='lat' dir='ltr'><strong>distinctiones</strong></span> <span class='ocrx_word' id='word_1_266' title='bbox 3158 1804 3586 1859; x_wconf 78' lang='lat' dir='ltr'><strong>distinctionibus</strong></span> <span class='ocrx_word' id='word_1_267' title='bbox 3612 1808 3851 1875; x_wconf 84' lang='lat' dir='ltr'><strong>quadam</strong></span> 
     </span>
    </p>
   </div>
   <div class='ocr_carea' id='block_1_45' title="bbox 2270 1893 3851 1965">
    <p class='ocr_par' dir='ltr' id='par_1_45' title="bbox 2270 1893 3851 1965">
     <span class='ocr_line' id='line_1_46' title="bbox 2270 1893 3851 1965; baseline 0.001 -18"><span class='ocrx_word' id='word_1_268' title='bbox 2270 1907 2482 1962; x_wconf 84' lang='lat' dir='ltr'><strong>semper</strong></span> <span class='ocrx_word' id='word_1_269' title='bbox 2512 1893 2863 1949; x_wconf 89' lang='lat' dir='ltr'><strong>similitudine</strong></span> <span class='ocrx_word' id='word_1_270' title='bbox 2908 1894 3008 1949; x_wconf 86' lang='lat' dir='ltr'><strong>sibi</strong></span> <span class='ocrx_word' id='word_1_271' title='bbox 3056 1904 3417 1950; x_wconf 88' lang='lat' dir='ltr'><strong>consonanter</strong></span> <span class='ocrx_word' id='word_1_272' title='bbox 3461 1898 3851 1965; x_wconf 82' lang='lat' dir='ltr'><strong>rcSpnndeant,</strong></span> 
     </span>
    </p>
   </div>
   <div class='ocr_carea' id='block_1_46' title="bbox 2271 1984 3855 2056">
    <p class='ocr_par' dir='ltr' id='par_1_46' title="bbox 2271 1984 3855 2056">
     <span class='ocr_line' id='line_1_47' title="bbox 2271 1984 3855 2056; baseline 0.003 -18"><span class='ocrx_word' id='word_1_273' title='bbox 2271 1984 2322 2039; x_wconf 90' lang='lat' dir='ltr'><strong>id</strong></span> <span class='ocrx_word' id='word_1_274' title='bbox 2352 1994 2453 2049; x_wconf 90' lang='lat' dir='ltr'><strong>est,</strong></span> <span class='ocrx_word' id='word_1_275' title='bbox 2485 1993 2545 2038; x_wconf 89' lang='lat' dir='ltr'><strong>ut</strong></span> <span class='ocrx_word' id='word_1_276' title='bbox 2578 1984 2649 2039; x_wconf 90' lang='lat' dir='ltr'><strong>sit</strong></span> <span class='ocrx_word' id='word_1_277' title='bbox 2684 1985 2978 2041; x_wconf 89' lang='lat' dir='ltr'><strong>similitudo</strong></span> <span class='ocrx_word' id='word_1_278' title='bbox 3029 1985 3330 2050; x_wconf 87' lang='lat' dir='ltr'><strong>dissimilis,</strong></span> <span class='ocrx_word' id='word_1_279' title='bbox 3375 2001 3526 2041; x_wconf 88' lang='lat' dir='ltr'><strong>more</strong></span> <span class='ocrx_word' id='word_1_280' title='bbox 3572 1987 3855 2056; x_wconf 81' lang='lat' dir='ltr'><strong>perduleis</strong></span> 
     </span>
    </p>
   </div>
   <div class='ocr_carea' id='block_1_47' title="bbox 2249 2073 3854 2146">
    <p class='ocr_par' dir='ltr' id='par_1_47' title="bbox 2249 2073 3854 2146">
     <span class='ocr_line' id='line_1_48' title="bbox 2249 2073 3854 2146; baseline 0.001 -18"><span class='ocrx_word' id='word_1_281' title='bbox 2249 2073 2563 2129; x_wconf 75' lang='lat' dir='ltr'><strong>‘Amlu&#39;osii.</strong></span> <span class='ocrx_word' id='word_1_282' title='bbox 2591 2075 2707 2130; x_wconf 86' lang='lat' dir='ltr'><strong>Non</strong></span> <span class='ocrx_word' id='word_1_283' title='bbox 2737 2085 2915 2130; x_wconf 87' lang='lat' dir='ltr'><strong>autem</strong></span> <span class='ocrx_word' id='word_1_284' title='bbox 2948 2090 3108 2146; x_wconf 87' lang='lat' dir='ltr'><strong>parva</strong></span> <span class='ocrx_word' id='word_1_285' title='bbox 3136 2075 3431 2131; x_wconf 84' lang='lat' dir='ltr'><strong>similitudo</strong></span> <span class='ocrx_word' id='word_1_286' title='bbox 3461 2084 3541 2131; x_wconf 84' lang='lat' dir='ltr'><strong>est</strong></span> <span class='ocrx_word' id='word_1_287' title='bbox 3573 2076 3765 2131; x_wconf 80' lang='lat' dir='ltr'><strong>metris</strong></span> <span class='ocrx_word' id='word_1_288' title='bbox 3795 2086 3854 2131; x_wconf 85' lang='lat' dir='ltr'><strong>et</strong></span> 
     </span>
    </p>
   </div>
   <div class='ocr_carea' id='block_1_48' title="bbox 2269 2166 3855 2238">
    <p class='ocr_par' dir='ltr' id='par_1_48' title="bbox 2269 2166 3855 2238">
     <span class='ocr_line' id='line_1_49' title="bbox 2269 2166 3855 2238; baseline 0.001 -18"><span class='ocrx_word' id='word_1_289' title='bbox 2269 2166 2537 2230; x_wconf 88' lang='lat' dir='ltr'><strong>cantibus,</strong></span> <span class='ocrx_word' id='word_1_290' title='bbox 2563 2181 2683 2221; x_wconf 92' lang='lat' dir='ltr'><strong>cum</strong></span> <span class='ocrx_word' id='word_1_291' title='bbox 2711 2177 2763 2222; x_wconf 89' lang='lat' dir='ltr'><strong>et</strong></span> <span class='ocrx_word' id='word_1_292' title='bbox 2787 2183 2996 2223; x_wconf 76' lang='lat' dir='ltr'><strong>neuma:</strong></span> <span class='ocrx_word' id='word_1_293' title='bbox 3025 2168 3142 2224; x_wconf 91' lang='lat' dir='ltr'><strong>loco</strong></span> <span class='ocrx_word' id='word_1_294' title='bbox 3180 2169 3283 2223; x_wconf 87' lang='lat' dir='ltr'><strong>sint</strong></span> <span class='ocrx_word' id='word_1_295' title='bbox 3320 2170 3532 2238; x_wconf 89' lang='lat' dir='ltr'><strong>pedum,</strong></span> <span class='ocrx_word' id='word_1_296' title='bbox 3566 2177 3619 2223; x_wconf 91' lang='lat' dir='ltr'><strong>et</strong></span> <span class='ocrx_word' id='word_1_297' title='bbox 3653 2169 3855 2223; x_wconf 85' lang='lat' dir='ltr'><strong>distin-</strong></span> 
     </span>
    </p>
   </div>
   <div class='ocr_carea' id='block_1_49' title="bbox 2270 2258 3851 2332">
    <p class='ocr_par' dir='ltr' id='par_1_49' title="bbox 2270 2258 3851 2332">
     <span class='ocr_line' id='line_1_50' title="bbox 2270 2258 3851 2332; baseline 0.003 -22"><span class='ocrx_word' id='word_1_298' title='bbox 2270 2258 2475 2313; x_wconf 87' lang='lat' dir='ltr'><strong>ctiones</strong></span> <span class='ocrx_word' id='word_1_299' title='bbox 2507 2259 2623 2313; x_wconf 90' lang='lat' dir='ltr'><strong>loco</strong></span> <span class='ocrx_word' id='word_1_300' title='bbox 2653 2274 2905 2314; x_wconf 86' lang='lat' dir='ltr'><strong>versuum</strong></span> <span class='ocrx_word' id='word_1_301' title='bbox 2940 2277 2954 2312; x_wconf 90' lang='lat'><strong>:</strong></span> <span class='ocrx_word' id='word_1_302' title='bbox 2984 2269 3168 2329; x_wconf 86' lang='lat' dir='ltr'><strong>utpote</strong></span> <span class='ocrx_word' id='word_1_303' title='bbox 3189 2261 3290 2315; x_wconf 91' lang='lat' dir='ltr'><strong>ista</strong></span> <span class='ocrx_word' id='word_1_304' title='bbox 3332 2276 3521 2316; x_wconf 89' lang='lat' dir='ltr'><strong>neuma</strong></span> <span class='ocrx_word' id='word_1_305' title='bbox 3558 2259 3851 2332; x_wconf 78' lang='lat' dir='ltr'><strong>dactylico,</strong></span> 
     </span>
    </p>
   </div>
   <div class='ocr_carea' id='block_1_50' title="bbox 2240 2344 3847 2418">
    <p class='ocr_par' dir='ltr' id='par_1_50' title="bbox 2240 2344 3847 2418">
     <span class='ocr_line' id='line_1_51' title="bbox 2240 2344 3847 2418; baseline 0.003 -18"><span class='ocrx_word' id='word_1_306' title='bbox 2240 2344 2356 2400; x_wconf 56' lang='lat' dir='ltr'><strong>&quot;illa</strong></span> <span class='ocrx_word' id='word_1_307' title='bbox 2381 2362 2510 2402; x_wconf 88' lang='lat' dir='ltr'><strong>vero</strong></span> <span class='ocrx_word' id='word_1_308' title='bbox 2538 2350 2831 2418; x_wconf 82' lang='lat' dir='ltr'><strong>spontiaico</strong></span> <span class='ocrx_word' id='word_1_309' title='bbox 2850 2391 2865 2416; x_wconf 93' lang='lat'><strong>,</strong></span> <span class='ocrx_word' id='word_1_310' title='bbox 2910 2350 2997 2405; x_wconf 85' lang='lat' dir='ltr'><strong>illa</strong></span> <span class='ocrx_word' id='word_1_311' title='bbox 3028 2351 3260 2406; x_wconf 88' lang='lat' dir='ltr'><strong>iambico</strong></span> <span class='ocrx_word' id='word_1_312' title='bbox 3291 2361 3464 2407; x_wconf 89' lang='lat' dir='ltr'><strong>metro</strong></span> <span class='ocrx_word' id='word_1_313' title='bbox 3492 2352 3804 2407; x_wconf 84' lang='lat' dir='ltr'><strong>decurreret</strong></span> <span class='ocrx_word' id='word_1_314' title='bbox 3831 2369 3847 2416; x_wconf 89' lang='lat'><strong>;</strong></span> 
     </span>
    </p>
   </div>
   <div class='ocr_carea' id='block_1_51' title="bbox 2267 2436 3852 2513">
    <p class='ocr_par' dir='ltr' id='par_1_51' title="bbox 2267 2436 3852 2513">
     <span class='ocr_line' id='line_1_52' title="bbox 2267 2436 3852 2513; baseline 0.002 -21"><span class='ocrx_word' id='word_1_315' title='bbox 2267 2447 2320 2492; x_wconf 89' lang='lat' dir='ltr'><strong>et</strong></span> <span class='ocrx_word' id='word_1_316' title='bbox 2355 2436 2755 2495; x_wconf 88' lang='lat' dir='ltr'><strong>distinctionem</strong></span> <span class='ocrx_word' id='word_1_317' title='bbox 2786 2456 2929 2495; x_wconf 89' lang='lat' dir='ltr'><strong>nunc</strong></span> <span class='ocrx_word' id='word_1_318' title='bbox 2972 2450 3341 2496; x_wconf 85' lang='lat' dir='ltr'><strong>tetrametram</strong></span> <span class='ocrx_word' id='word_1_319' title='bbox 3390 2457 3531 2497; x_wconf 89' lang='lat' dir='ltr'><strong>nunc</strong></span> <span class='ocrx_word' id='word_1_320' title='bbox 3562 2451 3852 2513; x_wconf 82' lang='lat' dir='ltr'><strong>pentame-</strong></span> 
     </span>
    </p>
   </div>
   <div class='ocr_carea' id='block_1_52' title="bbox 2269 2531 3849 2603">
    <p class='ocr_par' dir='ltr' id='par_1_52' title="bbox 2269 2531 3849 2603">
     <span class='ocr_line' id='line_1_53' title="bbox 2269 2531 3849 2603; baseline 0.001 -20"><span class='ocrx_word' id='word_1_321' title='bbox 2269 2538 2429 2593; x_wconf 86' lang='lat' dir='ltr'><strong>tram,</strong></span> <span class='ocrx_word' id='word_1_322' title='bbox 2458 2531 2590 2586; x_wconf 88' lang='lat' dir='ltr'><strong>alias</strong></span> <span class='ocrx_word' id='word_1_323' title='bbox 2616 2532 2768 2603; x_wconf 84' lang='lat' dir='ltr'><strong>quasi</strong></span> <span class='ocrx_word' id='word_1_324' title='bbox 2801 2533 3169 2589; x_wconf 79' lang='lat' dir='ltr'><strong>Itexametram</strong></span> <span class='ocrx_word' id='word_1_325' title='bbox 3199 2549 3416 2601; x_wconf 90' lang='lat' dir='ltr'><strong>cernes,</strong></span> <span class='ocrx_word' id='word_1_326' title='bbox 3440 2542 3493 2589; x_wconf 88' lang='lat' dir='ltr'><strong>et</strong></span> <span class='ocrx_word' id='word_1_327' title='bbox 3522 2532 3685 2588; x_wconf 89' lang='lat' dir='ltr'><strong>multa</strong></span> <span class='ocrx_word' id='word_1_328' title='bbox 3713 2533 3849 2597; x_wconf 73' lang='lat' dir='ltr'><strong>alia,</strong></span> 
     </span>
    </p>
   </div>
   <div class='ocr_carea' id='block_1_53' title="bbox 2268 2621 3847 2695">
    <p class='ocr_par' dir='ltr' id='par_1_53' title="bbox 2268 2621 3847 2695">
     <span class='ocr_line' id='line_1_54' title="bbox 2268 2621 3847 2695; baseline 0.001 -21"><span class='ocrx_word' id='word_1_329' title='bbox 2268 2629 2320 2674; x_wconf 93' lang='lat' dir='ltr'><strong>ut</strong></span> <span class='ocrx_word' id='word_1_330' title='bbox 2346 2621 2575 2676; x_wconf 86' lang='lat' dir='ltr'><strong>elevatio</strong></span> <span class='ocrx_word' id='word_1_331' title='bbox 2615 2630 2667 2677; x_wconf 89' lang='lat' dir='ltr'><strong>ct</strong></span> <span class='ocrx_word' id='word_1_332' title='bbox 2694 2624 2890 2694; x_wconf 91' lang='lat' dir='ltr'><strong>positio</strong></span> <span class='ocrx_word' id='word_1_333' title='bbox 2918 2633 3029 2678; x_wconf 90' lang='lat' dir='ltr'><strong>tum</strong></span> <span class='ocrx_word' id='word_1_334' title='bbox 3062 2625 3175 2695; x_wconf 87' lang='lat' dir='ltr'><strong>ipsa</strong></span> <span class='ocrx_word' id='word_1_335' title='bbox 3207 2625 3330 2686; x_wconf 86' lang='lat' dir='ltr'><strong>sibi,</strong></span> <span class='ocrx_word' id='word_1_336' title='bbox 3364 2634 3474 2678; x_wconf 89' lang='lat' dir='ltr'><strong>tum</strong></span> <span class='ocrx_word' id='word_1_337' title='bbox 3500 2625 3660 2679; x_wconf 81' lang='lat' dir='ltr'><strong>altera</strong></span> <span class='ocrx_word' id='word_1_338' title='bbox 3685 2622 3847 2677; x_wconf 83' lang='lat' dir='ltr'><strong>alteri</strong></span> 
     </span>
    </p>
   </div>
   <div class='ocr_carea' id='block_1_54' title="bbox 2267 2709 3850 2784">
    <p class='ocr_par' dir='ltr' id='par_1_54' title="bbox 2267 2709 3850 2784">
     <span class='ocr_line' id='line_1_55' title="bbox 2267 2709 3850 2784; baseline -0.001 -17"><span class='ocrx_word' id='word_1_339' title='bbox 2267 2709 2462 2767; x_wconf 65' lang='lat' dir='ltr'><strong>similis</strong></span> <span class='ocrx_word' id='word_1_340' title='bbox 2488 2713 2567 2766; x_wconf 85' lang='lat' dir='ltr'><strong>vel</strong></span> <span class='ocrx_word' id='word_1_341' title='bbox 2600 2712 2878 2767; x_wconf 75' lang='lat' dir='ltr'><strong>dissimilis</strong></span> <span class='ocrx_word' id='word_1_342' title='bbox 2903 2721 3267 2784; x_wconf 73' lang='lat' dir='ltr'><strong>przeponatur,</strong></span> <span class='ocrx_word' id='word_1_343' title='bbox 3294 2721 3644 2783; x_wconf 75' lang='lat' dir='ltr'><strong>supponatur,</strong></span> <span class='ocrx_word' id='word_1_344' title='bbox 3666 2724 3850 2781; x_wconf 59' lang='lat' dir='ltr'><strong>&#39;appoc</strong></span> 
     </span>
    </p>
   </div>
   <div class='ocr_carea' id='block_1_55' title="bbox 2240 2800 3843 2872">
    <p class='ocr_par' dir='ltr' id='par_1_55' title="bbox 2240 2800 3843 2872">
     <span class='ocr_line' id='line_1_56' title="bbox 2240 2800 3843 2872; baseline 0.001 -17"><span class='ocrx_word' id='word_1_345' title='bbox 2240 2800 2444 2868; x_wconf 34' lang='lat' dir='ltr'><strong>‘natur,</strong></span> <span class='ocrx_word' id='word_1_346' title='bbox 2476 2805 2871 2872; x_wconf 89' lang='lat' dir='ltr'><strong>interponatur,</strong></span> <span class='ocrx_word' id='word_1_347' title='bbox 2902 2803 3035 2858; x_wconf 81' lang='lat' dir='ltr'><strong>alias</strong></span> <span class='ocrx_word' id='word_1_348' title='bbox 3070 2802 3396 2871; x_wconf 75' lang='lat' dir='ltr'><strong>coniunctim</strong></span> <span class='ocrx_word' id='word_1_349' title='bbox 3421 2844 3435 2866; x_wconf 94' lang='lat'><strong>,</strong></span> <span class='ocrx_word' id='word_1_350' title='bbox 3465 2802 3597 2856; x_wconf 83' lang='lat' dir='ltr'><strong>alias</strong></span> <span class='ocrx_word' id='word_1_351' title='bbox 3626 2802 3809 2857; x_wconf 83' lang='lat' dir='ltr'><strong>divise</strong></span> <span class='ocrx_word' id='word_1_352' title='bbox 3829 2842 3843 2864; x_wconf 84' lang='lat'><strong>.</strong></span> 
     </span>
    </p>
   </div>
   <div class='ocr_carea' id='block_1_56' title="bbox 2268 2877 3843 2950">
    <p class='ocr_par' dir='ltr' id='par_1_56' title="bbox 2268 2877 3843 2950">
     <span class='ocr_line' id='line_1_57' title="bbox 2268 2877 3843 2950; baseline 0.001 -4"><span class='ocrx_word' id='word_1_353' title='bbox 2268 2896 2403 2949; x_wconf 89' lang='lat' dir='ltr'><strong>alias</strong></span> <span class='ocrx_word' id='word_1_354' title='bbox 2436 2888 2770 2950; x_wconf 72' lang='lat' dir='ltr'><strong>commixtim</strong></span> <span class='ocrx_word' id='word_1_355' title='bbox 2797 2877 3035 2950; x_wconf 78' lang='lat' dir='ltr'><strong>adhunc</strong></span> <span class='ocrx_word' id='word_1_356' title='bbox 3065 2896 3304 2948; x_wconf 86' lang='lat' dir='ltr'><strong>modum.</strong></span> <span class='ocrx_word' id='word_1_357' title='bbox 3337 2894 3467 2949; x_wconf 90' lang='lat' dir='ltr'><strong>Item</strong></span> <span class='ocrx_word' id='word_1_358' title='bbox 3500 2902 3557 2947; x_wconf 91' lang='lat' dir='ltr'><strong>ut</strong></span> <span class='ocrx_word' id='word_1_359' title='bbox 3590 2894 3640 2947; x_wconf 93' lang='lat' dir='ltr'><strong>in</strong></span> <span class='ocrx_word' id='word_1_360' title='bbox 3673 2906 3843 2948; x_wconf 82' lang='lat' dir='ltr'><strong>unum</strong></span> 
     </span>
    </p>
   </div>
   <div class='ocr_carea' id='block_1_57' title="bbox 2270 2985 3846 3056">
    <p class='ocr_par' dir='ltr' id='par_1_57' title="bbox 2270 2985 3846 3056">
     <span class='ocr_line' id='line_1_58' title="bbox 2270 2985 3846 3056; baseline -0.002 -15"><span class='ocrx_word' id='word_1_361' title='bbox 2270 2990 2626 3043; x_wconf 88' lang='lat' dir='ltr'><strong>terminentur</strong></span> <span class='ocrx_word' id='word_1_362' title='bbox 2646 2998 2829 3056; x_wconf 89' lang='lat' dir='ltr'><strong>partes</strong></span> <span class='ocrx_word' id='word_1_363' title='bbox 2851 2996 2908 3042; x_wconf 86' lang='lat' dir='ltr'><strong>et</strong></span> <span class='ocrx_word' id='word_1_364' title='bbox 2931 2985 3305 3042; x_wconf 84' lang='lat' dir='ltr'><strong>distinctiones</strong></span> <span class='ocrx_word' id='word_1_365' title='bbox 3333 3000 3647 3040; x_wconf 83' lang='lat' dir='ltr'><strong>neumarum</strong></span> <span class='ocrx_word' id='word_1_366' title='bbox 3680 2994 3846 3054; x_wconf 85' lang='lat' dir='ltr'><strong>atque</strong></span> 
     </span>
    </p>
   </div>
   <div class='ocr_carea' id='block_1_58' title="bbox 2268 3072 3843 3148">
    <p class='ocr_par' dir='ltr' id='par_1_58' title="bbox 2268 3072 3843 3148">
     <span class='ocr_line' id='line_1_59' title="bbox 2268 3072 3843 3148; baseline -0.001 -18"><span class='ocrx_word' id='word_1_367' title='bbox 2268 3079 2577 3141; x_wconf 87' lang='lat' dir='ltr'><strong>verborum,</strong></span> <span class='ocrx_word' id='word_1_368' title='bbox 2613 3092 2712 3133; x_wconf 91' lang='lat' dir='ltr'><strong>nec</strong></span> <span class='ocrx_word' id='word_1_369' title='bbox 2743 3086 2897 3131; x_wconf 88' lang='lat' dir='ltr'><strong>tenor</strong></span> <span class='ocrx_word' id='word_1_370' title='bbox 2930 3075 3125 3148; x_wconf 87' lang='lat' dir='ltr'><strong>longus</strong></span> <span class='ocrx_word' id='word_1_371' title='bbox 3155 3075 3209 3129; x_wconf 92' lang='lat' dir='ltr'><strong>in</strong></span> <span class='ocrx_word' id='word_1_372' title='bbox 3238 3072 3555 3145; x_wconf 87' lang='lat' dir='ltr'><strong>quibusdam</strong></span> <span class='ocrx_word' id='word_1_373' title='bbox 3586 3072 3843 3129; x_wconf 79' lang='lat' dir='ltr'><strong>brevibus</strong></span> 
     </span>
    </p>
   </div>
   <div class='ocr_carea' id='block_1_59' title="bbox 2266 3168 3842 3243">
    <p class='ocr_par' dir='ltr' id='par_1_59' title="bbox 2266 3168 3842 3243">
     <span class='ocr_line' id='line_1_60' title="bbox 2266 3168 3842 3243; baseline -0.003 -16"><span class='ocrx_word' id='word_1_374' title='bbox 2266 3171 2505 3243; x_wconf 84' lang='lat' dir='ltr'><strong>syllabis,</strong></span> <span class='ocrx_word' id='word_1_375' title='bbox 2531 3179 2624 3225; x_wconf 89' lang='lat' dir='ltr'><strong>aut</strong></span> <span class='ocrx_word' id='word_1_376' title='bbox 2654 3171 2831 3226; x_wconf 86' lang='lat' dir='ltr'><strong>brevis</strong></span> <span class='ocrx_word' id='word_1_377' title='bbox 2867 3172 2918 3225; x_wconf 92' lang='lat' dir='ltr'><strong>in</strong></span> <span class='ocrx_word' id='word_1_378' title='bbox 2951 3169 3123 3241; x_wconf 88' lang='lat' dir='ltr'><strong>longis</strong></span> <span class='ocrx_word' id='word_1_379' title='bbox 3176 3171 3262 3233; x_wconf 89' lang='lat' dir='ltr'><strong>sit,</strong></span> <span class='ocrx_word' id='word_1_380' title='bbox 3312 3170 3436 3240; x_wconf 87' lang='lat' dir='ltr'><strong>quia</strong></span> <span class='ocrx_word' id='word_1_381' title='bbox 3495 3169 3608 3240; x_wconf 88' lang='lat' dir='ltr'><strong>(I6)</strong></span> <span class='ocrx_word' id='word_1_382' title='bbox 3654 3168 3842 3224; x_wconf 59' lang='lat' dir='ltr'><strong>citem-</strong></span> 
     </span>
    </p>
   </div>
   <div class='ocr_carea' id='block_1_60' title="bbox 2267 3259 3839 3330">
    <p class='ocr_par' dir='ltr' id='par_1_60' title="bbox 2267 3259 3839 3330">
     <span class='ocr_line' id='line_1_61' title="bbox 2267 3259 3839 3330; baseline 0.001 -17"><span class='ocrx_word' id='word_1_383' title='bbox 2267 3262 2488 3314; x_wconf 81' lang='lat' dir='ltr'><strong>nitatem</strong></span> <span class='ocrx_word' id='word_1_384' title='bbox 2556 3260 2721 3329; x_wconf 84' lang='lat' dir='ltr'><strong>parit,</strong></span> <span class='ocrx_word' id='word_1_385' title='bbox 2789 3260 2933 3330; x_wconf 85' lang='lat' dir='ltr'><strong>quod</strong></span> <span class='ocrx_word' id='word_1_386' title='bbox 3003 3268 3180 3314; x_wconf 89' lang='lat' dir='ltr'><strong>tamen</strong></span> <span class='ocrx_word' id='word_1_387' title='bbox 3234 3275 3362 3315; x_wconf 87' lang='lat' dir='ltr'><strong>raro</strong></span> <span class='ocrx_word' id='word_1_388' title='bbox 3414 3274 3547 3329; x_wconf 90' lang='lat' dir='ltr'><strong>opus</strong></span> <span class='ocrx_word' id='word_1_389' title='bbox 3604 3259 3714 3314; x_wconf 89' lang='lat' dir='ltr'><strong>erit</strong></span> <span class='ocrx_word' id='word_1_390' title='bbox 3746 3276 3839 3314; x_wconf 86' lang='lat' dir='ltr'><strong>cu-</strong></span> 
     </span>
    </p>
   </div>
   <div class='ocr_carea' id='block_1_61' title="bbox 2270 3348 3843 3403">
    <p class='ocr_par' dir='ltr' id='par_1_61' title="bbox 2270 3348 3843 3403">
     <span class='ocr_line' id='line_1_62' title="bbox 2270 3348 3843 3403; baseline -0.001 0"><span class='ocrx_word' id='word_1_391' title='bbox 2270 3364 2408 3403; x_wconf 89' lang='lat' dir='ltr'><strong>rare.</strong></span> <span class='ocrx_word' id='word_1_392' title='bbox 2461 3349 2592 3403; x_wconf 88' lang='lat' dir='ltr'><strong>Item</strong></span> <span class='ocrx_word' id='word_1_393' title='bbox 2654 3358 2706 3403; x_wconf 91' lang='lat' dir='ltr'><strong>ut</strong></span> <span class='ocrx_word' id='word_1_394' title='bbox 2762 3363 2940 3402; x_wconf 86' lang='lat' dir='ltr'><strong>rerum</strong></span> <span class='ocrx_word' id='word_1_395' title='bbox 2986 3356 3210 3402; x_wconf 89' lang='lat' dir='ltr'><strong>eventus</strong></span> <span class='ocrx_word' id='word_1_396' title='bbox 3265 3348 3346 3403; x_wconf 88' lang='lat' dir='ltr'><strong>sic</strong></span> <span class='ocrx_word' id='word_1_397' title='bbox 3402 3349 3671 3403; x_wconf 89' lang='lat' dir='ltr'><strong>cantionis</strong></span> <span class='ocrx_word' id='word_1_398' title='bbox 3726 3348 3843 3402; x_wconf 82' lang='lat' dir='ltr'><strong>imi-</strong></span> 
     </span>
    </p>
   </div>
   <div class='ocr_carea' id='block_1_62' title="bbox 2270 3435 3841 3506">
    <p class='ocr_par' dir='ltr' id='par_1_62' title="bbox 2270 3435 3841 3506">
     <span class='ocr_line' id='line_1_63' title="bbox 2270 3435 3841 3506; baseline -0.003 -14"><span class='ocrx_word' id='word_1_399' title='bbox 2270 3448 2412 3493; x_wconf 89' lang='lat' dir='ltr'><strong>tetur</strong></span> <span class='ocrx_word' id='word_1_400' title='bbox 2456 3436 2710 3501; x_wconf 83' lang='lat' dir='ltr'><strong>ell&#39;ectus,</strong></span> <span class='ocrx_word' id='word_1_401' title='bbox 2758 3446 2817 3492; x_wconf 90' lang='lat' dir='ltr'><strong>ut</strong></span> <span class='ocrx_word' id='word_1_402' title='bbox 2892 3435 2945 3490; x_wconf 92' lang='lat' dir='ltr'><strong>in</strong></span> <span class='ocrx_word' id='word_1_403' title='bbox 2982 3436 3226 3492; x_wconf 89' lang='lat' dir='ltr'><strong>tristibus</strong></span> <span class='ocrx_word' id='word_1_404' title='bbox 3270 3437 3431 3491; x_wconf 87' lang='lat' dir='ltr'><strong>rebus</strong></span> <span class='ocrx_word' id='word_1_405' title='bbox 3477 3451 3665 3506; x_wconf 80' lang='lat' dir='ltr'><strong>graves</strong></span> <span class='ocrx_word' id='word_1_406' title='bbox 3738 3437 3841 3491; x_wconf 90' lang='lat' dir='ltr'><strong>sint</strong></span> 
     </span>
    </p>
   </div>
   <div class='ocr_carea' id='block_1_63' title="bbox 2269 3523 3842 3598">
    <p class='ocr_par' dir='ltr' id='par_1_63' title="bbox 2269 3523 3842 3598">
     <span class='ocr_line' id='line_1_64' title="bbox 2269 3523 3842 3598; baseline -0.004 -13"><span class='ocrx_word' id='word_1_407' title='bbox 2269 3545 2514 3595; x_wconf 76' lang='lat' dir='ltr'><strong>neumac,</strong></span> <span class='ocrx_word' id='word_1_408' title='bbox 2581 3531 2631 3583; x_wconf 92' lang='lat' dir='ltr'><strong>in</strong></span> <span class='ocrx_word' id='word_1_409' title='bbox 2686 3526 2990 3598; x_wconf 87' lang='lat' dir='ltr'><strong>tranquillis</strong></span> <span class='ocrx_word' id='word_1_410' title='bbox 3056 3528 3217 3581; x_wconf 85' lang='lat' dir='ltr'><strong>rebus</strong></span> <span class='ocrx_word' id='word_1_411' title='bbox 3272 3523 3556 3594; x_wconf 64' lang='lat' dir='ltr'><strong>jucundam,</strong></span> <span class='ocrx_word' id='word_1_412' title='bbox 3613 3525 3666 3579; x_wconf 89' lang='lat' dir='ltr'><strong>in</strong></span> <span class='ocrx_word' id='word_1_413' title='bbox 3726 3540 3842 3596; x_wconf 55' lang='lat' dir='ltr'><strong>prec</strong></span> 
     </span>
    </p>
   </div>
   <div class='ocr_carea' id='block_1_64' title="bbox 2268 3614 3841 3691">
    <p class='ocr_par' dir='ltr' id='par_1_64' title="bbox 2268 3614 3841 3691">
     <span class='ocr_line' id='line_1_65' title="bbox 2268 3614 3841 3691; baseline -0.005 -15"><span class='ocrx_word' id='word_1_414' title='bbox 2268 3622 2441 3691; x_wconf 77' lang='lat' dir='ltr'><strong>spot-is</strong></span> <span class='ocrx_word' id='word_1_415' title='bbox 2495 3618 2863 3683; x_wconf 72' lang='lat' dir='ltr'><strong>exsultantes,</strong></span> <span class='ocrx_word' id='word_1_416' title='bbox 2933 3627 2987 3673; x_wconf 91' lang='lat' dir='ltr'><strong>et</strong></span> <span class='ocrx_word' id='word_1_417' title='bbox 3042 3618 3280 3687; x_wconf 68' lang='lat' dir='ltr'><strong>reliqum.</strong></span> <span class='ocrx_word' id='word_1_418' title='bbox 3348 3614 3481 3672; x_wconf 88' lang='lat' dir='ltr'><strong>Item</strong></span> <span class='ocrx_word' id='word_1_419' title='bbox 3560 3631 3704 3686; x_wconf 71' lang='lat' dir='ltr'><strong>saepe</strong></span> <span class='ocrx_word' id='word_1_420' title='bbox 3759 3631 3841 3691; x_wconf 84' lang='lat' dir='ltr'><strong>vo-</strong></span> 
     </span>
    </p>
   </div>
   <div class='ocr_carea' id='block_1_65' title="bbox 2268 3690 3839 3784">
    <p class='ocr_par' dir='ltr' id='par_1_65' title="bbox 2268 3690 3839 3784">
     <span class='ocr_line' id='line_1_66' title="bbox 2268 3690 3839 3784; baseline -0.004 -16"><span class='ocrx_word' id='word_1_421' title='bbox 2268 3715 2422 3769; x_wconf 90' lang='lat' dir='ltr'><strong>cibus</strong></span> <span class='ocrx_word' id='word_1_422' title='bbox 2494 3729 2709 3784; x_wconf 83' lang='lat' dir='ltr'><strong>gravem</strong></span> <span class='ocrx_word' id='word_1_423' title='bbox 2781 3722 2835 3767; x_wconf 89' lang='lat' dir='ltr'><strong>et</strong></span> <span class='ocrx_word' id='word_1_424' title='bbox 2928 3720 3145 3766; x_wconf 88' lang='lat' dir='ltr'><strong>acutum</strong></span> <span class='ocrx_word' id='word_1_425' title='bbox 3219 3720 3503 3764; x_wconf 88' lang='lat' dir='ltr'><strong>accentum</strong></span> <span class='ocrx_word' id='word_1_426' title='bbox 3585 3690 3839 3777; x_wconf 78' lang='lat' dir='ltr'><strong>superpo-</strong></span> 
     </span>
    </p>
   </div>
   <div class='ocr_carea' id='block_1_66' title="bbox 2271 3801 3835 3876">
    <p class='ocr_par' dir='ltr' id='par_1_66' title="bbox 2271 3801 3835 3876">
     <span class='ocr_line' id='line_1_67' title="bbox 2271 3801 3835 3876; baseline -0.006 -15"><span class='ocrx_word' id='word_1_427' title='bbox 2271 3808 2471 3871; x_wconf 91' lang='lat' dir='ltr'><strong>nimus,</strong></span> <span class='ocrx_word' id='word_1_428' title='bbox 2522 3807 2645 3876; x_wconf 88' lang='lat' dir='ltr'><strong>quia</strong></span> <span class='ocrx_word' id='word_1_429' title='bbox 2677 3820 2815 3873; x_wconf 48' lang='lat' dir='ltr'><strong>sa‘pe</strong></span> <span class='ocrx_word' id='word_1_430' title='bbox 2848 3813 2906 3857; x_wconf 90' lang='lat' dir='ltr'><strong>ut</strong></span> <span class='ocrx_word' id='word_1_431' title='bbox 2940 3803 3129 3874; x_wconf 85' lang='lat' dir='ltr'><strong>majori</strong></span> <span class='ocrx_word' id='word_1_432' title='bbox 3176 3802 3407 3873; x_wconf 88' lang='lat' dir='ltr'><strong>impulsu</strong></span> <span class='ocrx_word' id='word_1_433' title='bbox 3457 3802 3741 3871; x_wconf 84' lang='lat' dir='ltr'><strong>quasdam,</strong></span> <span class='ocrx_word' id='word_1_434' title='bbox 3769 3801 3835 3855; x_wconf 81' lang='lat' dir='ltr'><strong>ita</strong></span> 
     </span>
    </p>
   </div>
   <div class='ocr_carea' id='block_1_67' title="bbox 2268 3889 3840 3960">
    <p class='ocr_par' dir='ltr' id='par_1_67' title="bbox 2268 3889 3840 3960">
     <span class='ocr_line' id='line_1_68' title="bbox 2268 3889 3840 3960; baseline -0.004 -9"><span class='ocrx_word' id='word_1_435' title='bbox 2268 3899 2431 3952; x_wconf 89' lang='lat' dir='ltr'><strong>etiam</strong></span> <span class='ocrx_word' id='word_1_436' title='bbox 2465 3895 2658 3949; x_wconf 86' lang='lat' dir='ltr'><strong>minori</strong></span> <span class='ocrx_word' id='word_1_437' title='bbox 2691 3893 2963 3948; x_wconf 68' lang='lat' dir='ltr'><strong>efferimus</strong></span> <span class='ocrx_word' id='word_1_438' title='bbox 2989 3910 3003 3947; x_wconf 87' lang='lat'><strong>:</strong></span> <span class='ocrx_word' id='word_1_439' title='bbox 3029 3895 3163 3948; x_wconf 81' lang='lat' dir='ltr'><strong>adeo</strong></span> <span class='ocrx_word' id='word_1_440' title='bbox 3190 3901 3248 3945; x_wconf 88' lang='lat' dir='ltr'><strong>ut</strong></span> <span class='ocrx_word' id='word_1_441' title='bbox 3269 3889 3510 3959; x_wconf 86' lang='lat' dir='ltr'><strong>ejusdem</strong></span> <span class='ocrx_word' id='word_1_442' title='bbox 3531 3907 3671 3960; x_wconf 63' lang='lat' dir='ltr'><strong>saepe</strong></span> <span class='ocrx_word' id='word_1_443' title='bbox 3697 3890 3840 3945; x_wconf 73' lang='lat' dir='ltr'><strong>vocis</strong></span> 
     </span>
    </p>
   </div>
   <div class='ocr_carea' id='block_1_68' title="bbox 2224 3978 3833 4057">
    <p class='ocr_par' dir='ltr' id='par_1_68' title="bbox 2224 3978 3833 4057">
     <span class='ocr_line' id='line_1_69' title="bbox 2224 3978 3833 4057; baseline -0.007 -15"><span class='ocrx_word' id='word_1_444' title='bbox 2224 4054 2229 4057; x_wconf 23' lang='grc' dir='ltr'><em>ι</em></span> <span class='ocrx_word' id='word_1_445' title='bbox 2269 3986 2515 4057; x_wconf 88' lang='lat' dir='ltr'><strong>repetitio</strong></span> <span class='ocrx_word' id='word_1_446' title='bbox 2563 3983 2794 4039; x_wconf 89' lang='lat' dir='ltr'><strong>elevatio</strong></span> <span class='ocrx_word' id='word_1_447' title='bbox 2840 3982 2921 4036; x_wconf 85' lang='lat' dir='ltr'><strong>vel</strong></span> <span class='ocrx_word' id='word_1_448' title='bbox 2964 3980 3227 4052; x_wconf 89' lang='lat' dir='ltr'><strong>depositio</strong></span> <span class='ocrx_word' id='word_1_449' title='bbox 3254 3996 3376 4035; x_wconf 90' lang='lat' dir='ltr'><strong>csse</strong></span> <span class='ocrx_word' id='word_1_450' title='bbox 3404 3979 3673 4035; x_wconf 69' lang='lat' dir='ltr'><strong>videatur.</strong></span> <span class='ocrx_word' id='word_1_451' title='bbox 3706 3978 3833 4033; x_wconf 90' lang='lat' dir='ltr'><strong>Item</strong></span> 
     </span>
    </p>
   </div>
   <div class='ocr_carea' id='block_1_69' title="bbox 2267 4071 3833 4143">
    <p class='ocr_par' dir='ltr' id='par_1_69' title="bbox 2267 4071 3833 4143">
     <span class='ocr_line' id='line_1_70' title="bbox 2267 4071 3833 4143; baseline -0.005 -12"><span class='ocrx_word' id='word_1_452' title='bbox 2267 4087 2325 4131; x_wconf 91' lang='lat' dir='ltr'><strong>ut</strong></span> <span class='ocrx_word' id='word_1_453' title='bbox 2356 4078 2406 4130; x_wconf 91' lang='lat' dir='ltr'><strong>in</strong></span> <span class='ocrx_word' id='word_1_454' title='bbox 2443 4076 2656 4129; x_wconf 86' lang='lat' dir='ltr'><strong>modum</strong></span> <span class='ocrx_word' id='word_1_455' title='bbox 2689 4074 2957 4129; x_wconf 83' lang='lat' dir='ltr'><strong>currentis</strong></span> <span class='ocrx_word' id='word_1_456' title='bbox 2988 4073 3108 4143; x_wconf 89' lang='lat' dir='ltr'><strong>equi</strong></span> <span class='ocrx_word' id='word_1_457' title='bbox 3137 4087 3353 4142; x_wconf 72' lang='lat' dir='ltr'><strong>semper</strong></span> <span class='ocrx_word' id='word_1_458' title='bbox 3402 4071 3453 4125; x_wconf 91' lang='lat' dir='ltr'><strong>in</strong></span> <span class='ocrx_word' id='word_1_459' title='bbox 3507 4072 3614 4127; x_wconf 87' lang='lat' dir='ltr'><strong>line</strong></span> <span class='ocrx_word' id='word_1_460' title='bbox 3648 4071 3833 4125; x_wconf 82' lang='lat' dir='ltr'><strong>distin-</strong></span> 
     </span>
    </p>
   </div>
   <div class='ocr_carea' id='block_1_70' title="bbox 2222 4154 3837 4237">
    <p class='ocr_par' dir='ltr' id='par_1_70' title="bbox 2222 4154 3837 4237">
     <span class='ocr_line' id='line_1_71' title="bbox 2222 4154 3837 4237; baseline -0.007 -12"><span class='ocrx_word' id='word_1_461' title='bbox 2222 4171 2507 4237; x_wconf 76' lang='lat' dir='ltr'><strong>_-Ctienum</strong></span> <span class='ocrx_word' id='word_1_462' title='bbox 2542 4170 2717 4221; x_wconf 87' lang='lat' dir='ltr'><strong>rarius</strong></span> <span class='ocrx_word' id='word_1_463' title='bbox 2738 4154 2899 4222; x_wconf 81' lang='lat' dir='ltr'><strong>voces</strong></span> <span class='ocrx_word' id='word_1_464' title='bbox 2943 4166 3008 4219; x_wconf 88' lang='lat' dir='ltr'><strong>ad</strong></span> <span class='ocrx_word' id='word_1_465' title='bbox 3058 4164 3234 4219; x_wconf 89' lang='lat' dir='ltr'><strong>locum</strong></span> <span class='ocrx_word' id='word_1_466' title='bbox 3282 4162 3653 4234; x_wconf 72' lang='lat' dir='ltr'><strong>respirationis</strong></span> <span class='ocrx_word' id='word_1_467' title='bbox 3691 4154 3837 4215; x_wconf 77' lang='lat' dir='ltr'><strong>atec-</strong></span> 
     </span>
    </p>
   </div>
   <div class='ocr_carea' id='block_1_71' title="bbox 2269 4252 3835 4328">
    <p class='ocr_par' dir='ltr' id='par_1_71' title="bbox 2269 4252 3835 4328">
     <span class='ocr_line' id='line_1_72' title="bbox 2269 4252 3835 4328; baseline -0.004 -15"><span class='ocrx_word' id='word_1_468' title='bbox 2269 4260 2420 4325; x_wconf 90' lang='lat' dir='ltr'><strong>dant,</strong></span> <span class='ocrx_word' id='word_1_469' title='bbox 2443 4269 2499 4312; x_wconf 93' lang='lat' dir='ltr'><strong>ut</strong></span> <span class='ocrx_word' id='word_1_470' title='bbox 2523 4258 2671 4328; x_wconf 85' lang='lat' dir='ltr'><strong>quasi</strong></span> <span class='ocrx_word' id='word_1_471' title='bbox 2696 4257 2847 4328; x_wconf 88' lang='lat' dir='ltr'><strong>gravi</strong></span> <span class='ocrx_word' id='word_1_472' title='bbox 2879 4272 3027 4311; x_wconf 91' lang='lat' dir='ltr'><strong>more</strong></span> <span class='ocrx_word' id='word_1_473' title='bbox 3050 4257 3114 4310; x_wconf 89' lang='lat' dir='ltr'><strong>ad</strong></span> <span class='ocrx_word' id='word_1_474' title='bbox 3142 4254 3534 4326; x_wconf 82' lang='lat' dir='ltr'><strong>repausandum</strong></span> <span class='ocrx_word' id='word_1_475' title='bbox 3553 4252 3706 4308; x_wconf 65' lang='lat' dir='ltr'><strong>lassae</strong></span> <span class='ocrx_word' id='word_1_476' title='bbox 3722 4266 3835 4323; x_wconf 82' lang='lat' dir='ltr'><strong>per-</strong></span> 
     </span>
    </p>
   </div>
   <div class='ocr_carea' id='block_1_72' title="bbox 590 4337 3840 4427">
    <p class='ocr_par' dir='ltr' id='par_1_72' title="bbox 590 4337 3840 4427">
     <span class='ocr_line' id='line_1_73' title="bbox 590 4337 3840 4427; baseline 0.001 -28"><span class='ocrx_word' id='word_1_477' title='bbox 590 4345 760 4399; x_wconf 82' lang='lat' dir='ltr'><strong>mittat</strong></span> <span class='ocrx_word' id='word_1_478' title='bbox 794 4356 1016 4398; x_wconf 89' lang='lat' dir='ltr'><strong>neumas</strong></span> <span class='ocrx_word' id='word_1_479' title='bbox 1038 4342 1247 4404; x_wconf 86' lang='lat' dir='ltr'><strong>Omnes,</strong></span> <span class='ocrx_word' id='word_1_480' title='bbox 1272 4339 1353 4394; x_wconf 88' lang='lat' dir='ltr'><strong>vel</strong></span> <span class='ocrx_word' id='word_1_481' title='bbox 1381 4339 1558 4409; x_wconf 87' lang='lat' dir='ltr'><strong>plures</strong></span> <span class='ocrx_word' id='word_1_482' title='bbox 1587 4339 1960 4393; x_wconf 80' lang='lat' dir='ltr'><strong>distinctiones</strong></span> <span class='ocrx_word' id='word_1_483' title='bbox 1994 4337 2162 4399; x_wconf 81' lang='lat' dir='ltr'><strong>ﬁniat,</strong></span> <span class='ocrx_word' id='word_1_484' title='bbox 2194 4368 2237 4427; x_wconf 65' lang='grc' dir='ltr'>ε</span> <span class='ocrx_word' id='word_1_485' title='bbox 2270 4355 2513 4408; x_wconf 56' lang='lat' dir='ltr'><strong>veniam,</strong></span> <span class='ocrx_word' id='word_1_486' title='bbox 2541 4352 2769 4423; x_wconf 67' lang='lat' dir='ltr'><strong>spissi.“</strong></span> <span class='ocrx_word' id='word_1_487' title='bbox 2806 4360 2984 4405; x_wconf 76' lang='lat' dir='ltr'><strong>autem</strong></span> <span class='ocrx_word' id='word_1_488' title='bbox 3009 4359 3062 4404; x_wconf 86' lang='lat' dir='ltr'><strong>et</strong></span> <span class='ocrx_word' id='word_1_489' title='bbox 3091 4364 3243 4414; x_wconf 87' lang='lat' dir='ltr'><strong>rare,</strong></span> <span class='ocrx_word' id='word_1_490' title='bbox 3267 4356 3427 4418; x_wconf 90' lang='lat' dir='ltr'><strong>prout</strong></span> <span class='ocrx_word' id='word_1_491' title='bbox 3457 4353 3840 4417; x_wconf 61' lang='lat' dir='ltr'><strong>oportctmotz</strong></span> 
     </span>
    </p>
   </div>
   <div class='ocr_carea' id='block_1_73' title="bbox 589 4429 2159 4505">
    <p class='ocr_par' dir='ltr' id='par_1_73' title="bbox 589 4429 2159 4505">
     <span class='ocr_line' id='line_1_74' title="bbox 589 4429 2159 4505; baseline -0.004 -17"><span class='ocrx_word' id='word_1_492' title='bbox 589 4433 880 4505; x_wconf 79' lang='lat' dir='ltr'><strong>aliquando</strong></span> <span class='ocrx_word' id='word_1_493' title='bbox 906 4442 959 4486; x_wconf 87' lang='lat' dir='ltr'><strong>et</strong></span> <span class='ocrx_word' id='word_1_494' title='bbox 989 4433 1238 4502; x_wconf 83' lang='lat' dir='ltr'><strong>incipiat;</strong></span> <span class='ocrx_word' id='word_1_495' title='bbox 1277 4432 1416 4485; x_wconf 86' lang='lat' dir='ltr'><strong>sicut</strong></span> <span class='ocrx_word' id='word_1_496' title='bbox 1444 4432 1581 4500; x_wconf 83' lang='lat' dir='ltr'><strong>apud</strong></span> <span class='ocrx_word' id='word_1_497' title='bbox 1613 4430 1954 4501; x_wconf 68' lang='lat' dir='ltr'><strong>At’ttbrosiutn</strong></span> <span class='ocrx_word' id='word_1_498' title='bbox 1985 4429 2159 4483; x_wconf 82' lang='lat' dir='ltr'><strong>curio-</strong></span> 
     </span>
    </p>
   </div>
   <div class='ocr_carea' id='block_1_74' title="bbox 590 4513 2161 4593">
    <p class='ocr_par' dir='ltr' id='par_1_74' title="bbox 590 4513 2161 4593">
     <span class='ocr_line' id='line_1_75' title="bbox 590 4513 2161 4593; baseline -0.004 -15"><span class='ocrx_word' id='word_1_499' title='bbox 590 4539 683 4579; x_wconf 89' lang='lat' dir='ltr'><strong>sus</strong></span> <span class='ocrx_word' id='word_1_500' title='bbox 707 4523 946 4578; x_wconf 86' lang='lat' dir='ltr'><strong>invenire</strong></span> <span class='ocrx_word' id='word_1_501' title='bbox 973 4523 1189 4593; x_wconf 90' lang='lat' dir='ltr'><strong>poterit.</strong></span> <span class='ocrx_word' id='word_1_502' title='bbox 1220 4520 1357 4575; x_wconf 86' lang='lat' dir='ltr'><strong>Sunt</strong></span> <span class='ocrx_word' id='word_1_503' title='bbox 1380 4513 1508 4576; x_wconf 78' lang='lat' dir='ltr'><strong>vero</strong></span> <span class='ocrx_word' id='word_1_504' title='bbox 1528 4521 1679 4591; x_wconf 83' lang='lat' dir='ltr'><strong>quasi</strong></span> <span class='ocrx_word' id='word_1_505' title='bbox 1701 4521 2161 4591; x_wconf 76' lang='lat' dir='ltr'><strong>prosaici&#39;eantus,</strong></span> 
     </span>
    </p>
   </div>
   <div class='ocr_carea' id='block_1_75' title="bbox 591 4607 2169 4683">
    <p class='ocr_par' dir='ltr' id='par_1_75' title="bbox 591 4607 2169 4683">
     <span class='ocr_line' id='line_1_76' title="bbox 591 4607 2169 4683; baseline -0.001 -19"><span class='ocrx_word' id='word_1_506' title='bbox 591 4612 681 4683; x_wconf 88' lang='lat' dir='ltr'><strong>qui</strong></span> <span class='ocrx_word' id='word_1_507' title='bbox 714 4613 829 4667; x_wconf 59' lang='lat' dir='ltr'><strong>hac</strong></span> <span class='ocrx_word' id='word_1_508' title='bbox 859 4612 1036 4666; x_wconf 90' lang='lat' dir='ltr'><strong>minus</strong></span> <span class='ocrx_word' id='word_1_509' title='bbox 1061 4610 1372 4674; x_wconf 76' lang='lat' dir='ltr'><strong>observant,</strong></span> <span class='ocrx_word' id='word_1_510' title='bbox 1392 4611 1444 4664; x_wconf 91' lang='lat' dir='ltr'><strong>in</strong></span> <span class='ocrx_word' id='word_1_511' title='bbox 1479 4612 1672 4680; x_wconf 89' lang='lat' dir='ltr'><strong>quibus</strong></span> <span class='ocrx_word' id='word_1_512' title='bbox 1693 4627 1797 4664; x_wconf 90' lang='lat' dir='ltr'><strong>non</strong></span> <span class='ocrx_word' id='word_1_513' title='bbox 1830 4618 1911 4663; x_wconf 87' lang='lat' dir='ltr'><strong>est</strong></span> <span class='ocrx_word' id='word_1_514' title='bbox 1939 4624 2102 4672; x_wconf 72' lang='lat' dir='ltr'><strong>curae,</strong></span> <span class='ocrx_word' id='word_1_515' title='bbox 2120 4607 2169 4663; x_wconf 86' lang='lat' dir='ltr'><strong>si</strong></span> 
     </span>
    </p>
   </div>
   <div class='ocr_carea' id='block_1_76' title="bbox 594 4699 2166 4772">
    <p class='ocr_par' dir='ltr' id='par_1_76' title="bbox 594 4699 2166 4772">
     <span class='ocr_line' id='line_1_77' title="bbox 594 4699 2166 4772; baseline -0.003 -17"><span class='ocrx_word' id='word_1_516' title='bbox 594 4701 712 4756; x_wconf 69' lang='lat' dir='ltr'><strong>alia:</strong></span> <span class='ocrx_word' id='word_1_517' title='bbox 739 4701 989 4772; x_wconf 84' lang='lat' dir='ltr'><strong>majores,</strong></span> <span class='ocrx_word' id='word_1_518' title='bbox 1009 4699 1127 4759; x_wconf 73' lang='lat' dir='ltr'><strong>alia:</strong></span> <span class='ocrx_word' id='word_1_519' title='bbox 1152 4700 1392 4753; x_wconf 86' lang='lat' dir='ltr'><strong>minores</strong></span> <span class='ocrx_word' id='word_1_520' title='bbox 1405 4708 1657 4769; x_wconf 85' lang='lat' dir='ltr'><strong>parteset</strong></span> <span class='ocrx_word' id='word_1_521' title='bbox 1681 4700 2056 4754; x_wconf 88' lang='lat' dir='ltr'><strong>distinctiones</strong></span> <span class='ocrx_word' id='word_1_522' title='bbox 2071 4712 2166 4766; x_wconf 86' lang='lat' dir='ltr'><strong>per</strong></span> 
     </span>
    </p>
   </div>
   <div class='ocr_carea' id='block_1_77' title="bbox 589 4792 2162 4865">
    <p class='ocr_par' dir='ltr' id='par_1_77' title="bbox 589 4792 2162 4865">
     <span class='ocr_line' id='line_1_78' title="bbox 589 4792 2162 4865; baseline -0.003 -15"><span class='ocrx_word' id='word_1_523' title='bbox 589 4794 707 4851; x_wconf 85' lang='lat' dir='ltr'><strong>loca</strong></span> <span class='ocrx_word' id='word_1_524' title='bbox 736 4795 854 4852; x_wconf 84' lang='lat' dir='ltr'><strong>sine</strong></span> <span class='ocrx_word' id='word_1_525' title='bbox 885 4795 1208 4850; x_wconf 88' lang='lat' dir='ltr'><strong>discretione</strong></span> <span class='ocrx_word' id='word_1_526' title='bbox 1277 4793 1621 4865; x_wconf 84' lang='lat' dir='ltr'><strong>inveniantur</strong></span> <span class='ocrx_word' id='word_1_527' title='bbox 1662 4792 1812 4848; x_wconf 85' lang='lat' dir='ltr'><strong>more</strong></span> <span class='ocrx_word' id='word_1_528' title='bbox 1859 4807 2162 4862; x_wconf 65' lang='lat' dir='ltr'><strong>prosatum.</strong></span> 
     </span>
    </p>
   </div>
   <div class='ocr_carea' id='block_1_78' title="bbox 663 4882 2229 4958">
    <p class='ocr_par' dir='ltr' id='par_1_78' title="bbox 663 4882 2229 4958">
     <span class='ocr_line' id='line_1_79' title="bbox 663 4882 2229 4958; baseline -0.003 -17"><span class='ocrx_word' id='word_1_529' title='bbox 663 4887 916 4942; x_wconf 81' lang='lat' dir='ltr'><strong>Metricos</strong></span> <span class='ocrx_word' id='word_1_530' title='bbox 959 4894 1137 4953; x_wconf 87' lang='lat' dir='ltr'><strong>autem</strong></span> <span class='ocrx_word' id='word_1_531' title='bbox 1178 4895 1372 4941; x_wconf 88' lang='lat' dir='ltr'><strong>cantus</strong></span> <span class='ocrx_word' id='word_1_532' title='bbox 1416 4885 1566 4950; x_wconf 86' lang='lat' dir='ltr'><strong>dico,</strong></span> <span class='ocrx_word' id='word_1_533' title='bbox 1594 4886 1717 4954; x_wconf 86' lang='lat' dir='ltr'><strong>quia</strong></span> <span class='ocrx_word' id='word_1_534' title='bbox 1749 4899 1891 4953; x_wconf 74' lang='lat' dir='ltr'><strong>smpc</strong></span> <span class='ocrx_word' id='word_1_535' title='bbox 1924 4885 1994 4937; x_wconf 88' lang='lat' dir='ltr'><strong>ita</strong></span> <span class='ocrx_word' id='word_1_536' title='bbox 2019 4882 2170 4937; x_wconf 90' lang='lat' dir='ltr'><strong>cani-</strong></span> <span class='ocrx_word' id='word_1_537' title='bbox 2224 4955 2229 4958; x_wconf 10' lang='grc' dir='ltr'><strong><em>ἢ</em></strong></span> 
     </span>
    </p>
   </div>
   <div class='ocr_carea' id='block_1_79' title="bbox 592 4976 2165 5049">
    <p class='ocr_par' dir='ltr' id='par_1_79' title="bbox 592 4976 2165 5049">
     <span class='ocr_line' id='line_1_80' title="bbox 592 4976 2165 5049; baseline -0.006 -13"><span class='ocrx_word' id='word_1_538' title='bbox 592 4996 734 5044; x_wconf 86' lang='lat' dir='ltr'><strong>mus,</strong></span> <span class='ocrx_word' id='word_1_539' title='bbox 765 4989 826 5034; x_wconf 92' lang='lat' dir='ltr'><strong>ut</strong></span> <span class='ocrx_word' id='word_1_540' title='bbox 850 4979 1004 5049; x_wconf 88' lang='lat' dir='ltr'><strong>quasi</strong></span> <span class='ocrx_word' id='word_1_541' title='bbox 1049 4992 1241 5033; x_wconf 88' lang='lat' dir='ltr'><strong>versus</strong></span> <span class='ocrx_word' id='word_1_542' title='bbox 1289 4978 1515 5048; x_wconf 87' lang='lat' dir='ltr'><strong>pedibus</strong></span> <span class='ocrx_word' id='word_1_543' title='bbox 1556 4977 1817 5032; x_wconf 86' lang='lat' dir='ltr'><strong>scandere</strong></span> <span class='ocrx_word' id='word_1_544' title='bbox 1863 4976 2165 5038; x_wconf 87' lang='lat' dir='ltr'><strong>videamur,</strong></span> 
     </span>
    </p>
   </div>
   <div class='ocr_carea' id='block_1_80' title="bbox 594 5069 2168 5142">
    <p class='ocr_par' dir='ltr' id='par_1_80' title="bbox 594 5069 2168 5142">
     <span class='ocr_line' id='line_1_81' title="bbox 594 5069 2168 5142; baseline -0.004 -14"><span class='ocrx_word' id='word_1_545' title='bbox 594 5075 731 5128; x_wconf 88' lang='lat' dir='ltr'><strong>sicut</strong></span> <span class='ocrx_word' id='word_1_546' title='bbox 764 5071 846 5137; x_wconf 84' lang='lat' dir='ltr'><strong>lit,</strong></span> <span class='ocrx_word' id='word_1_547' title='bbox 877 5086 999 5126; x_wconf 90' lang='lat' dir='ltr'><strong>cum</strong></span> <span class='ocrx_word' id='word_1_548' title='bbox 1031 5072 1145 5142; x_wconf 87' lang='lat' dir='ltr'><strong>ipsa</strong></span> <span class='ocrx_word' id='word_1_549' title='bbox 1171 5079 1343 5125; x_wconf 88' lang='lat' dir='ltr'><strong>metra</strong></span> <span class='ocrx_word' id='word_1_550' title='bbox 1374 5070 1642 5131; x_wconf 87' lang='lat' dir='ltr'><strong>eaninms,</strong></span> <span class='ocrx_word' id='word_1_551' title='bbox 1668 5070 1720 5122; x_wconf 91' lang='lat' dir='ltr'><strong>in</strong></span> <span class='ocrx_word' id='word_1_552' title='bbox 1751 5069 1946 5138; x_wconf 88' lang='lat' dir='ltr'><strong>quibus</strong></span> <span class='ocrx_word' id='word_1_553' title='bbox 1969 5084 2168 5121; x_wconf 84' lang='lat' dir='ltr'><strong>caven-</strong></span> 
     </span>
    </p>
   </div>
   <div class='ocr_carea' id='block_1_81' title="bbox 593 5154 2161 5231">
    <p class='ocr_par' dir='ltr' id='par_1_81' title="bbox 593 5154 2161 5231">
     <span class='ocr_line' id='line_1_82' title="bbox 593 5154 2161 5231; baseline -0.003 -18"><span class='ocrx_word' id='word_1_554' title='bbox 593 5164 719 5217; x_wconf 86' lang='lat' dir='ltr'><strong>dum</strong></span> <span class='ocrx_word' id='word_1_555' title='bbox 755 5171 858 5229; x_wconf 90' lang='lat' dir='ltr'><strong>est,</strong></span> <span class='ocrx_word' id='word_1_556' title='bbox 880 5176 950 5216; x_wconf 91' lang='lat' dir='ltr'><strong>ne</strong></span> <span class='ocrx_word' id='word_1_557' title='bbox 976 5158 1258 5231; x_wconf 67' lang='lat' dir='ltr'><strong>superﬂuae</strong></span> <span class='ocrx_word' id='word_1_558' title='bbox 1306 5160 1688 5215; x_wconf 85' lang='lat' dir='ltr'><strong>continuentur</strong></span> <span class='ocrx_word' id='word_1_559' title='bbox 1734 5174 1940 5212; x_wconf 72' lang='lat' dir='ltr'><strong>neuma:</strong></span> <span class='ocrx_word' id='word_1_560' title='bbox 1969 5154 2161 5227; x_wconf 68' lang='lat' dir='ltr'><strong>dissylo</strong></span> 
     </span>
    </p>
   </div>
   <div class='ocr_carea' id='block_1_82' title="bbox 593 5240 2165 5321">
    <p class='ocr_par' dir='ltr' id='par_1_82' title="bbox 593 5240 2165 5321">
     <span class='ocr_line' id='line_1_83' title="bbox 593 5240 2165 5321; baseline -0.004 -15"><span class='ocrx_word' id='word_1_561' title='bbox 593 5253 727 5309; x_wconf 70' lang='lat' dir='ltr'><strong>laba:</strong></span> <span class='ocrx_word' id='word_1_562' title='bbox 755 5254 871 5308; x_wconf 88' lang='lat' dir='ltr'><strong>sine</strong></span> <span class='ocrx_word' id='word_1_563' title='bbox 897 5240 1241 5307; x_wconf 82' lang='lat' dir='ltr'><strong>admixtione</strong></span> <span class='ocrx_word' id='word_1_564' title='bbox 1270 5250 1666 5321; x_wconf 79' lang='lat' dir='ltr'><strong>trisyllabarttm</strong></span> <span class='ocrx_word' id='word_1_565' title='bbox 1695 5265 1759 5303; x_wconf 88' lang='lat' dir='ltr'><strong>ac</strong></span> <span class='ocrx_word' id='word_1_566' title='bbox 1789 5248 2165 5319; x_wconf 86' lang='lat' dir='ltr'><strong>tetrasyllaba-</strong></span> 
     </span>
    </p>
   </div>
   <div class='ocr_carea' id='block_1_83' title="bbox 593 5336 2168 5411">
    <p class='ocr_par' dir='ltr' id='par_1_83' title="bbox 593 5336 2168 5411">
     <span class='ocr_line' id='line_1_84' title="bbox 593 5336 2168 5411; baseline -0.003 -14"><span class='ocrx_word' id='word_1_567' title='bbox 593 5359 735 5398; x_wconf 88' lang='lat' dir='ltr'><strong>rum.</strong></span> <span class='ocrx_word' id='word_1_568' title='bbox 768 5342 924 5398; x_wconf 89' lang='lat' dir='ltr'><strong>Sicut</strong></span> <span class='ocrx_word' id='word_1_569' title='bbox 947 5343 1091 5397; x_wconf 88' lang='lat' dir='ltr'><strong>enim</strong></span> <span class='ocrx_word' id='word_1_570' title='bbox 1122 5341 1287 5396; x_wconf 87' lang='lat' dir='ltr'><strong>Lirici</strong></span> <span class='ocrx_word' id='word_1_571' title='bbox 1324 5350 1490 5411; x_wconf 72' lang='lat' dir='ltr'><strong>poeta:</strong></span> <span class='ocrx_word' id='word_1_572' title='bbox 1535 5355 1673 5394; x_wconf 87' lang='lat' dir='ltr'><strong>nunc</strong></span> <span class='ocrx_word' id='word_1_573' title='bbox 1703 5340 1799 5395; x_wconf 88' lang='lat' dir='ltr'><strong>hos</strong></span> <span class='ocrx_word' id='word_1_574' title='bbox 1849 5356 1990 5394; x_wconf 85' lang='lat' dir='ltr'><strong>nunc</strong></span> <span class='ocrx_word' id='word_1_575' title='bbox 2034 5336 2168 5394; x_wconf 82' lang='lat' dir='ltr'><strong>alios</strong></span> 
     </span>
    </p>
   </div>
   <div class='ocr_carea' id='block_1_84' title="bbox 594 5429 2163 5505">
    <p class='ocr_par' dir='ltr' id='par_1_84' title="bbox 594 5429 2163 5505">
     <span class='ocr_line' id='line_1_85' title="bbox 594 5429 2163 5505; baseline -0.004 -18"><span class='ocrx_word' id='word_1_576' title='bbox 594 5435 890 5504; x_wconf 77' lang='lat' dir='ltr'><strong>adjunxere</strong></span> <span class='ocrx_word' id='word_1_577' title='bbox 910 5433 1095 5505; x_wconf 87' lang='lat' dir='ltr'><strong>pedes,</strong></span> <span class='ocrx_word' id='word_1_578' title='bbox 1128 5433 1198 5486; x_wconf 86' lang='lat' dir='ltr'><strong>ita</strong></span> <span class='ocrx_word' id='word_1_579' title='bbox 1232 5441 1286 5487; x_wconf 90' lang='lat' dir='ltr'><strong>et</strong></span> <span class='ocrx_word' id='word_1_580' title='bbox 1313 5432 1400 5501; x_wconf 90' lang='lat' dir='ltr'><strong>qui</strong></span> <span class='ocrx_word' id='word_1_581' title='bbox 1430 5442 1646 5487; x_wconf 88' lang='lat' dir='ltr'><strong>cantum</strong></span> <span class='ocrx_word' id='word_1_582' title='bbox 1675 5429 1896 5496; x_wconf 82' lang='lat' dir='ltr'><strong>faciunt,</strong></span> <span class='ocrx_word' id='word_1_583' title='bbox 1933 5430 2163 5483; x_wconf 86' lang='lat' dir='ltr'><strong>rationa-</strong></span> 
     </span>
    </p>
   </div>
   <div class='ocr_carea' id='block_1_85' title="bbox 595 5523 2165 5591">
    <p class='ocr_par' dir='ltr' id='par_1_85' title="bbox 595 5523 2165 5591">
     <span class='ocr_line' id='line_1_86' title="bbox 595 5523 2165 5591; baseline -0.004 -12"><span class='ocrx_word' id='word_1_584' title='bbox 595 5524 776 5579; x_wconf 91' lang='lat' dir='ltr'><strong>biliter</strong></span> <span class='ocrx_word' id='word_1_585' title='bbox 811 5524 1076 5579; x_wconf 87' lang='lat' dir='ltr'><strong>discretas</strong></span> <span class='ocrx_word' id='word_1_586' title='bbox 1136 5538 1200 5576; x_wconf 85' lang='lat' dir='ltr'><strong>ac</strong></span> <span class='ocrx_word' id='word_1_587' title='bbox 1250 5523 1492 5577; x_wconf 83' lang='lat' dir='ltr'><strong>diversas</strong></span> <span class='ocrx_word' id='word_1_588' title='bbox 1534 5532 1862 5591; x_wconf 83' lang='lat' dir='ltr'><strong>componunt</strong></span> <span class='ocrx_word' id='word_1_589' title='bbox 1907 5535 2165 5584; x_wconf 81' lang='lat' dir='ltr'><strong>neumas;</strong></span> 
     </span>
    </p>
   </div>
   <div class='ocr_carea' id='block_1_86' title="bbox 594 5602 2166 5683">
    <p class='ocr_par' dir='ltr' id='par_1_86' title="bbox 594 5602 2166 5683">
     <span class='ocr_line' id='line_1_87' title="bbox 594 5602 2166 5683; baseline -0.005 -9"><span class='ocrx_word' id='word_1_590' title='bbox 594 5618 931 5673; x_wconf 82' lang='lat' dir='ltr'><strong>rationabilis</strong></span> <span class='ocrx_word' id='word_1_591' title='bbox 965 5633 1094 5671; x_wconf 86' lang='lat' dir='ltr'><strong>vero</strong></span> <span class='ocrx_word' id='word_1_592' title='bbox 1134 5617 1387 5671; x_wconf 88' lang='lat' dir='ltr'><strong>discretio</strong></span> <span class='ocrx_word' id='word_1_593' title='bbox 1411 5626 1514 5683; x_wconf 87' lang='lat' dir='ltr'><strong>est,</strong></span> <span class='ocrx_word' id='word_1_594' title='bbox 1551 5616 1596 5672; x_wconf 84' lang='lat' dir='ltr'><strong>si</strong></span> <span class='ocrx_word' id='word_1_595' title='bbox 1634 5617 1705 5670; x_wconf 86' lang='lat' dir='ltr'><strong>ita</strong></span> <span class='ocrx_word' id='word_1_596' title='bbox 1754 5617 1814 5671; x_wconf 83' lang='grc' dir='ltr'><strong>ιιι</strong></span> <span class='ocrx_word' id='word_1_597' title='bbox 1851 5602 2166 5670; x_wconf 84' lang='lat' dir='ltr'><strong>neumarum</strong></span> 
     </span>
    </p>
   </div>
   <div class='ocr_carea' id='block_1_87' title="bbox 582 5732 1461 5873">
    <p class='ocr_par' dir='ltr' id='par_1_87' title="bbox 582 5732 1461 5873">
     <span class='ocr_line' id='line_1_88' title="bbox 582 5732 1461 5873; baseline -0.011 -80"><span class='ocrx_word' id='word_1_598' title='bbox 582 5789 589 5793; x_wconf 82' lang='lat'><em>.</em></span> <span class='ocrx_word' id='word_1_599' title='bbox 670 5733 783 5873; x_wconf 45' lang='grc' dir='ltr'><strong>(ΜΞ</strong></span> <span class='ocrx_word' id='word_1_600' title='bbox 813 5732 1175 5798; x_wconf 75' lang='grc' dir='ltr'><strong>Οιῐ.,ηιὶιτει’ἱ</strong></span> <span class='ocrx_word' id='word_1_601' title='bbox 1195 5733 1461 5801; x_wconf 77' lang='lat' dir='ltr'><strong>permittit.</strong></span> 
     </span>
     <span class='ocr_line' id='line_1_89' title="bbox 670 5802 1461 5873; baseline -0.008 -15"><span class='ocrx_word' id='word_1_602' title='bbox 670 5802 762 5873; x_wconf 75' lang='grc'><strong>(15</strong></span> <span class='ocrx_word' id='word_1_603' title='bbox 818 5803 930 5871; x_wconf 79' lang='lat' dir='ltr'><strong>AL,</strong></span> <span class='ocrx_word' id='word_1_604' title='bbox 952 5803 1252 5873; x_wconf 73' lang='lat' dir='ltr'><strong>perptdcltre</strong></span> <span class='ocrx_word' id='word_1_605' title='bbox 1274 5802 1461 5872; x_wconf 75' lang='lat' dir='ltr'><strong>fuerint</strong></span> 
     </span>
    </p>
   </div>
   <div class='ocr_carea' id='block_1_88' title="bbox 670 5802 1491 5875">
    <p class='ocr_par' dir='ltr' id='par_1_88' title="bbox 670 5802 1491 5875">
     <span class='ocr_line' id='line_1_90' title="bbox 670 5802 1491 5875; baseline -0.005 -17"><span class='ocrx_word' id='word_1_606' title='bbox 670 5802 783 5875; x_wconf 74' lang='lat' dir='ltr'><strong>(I5)</strong></span> <span class='ocrx_word' id='word_1_607' title='bbox 818 5803 930 5871; x_wconf 79' lang='lat' dir='ltr'><strong>AL,</strong></span> <span class='ocrx_word' id='word_1_608' title='bbox 952 5803 1252 5873; x_wconf 73' lang='lat' dir='ltr'><strong>perptdcltre</strong></span> <span class='ocrx_word' id='word_1_609' title='bbox 1274 5802 1491 5872; x_wconf 69' lang='lat' dir='ltr'><strong>fuerint.</strong></span> 
     </span>
    </p>
   </div>
   <div class='ocr_carea' id='block_1_89' title="bbox 2270 4433 3830 4514">
    <p class='ocr_par' dir='ltr' id='par_1_89' title="bbox 2270 4433 3830 4514">
     <span class='ocr_line' id='line_1_91' title="bbox 2270 4433 3830 4514; baseline -0.009 -17"><span class='ocrx_word' id='word_1_610' title='bbox 2270 4445 2579 4513; x_wconf 72' lang='lat' dir='ltr'><strong>composita:</strong></span> <span class='ocrx_word' id='word_1_611' title='bbox 2634 4442 2792 4514; x_wconf 85' lang='lat' dir='ltr'><strong>hujus</strong></span> <span class='ocrx_word' id='word_1_612' title='bbox 2839 4456 2980 4511; x_wconf 78' lang='lat' dir='ltr'><strong>szepe</strong></span> <span class='ocrx_word' id='word_1_613' title='bbox 3012 4441 3086 4494; x_wconf 91' lang='lat' dir='ltr'><strong>rei</strong></span> <span class='ocrx_word' id='word_1_614' title='bbox 3135 4447 3383 4509; x_wconf 86' lang='lat' dir='ltr'><strong>poterunt</strong></span> <span class='ocrx_word' id='word_1_615' title='bbox 3406 4436 3666 4491; x_wconf 88' lang='lat' dir='ltr'><strong>indicium</strong></span> <span class='ocrx_word' id='word_1_616' title='bbox 3692 4433 3830 4487; x_wconf 80' lang='lat' dir='ltr'><strong>dare.</strong></span> 
     </span>
    </p>
   </div>
   <div class='ocr_carea' id='block_1_90' title="bbox 2268 4524 3834 4605">
    <p class='ocr_par' dir='ltr' id='par_1_90' title="bbox 2268 4524 3834 4605">
     <span class='ocr_line' id='line_1_92' title="bbox 2268 4524 3834 4605; baseline -0.01 -15"><span class='ocrx_word' id='word_1_617' title='bbox 2268 4535 2594 4605; x_wconf 88' lang='lat' dir='ltr'><strong>Liquescunt</strong></span> <span class='ocrx_word' id='word_1_618' title='bbox 2626 4548 2753 4587; x_wconf 87' lang='lat' dir='ltr'><strong>vero</strong></span> <span class='ocrx_word' id='word_1_619' title='bbox 2778 4534 2828 4587; x_wconf 90' lang='lat' dir='ltr'><strong>in</strong></span> <span class='ocrx_word' id='word_1_620' title='bbox 2860 4533 3041 4588; x_wconf 85' lang='lat' dir='ltr'><strong>multis</strong></span> <span class='ocrx_word' id='word_1_621' title='bbox 3062 4546 3220 4587; x_wconf 88' lang='lat' dir='ltr'><strong>voces</strong></span> <span class='ocrx_word' id='word_1_622' title='bbox 3244 4545 3391 4583; x_wconf 89' lang='lat' dir='ltr'><strong>more</strong></span> <span class='ocrx_word' id='word_1_623' title='bbox 3413 4529 3731 4587; x_wconf 84' lang='lat' dir='ltr'><strong>litterarum,</strong></span> <span class='ocrx_word' id='word_1_624' title='bbox 3761 4524 3834 4577; x_wconf 82' lang='lat' dir='ltr'><strong>ita</strong></span> 
     </span>
    </p>
   </div>
   <div class='ocr_carea' id='block_1_91' title="bbox 2272 4614 3819 4695">
    <p class='ocr_par' dir='ltr' id='par_1_91' title="bbox 2272 4614 3819 4695">
     <span class='ocr_line' id='line_1_93' title="bbox 2272 4614 3819 4695; baseline -0.009 -17"><span class='ocrx_word' id='word_1_625' title='bbox 2272 4636 2329 4679; x_wconf 90' lang='lat' dir='ltr'><strong>ut</strong></span> <span class='ocrx_word' id='word_1_626' title='bbox 2365 4628 2607 4695; x_wconf 90' lang='lat' dir='ltr'><strong>inceptus</strong></span> <span class='ocrx_word' id='word_1_627' title='bbox 2631 4627 2819 4678; x_wconf 89' lang='lat' dir='ltr'><strong>modus</strong></span> <span class='ocrx_word' id='word_1_628' title='bbox 2849 4624 3007 4676; x_wconf 88' lang='lat' dir='ltr'><strong>unius</strong></span> <span class='ocrx_word' id='word_1_629' title='bbox 3030 4622 3094 4676; x_wconf 89' lang='lat' dir='ltr'><strong>ad</strong></span> <span class='ocrx_word' id='word_1_630' title='bbox 3136 4621 3361 4674; x_wconf 87' lang='lat' dir='ltr'><strong>alteram</strong></span> <span class='ocrx_word' id='word_1_631' title='bbox 3387 4617 3607 4688; x_wconf 89' lang='lat' dir='ltr'><strong>limpide</strong></span> <span class='ocrx_word' id='word_1_632' title='bbox 3644 4614 3819 4669; x_wconf 84' lang='lat' dir='ltr'><strong>trans-</strong></span> 
     </span>
    </p>
   </div>
   <div class='ocr_carea' id='block_1_92' title="bbox 2270 4701 3832 4778">
    <p class='ocr_par' dir='ltr' id='par_1_92' title="bbox 2270 4701 3832 4778">
     <span class='ocr_line' id='line_1_94' title="bbox 2270 4701 3832 4778; baseline -0.013 -5"><span class='ocrx_word' id='word_1_633' title='bbox 2270 4717 2387 4772; x_wconf 80' lang='lat' dir='ltr'><strong>iens</strong></span> <span class='ocrx_word' id='word_1_634' title='bbox 2432 4732 2533 4772; x_wconf 90' lang='lat' dir='ltr'><strong>nec</strong></span> <span class='ocrx_word' id='word_1_635' title='bbox 2591 4716 2730 4769; x_wconf 85' lang='lat' dir='ltr'><strong>ﬁniri</strong></span> <span class='ocrx_word' id='word_1_636' title='bbox 2793 4714 3061 4767; x_wconf 87' lang='lat' dir='ltr'><strong>videatur.</strong></span> <span class='ocrx_word' id='word_1_637' title='bbox 3124 4711 3296 4767; x_wconf 88' lang='lat' dir='ltr'><strong>Porro</strong></span> <span class='ocrx_word' id='word_1_638' title='bbox 3347 4707 3662 4778; x_wconf 83' lang='lat' dir='ltr'><strong>liquesrenti</strong></span> <span class='ocrx_word' id='word_1_639' title='bbox 3718 4701 3832 4757; x_wconf 79' lang='lat' dir='ltr'><strong>voci</strong></span> 
     </span>
    </p>
   </div>
   <div class='ocr_carea' id='block_1_93' title="bbox 2268 4793 3829 4880">
    <p class='ocr_par' dir='ltr' id='par_1_93' title="bbox 2268 4793 3829 4880">
     <span class='ocr_line' id='line_1_95' title="bbox 2268 4793 3829 4880; baseline -0.013 -16"><span class='ocrx_word' id='word_1_640' title='bbox 2268 4819 2525 4880; x_wconf 90' lang='lat' dir='ltr'><strong>punctum</strong></span> <span class='ocrx_word' id='word_1_641' title='bbox 2561 4807 2712 4879; x_wconf 86' lang='lat' dir='ltr'><strong>quasi</strong></span> <span class='ocrx_word' id='word_1_642' title='bbox 2742 4804 3062 4859; x_wconf 83' lang='lat' dir='ltr'><strong>maculando</strong></span> <span class='ocrx_word' id='word_1_643' title='bbox 3083 4802 3491 4874; x_wconf 84' lang='lat' dir='ltr'><strong>superponimus</strong></span> <span class='ocrx_word' id='word_1_644' title='bbox 3510 4800 3611 4854; x_wconf 86' lang='lat' dir='ltr'><strong>hoc</strong></span> <span class='ocrx_word' id='word_1_645' title='bbox 3639 4793 3782 4851; x_wconf 87' lang='lat' dir='ltr'><strong>modo</strong></span> <span class='ocrx_word' id='word_1_646' title='bbox 3814 4810 3829 4844; x_wconf 89' lang='lat'><strong>:</strong></span> 
     </span>
    </p>
   </div>
   <div class='ocr_carea' id='block_1_94' title="bbox 2622 4890 3178 4951">
    <p class='ocr_par' dir='ltr' id='par_1_94' title="bbox 2622 4890 3178 4951">
     <span class='ocr_line' id='line_1_96' title="bbox 2622 4890 3178 4951; baseline -0.009 0"><span class='ocrx_word' id='word_1_647' title='bbox 2622 4895 2668 4951; x_wconf 86' lang='lat' dir='ltr'><strong><em>G</em></strong></span> <span class='ocrx_word' id='word_1_648' title='bbox 2744 4893 2946 4949; x_wconf 84' lang='lat' dir='ltr'><strong>DEGa</strong></span> <span class='ocrx_word' id='word_1_649' title='bbox 3005 4908 3034 4946; x_wconf 88' lang='lat' dir='ltr'><strong>a</strong></span> <span class='ocrx_word' id='word_1_650' title='bbox 3109 4890 3178 4947; x_wconf 75' lang='grc' dir='ltr'><strong>ϐ.</strong></span> 
     </span>
    </p>
   </div>
   <div class='ocr_carea' id='block_1_95' title="bbox 2607 4984 3187 5041">
    <p class='ocr_par' dir='ltr' id='par_1_95' title="bbox 2607 4984 3187 5041">
     <span class='ocr_line' id='line_1_97' title="bbox 2607 4984 3187 5041; baseline -0.005 -1"><span class='ocrx_word' id='word_1_651' title='bbox 2607 4986 2689 5041; x_wconf 82' lang='lat' dir='ltr'><strong>Ad</strong></span> <span class='ocrx_word' id='word_1_652' title='bbox 2760 4995 2808 5039; x_wconf 80' lang='lat' dir='ltr'><strong>te</strong></span> <span class='ocrx_word' id='word_1_653' title='bbox 2878 4985 2926 5038; x_wconf 78' lang='lat' dir='ltr'><strong>le</strong></span> <span class='ocrx_word' id='word_1_654' title='bbox 2983 5001 3045 5039; x_wconf 73' lang='lat' dir='ltr'><strong>tta</strong></span> <span class='ocrx_word' id='word_1_655' title='bbox 3118 4984 3187 5037; x_wconf 76' lang='lat' dir='ltr'><strong>vi.</strong></span> 
     </span>
    </p>
   </div>
   <div class='ocr_carea' id='block_1_96' title="bbox 2343 5061 3830 5153">
    <p class='ocr_par' dir='ltr' id='par_1_96' title="bbox 2343 5061 3830 5153">
     <span class='ocr_line' id='line_1_98' title="bbox 2343 5061 3830 5153; baseline -0.011 -22"><span class='ocrx_word' id='word_1_656' title='bbox 2343 5076 2398 5131; x_wconf 89' lang='lat' dir='ltr'><strong>Si</strong></span> <span class='ocrx_word' id='word_1_657' title='bbox 2440 5086 2617 5130; x_wconf 83' lang='lat' dir='ltr'><strong>autem</strong></span> <span class='ocrx_word' id='word_1_658' title='bbox 2647 5089 2765 5129; x_wconf 87' lang='lat' dir='ltr'><strong>eam</strong></span> <span class='ocrx_word' id='word_1_659' title='bbox 2819 5074 2921 5153; x_wconf 81' lang='lat' dir='ltr'><strong>vis_</strong></span> <span class='ocrx_word' id='word_1_660' title='bbox 2946 5073 3159 5143; x_wconf 87' lang='lat' dir='ltr'><strong>plenius</strong></span> <span class='ocrx_word' id='word_1_661' title='bbox 3208 5071 3456 5142; x_wconf 73' lang='lat' dir='ltr'><strong>proferre</strong></span> <span class='ocrx_word' id='word_1_662' title='bbox 3484 5084 3586 5123; x_wconf 81' lang='lat' dir='ltr'><strong>non</strong></span> <span class='ocrx_word' id='word_1_663' title='bbox 3616 5061 3830 5136; x_wconf 75' lang='lat' dir='ltr'><strong>liquefa-</strong></span> 
     </span>
    </p>
   </div>
   <div class='ocr_carea' id='block_1_97' title="bbox 2270 5152 3831 5232">
    <p class='ocr_par' dir='ltr' id='par_1_97' title="bbox 2270 5152 3831 5232">
     <span class='ocr_line' id='line_1_99' title="bbox 2270 5152 3831 5232; baseline -0.015 -7"><span class='ocrx_word' id='word_1_664' title='bbox 2270 5170 2440 5232; x_wconf 90' lang='lat' dir='ltr'><strong>ciens,</strong></span> <span class='ocrx_word' id='word_1_665' title='bbox 2469 5166 2601 5221; x_wconf 89' lang='lat' dir='ltr'><strong>nihil</strong></span> <span class='ocrx_word' id='word_1_666' title='bbox 2627 5173 2818 5231; x_wconf 90' lang='lat' dir='ltr'><strong>nocet,</strong></span> <span class='ocrx_word' id='word_1_667' title='bbox 2877 5152 3019 5232; x_wconf 56' lang='lat' dir='ltr'><strong>sirpe</strong></span> <span class='ocrx_word' id='word_1_668' title='bbox 3076 5170 3257 5216; x_wconf 86' lang='lat' dir='ltr'><strong>autem</strong></span> <span class='ocrx_word' id='word_1_669' title='bbox 3308 5161 3482 5228; x_wconf 79' lang='lat' dir='ltr'><strong>magis</strong></span> <span class='ocrx_word' id='word_1_670' title='bbox 3534 5158 3714 5226; x_wconf 83' lang='lat' dir='ltr'><strong>placet.</strong></span> <span class='ocrx_word' id='word_1_671' title='bbox 3760 5152 3831 5204; x_wconf 82' lang='lat' dir='ltr'><strong>Et</strong></span> 
     </span>
    </p>
   </div>
   <div class='ocr_carea' id='block_1_98' title="bbox 2270 5240 3831 5324">
    <p class='ocr_par' dir='ltr' id='par_1_98' title="bbox 2270 5240 3831 5324">
     <span class='ocr_line' id='line_1_100' title="bbox 2270 5240 3831 5324; baseline -0.01 -13"><span class='ocrx_word' id='word_1_672' title='bbox 2270 5256 2493 5322; x_wconf 84' lang='lat' dir='ltr'><strong>omnia,</strong></span> <span class='ocrx_word' id='word_1_673' title='bbox 2539 5270 2657 5324; x_wconf 72' lang='lat' dir='ltr'><strong>qua:</strong></span> <span class='ocrx_word' id='word_1_674' title='bbox 2709 5252 2963 5315; x_wconf 82' lang='lat' dir='ltr'><strong>diximus,</strong></span> <span class='ocrx_word' id='word_1_675' title='bbox 3009 5265 3110 5305; x_wconf 92' lang='lat' dir='ltr'><strong>nec</strong></span> <span class='ocrx_word' id='word_1_676' title='bbox 3161 5248 3321 5303; x_wconf 90' lang='lat' dir='ltr'><strong>nimis</strong></span> <span class='ocrx_word' id='word_1_677' title='bbox 3357 5264 3518 5311; x_wconf 87' lang='lat' dir='ltr'><strong>raro,</strong></span> <span class='ocrx_word' id='word_1_678' title='bbox 3556 5240 3831 5301; x_wconf 78' lang='lat' dir='ltr'><strong>necuitnis</strong></span> 
     </span>
    </p>
   </div>
   <div class='ocr_carea' id='block_1_99' title="bbox 2270 5340 3398 5411">
    <p class='ocr_par' dir='ltr' id='par_1_99' title="bbox 2270 5340 3398 5411">
     <span class='ocr_line' id='line_1_101' title="bbox 2270 5340 3398 5411; baseline -0.01 -10"><span class='ocrx_word' id='word_1_679' title='bbox 2270 5347 2523 5401; x_wconf 91' lang='lat' dir='ltr'><strong>continue</strong></span> <span class='ocrx_word' id='word_1_680' title='bbox 2555 5343 2757 5411; x_wconf 74' lang='lat' dir='ltr'><strong>facias,</strong></span> <span class='ocrx_word' id='word_1_681' title='bbox 2780 5342 2875 5397; x_wconf 90' lang='lat' dir='ltr'><strong>sed</strong></span> <span class='ocrx_word' id='word_1_682' title='bbox 2901 5346 3023 5396; x_wconf 82' lang='lat' dir='ltr'><strong>eum</strong></span> <span class='ocrx_word' id='word_1_683' title='bbox 3046 5340 3398 5405; x_wconf 65' lang='lat' dir='ltr'><strong>discretione.</strong></span> 
     </span>
    </p>
   </div>
   <div class='ocr_carea' id='block_1_100' title="bbox 2856 5428 3341 5487">
    <p class='ocr_par' dir='ltr' id='par_1_100' title="bbox 2856 5428 3341 5487">
     <span class='ocr_line' id='line_1_102' title="bbox 2856 5428 3341 5487; baseline -0.012 0"><span class='ocrx_word' id='word_1_684' title='bbox 2856 5429 3085 5487; x_wconf 79' lang='lat' dir='ltr'><strong>CAPUT</strong></span> <span class='ocrx_word' id='word_1_685' title='bbox 3110 5428 3255 5484; x_wconf 78' lang='lat' dir='ltr'><strong>‘XVI.</strong></span> <span class='ocrx_word' id='word_1_686' title='bbox 3330 5444 3341 5447; x_wconf 75' lang='lat'><strong><em>‘</em></strong></span> 
     </span>
    </p>
   </div>
   <div class='ocr_carea' id='block_1_101' title="bbox 2377 5508 3713 5595">
    <p class='ocr_par' dir='ltr' id='par_1_101' title="bbox 2377 5508 3713 5595">
     <span class='ocr_line' id='line_1_103' title="bbox 2377 5508 3713 5595; baseline -0.016 -13"><span class='ocrx_word' id='word_1_687' title='bbox 2377 5527 2454 5581; x_wconf 82' lang='lat' dir='ltr'><strong>De</strong></span> <span class='ocrx_word' id='word_1_688' title='bbox 2488 5508 2760 5595; x_wconf 68' lang='lat' dir='ltr'><strong>multiplici</strong></span> <span class='ocrx_word' id='word_1_689' title='bbox 2788 5510 3035 5578; x_wconf 74' lang='lat' dir='ltr'><strong>varietate</strong></span> <span class='ocrx_word' id='word_1_690' title='bbox 3057 5510 3302 5575; x_wconf 49' lang='lat' dir='ltr'><strong>sanatum</strong></span> <span class='ocrx_word' id='word_1_691' title='bbox 3329 5527 3375 5571; x_wconf 78' lang='lat' dir='ltr'><strong>et</strong></span> <span class='ocrx_word' id='word_1_692' title='bbox 3406 5527 3713 5570; x_wconf 71' lang='lat' dir='ltr'><strong>neumarnm.</strong></span> 
     </span>
    </p>
   </div>
   <div class='ocr_carea' id='block_1_102' title="bbox 2341 5594 3827 5675">
    <p class='ocr_par' dir='ltr' id='par_1_102' title="bbox 2341 5594 3827 5675">
     <span class='ocr_line' id='line_1_104' title="bbox 2341 5594 3827 5675; baseline -0.017 -3"><span class='ocrx_word' id='word_1_693' title='bbox 2341 5618 2472 5675; x_wconf 89' lang='lat' dir='ltr'><strong>Illud</strong></span> <span class='ocrx_word' id='word_1_694' title='bbox 2499 5631 2624 5670; x_wconf 87' lang='lat' dir='ltr'><strong>vero</strong></span> <span class='ocrx_word' id='word_1_695' title='bbox 2647 5630 2751 5669; x_wconf 91' lang='lat' dir='ltr'><strong>non</strong></span> <span class='ocrx_word' id='word_1_696' title='bbox 2776 5614 2933 5667; x_wconf 85' lang='lat' dir='ltr'><strong>debet</strong></span> <span class='ocrx_word' id='word_1_697' title='bbox 2959 5611 3155 5665; x_wconf 73' lang='lat' dir='ltr'><strong>mirum</strong></span> <span class='ocrx_word' id='word_1_698' title='bbox 3182 5608 3370 5672; x_wconf 78' lang='lat' dir='ltr'><strong>videri,</strong></span> <span class='ocrx_word' id='word_1_699' title='bbox 3393 5622 3491 5658; x_wconf 66' lang='lat' dir='ltr'><strong>rur</strong></span> <span class='ocrx_word' id='word_1_700' title='bbox 3515 5612 3652 5657; x_wconf 85' lang='lat' dir='ltr'><strong>tanta</strong></span> <span class='ocrx_word' id='word_1_701' title='bbox 3673 5594 3827 5664; x_wconf 74' lang='lat' dir='ltr'><strong>copia</strong></span> 
     </span>
    </p>
   </div>
   <div class='ocr_carea' id='block_1_103' title="bbox 2250 5723 2937 5797">
    <p class='ocr_par' dir='ltr' id='par_1_103' title="bbox 2250 5723 2937 5797">
     <span class='ocr_line' id='line_1_105' title="bbox 2250 5723 2937 5797; baseline -0.013 -15"><span class='ocrx_word' id='word_1_702' title='bbox 2250 5724 2255 5729; x_wconf 81' lang='grc'><strong>’</strong></span> <span class='ocrx_word' id='word_1_703' title='bbox 2343 5725 2452 5797; x_wconf 81' lang='grc'><strong>(16)</strong></span> <span class='ocrx_word' id='word_1_704' title='bbox 2479 5724 2541 5778; x_wconf 84' lang='lat' dir='ltr'><strong>F.</strong></span> <span class='ocrx_word' id='word_1_705' title='bbox 2573 5723 2937 5778; x_wconf 73' lang='lat' dir='ltr'><strong>absoaitatem.</strong></span> 
     </span>
    </p>
   </div>
  </div>
