4018 6380
186 369 288 425 597

1633 362 2086 428 MlCROLOGUS.

3331 375 3434 440 598

184 485 296 534 tam
329 477 658 533 diversorum
689 486 943 532 cantuum
975 485 1083 532 tam
1112 476 1296 547 paucis
1317 475 1543 530 formata
1566 478 1636 531 sit
1659 492 1752 532 vo-
1783 472 1830 526 Α
1862 490 1975 534 tera
2020 479 2196 543 alteri,
2240 488 2300 534 ttt
2349 480 2490 536 arsis
2528 480 2698 546 thesi,
2731 488 2784 536 et
2815 479 2985 535 thesis
3011 480 3118 535 arsi
3158 479 3435 553 conjungi-

183 568 360 633 cibus,
391 582 511 637 quae
539 582 702 623 voces
750 583 855 622 non
908 567 1012 622 nisi
1063 581 1157 639 se;
1188 568 1384 630 modis,
1414 576 1475 620 ut
1501 567 1757 632 diximus,

183 660 287 716 sibi
312 661 610 730 junguntur
638 669 747 714 tam
776 666 873 729 per
899 660 1259 715 elevationem
1291 672 1451 730 quam
1476 675 1571 728 per
1596 662 1761 730 (ἱεροε-

181 751 463 818 sitionem;
499 765 621 807 cum
652 760 708 806 et
735 753 804 806 de
831 752 1018 823 paucis
1047 752 1242 808 litteris
1266 792 1281 817 ,
1329 752 1431 806 etsi
1475 768 1582 806 non
1629 748 1758 822 per-

180 840 390 908 plures,
440 840 802 895 conﬁciantur
851 841 1092 911 syllaba},
1145 842 1341 911 poterit
1383 842 1526 896 enint
1581 841 1757 911 colligi

182 945 444 986 numerus
477 931 836 1002 syllabarum;
875 932 1084 986 inﬁnita
1115 941 1291 986 tamen
1318 932 1550 1002 partium
1580 931 1758 1001 plura~

183 1020 308 1076 litas
340 1023 617 1076 concrevit
641 1037 710 1076 ex
737 1021 962 1093 syllabis
985 1063 1000 1087 ,
1031 1031 1086 1076 et
1130 1023 1183 1076 in
1230 1023 1418 1078 metris
1464 1022 1528 1075 de
1573 1023 1759 1091 paucis

180 1108 411 1180 pedibus
435 1125 597 1178 quam
623 1112 775 1182 plura
804 1112 939 1166 tiunt
963 1126 1159 1183 genera
1182 1121 1501 1176 metrorum,
1524 1122 1580 1166 et
1601 1113 1757 1168 unius

181 1200 396 1270 generis
423 1213 657 1257 metrum
689 1203 934 1273 plurimis
982 1205 1332 1259 varietatibus
1376 1203 1648 1258 invenitur
1676 1203 1758 1257 dio-

182 1303 420 1355 versum,
445 1300 504 1344 ut
523 1292 930 1354 bexametrum;
956 1293 1097 1362 qttod
1124 1292 1392 1361 quomodo
1410 1291 1523 1354 ﬁat,
1543 1290 1759 1344 videant

181 1381 543 1449 grammatici,
573 1383 828 1452 quoniam
863 1382 994 1437 illud
1026 1383 1206 1437 dicere
1257 1381 1478 1436 alterius
1529 1390 1612 1435 est
1659 1396 1754 1435 tte-

181 1469 333 1538 gotii.
369 1469 500 1536 Nos,
541 1472 586 1526 si
629 1486 937 1540 possumus,
989 1471 1292 1537 videamus,
1342 1472 1538 1541 quibus
1585 1471 1757 1527 modis

181 1557 450 1614 distantes
472 1561 541 1616 ab
568 1561 798 1617 invicem
830 1578 1055 1618 neumas
1081 1565 1412 1618 constituere
1462 1564 1753 1618 valeamus.

247 1648 423 1718 Igitur
451 1660 630 1707 motus
656 1667 867 1718 vocum,
901 1653 991 1721 qui
1046 1668 1139 1707 sex
1175 1653 1347 1708 modis
1392 1662 1756 1708 consonanter

173 1738 300 1794 ﬁeri
334 1740 518 1797 dictus
541 1752 646 1807 est,
677 1742 736 1797 ﬁt
759 1743 865 1797 arsi
894 1752 950 1798 et
984 1743 1145 1810 thesi,
1177 1743 1227 1797 id
1250 1753 1357 1808 est,
1385 1743 1683 1799 elevatioue
1700 1753 1756 1800 et

183 1828 520 1900 depositione
547 1846 562 1886 :
593 1848 824 1903 quorum
846 1835 1060 1903 gemino
1088 1843 1271 1898 motu,
1307 1834 1356 1888 id
1383 1843 1491 1899 est,
1520 1835 1660 1891 arsis
1702 1843 1758 1890 et

1864 578 1969 634 tur,
2000 571 2220 639 ipsaque
2243 571 2553 639 conjunctio
2585 581 2693 624 tum
2734 570 2786 624 fit
2812 587 2876 625 ex
2905 571 3199 632 similibus,
3227 583 3337 625 tum
3366 589 3434 628 ex

1860 660 2232 714 dissimilibus.
2269 661 2660 714 Dissimilitudo
2689 673 2866 714 autent
2895 662 3016 724 crit,
3043 663 3086 715 si
3130 676 3194 714 ex
3240 661 3432 730 prmdi-

1858 752 1964 806 ctis
1994 753 2260 816 motibus,
2291 753 2339 805 id
2369 762 2470 817 est,
2502 754 2664 818 tonis,
2695 753 3014 817 semitoniis,
3041 755 3239 810 ditonis
3261 765 3312 809 et
3339 771 3438 830 cac-

1861 845 1990 898 teris
2022 844 2159 899 alius
2183 845 2286 897 alio
2311 844 2488 914 plures
2519 847 2869 914 paucioresve
2901 847 3096 900 haheat
3123 863 3311 909 voces,
3346 857 3437 900 aut

1861 931 2031 1001 magis
2062 932 2376 1001 conjunctas
2405 934 2486 986 vel
2519 933 2816 1002 disiunctas
2846 936 3212 999 dissimiliter;
3243 935 3435 989 deinde

1859 1021 1941 1074 vel
1989 1022 2237 1076 similiter
2277 1023 2417 1078 facta
2461 1023 2841 1092 conjunctione
2889 1036 3065 1080 motus
3103 1025 3269 1079 motui
3323 1035 3432 1077 tum

1857 1109 1956 1163 erit
1974 1112 2310 1180 pra'positus,
2327 1113 2471 1166 idest
2485 1113 2535 1166 in
2550 1115 2917 1183 superioribus
2934 1115 3163 1184 positus,
3189 1127 3434 1181 tumsup-

1857 1201 2080 1268 positus,
2099 1211 2208 1254 tum
2222 1202 2514 1272 appositus,
2532 1203 2583 1256 id
2598 1215 2697 1265 est,
2714 1220 2834 1258 cum
2860 1205 2911 1257 in
2926 1205 3114 1259 eadem
3131 1218 3260 1258 voce
3276 1204 3434 1256 unius

1858 1297 2033 1342 motus
2052 1289 2650 1358 liniserit,alteriusqne
2675 1292 3026 1361 principium;
3060 1304 3170 1345 tum
3201 1292 3434 1359 interpo-

1858 1381 2011 1446 situs,
2031 1381 2080 1434 id
2100 1390 2206 1444 est,
2225 1381 2440 1449 quando
2467 1398 2603 1436 unus
2631 1382 2956 1436 motusiufra
2985 1383 3144 1435 alium
3164 1383 3366 1449 positus
3381 1388 3437 1435 ct

1868 1473 2047 1526 minus
2075 1480 2160 1525 est
2184 1471 2364 1541 gravis
2377 1481 2432 1526 et
2450 1472 2628 1525 minus
2643 1482 2859 1538 acutus;
2876 1481 2985 1525 tum
3011 1473 3060 1524 id
3079 1472 3430 1534 commixtus,

1856 1562 2164 1631 est,partim
2180 1561 2525 1630 interpositus
2537 1562 2841 1631 partimque
2863 1562 3186 1631 suppositus,
3211 1572 3302 1613 aut
3328 1576 3436 1630 prie

1855 1654 2079 1722 positus,
2111 1660 2202 1705 aut
2219 1650 2514 1720 appositus,
2541 1665 2834 1721 rursusque
2858 1651 2938 1704 ha:
2955 1651 3242 1718 positiones
3257 1649 3434 1702 dirimi

1863 1750 2088 1814 possunt
2112 1741 2406 1796 secundum
2437 1740 2725 1795 laxatiouis
2761 1752 2816 1795 et
2850 1740 3137 1804 acuminis,
3164 1740 3435 1809 augmenti

1863 1831 2258 1895 etdetrimenti,
2275 1830 2554 1885 modorum
2583 1845 2798 1900 quoque
2811 1829 3304 1899 variasqualitates.
3324 1826 3434 1882 Neu

187 1919 380 1987 thesis,
415 1923 592 1978 omnis
626 1937 822 1978 neuma
864 1923 1149 1990 formatur,
1186 1933 1382 1991 praeter
1415 1938 1761 1992 repercttssas
1794 1914 1832 1972 Β
1865 1939 1965 1978 mae
1986 1936 2200 1994 quoque
2213 1936 2308 1990 per
2326 1921 2543 1977 eosdem
2559 1925 2746 1977 modos
2759 1921 2895 1975 arsis
2908 1929 2957 1974 et
2987 1919 3157 1973 thesis
3185 1927 3439 1987 poterunt

163 2020 277 2066 aut
314 2013 611 2083 simplices.
643 2013 845 2069 Deinde
890 2015 1028 2069 arsis
1069 2022 1125 2069 et
1169 2015 1339 2070 thesis
1388 2024 1500 2070 tum
1543 2015 1762 2072 sibimet

182 2099 508 2172 junguntur,
563 2112 626 2157 ttt
671 2103 812 2158 arsis
859 2104 1003 2166 arsi,
1067 2105 1237 2159 thesis
1289 2104 1469 2170 thesi,
1520 2115 1632 2161 tum
1676 2105 1759 2169 al,-

1855 2014 2085 2079 -variari,
2114 2022 2168 2068 et
2199 2012 2574 2068 distinctiones
2603 2013 2910 2084 aliquando.
2939 2011 3053 2079 Qua
3079 2011 3145 2065 de
3175 2026 3234 2065 re
3257 2011 3440 2065 etdes-

1863 2103 2182 2173 criptionem
2206 2092 2553 2170 subiecimus,
2582 2118 2689 2172 quo
2711 2101 2920 2157 facilior
2941 2099 3228 2170 peroculos
3243 2100 3322 2153 via
3345 2099 3435 2153 sit.

1445 2257 1648 2312 .‘vlttsica
1678 2265 1854 2311 motus
1881 2263 1964 2310 est
1988 2271 2199 2311 vocum.

207 2361 1018 2377 _-—————_—_-—_—

244 2417 448 2475 Tonus.
663 2421 1039 2478 Semitonium.

851 2548 1635 3161 ξι

1253 2421 1499 2476 Ditonus.

427 2556 851 3012 [-

1811 2382 1822 2526 Ι
2025 2417 2408 2473 Semiditonus.
2474 2423 2479 2428 ’
2557 2419 2781 2474 Dialess:

3067 2417 3342 2488 Diapente.

2025 2417 2408 2473 Semiditonus.
2474 2423 2479 2428 ’
2557 2419 2920 2474 Dialessaron.

1995 2945 2008 3153 ί

1461 3218 1703 3275 Elcvatio
1769 3181 1779 3318 Ι
1839 3181 1849 3319 Ι
1919 3211 2212 3284 Depositio.

1526 3430 1602 3484 Αι-

1637 3345 1647 3573 Ι

1693 3433 1788 3488 sis.
1825 3426 1943 3484 The
1987 3424 2104 3488 Ιεῖεο

1697 3585 1967 3744 Tl—

1531 3793 1544 3806 ’
1587 3747 2047 3922 Jtttttur

1356 3968 1523 4016 a.tera
1553 3955 1706 4015 alteri
1765 3929 1776 4066 ι
1871 3929 1882 4066 ι
1935 3959 2049 4028 ipsa
2088 3946 2186 4013 sibi

983 4201 997 4458 Ι

914 4873 1223 4944 Prteposite,

916 4976 1201 5048 Supposite
1224 5019 1239 5043 ,

917 5081 1234 5153 Interposito
1247 5121 1262 5148 ,

917 5185 1169 5256 Apposite

912 5289 1106 5356 Mixte,

1931 4455 2840 4482 _—_—h——————'———d

1921 4900 2131 4912 ....---
2206 4859 2512 4939 Sect‘mdum
2544 4851 2850 4930 laxationis,

2201 4982 2254 5028 et
2279 4971 2570 5042 acuminis,

2203 5076 2488 5146 Augmenti
2506 5115 2521 5140 ,
2574 5075 2584 5080 ”

2201 5191 2255 5237 et
2292 5175 2600 5236 detrimenti
2673 5206 2676 5209 -

2206 5286 2590 5354 modorumqua

1555 5567 1733 5625 varias
1756 5565 2064 5641 qualitates.

1729 5385 1912 5500 LT_l

519 5385 552 5769 ﬂ
1555 5567 1733 5625 varias
1756 5565 2064 5641 qualitates.
