4018 6378
191 332 301 392 ιοι

1614 336 2072 400 MICROLOGUS.

3355 351 3460 409 402

269 448 413 509 lllud
436 463 693 524 prieterea
721 450 858 511 scire
888 461 941 511 te
969 450 1114 522 volo,
1139 452 1282 525 quod
1308 454 1362 511 in
1405 469 1614 512 morem
1657 456 1777 526 puri
1809 459 1858 516 Α
1885 457 2106 523 utimur,
2139 456 2486 529 explicemus.
2515 457 2773 531 Superior
2801 473 2993 530 nempe
3021 461 3322 531 diaphonia:
3346 481 3459 521 mo-
3483 527 3488 536 _

192 547 420 615 argenti
448 547 624 602 omnis
652 555 845 602 cautus
884 563 992 618 quo
1036 548 1207 619 magis
1233 549 1483 612 usitatur,
1519 563 1585 603 eo
1612 548 1784 620 magis

191 642 506 701 coloratur,
535 647 592 692 et
625 639 767 706 quod
799 639 956 692 modo
979 639 1248 707 displicet,
1299 654 1397 707 per
1451 654 1603 692 usum
1631 638 1785 706 quasi

191 727 338 782 lima
372 727 593 797 politum
623 739 806 797 postea
851 727 1208 795 collaudatur,
1247 744 1309 782 ac
1340 744 1436 798 pro
1471 728 1785 782 diversitate

190 818 450 886 gentium
474 832 538 872 ac
563 818 845 882 mentium,
877 817 1020 886 quod
1073 819 1198 872 huic
1226 819 1515 888 .displicet,
1561 819 1628 872 ah
1679 817 1786 871 alio

190 912 577 980 amplectitur,
621 920 676 967 et
720 912 865 965 hunc
894 910 1134 988 oblectat
1180 925 1441 974 consona,
1487 909 1575 963 ille
1617 907 1786 978 magis

190 1004 400 1073 probat
430 1003 676 1067 diversa;
729 1002 832 1056 iste
878 1001 1341 1056 continuationem
1397 1008 1450 1057 et
1507 999 1784 1054 moliitiem

190 1095 506 1150 secundum
529 1109 639 1148 sua;
668 1093 865 1148 metuis
893 1093 1166 1148 lasciviam
1197 1092 1422 1162 quierit;
1461 1091 1568 1154 ille,
1603 1099 1786 1159 utpote

189 1181 411 1253 gravis,
457 1184 652 1240 sobriis
691 1184 942 1238 caulibus
993 1182 1346 1260 demulcetur.
1375 1181 1528 1240 Alius
1566 1197 1693 1236 vero
1729 1189 1789 1236 ut

95 1293 105 1303 -
189 1287 398 1328 amens
447 1273 500 1327 in
546 1271 862 1343 compositis
903 1280 957 1327 et
1001 1271 1054 1326 in
1104 1270 1364 1326 anfractis
1412 1271 1788 1326 vexatiouibus

189 1364 494 1434 pascitur,
549 1372 604 1418 et
665 1363 1034 1434 unusquisque
1088 1379 1211 1419 eum
1265 1372 1481 1418 cautum
1537 1362 1787 1418 sonorius

189 1452 378 1507 multo
407 1455 744 1524 pronuntiat,
776 1471 938 1524 quem
965 1455 1259 1509 secundum
1293 1471 1403 1510 sua:
1422 1453 1623 1508 mentis
1649 1451 1784 1507 iusi-

192 1554 316 1601 tam
340 1544 664 1613 qualitatem
693 1545 904 1615 probat.
937 1543 1066 1612 Quae
1108 1545 1288 1599 omnia
1332 1544 1378 1599 si
1425 1543 1582 1599 dictis
1623 1559 1784 1614 argu-

189 1638 408 1692 mentis
461 1637 680 1692 assiduo
718 1637 980 1692 exercitio
1023 1636 1339 1700 inlueseris,
1387 1636 1638 1706 ignorare
1681 1650 1787 1690 non

189 1725 438 1799 poteris.
467 1725 641 1782 Immo
678 1736 735 1788 et
778 1725 1116 1796 argumentis
1159 1726 1415 1785 utendum
1457 1735 1558 1790 est,
1615 1725 1787 1780 donec

189 1834 262 1873 ex
294 1828 458 1888 parte
478 1819 876 1889 cognoscimus,
909 1826 966 1870 ut
1009 1817 1076 1871 ad
1117 1815 1502 1887 plenitudinem
1546 1818 1784 1874 scientia:

192 1908 608 1978 perveniamus.
663 1906 768 1964 Sed
824 1907 950 1978 quia
1001 1908 1116 1964 haec
1174 1908 1225 1961 iu
1280 1907 1495 1978 longum
1534 1908 1784 1979 prosequi

192 1997 488 2068 proposita
516 1998 755 2054 brevitas
787 2013 891 2052 non
918 1997 1178 2067 exposcit,
1201 2000 1501 2068 praesertim
1550 2015 1670 2055 cum
1716 2015 1785 2053 ex

192 2089 284 2144 bis
333 2087 588 2158 perplura
642 2087 854 2148 valeant
902 2087 1103 2158 colligi,
1134 2091 1201 2142 de
1237 2089 1482 2152 canendo
1510 2090 1614 2147 ista
1640 2089 1786 2143 sulli-

192 2179 376 2234 ciant.
425 2177 546 2236 Jam
599 2193 742 2236 nunc
786 2179 1091 2249 diapboniae
1129 2188 1404 2252 praecepta
1453 2195 1786 2251 exequamur

194 2268 467 2327 breviter.

779 2363 1006 2421 CAPUT
1048 2368 1224 2422 tum.

403 2456 482 2512 De
528 2456 838 2528 diapltonio,
875 2459 927 2512 id
965 2469 1062 2524 est,
1101 2459 1286 2529 organi
1320 2469 1591 2530 prwceplo.

270 2548 580 2618 Diaphonia
622 2562 814 2603 vocum
844 2547 1132 2618 disiunctio
1178 2559 1355 2616 sonat,
1376 2565 1537 2621 quam
1577 2563 1676 2607 nos
1701 2564 1788 2606 or-

195 2653 407 2709 gauum
438 2654 729 2704 vocamus,
759 2653 884 2694 eum
915 2638 1195 2708 disiuncta:
1237 2641 1306 2696 ab
1344 2641 1572 2697 invicem
1630 2655 1790 2697 voces

195 2741 252 2785 et
280 2732 632 2788 concorditer
658 2732 958 2800 dissonant,
981 2743 1036 2788 et
1075 2735 1414 2789 dissonantes
1436 2734 1788 2790 concordant.

194 2821 319 2888 Qua
350 2820 570 2890 quidem
602 2821 675 2876 ita
713 2830 958 2888 utuntur,
1003 2836 1062 2878 ut
1086 2824 1302 2879 canenti
1343 2839 1558 2894 semper
1586 2823 1788 2879 chorda

195 2923 403 2984 quarta
432 2913 858 2988 succedat,utlt.
881 2915 946 2968 ad
978 2914 1038 2968 Ι).
1063 2915 1149 2970 ubi
1174 2916 1220 2970 si
1247 2931 1507 2988 orgamuu
1537 2930 1632 2986 per
1658 2931 1786 2972 acu-

198 3015 317 3060 tum
339 3021 371 3059 a
387 3005 645 3075 duplices,
665 3015 722 3060 ut
742 2985 896 3061 εἰῇ).
921 3022 950 3060 a
974 3009 1245 3062 resonabit
1267 2985 1334 3065 A.
1361 3009 1426 3064 ad
1449 3007 1511 3063 D.
1534 2985 1788 3063 diatessa-

1885 545 1986 601 dus
2014 548 2180 602 durus
2210 559 2312 613 est,
2343 559 2526 605 noster
2553 565 2679 606 vero
2706 550 2902 617 mollis,
2927 554 2993 607 ad
3038 569 3199 622 quem
3244 557 3462 611 semite-

1886 636 2033 689 uiutu
2081 647 2136 692 et
2165 637 2415 708 diapente
2461 655 2567 695 non
2602 640 2967 706 admittimus;
3016 651 3199 696 tonum
3247 659 3375 698 vero
3405 656 3461 700 et

1886 723 2124 803 ditonum
2149 736 2204 780 et
2233 728 2612 783 semiditouum
2636 744 2756 783 cum
2781 729 3117 786 diatessaron
3150 733 3457 801 recipimus,

1886 817 1981 870 sed
2031 817 2411 872 semiditouum
2468 818 2520 872 in
2570 819 2653 873 his
2713 817 3012 874 iulimatum
3047 859 3063 885 ,
3119 820 3455 876 diatessaron

1886 921 2015 962 vero
2041 908 2248 964 obtinet
2273 909 2652 979 principatum.

1957 996 2051 1053 llis
2087 997 2266 1066 itaque
2293 1008 2528 1068 quatuor
2553 1000 2858 1056 concordiis
2901 1000 3206 1064 diaphonia:
3241 1011 3458 1058 cantum

1887 1084 2000 1157 (20)
2028 1086 2412 1158 subsequitur;
2447 1096 2723 1157 troporum
2746 1104 2872 1145 vero
2899 1091 2988 1144 alii
3009 1091 3144 1160 apti,
3167 1091 3257 1146 alii
3290 1094 3463 1160 aptio-

1888 1191 1996 1242 res,
2027 1175 2115 1230 alii
2142 1177 2408 1247 aptissimi
2429 1177 2690 1233 existunt.
2717 1179 2839 1250 Apti
2869 1189 3013 1244 sunt,
3040 1182 3131 1250 qui
3163 1197 3258 1252 per
3294 1183 3460 1236 solam
3499 1207 3504 1252 τ

1888 1266 2223 1322 diatessaron
2253 1268 2462 1341 quartis
2485 1283 2514 1322 a
2546 1283 2603 1324 se
2628 1249 2852 1326 vocibus
2898 1249 3179 1342 organum
3205 1273 3459 1338 reddunt,
3499 1249 3505 1270 ’

1887 1369 1946 1416 ιιι
1976 1360 2230 1415 deuterus
2253 1359 2304 1414 iu
2349 1359 2408 1413 Β.
2441 1369 2497 1416 et
2525 1360 2567 1414 Ε
2611 1378 2626 1417 :
2669 1362 2905 1431 aptiores
2932 1372 3078 1429 sunt,
3105 1364 3196 1433 qui
3242 1380 3348 1419 non
3377 1380 3466 1419 ευ·
3502 1353 3524 1418 ἱ

1887 1450 1996 1507 lum
2026 1451 2254 1520 quartis,
2289 1452 2381 1505 sed
2431 1452 2604 1506 tertiis
2634 1461 2690 1506 et
2737 1454 2987 1509 secundis
3041 1469 3136 1524 per
3179 1464 3361 1510 tonum
3411 1465 3466 1509 et

1887 1541 2292 1607 semiditouum,
2320 1540 2444 1595 licet
2473 1557 2619 1607 raro,
2645 1542 2993 1613 respondent,
3018 1554 3075 1598 ιιι
3103 1553 3290 1614 protus
3320 1546 3370 1598 iu
3400 1547 3462 1597 Α.

1887 1642 1943 1689 et
1975 1632 2053 1688 D:
2085 1632 2349 1702 aptissimi
2388 1648 2536 1699 vero,
2562 1634 2653 1702 qui
2699 1634 2995 1704 saepissime
3041 1637 3366 1705 suaviusque
3413 1636 3465 1690 id

1888 1721 2116 1788 faciunt,
2156 1731 2216 1776 ut
2245 1723 2516 1779 tetrardus
2537 1733 2593 1779 et
2623 1725 2783 1779 tritus
2812 1724 2865 1778 in
2892 1724 2954 1781 C.
2994 1724 3056 1779 F.
3091 1725 3159 1780 (ἓ.
3184 1724 3276 1781 ΗιΒ
3318 1726 3465 1780 enim

1815 1791 1861 1852 Β
1890 1820 2016 1867 tono
2051 1821 2106 1868 et
2138 1813 2324 1874 ditono
2352 1821 2406 1868 et
2432 1813 2766 1869 diatessaron
2803 1814 3204 1886 obsequuntur;
3237 1832 3466 1886 quorum

1887 1918 1918 1958 a
1956 1903 2104 1969 trito,
2139 1903 2190 1958 in
2221 1919 2383 1975 quem
2416 1905 2498 1960 vel
2549 1906 2672 1960 linis
2715 1905 3121 1960 distinctionum
3169 1907 3465 1970 advenerit,

1885 1993 1971 2047 vel
2016 1993 2108 2062 qui
2140 1994 2418 2063 proximus
2463 1995 2561 2064 ipsi
2605 1994 2850 2049 liuab'tati
2880 1995 3107 2062 suberit,
3153 1997 3467 2051 subsecutor

1889 2092 2068 2140 tamen
2107 2099 2398 2154 numquam
2425 2086 2583 2141 debet
2611 2087 2961 2153 descendere,
2988 2087 3094 2142 nisi
3126 2086 3216 2144 illo
3253 2086 3460 2147 inferio-

1888 2190 1977 2230 res
1998 2189 2158 2230 voces
2199 2183 2394 2234 cantor
2423 2175 2723 2231 admiserit.
2755 2176 2800 2230 A
2832 2177 2960 2232 trito
2986 2177 3132 2232 enim
3173 2176 3358 2232 iulimo
3379 2184 3474 2238 aut

1888 2269 2090 2325 inlimis
2111 2271 2357 2340 proxime
2379 2271 2682 2326 substituto
2696 2270 2889 2340 deponi
2912 2285 3172 2340 organum
3195 2285 3472 2338 nunquam

1890 2362 2037 2418 licet.
2069 2362 2205 2418 Cum
2252 2378 2384 2418 vero
2417 2371 2610 2417 cautor
2652 2361 2937 2417 inferiores
2983 2375 3144 2417 voces
3188 2360 3474 2416 admiserit

1889 2469 2127 2526 congruo
2147 2454 2287 2520 loco,
2317 2465 2371 2508 et
2389 2469 2485 2524 per
2506 2454 2842 2508 diatessaron
2869 2467 3126 2524 orgaumu
3153 2452 3470 2522 deponatur,

1890 2562 2122 2615 moxque
2152 2557 2210 2600 ut
2238 2546 2324 2601 illa
2355 2546 2758 2600 distinctionum
2783 2545 3021 2616 gravitas
3056 2545 3126 2600 ita
3178 2545 3470 2610 deseritur,

1890 2646 1949 2691 ut
1979 2638 2147 2709 repeti
2175 2653 2282 2692 non
2323 2647 2589 2708 speretur,
2625 2654 2783 2708 quem
2812 2638 2961 2708 prius
2988 2639 3253 2693 habuerat
3294 2637 3472 2693 locum

1889 2732 2210 2787 subsecutor
2235 2741 2461 2801 repetat,
2493 2743 2550 2786 ιιι
2578 2732 2722 2786 liuali
2755 2733 2894 2798 voci,
2919 2733 2961 2788 si
2995 2733 3046 2787 in
3079 2749 3138 2788 se
3174 2733 3472 2799 devenerit,

1888 2829 2251 2886 commaucat,
2279 2832 2333 2876 et
2359 2822 2404 2876 si
2421 2837 2582 2891 super
2606 2838 2664 2877 se
2687 2831 2790 2888 est,
2815 2822 2992 2879 vicino
3009 2823 3266 2879 decenter
3282 2839 3475 2878 occur-

1891 2917 1996 2975 rat,
2025 2910 2115 2979 qui
2144 2924 2404 2965 occursus
2430 2919 2556 2966 tono
2584 2911 2773 2966 melius
2823 2911 2900 2978 lit,
2932 2912 3120 2967 ditono
3151 2927 3258 2969 non
3311 2919 3472 2977 adeo,

1890 3002 2318 3072 semiditonoque
2350 3016 2664 3070 numquam.
2714 3001 2794 3056 Ad
2824 3002 3162 3060 diatessaron
3210 3018 3342 3057 vero
3386 3003 3474 3058 vix

197 3111 326 3161 ron,
344 3094 413 3148 ad
446 3111 477 3148 a
503 3095 785 3164 diapason,
807 3097 868 3150 D.
901 3111 1028 3151 vero
1052 3097 1120 3152 ad
1150 3105 1436 3168 utramque
1471 3097 1537 3150 A.
1587 3112 1617 3151 a
1669 3097 1784 3152 dia-
1817 3131 1860 3192 ε
1894 3093 1946 3148 lit
1988 3108 2245 3148 occursus
2269 3134 2281 3156 ,
2315 3109 2436 3148 cum
2475 3093 2654 3164 gravis
2683 3094 2853 3164 magis
2879 3093 3055 3163 placet
3083 3093 3172 3150 illo
3209 3093 3324 3149 loco
3352 3109 3476 3147 suc-

199 3196 455 3242 tessaron
473 3195 530 3240 et
549 3186 818 3256 diapente,
838 3201 892 3240 a.
912 3195 1128 3242 acutum
1153 3187 1220 3242 ad
1236 3188 1516 3257 graviores
1541 3186 1791 3256 diapente

196 3286 252 3332 et
281 3276 568 3347 diapason.
598 3276 666 3330 Et
711 3277 836 3346 quia
867 3277 951 3331 ha:
981 3285 1091 3332 tres
1118 3277 1325 3347 species
1354 3277 1420 3331 ad
1468 3285 1674 3331 tantam
1702 3292 1793 3333 or-

197 3367 332 3436 gani
363 3365 677 3422 societatem
714 3379 773 3420 se
822 3365 1152 3435 permiscent
1197 3381 1264 3421 ac
1307 3366 1596 3430 suavitate,
1630 3373 1688 3420 ut
1715 3365 1793 3420 si-

199 3458 566 3514 militudinem
598 3471 787 3512 vocum
825 3456 1020 3513 fecisse
1058 3457 1305 3528 superius
1329 3466 1454 3512 sunt
1482 3464 1793 3512 monstrata:

198 3551 562 3622 symphoniae,
593 3550 711 3606 ideo
733 3561 858 3620 apte
879 3565 1070 3606 vocum
1111 3549 1481 3620 copulationes
1517 3549 1790 3614 dicuntur,

197 3658 330 3696 cum
357 3641 675 3711 symphonia
707 3641 772 3695 dc
793 3649 953 3695 cantu
989 3641 1135 3696 omni
1164 3641 1390 3696 dicatur.
1422 3639 1587 3696 Dicta:
1611 3647 1792 3699 autem

199 3733 511 3802 diapbonia:
538 3733 639 3788 hoc
669 3742 754 3788 est
785 3734 1093 3803 exemplum
1118 3750 1130 3790 :
1528 3794 1540 3802 ,

201 3809 1790 3896 Diapasoncdecdedccchagcdeddc.

201 3914 470 3984 Diapente
508 3913 629 3970 FGa
668 3914 792 3970 FGa
833 3913 1011 3970 GFFF
1053 3915 1275 3972 EDCFG
1315 3915 1508 3972 aGGF.

699 4007 950 4064 Miserere
983 4011 1105 4076 mei,
1134 4009 1295 4066 Deus.

202 4099 615 4156 Diatessaronc
654 4115 748 4154 at:
790 4116 821 4156 c
865 4117 897 4154 ι)
942 4115 976 4154 ε
1019 4117 1051 4154 ι)
1099 4117 1130 4156 c
1176 4116 1206 4156 c
1257 4117 1288 4156 c
1334 4117 1430 4156 ns
1472 4118 1556 4158 1c
1597 4118 1788 4159 nenae.

272 4191 409 4248 Hinc
438 4202 618 4248 autem
649 4194 817 4264 ligura
843 4201 1030 4262 aperte
1054 4194 1344 4249 emendata
1367 4195 1610 4250 continet
1654 4210 1793 4264 pra:-

201 4283 464 4338 cedentes
502 4297 663 4339 voces
687 4282 844 4352 hujus
864 4283 1174 4356 antipbonie
1199 4283 1450 4340 Miserere
1476 4285 1594 4352 mei,
1628 4285 1791 4349 Deus,

204 4373 602 4446 subsequentes
653 4376 1022 4447 orgauizando
1082 4391 1178 4447 per
1229 4377 1596 4442 diatessaron,
1632 4365 1789 4447 'quod

1893 3195 2104 3241 ceutus.
2138 3185 2290 3253 Quod
2342 3193 2610 3239 tamenne
2638 3185 2690 3238 in
2732 3184 2915 3240 ultima
2962 3183 3305 3239 distinctione
3335 3197 3476 3254 sym-

1893 3277 2106 3347 phouia:
2141 3275 2384 3340 eveniat,
2433 3283 2514 3330 est
2561 3275 2878 3332 cavendum.
2929 3273 3084 3345 Saepe
3129 3282 3309 3329 autem
3352 3287 3476 3326 cum

1894 3365 2182 3420 inferiores
2241 3366 2367 3420 trito
2412 3381 2574 3420 voces
2622 3374 2812 3420 cautor
2863 3363 3181 3430 admiserit,
3212 3377 3474 3432 organum

1893 3467 2212 3522 suspensum
2247 3462 2492 3507 tenemus
2521 3454 2572 3508 in
2603 3454 2758 3519 trito;
2789 3462 2916 3507 tunc
2963 3468 3092 3507 vero
3120 3467 3256 3522 opus
3291 3461 3376 3505 est
3418 3459 3477 3504 ut

1895 3544 1948 3598 in
1980 3541 2327 3596 inferioribus
2357 3541 2762 3596 distinctionem
2793 3553 2985 3596 cautor
3013 3555 3120 3596 non
3162 3541 3348 3602 l‘aciat,
3379 3541 3473 3592 sed

1893 3633 2325 3688 discurrentibus
2360 3649 2480 3686 cum
2537 3632 2814 3686 celeritate
2863 3631 3088 3685 vocibus
3142 3629 3476 3699 prmstolanti

1895 3725 2022 3780 trito
2059 3724 2334 3780 redeundo
2361 3723 2668 3788 subveniat,
2693 3732 2746 3778 et
2777 3739 2933 3778 suum
2967 3730 3021 3776 et
3066 3721 3210 3776 illius
3243 3719 3384 3775 facta
3420 3721 3473 3774 iu

1891 3816 2261 3886 superioribus
2295 3815 2646 3871 distinctione
2672 3813 2916 3885 repellat.
2947 3813 3080 3870 Item
3118 3828 3240 3868 cum
3285 3827 3476 3882 occur-

1893 3925 1988 3965 sus
2016 3909 2074 3963 lit
2099 3919 2247 3976 tono,
2271 3908 2512 3964 diutinus
2535 3909 2590 3961 lit
2623 3916 2777 3962 tenor
2801 3905 2941 3971 linis,
2976 3915 3035 3978 ut
3056 3905 3103 3960 ei
3130 3905 3324 3975 partim
3349 3905 3478 3960 sub-

1892 4010 2170 4072 sequatur,
2203 4008 2258 4056 et
2287 4001 2484 4070 partim
2534 3999 2870 4054 concinatur.
2923 3996 3058 4052 Cum
3091 4004 3218 4050 Vero
3259 3995 3476 4049 ditonus

1893 4091 2222 4154 diuturnior,
2247 4099 2307 4144 ut
2355 4105 2498 4158 saepe
2532 4104 2627 4159 per
2675 4088 3044 4148 intermissam
3101 4099 3310 4150 vocem,
3348 4085 3474 4138 dtuu

1892 4181 1977 4234 vel
2000 4197 2164 4250 parva
2198 4181 2270 4235 sit
2297 4181 2600 4245 obsecutio,
2629 4179 2792 4233 etiam
2828 4178 2954 4240 toni,
2968 4193 3073 4232 non
3101 4177 3242 4232 desit
3284 4190 3479 4230 occur-

1892 4270 1994 4325 sio.
2030 4269 2183 4339 Quod
2215 4271 2341 4340 quia
2373 4271 2452 4334 lit,
2495 4281 2622 4324 tunc
2663 4269 2944 4333 harmonia
2990 4268 3176 4322 linitur
3203 4269 3426 4329 deutcro
3459 4285 3473 4320 :

1892 4361 1995 4416 etsi
2025 4370 2217 4416 cantus
2245 4376 2351 4416 non
2381 4371 2632 4430 speratur
2647 4359 2784 4416 ultra
2813 4360 2880 4414 ad
2911 4360 3095 4413 tritum
3127 4359 3479 4426 descendere,

202 4467 503 4536 vulgariter
523 4469 721 4524 dicitur
741 4485 1002 4540 organum
1023 4469 1133 4541 (l9)
1160 4485 1321 4540 supra
1345 4470 1674 4536 voce,idest,
1689 4470 1788 4526 sub

1891 4453 2022 4508 utile
2057 4461 2183 4507 tunc
2211 4453 2316 4506 erit
2327 4461 2481 4521 ιιι-οιο
2496 4453 2600 4506 vim
2620 4452 2804 4522 organi
2826 4466 3114 4522 occupare,
3141 4450 3444 4520 subsequen
3463 4477 3477 4490 -

205 4559 317 4623 bis,
341 4560 710 4627 przecedentes
748 4569 937 4616 acutas
983 4576 1146 4617 voces
1194 4561 1388 4615 retinet
1414 4561 1795 4632 organizantes

204 4663 312 4718 per
344 4651 616 4721 diapente,
643 4652 786 4720 quod
821 4667 1087 4722 organum
1137 4652 1337 4707 dicitur
1376 4668 1538 4723 supra
1582 4668 1790 4707 vocem.

205 4740 342 4797 Haec
391 4752 568 4798 autem
622 4744 917 4814 antipho‘na
953 4746 1020 4800 de
1067 4745 1194 4802 trito
1239 4756 1397 4811 tono,
1436 4745 1488 4800 id
1521 4754 1602 4800 est
1636 4753 1794 4799 sexto

205 4839 318 4896 est,
346 4840 401 4886 et
421 4832 709 4902 deponitur
730 4833 784 4887 iu
806 4847 868 4889 ea
898 4848 1162 4904 organum
1190 4849 1360 4904 usque
1381 4833 1447 4888 ad
1463 4833 1523 4889 C.
1553 4849 1789 4905 gravem,

209 4924 280 4978 ad
305 4939 470 4994 quam
509 4940 775 4996 organum
821 4941 1228 4996 nonnumquam
1279 4925 1580 4981 descendit.
1643 4923 1796 4981 Sicut

210 5015 359 5067 enim
387 5029 578 5084 graves
603 5013 940 5068 descendunt
965 5029 1148 5080 voces,
1171 5015 1250 5070 sic
1276 5016 1576 5070 ascendunt
1598 5024 1791 5071 acutae.

211 5102 376 5158 Potes
395 5113 450 5158 et
470 5112 690 5158 cantum
715 5119 839 5159 cum
859 5119 1065 5174 organo
1094 5112 1148 5158 ει
1176 5119 1439 5176 organum
1459 5120 1581 5160 cum
1609 5115 1792 5172 cantu,

211 5201 477 5263 quantum
515 5193 756 5260 libuerit,
785 5194 1062 5264 duplicare
1104 5209 1204 5264 per
1228 5195 1519 5266 diapason;
1552 5196 1797 5256 ubicum-

213 5299 320 5353 que
339 5285 482 5339 enim
505 5285 623 5355 ejus
646 5286 935 5340 concordia
974 5284 1159 5353 fuerit,
1185 5286 1326 5342 dicta
1353 5288 1797 5360 symphoniarum

215 5376 421 5448 aptatia
445 5392 551 5431 non
581 5377 838 5432 cessabit.

284 5469 418 5523 (ium
443 5470 625 5539 itaque
644 5469 756 5537 iam
779 5481 914 5527 satis
939 5487 1128 5527 vocum
1149 5473 1425 5544 patefacta
1466 5480 1536 5527 srt
1562 5472 1800 5543 duplica-

221 5560 316 5621 tio.
362 5576 578 5628 gravent
639 5577 668 5615 a
700 5572 928 5620 canente
975 5577 1310 5630 succentum,
1345 5580 1516 5630 more,
1547 5580 1654 5638 quo
1705 5580 1799 5622 nos

292 5716 400 5787 (l9)
435 5715 646 5783 Melius,
675 5718 784 5771 sub.

1897 4543 2036 4597 tibus
2058 4541 2332 4612 subsequi,
2363 4541 2564 4613 [inique
2581 4556 2676 4610 per
2691 4552 2874 4596 tonum
2889 4543 3140 4606 decenter
3166 4555 3473 4602 occurrere.

1895 4635 2022 4689 item
2045 4651 2166 4690 cum
2183 4633 2303 4705 plus
2317 4635 2653 4698 diatessaron
2677 4632 2882 4702 seiungi
2905 4648 3008 4694 non
3024 4632 3181 4692 liceat
3192 4671 3205 4695 ,
3221 4647 3356 4701 opus
3369 4619 3471 4692 cst,

1895 4743 2016 4783 cum
2047 4727 2166 4797 plus
2187 4742 2245 4782 se
2275 4737 2468 4787 cantor
2515 4725 2828 4808 intenderit,
2853 4725 3172 4786 subsccutor
3197 4722 3471 4786 ascendat,

1894 4829 1953 4874 ut
1981 4817 2230 4878 videlicet
2253 4818 2318 4881 (ᾇ.
2353 4826 2610 4886 sequatur
2631 4815 2708 4870 F:
2742 4825 2798 4870 et
2830 4816 2890 4870 Ι).
2923 4822 3180 4883 sequatur
3205 4812 3248 4868 G
3277 4831 3289 4866 :
3318 4821 3371 4866 et
3411 4811 3482 4865 [2’

1895 4917 2154 4979 sequatur
2175 4923 2227 4962 a.
2271 4916 2327 4962 et
2357 4906 2583 4976 reliqua.
2619 4906 2860 4976 Denique
2889 4891 3141 4976 praeter-lg
3160 4905 3474 4974 quadratam

1896 4997 2125 5068 singulis
2157 4997 2380 5057 vocibus
2409 4997 2745 5051 diatessaron
2781 4998 2991 5062 subest,
3021 4995 3160 5050 unde
3204 4993 3256 5048 in
3279 4993 3476 5062 quibus

1897 5074 2331 5150 distinctidnibus
2375 5088 2462 5144 illa
2491 5088 2669 5154 fuerit,
2699 5087 2766 5146 ο.
2804 5088 2912 5143 vim
2942 5086 3131 5159 organi
3161 5085 3474 5156 possidebit.

1899 5180 2053 5249 Quod
2086 5191 2196 5236 tum
2227 5180 2308 5245 lit,
2347 5179 2392 5236 si
2437 5188 2529 5236 attt
2582 5187 2774 5237 cantus
2827 5178 2895 5233 ad
2943 5176 3004 5232 F.
3036 5176 3344 5241 descendat,
3384 5184 3478 5230 aut

1898 5271 2268 5342 subsequitur,
2297 5278 2390 5336 aut
2421 5269 2473 5332 in
2505 5268 2570 5326 G.
2597 5269 3000 5324 distinctionem
3021 5267 3205 5332 faciat,
3243 5266 3310 5320 ad
3336 5266 3400 5321 ϐ.
3423 5275 3478 5320 et

1898 5377 1950 5418 a.
1981 5361 2236 5432 congruis
2267 5360 2400 5416 locis
2440 5359 2501 5418 F.
2535 5359 2906 5430 subsequitur,
2929 5358 2973 5413 si
3008 5357 3062 5413 in
3097 5357 3162 5412 (ἶ.
3195 5371 3322 5412 vero
3350 5373 3479 5436 can-

1903 5462 1987 5507 tus
2017 5468 2122 5508 nou
2153 5451 2425 5517 terminet,
2448 5449 2509 5506 F.
2533 5467 2656 5506 cum
2679 5459 2840 5506 cantu
2870 5451 2978 5505 vim
2998 5448 3186 5520 organi
3216 5447 3472 5502 admittit.

1873 5541 2035 5602 '(Jum
2067 5557 2215 5600 vero.
2247 5541 2302 5598 b.
2335 5541 2510 5598 mollis
2549 5551 2794 5599 versatur
2826 5543 2877 5598 in
2909 5551 3089 5609 cantu,
3122 5539 3182 5595 l".
3210 5538 3478 5611 organahs

1977 5721 2088 5792 ('20)
2116 5721 2255 5792 lmgc
2289 5731 2490 5776 cautus.
