  <div class='ocr_page' id='page_1' title='image "/cluster/home/n/w/nwhite01/storage/ocr_20150623/141/hvd.32044015471790/208.png"; bbox 0 0 4018 6382; ppageno 0'>
   <div class='ocr_carea' id='block_1_1' title="bbox 181 332 317 409">
    <p class='ocr_par' dir='ltr' id='par_1_1' title="bbox 181 332 317 409">
     <span class='ocr_line' id='line_1_1' title="bbox 181 332 317 409; baseline -0.029 0"><span class='ocrx_word' id='word_1_1' title='bbox 181 332 317 409; x_wconf 49' lang='grc' dir='ltr'><strong>ξρετε</strong></span> 
     </span>
    </p>
   </div>
   <div class='ocr_carea' id='block_1_2' title="bbox 1342 322 2440 411">
    <p class='ocr_par' dir='ltr' id='par_1_2' title="bbox 1342 322 2440 411">
     <span class='ocr_line' id='line_1_2' title="bbox 1342 322 2440 411; baseline -0.002 -29"><span class='ocrx_word' id='word_1_2' title='bbox 1342 326 1643 411; x_wconf 56' lang='grc' dir='ltr'><strong>[ιεϋιξιᾼῑ</strong></span> <span class='ocrx_word' id='word_1_3' title='bbox 1675 324 1950 383; x_wconf 69' lang='lat' dir='ltr'><strong>MUSICA‘I</strong></span> <span class='ocrx_word' id='word_1_4' title='bbox 1993 322 2440 383; x_wconf 70' lang='lat' dir='ltr'><strong>RHYTHMICA‘Z.</strong></span> 
     </span>
    </p>
   </div>
   <div class='ocr_carea' id='block_1_3' title="bbox 3360 304 3469 379">
    <p class='ocr_par' dir='ltr' id='par_1_3' title="bbox 3360 304 3469 379">
     <span class='ocr_line' id='line_1_3' title="bbox 3360 304 3469 379; baseline 0.037 -4"><span class='ocrx_word' id='word_1_5' title='bbox 3360 304 3469 379; x_wconf 67' lang='lat' dir='ltr'><strong>l9&quot;:</strong></span> 
     </span>
    </p>
   </div>
   <div class='ocr_carea' id='block_1_4' title="bbox 182 396 3463 519">
    <p class='ocr_par' dir='ltr' id='par_1_4' title="bbox 182 396 3463 519">
     <span class='ocr_line' id='line_1_4' title="bbox 182 396 3463 519; baseline -0.004 -23"><span class='ocrx_word' id='word_1_6' title='bbox 182 440 390 497; x_wconf 78' lang='lat' dir='ltr'><strong>uarius</strong></span> <span class='ocrx_word' id='word_1_7' title='bbox 423 440 684 501; x_wconf 71' lang='lat' dir='ltr'><strong>medietas</strong></span> <span class='ocrx_word' id='word_1_8' title='bbox 714 447 801 519; x_wconf 71' lang='lat' dir='ltr'><strong>est</strong></span> <span class='ocrx_word' id='word_1_9' title='bbox 824 437 1174 506; x_wconf 83' lang='lat' dir='ltr'><strong>duodenarii,</strong></span> <span class='ocrx_word' id='word_1_10' title='bbox 1205 439 1342 501; x_wconf 81' lang='lat' dir='ltr'><strong>sicut</strong></span> <span class='ocrx_word' id='word_1_11' title='bbox 1372 455 1422 495; x_wconf 90' lang='lat' dir='ltr'><strong>a.</strong></span> <span class='ocrx_word' id='word_1_12' title='bbox 1452 449 1607 495; x_wconf 89' lang='lat' dir='ltr'><strong>acuta</strong></span> <span class='ocrx_word' id='word_1_13' title='bbox 1639 440 1777 496; x_wconf 85' lang='lat' dir='ltr'><strong>alte-</strong></span> <span class='ocrx_word' id='word_1_14' title='bbox 1804 449 1863 515; x_wconf 66' lang='lat' dir='ltr'><strong>A_</strong></span> <span class='ocrx_word' id='word_1_15' title='bbox 1881 438 2091 494; x_wconf 87' lang='lat' dir='ltr'><strong>stravit.</strong></span> <span class='ocrx_word' id='word_1_16' title='bbox 2125 438 2262 506; x_wconf 84' lang='lat' dir='ltr'><strong>Quid</strong></span> <span class='ocrx_word' id='word_1_17' title='bbox 2297 435 2486 508; x_wconf 83' lang='lat' dir='ltr'><strong>plura?</strong></span> <span class='ocrx_word' id='word_1_18' title='bbox 2510 433 2614 488; x_wconf 85' lang='lat' dir='ltr'><strong>Per</strong></span> <span class='ocrx_word' id='word_1_19' title='bbox 2655 430 2993 502; x_wconf 68' lang='lat' dir='ltr'><strong>supradictas</strong></span> <span class='ocrx_word' id='word_1_20' title='bbox 3031 442 3235 504; x_wconf 75' lang='lat' dir='ltr'><strong>speetcs</strong></span> <span class='ocrx_word' id='word_1_21' title='bbox 3265 396 3463 482; x_wconf 36' lang='lat' dir='ltr'><strong>inemo-1</strong></span> 
     </span>
    </p>
   </div>
   <div class='ocr_carea' id='block_1_5' title="bbox 186 528 1774 607">
    <p class='ocr_par' dir='ltr' id='par_1_5' title="bbox 186 528 1774 607">
     <span class='ocr_line' id='line_1_5' title="bbox 186 528 1774 607; baseline 0.001 -24"><span class='ocrx_word' id='word_1_22' title='bbox 186 533 316 586; x_wconf 87' lang='lat' dir='ltr'><strong>rius</strong></span> <span class='ocrx_word' id='word_1_23' title='bbox 354 528 424 586; x_wconf 85' lang='lat' dir='ltr'><strong>A.</strong></span> <span class='ocrx_word' id='word_1_24' title='bbox 468 530 756 607; x_wconf 83' lang='lat' dir='ltr'><strong>medietate</strong></span> <span class='ocrx_word' id='word_1_25' title='bbox 799 530 1085 601; x_wconf 79' lang='lat' dir='ltr'><strong>colligitur.</strong></span> <span class='ocrx_word' id='word_1_26' title='bbox 1129 530 1296 599; x_wconf 83' lang='lat' dir='ltr'><strong>Adest</strong></span> <span class='ocrx_word' id='word_1_27' title='bbox 1339 545 1468 601; x_wconf 81' lang='lat' dir='ltr'><strong>ergo</strong></span> <span class='ocrx_word' id='word_1_28' title='bbox 1499 532 1774 600; x_wconf 82' lang='lat' dir='ltr'><strong>diapason.</strong></span> 
     </span>
    </p>
   </div>
   <div class='ocr_carea' id='block_1_6' title="bbox 184 609 1789 693">
    <p class='ocr_par' dir='ltr' id='par_1_6' title="bbox 184 609 1789 693">
     <span class='ocr_line' id='line_1_6' title="bbox 184 609 1789 693; baseline 0.001 -19"><span class='ocrx_word' id='word_1_29' title='bbox 184 621 278 674; x_wconf 83' lang='lat' dir='ltr'><strong>Ita</strong></span> <span class='ocrx_word' id='word_1_30' title='bbox 311 620 424 692; x_wconf 80' lang='lat' dir='ltr'><strong>ipsa</strong></span> <span class='ocrx_word' id='word_1_31' title='bbox 450 619 515 674; x_wconf 87' lang='lat' dir='ltr'><strong>A.</strong></span> <span class='ocrx_word' id='word_1_32' title='bbox 550 619 616 676; x_wconf 89' lang='lat' dir='ltr'><strong>ad</strong></span> <span class='ocrx_word' id='word_1_33' title='bbox 638 609 700 675; x_wconf 71' lang='grc' dir='ltr'><strong>Π.</strong></span> <span class='ocrx_word' id='word_1_34' title='bbox 736 621 1071 675; x_wconf 82' lang='lat' dir='ltr'><strong>diatessaron</strong></span> <span class='ocrx_word' id='word_1_35' title='bbox 1092 661 1106 685; x_wconf 94' lang='lat'><strong>,</strong></span> <span class='ocrx_word' id='word_1_36' title='bbox 1136 620 1201 673; x_wconf 85' lang='lat' dir='ltr'><strong>ad</strong></span> <span class='ocrx_word' id='word_1_37' title='bbox 1230 619 1293 674; x_wconf 84' lang='lat' dir='ltr'><strong>E.</strong></span> <span class='ocrx_word' id='word_1_38' title='bbox 1322 621 1591 688; x_wconf 85' lang='lat' dir='ltr'><strong>diapente,</strong></span> <span class='ocrx_word' id='word_1_39' title='bbox 1623 620 1789 693; x_wconf 27' lang='lat' dir='ltr'><strong>alteri;</strong></span> 
     </span>
    </p>
   </div>
   <div class='ocr_carea' id='block_1_7' title="bbox 187 695 1775 778">
    <p class='ocr_par' dir='ltr' id='par_1_7' title="bbox 187 695 1775 778">
     <span class='ocr_line' id='line_1_7' title="bbox 187 695 1775 778; baseline 0.002 -17"><span class='ocrx_word' id='word_1_40' title='bbox 187 723 332 763; x_wconf 78' lang='lat' dir='ltr'><strong>veru</strong></span> <span class='ocrx_word' id='word_1_41' title='bbox 368 695 423 764; x_wconf 68' lang='lat' dir='ltr'><strong>a.</strong></span> <span class='ocrx_word' id='word_1_42' title='bbox 470 708 727 778; x_wconf 85' lang='lat' dir='ltr'><strong>diapa’son</strong></span> <span class='ocrx_word' id='word_1_43' title='bbox 757 708 947 764; x_wconf 88' lang='lat' dir='ltr'><strong>reddit.</strong></span> <span class='ocrx_word' id='word_1_44' title='bbox 985 708 1046 762; x_wconf 81' lang='grc' dir='ltr'><strong>Β.</strong></span> <span class='ocrx_word' id='word_1_45' title='bbox 1089 722 1303 778; x_wconf 90' lang='lat' dir='ltr'><strong>quoque</strong></span> <span class='ocrx_word' id='word_1_46' title='bbox 1346 708 1412 762; x_wconf 88' lang='lat' dir='ltr'><strong>ad</strong></span> <span class='ocrx_word' id='word_1_47' title='bbox 1458 709 1522 764; x_wconf 85' lang='grc' dir='ltr'><strong>Ε.</strong></span> <span class='ocrx_word' id='word_1_48' title='bbox 1552 698 1775 776; x_wconf 87' lang='lat' dir='ltr'><strong>tonum,</strong></span> 
     </span>
    </p>
   </div>
   <div class='ocr_carea' id='block_1_8' title="bbox 184 796 1776 873">
    <p class='ocr_par' dir='ltr' id='par_1_8' title="bbox 184 796 1776 873">
     <span class='ocr_line' id='line_1_8' title="bbox 184 796 1776 873; baseline 0.002 -22"><span class='ocrx_word' id='word_1_49' title='bbox 184 796 265 851; x_wconf 83' lang='lat' dir='ltr'><strong>ad</strong></span> <span class='ocrx_word' id='word_1_50' title='bbox 300 808 586 868; x_wconf 86' lang='lat' dir='ltr'><strong>utrumque</strong></span> <span class='ocrx_word' id='word_1_51' title='bbox 621 797 684 855; x_wconf 79' lang='grc' dir='ltr'><strong>Α.</strong></span> <span class='ocrx_word' id='word_1_52' title='bbox 714 813 767 855; x_wconf 89' lang='lat' dir='ltr'><strong>a.</strong></span> <span class='ocrx_word' id='word_1_53' title='bbox 810 797 1146 853; x_wconf 81' lang='lat' dir='ltr'><strong>diatessaron</strong></span> <span class='ocrx_word' id='word_1_54' title='bbox 1176 807 1269 854; x_wconf 91' lang='lat' dir='ltr'><strong>aut</strong></span> <span class='ocrx_word' id='word_1_55' title='bbox 1310 797 1562 873; x_wconf 83' lang='lat' dir='ltr'><strong>diapente</strong></span> <span class='ocrx_word' id='word_1_56' title='bbox 1600 806 1776 855; x_wconf 87' lang='lat' dir='ltr'><strong>sonat.</strong></span> 
     </span>
    </p>
   </div>
   <div class='ocr_carea' id='block_1_9' title="bbox 184 886 1789 961">
    <p class='ocr_par' dir='ltr' id='par_1_9' title="bbox 184 886 1789 961">
     <span class='ocr_line' id='line_1_9' title="bbox 184 886 1789 961; baseline 0.001 -17"><span class='ocrx_word' id='word_1_57' title='bbox 184 886 265 944; x_wconf 75' lang='lat' dir='ltr'><strong>Et</strong></span> <span class='ocrx_word' id='word_1_58' title='bbox 298 887 359 941; x_wconf 82' lang='grc' dir='ltr'><strong>Β.</strong></span> <span class='ocrx_word' id='word_1_59' title='bbox 390 888 553 942; x_wconf 78' lang='lat' dir='ltr'><strong>e‘iam</strong></span> <span class='ocrx_word' id='word_1_60' title='bbox 594 887 659 943; x_wconf 87' lang='lat' dir='ltr'><strong>ad</strong></span> <span class='ocrx_word' id='word_1_61' title='bbox 685 889 747 943; x_wconf 90' lang='lat' dir='ltr'><strong>D.</strong></span> <span class='ocrx_word' id='word_1_62' title='bbox 776 896 983 955; x_wconf 83' lang='lat' dir='ltr'><strong>tonum.</strong></span> <span class='ocrx_word' id='word_1_63' title='bbox 1013 889 1227 961; x_wconf 87' lang='lat' dir='ltr'><strong>utrique</strong></span> <span class='ocrx_word' id='word_1_64' title='bbox 1255 889 1321 944; x_wconf 85' lang='lat' dir='ltr'><strong>A.</strong></span> <span class='ocrx_word' id='word_1_65' title='bbox 1352 905 1401 944; x_wconf 89' lang='lat' dir='ltr'><strong>a.</strong></span> <span class='ocrx_word' id='word_1_66' title='bbox 1427 891 1673 961; x_wconf 87' lang='lat' dir='ltr'><strong>diapente</strong></span> <span class='ocrx_word' id='word_1_67' title='bbox 1697 890 1789 947; x_wconf 89' lang='lat' dir='ltr'><strong>vel-</strong></span> 
     </span>
    </p>
   </div>
   <div class='ocr_carea' id='block_1_10' title="bbox 176 977 1777 1052">
    <p class='ocr_par' dir='ltr' id='par_1_10' title="bbox 176 977 1777 1052">
     <span class='ocr_line' id='line_1_10' title="bbox 176 977 1777 1052; baseline 0.002 -19"><span class='ocrx_word' id='word_1_68' title='bbox 176 977 543 1034; x_wconf 66' lang='lat' dir='ltr'><strong>‘diatessaron</strong></span> <span class='ocrx_word' id='word_1_69' title='bbox 568 977 785 1033; x_wconf 85' lang='lat' dir='ltr'><strong>mandat</strong></span> <span class='ocrx_word' id='word_1_70' title='bbox 808 994 823 1033; x_wconf 89' lang='lat'><strong>:</strong></span> <span class='ocrx_word' id='word_1_71' title='bbox 847 994 897 1032; x_wconf 91' lang='lat' dir='ltr'><strong>a.</strong></span> <span class='ocrx_word' id='word_1_72' title='bbox 925 993 1055 1035; x_wconf 89' lang='lat' dir='ltr'><strong>vero</strong></span> <span class='ocrx_word' id='word_1_73' title='bbox 1081 987 1237 1035; x_wconf 88' lang='lat' dir='ltr'><strong>acuta</strong></span> <span class='ocrx_word' id='word_1_74' title='bbox 1262 996 1380 1035; x_wconf 92' lang='lat' dir='ltr'><strong>cum</strong></span> <span class='ocrx_word' id='word_1_75' title='bbox 1406 979 1472 1036; x_wconf 84' lang='lat' dir='ltr'><strong>A.</strong></span> <span class='ocrx_word' id='word_1_76' title='bbox 1495 980 1777 1052; x_wconf 80' lang='lat' dir='ltr'><strong>diapason,</strong></span> 
     </span>
    </p>
   </div>
   <div class='ocr_carea' id='block_1_11' title="bbox 188 1062 1787 1140">
    <p class='ocr_par' dir='ltr' id='par_1_11' title="bbox 188 1062 1787 1140">
     <span class='ocr_line' id='line_1_11' title="bbox 188 1062 1787 1140; baseline 0.004 -19"><span class='ocrx_word' id='word_1_77' title='bbox 188 1083 326 1122; x_wconf 82' lang='lat' dir='ltr'><strong>cum</strong></span> <span class='ocrx_word' id='word_1_78' title='bbox 357 1066 422 1122; x_wconf 91' lang='lat' dir='ltr'><strong>D.</strong></span> <span class='ocrx_word' id='word_1_79' title='bbox 451 1068 735 1138; x_wconf 86' lang='lat' dir='ltr'><strong>diapente,</strong></span> <span class='ocrx_word' id='word_1_80' title='bbox 780 1084 903 1125; x_wconf 91' lang='lat' dir='ltr'><strong>cum</strong></span> <span class='ocrx_word' id='word_1_81' title='bbox 943 1069 1006 1125; x_wconf 90' lang='lat' dir='ltr'><strong>E.</strong></span> <span class='ocrx_word' id='word_1_82' title='bbox 1051 1069 1385 1126; x_wconf 86' lang='lat' dir='ltr'><strong>diatessaron</strong></span> <span class='ocrx_word' id='word_1_83' title='bbox 1428 1078 1604 1127; x_wconf 79' lang='lat' dir='ltr'><strong>Sonat.</strong></span> <span class='ocrx_word' id='word_1_84' title='bbox 1650 1062 1787 1140; x_wconf 56' lang='lat' dir='ltr'><strong>Quae</strong></span> 
     </span>
    </p>
   </div>
   <div class='ocr_carea' id='block_1_12' title="bbox 185 1162 1781 1237">
    <p class='ocr_par' dir='ltr' id='par_1_12' title="bbox 185 1162 1781 1237">
     <span class='ocr_line' id='line_1_12' title="bbox 185 1162 1781 1237; baseline 0.006 -23"><span class='ocrx_word' id='word_1_85' title='bbox 185 1170 398 1216; x_wconf 84' lang='lat' dir='ltr'><strong>cuncta</strong></span> <span class='ocrx_word' id='word_1_86' title='bbox 430 1162 484 1217; x_wconf 86' lang='lat' dir='ltr'><strong>in</strong></span> <span class='ocrx_word' id='word_1_87' title='bbox 515 1163 837 1234; x_wconf 83' lang='lat' dir='ltr'><strong>supradictis</strong></span> <span class='ocrx_word' id='word_1_88' title='bbox 866 1165 1105 1221; x_wconf 84' lang='lat' dir='ltr'><strong>numeris</strong></span> <span class='ocrx_word' id='word_1_89' title='bbox 1145 1166 1391 1222; x_wconf 89' lang='lat' dir='ltr'><strong>curiosus</strong></span> <span class='ocrx_word' id='word_1_90' title='bbox 1413 1177 1781 1237; x_wconf 82' lang='lat' dir='ltr'><strong>perscrutator</strong></span> 
     </span>
    </p>
   </div>
   <div class='ocr_carea' id='block_1_13' title="bbox 185 1254 1783 1333">
    <p class='ocr_par' dir='ltr' id='par_1_13' title="bbox 185 1254 1783 1333">
     <span class='ocr_line' id='line_1_13' title="bbox 185 1254 1783 1333; baseline 0.005 -24"><span class='ocrx_word' id='word_1_91' title='bbox 185 1255 462 1321; x_wconf 76' lang='lat' dir='ltr'><strong>inveniet.</strong></span> <span class='ocrx_word' id='word_1_92' title='bbox 495 1254 630 1322; x_wconf 78' lang='lat' dir='ltr'><strong>Hinc</strong></span> <span class='ocrx_word' id='word_1_93' title='bbox 654 1256 798 1311; x_wconf 91' lang='lat' dir='ltr'><strong>enim</strong></span> <span class='ocrx_word' id='word_1_94' title='bbox 822 1257 1085 1333; x_wconf 84' lang='lat' dir='ltr'><strong>incipiens</strong></span> <span class='ocrx_word' id='word_1_95' title='bbox 1114 1257 1326 1314; x_wconf 86' lang='lat' dir='ltr'><strong>Boetius</strong></span> <span class='ocrx_word' id='word_1_96' title='bbox 1347 1259 1595 1329; x_wconf 87' lang='lat' dir='ltr'><strong>panditor</strong></span> <span class='ocrx_word' id='word_1_97' title='bbox 1625 1259 1783 1330; x_wconf 81' lang='lat' dir='ltr'><strong>hujus</strong></span> 
     </span>
    </p>
   </div>
   <div class='ocr_carea' id='block_1_14' title="bbox 187 1345 1777 1422">
    <p class='ocr_par' dir='ltr' id='par_1_14' title="bbox 187 1345 1777 1422">
     <span class='ocr_line' id='line_1_14' title="bbox 187 1345 1777 1422; baseline 0.007 -26"><span class='ocrx_word' id='word_1_98' title='bbox 187 1345 357 1411; x_wconf 72' lang='lat' dir='ltr'><strong>artis,</strong></span> <span class='ocrx_word' id='word_1_99' title='bbox 399 1345 623 1401; x_wconf 89' lang='lat' dir='ltr'><strong>multam</strong></span> <span class='ocrx_word' id='word_1_100' title='bbox 651 1348 951 1418; x_wconf 89' lang='lat' dir='ltr'><strong>miramque</strong></span> <span class='ocrx_word' id='word_1_101' title='bbox 974 1356 1031 1404; x_wconf 90' lang='lat' dir='ltr'><strong>et</strong></span> <span class='ocrx_word' id='word_1_102' title='bbox 1056 1348 1422 1405; x_wconf 79' lang='lat' dir='ltr'><strong>diliicillimam</strong></span> <span class='ocrx_word' id='word_1_103' title='bbox 1459 1351 1616 1422; x_wconf 86' lang='lat' dir='ltr'><strong>hujus</strong></span> <span class='ocrx_word' id='word_1_104' title='bbox 1644 1352 1777 1409; x_wconf 86' lang='lat' dir='ltr'><strong>artis</strong></span> 
     </span>
    </p>
   </div>
   <div class='ocr_carea' id='block_1_15' title="bbox 175 1432 1778 1511">
    <p class='ocr_par' dir='ltr' id='par_1_15' title="bbox 175 1432 1778 1511">
     <span class='ocr_line' id='line_1_15' title="bbox 175 1432 1778 1511; baseline 0.004 -23"><span class='ocrx_word' id='word_1_105' title='bbox 175 1432 567 1491; x_wconf 74' lang='lat' dir='ltr'><strong>‘concordiam‘</strong></span> <span class='ocrx_word' id='word_1_106' title='bbox 596 1451 718 1492; x_wconf 92' lang='lat' dir='ltr'><strong>cum</strong></span> <span class='ocrx_word' id='word_1_107' title='bbox 770 1451 1116 1495; x_wconf 88' lang='lat' dir='ltr'><strong>numerorum</strong></span> <span class='ocrx_word' id='word_1_108' title='bbox 1162 1440 1510 1511; x_wconf 84' lang='lat' dir='ltr'><strong>proportione</strong></span> <span class='ocrx_word' id='word_1_109' title='bbox 1559 1441 1778 1496; x_wconf 85' lang='lat' dir='ltr'><strong>demon-</strong></span> 
     </span>
    </p>
   </div>
   <div class='ocr_carea' id='block_1_16' title="bbox 1882 518 3451 597">
    <p class='ocr_par' dir='ltr' id='par_1_16' title="bbox 1882 518 3451 597">
     <span class='ocr_line' id='line_1_16' title="bbox 1882 518 3451 597; baseline -0.011 -13"><span class='ocrx_word' id='word_1_110' title='bbox 1882 528 2141 584; x_wconf 82' lang='lat' dir='ltr'><strong>chordum</strong></span> <span class='ocrx_word' id='word_1_111' title='bbox 2170 527 2377 597; x_wconf 81' lang='lat' dir='ltr'><strong>primus</strong></span> <span class='ocrx_word' id='word_1_112' title='bbox 2400 525 2489 579; x_wconf 87' lang='lat' dir='ltr'><strong>ille</strong></span> <span class='ocrx_word' id='word_1_113' title='bbox 2533 523 2864 595; x_wconf 80' lang='lat' dir='ltr'><strong>Pythagoras</strong></span> <span class='ocrx_word' id='word_1_114' title='bbox 2906 519 3231 597; x_wconf 85' lang='lat' dir='ltr'><strong>composuit,</strong></span> <span class='ocrx_word' id='word_1_115' title='bbox 3266 518 3318 572; x_wconf 94' lang='lat' dir='ltr'><strong>in</strong></span> <span class='ocrx_word' id='word_1_116' title='bbox 3348 526 3451 588; x_wconf 72' lang='lat' dir='ltr'><strong>qm</strong></span> 
     </span>
    </p>
   </div>
   <div class='ocr_carea' id='block_1_17' title="bbox 1883 600 3467 691">
    <p class='ocr_par' dir='ltr' id='par_1_17' title="bbox 1883 600 3467 691">
     <span class='ocr_line' id='line_1_17' title="bbox 1883 600 3467 691; baseline -0.007 -16"><span class='ocrx_word' id='word_1_117' title='bbox 1883 621 2007 691; x_wconf 86' lang='lat' dir='ltr'><strong>quia</strong></span> <span class='ocrx_word' id='word_1_118' title='bbox 2062 612 2167 675; x_wconf 82' lang='lat' dir='ltr'><strong>non</strong></span> <span class='ocrx_word' id='word_1_119' title='bbox 2220 628 2304 674; x_wconf 88' lang='lat' dir='ltr'><strong>est</strong></span> <span class='ocrx_word' id='word_1_120' title='bbox 2351 617 2582 685; x_wconf 86' lang='lat' dir='ltr'><strong>lasciva,</strong></span> <span class='ocrx_word' id='word_1_121' title='bbox 2633 616 2727 670; x_wconf 88' lang='lat' dir='ltr'><strong>scd</strong></span> <span class='ocrx_word' id='word_1_122' title='bbox 2775 613 3058 685; x_wconf 82' lang='lat' dir='ltr'><strong>diligenter</strong></span> <span class='ocrx_word' id='word_1_123' title='bbox 3103 619 3285 682; x_wconf 88' lang='lat' dir='ltr'><strong>aperta</strong></span> <span class='ocrx_word' id='word_1_124' title='bbox 3322 600 3467 669; x_wconf 56' lang='lat' dir='ltr'><strong>artii</strong></span> 
     </span>
    </p>
   </div>
   <div class='ocr_carea' id='block_1_18' title="bbox 1884 700 3469 779">
    <p class='ocr_par' dir='ltr' id='par_1_18' title="bbox 1884 700 3469 779">
     <span class='ocr_line' id='line_1_18' title="bbox 1884 700 3469 779; baseline -0.007 -14"><span class='ocrx_word' id='word_1_125' title='bbox 1884 704 2089 771; x_wconf 73' lang='lat' dir='ltr'><strong>notitia,</strong></span> <span class='ocrx_word' id='word_1_126' title='bbox 2119 706 2451 779; x_wconf 85' lang='lat' dir='ltr'><strong>sapientibus</strong></span> <span class='ocrx_word' id='word_1_127' title='bbox 2473 706 2524 760; x_wconf 88' lang='lat' dir='ltr'><strong>in</strong></span> <span class='ocrx_word' id='word_1_128' title='bbox 2548 720 2829 760; x_wconf 86' lang='lat' dir='ltr'><strong>commune</strong></span> <span class='ocrx_word' id='word_1_129' title='bbox 2852 701 3072 775; x_wconf 84' lang='lat' dir='ltr'><strong>placuit,</strong></span> <span class='ocrx_word' id='word_1_130' title='bbox 3099 709 3259 768; x_wconf 88' lang='lat' dir='ltr'><strong>atque</strong></span> <span class='ocrx_word' id='word_1_131' title='bbox 3285 700 3469 770; x_wconf 61' lang='lat' dir='ltr'><strong>nsquc‘</strong></span> 
     </span>
    </p>
   </div>
   <div class='ocr_carea' id='block_1_19' title="bbox 1876 791 3454 873">
    <p class='ocr_par' dir='ltr' id='par_1_19' title="bbox 1876 791 3454 873">
     <span class='ocr_line' id='line_1_19' title="bbox 1876 791 3454 873; baseline -0.009 -18"><span class='ocrx_word' id='word_1_132' title='bbox 1876 798 1938 855; x_wconf 81' lang='lat' dir='ltr'><strong>‘in</strong></span> <span class='ocrx_word' id='word_1_133' title='bbox 1975 801 2119 856; x_wconf 84' lang='lat' dir='ltr'><strong>hunc</strong></span> <span class='ocrx_word' id='word_1_134' title='bbox 2164 799 2302 855; x_wconf 88' lang='lat' dir='ltr'><strong>diem</strong></span> <span class='ocrx_word' id='word_1_135' title='bbox 2341 815 2428 854; x_wconf 89' lang='lat' dir='ltr'><strong>ars</strong></span> <span class='ocrx_word' id='word_1_136' title='bbox 2462 797 2716 873; x_wconf 89' lang='lat' dir='ltr'><strong>paulatim</strong></span> <span class='ocrx_word' id='word_1_137' title='bbox 2750 795 3040 851; x_wconf 87' lang='lat' dir='ltr'><strong>crescendo</strong></span> <span class='ocrx_word' id='word_1_138' title='bbox 3066 791 3308 856; x_wconf 78' lang='lat' dir='ltr'><strong>invaluit,</strong></span> <span class='ocrx_word' id='word_1_139' title='bbox 3342 791 3454 859; x_wconf 80' lang='lat' dir='ltr'><strong>ipso</strong></span> 
     </span>
    </p>
   </div>
   <div class='ocr_carea' id='block_1_20' title="bbox 1885 878 3453 960">
    <p class='ocr_par' dir='ltr' id='par_1_20' title="bbox 1885 878 3453 960">
     <span class='ocr_line' id='line_1_20' title="bbox 1885 878 3453 960; baseline -0.011 -13"><span class='ocrx_word' id='word_1_140' title='bbox 1885 891 2107 947; x_wconf 74' lang='lat' dir='ltr'><strong>docture</strong></span> <span class='ocrx_word' id='word_1_141' title='bbox 2143 905 2354 960; x_wconf 87' lang='lat' dir='ltr'><strong>semper</strong></span> <span class='ocrx_word' id='word_1_142' title='bbox 2376 890 2640 943; x_wconf 84' lang='lat' dir='ltr'><strong>humanas</strong></span> <span class='ocrx_word' id='word_1_143' title='bbox 2678 887 2928 943; x_wconf 83' lang='lat' dir='ltr'><strong>tenebras</strong></span> <span class='ocrx_word' id='word_1_144' title='bbox 2956 882 3278 943; x_wconf 84' lang='lat' dir='ltr'><strong>illustrante,</strong></span> <span class='ocrx_word' id='word_1_145' title='bbox 3307 878 3453 947; x_wconf 80' lang='lat' dir='ltr'><strong>cujus</strong></span> 
     </span>
    </p>
   </div>
   <div class='ocr_carea' id='block_1_21' title="bbox 1883 968 3435 1052">
    <p class='ocr_par' dir='ltr' id='par_1_21' title="bbox 1883 968 3435 1052">
     <span class='ocr_line' id='line_1_21' title="bbox 1883 968 3435 1052; baseline -0.013 -13"><span class='ocrx_word' id='word_1_146' title='bbox 1883 996 2093 1039; x_wconf 86' lang='lat' dir='ltr'><strong>summa</strong></span> <span class='ocrx_word' id='word_1_147' title='bbox 2142 979 2404 1052; x_wconf 85' lang='lat' dir='ltr'><strong>sapientia</strong></span> <span class='ocrx_word' id='word_1_148' title='bbox 2449 994 2545 1049; x_wconf 86' lang='lat' dir='ltr'><strong>per</strong></span> <span class='ocrx_word' id='word_1_149' title='bbox 2582 987 2774 1032; x_wconf 88' lang='lat' dir='ltr'><strong>cuncta</strong></span> <span class='ocrx_word' id='word_1_150' title='bbox 2814 975 2957 1044; x_wconf 79' lang='lat' dir='ltr'><strong>viget</strong></span> <span class='ocrx_word' id='word_1_151' title='bbox 3012 968 3229 1029; x_wconf 60' lang='lat' dir='ltr'><strong>saecula.</strong></span> <span class='ocrx_word' id='word_1_152' title='bbox 3265 968 3435 1021; x_wconf 73' lang='lat' dir='ltr'><strong>Anicii</strong></span> 
     </span>
    </p>
   </div>
   <div class='ocr_carea' id='block_1_22' title="bbox 2154 1065 2970 1140">
    <p class='ocr_par' dir='ltr' id='par_1_22' title="bbox 2154 1065 2970 1140">
     <span class='ocr_line' id='line_1_22' title="bbox 2154 1065 2970 1140; baseline -0.016 -11"><span class='ocrx_word' id='word_1_153' title='bbox 2154 1078 2161 1083; x_wconf 87' lang='grc'><strong>’</strong></span> <span class='ocrx_word' id='word_1_154' title='bbox 2364 1068 2593 1140; x_wconf 71' lang='lat' dir='ltr'><strong>Explicit</strong></span> <span class='ocrx_word' id='word_1_155' title='bbox 2632 1065 2970 1135; x_wconf 78' lang='lat' dir='ltr'><strong>Micrologus,</strong></span> 
     </span>
    </p>
   </div>
   <div class='ocr_carea' id='block_1_23' title="bbox 2057 1142 3283 1226">
    <p class='ocr_par' dir='ltr' id='par_1_23' title="bbox 2057 1142 3283 1226">
     <span class='ocr_line' id='line_1_23' title="bbox 2057 1142 3283 1226; baseline -0.01 -9"><span class='ocrx_word' id='word_1_156' title='bbox 2057 1162 2113 1217; x_wconf 80' lang='lat' dir='ltr'><strong>id</strong></span> <span class='ocrx_word' id='word_1_157' title='bbox 2142 1158 2237 1226; x_wconf 69' lang='lat' dir='ltr'><strong>est,</strong></span> <span class='ocrx_word' id='word_1_158' title='bbox 2264 1160 2426 1215; x_wconf 73' lang='lat' dir='ltr'><strong>brevis</strong></span> <span class='ocrx_word' id='word_1_159' title='bbox 2454 1177 2622 1217; x_wconf 77' lang='lat' dir='ltr'><strong>sermo</strong></span> <span class='ocrx_word' id='word_1_160' title='bbox 2650 1160 2704 1213; x_wconf 84' lang='lat' dir='ltr'><strong>in</strong></span> <span class='ocrx_word' id='word_1_161' title='bbox 2724 1142 2933 1211; x_wconf 28' lang='lat' dir='ltr'><strong>oniusica</strong></span> <span class='ocrx_word' id='word_1_162' title='bbox 2957 1154 3128 1208; x_wconf 74' lang='lat' dir='ltr'><strong>editus</strong></span> <span class='ocrx_word' id='word_1_163' title='bbox 3153 1168 3185 1205; x_wconf 81' lang='grc' dir='ltr'><em>α</em></span> <span class='ocrx_word' id='word_1_164' title='bbox 3216 1150 3283 1206; x_wconf 89' lang='lat' dir='ltr'><strong>D.</strong></span> 
     </span>
    </p>
   </div>
   <div class='ocr_carea' id='block_1_24' title="bbox 2218 1244 3121 1317">
    <p class='ocr_par' dir='ltr' id='par_1_24' title="bbox 2218 1244 3121 1317">
     <span class='ocr_line' id='line_1_24' title="bbox 2218 1244 3121 1317; baseline -0.013 -11"><span class='ocrx_word' id='word_1_165' title='bbox 2218 1247 2456 1306; x_wconf 76' lang='lat' dir='ltr'><strong>Cuidone</strong></span> <span class='ocrx_word' id='word_1_166' title='bbox 2485 1250 2682 1302; x_wconf 77' lang='lat' dir='ltr'><strong>niusico</strong></span> <span class='ocrx_word' id='word_1_167' title='bbox 2715 1244 3043 1317; x_wconf 73' lang='lat' dir='ltr'><strong>peritissimo,</strong></span> <span class='ocrx_word' id='word_1_168' title='bbox 3075 1251 3121 1295; x_wconf 79' lang='lat' dir='ltr'><strong>et</strong></span> 
     </span>
    </p>
   </div>
   <div class='ocr_carea' id='block_1_25' title="bbox 2380 1336 2966 1397">
    <p class='ocr_par' dir='ltr' id='par_1_25' title="bbox 2380 1336 2966 1397">
     <span class='ocr_line' id='line_1_25' title="bbox 2380 1336 2966 1397; baseline -0.009 -3"><span class='ocrx_word' id='word_1_169' title='bbox 2380 1338 2662 1397; x_wconf 75' lang='lat' dir='ltr'><strong>venerabili</strong></span> <span class='ocrx_word' id='word_1_170' title='bbox 2697 1336 2966 1395; x_wconf 80' lang='lat' dir='ltr'><strong>monacho.</strong></span> 
     </span>
    </p>
   </div>
   <div class='ocr_carea' id='block_1_26' title="bbox 191 1598 3441 1632">
    <p class='ocr_par' dir='ltr' id='par_1_26' title="bbox 191 1598 3441 1632">
     <span class='ocr_line' id='line_1_26' title="bbox 191 1598 3441 1632; baseline -0.003 -2"><span class='ocrx_word' id='word_1_171' title='bbox 191 1598 3441 1632; x_wconf 36' lang='grc' dir='ltr'><strong>’.Ἥ-*Ψῃῷ</strong></span> 
     </span>
    </p>
   </div>
   <div class='ocr_carea' id='block_1_27' title="bbox 623 1730 2163 1842">
    <p class='ocr_par' dir='ltr' id='par_1_27' title="bbox 623 1730 2163 1842">
     <span class='ocr_line' id='line_1_27' title="bbox 623 1730 2163 1842; baseline 0.011 -18"><span class='ocrx_word' id='word_1_172' title='bbox 623 1816 629 1824; x_wconf 86' lang='lat'><strong>.</strong></span> <span class='ocrx_word' id='word_1_173' title='bbox 1360 1820 1369 1823; x_wconf 18' lang='grc' dir='ltr'><em>Α</em></span> <span class='ocrx_word' id='word_1_174' title='bbox 1528 1730 2163 1842; x_wconf 85' lang='lat' dir='ltr'><strong>INCIPIUNT</strong></span> 
     </span>
    </p>
   </div>
   <div class='ocr_carea' id='block_1_28' title="bbox 615 1896 3099 2117">
    <p class='ocr_par' dir='ltr' id='par_1_28' title="bbox 615 1896 3099 2117">
     <span class='ocr_line' id='line_1_28' title="bbox 615 1896 3099 2117; baseline -0.002 -30"><span class='ocrx_word' id='word_1_175' title='bbox 615 1958 1092 2089; x_wconf 79' lang='lat' dir='ltr'><strong>GUIDONIS</strong></span> <span class='ocrx_word' id='word_1_176' title='bbox 1171 1961 1557 2093; x_wconf 74' lang='lat' dir='ltr'><strong>VERSUS-</strong></span> <span class='ocrx_word' id='word_1_177' title='bbox 1634 1962 1769 2089; x_wconf 59' lang='grc' dir='ltr'><strong>ηις</strong></span> <span class='ocrx_word' id='word_1_178' title='bbox 1840 1936 2239 2117; x_wconf 67' lang='lat' dir='ltr'><strong>multa</strong></span> <span class='ocrx_word' id='word_1_179' title='bbox 2326 1896 3099 2088; x_wconf 75' lang='lat' dir='ltr'><strong>EXPLANATIONE</strong></span> 
     </span>
    </p>
   </div>
   <div class='ocr_carea' id='block_1_29' title="bbox 1345 2184 2804 2257">
    <p class='ocr_par' dir='ltr' id='par_1_29' title="bbox 1345 2184 2804 2257">
     <span class='ocr_line' id='line_1_29' title="bbox 1345 2184 2804 2257; baseline -0.005 -12"><span class='ocrx_word' id='word_1_180' title='bbox 1345 2186 1601 2257; x_wconf 84' lang='lat' dir='ltr'><strong>SUIQUE</strong></span> <span class='ocrx_word' id='word_1_181' title='bbox 1641 2186 1922 2246; x_wconf 79' lang='lat' dir='ltr'><strong>NOMINIS</strong></span> <span class='ocrx_word' id='word_1_182' title='bbox 1960 2184 2239 2244; x_wconf 75' lang='lat' dir='ltr'><strong>0RDINE.</strong></span> <span class='ocrx_word' id='word_1_183' title='bbox 2344 2220 2349 2225; x_wconf 90' lang='lat'><strong>-</strong></span> <span class='ocrx_word' id='word_1_184' title='bbox 2792 2226 2804 2237; x_wconf 89' lang='lat'><strong>.</strong></span> 
     </span>
    </p>
   </div>
   <div class='ocr_carea' id='block_1_30' title="bbox 988 2290 2476 2365">
    <p class='ocr_par' dir='ltr' id='par_1_30' title="bbox 988 2290 2476 2365">
     <span class='ocr_line' id='line_1_30' title="bbox 988 2290 2476 2365; baseline -0.005 -6"><span class='ocrx_word' id='word_1_185' title='bbox 988 2301 1234 2359; x_wconf 79' lang='lat' dir='ltr'><strong>Gliscunt</strong></span> <span class='ocrx_word' id='word_1_186' title='bbox 1266 2301 1430 2358; x_wconf 87' lang='lat' dir='ltr'><strong>corda</strong></span> <span class='ocrx_word' id='word_1_187' title='bbox 1464 2300 1600 2357; x_wconf 87' lang='lat' dir='ltr'><strong>meis</strong></span> <span class='ocrx_word' id='word_1_188' title='bbox 1638 2300 1919 2359; x_wconf 84' lang='lat' dir='ltr'><strong>hominum</strong></span> <span class='ocrx_word' id='word_1_189' title='bbox 1960 2290 2165 2361; x_wconf 83' lang='lat' dir='ltr'><strong>mollita</strong></span> <span class='ocrx_word' id='word_1_190' title='bbox 2204 2298 2476 2365; x_wconf 83' lang='lat' dir='ltr'><strong>Camenis,</strong></span> 
     </span>
    </p>
   </div>
   <div class='ocr_carea' id='block_1_31' title="bbox 993 2388 2268 2454">
    <p class='ocr_par' dir='ltr' id='par_1_31' title="bbox 993 2388 2268 2454">
     <span class='ocr_line' id='line_1_31' title="bbox 993 2388 2268 2454; baseline -0.005 -5"><span class='ocrx_word' id='word_1_191' title='bbox 993 2388 1110 2449; x_wconf 85' lang='lat' dir='ltr'><strong>Una</strong></span> <span class='ocrx_word' id='word_1_192' title='bbox 1137 2391 1270 2449; x_wconf 89' lang='lat' dir='ltr'><strong>mibi</strong></span> <span class='ocrx_word' id='word_1_193' title='bbox 1302 2390 1473 2447; x_wconf 83' lang='lat' dir='ltr'><strong>virtus</strong></span> <span class='ocrx_word' id='word_1_194' title='bbox 1503 2398 1814 2447; x_wconf 86' lang='lat' dir='ltr'><strong>numeratos</strong></span> <span class='ocrx_word' id='word_1_195' title='bbox 1851 2388 2080 2446; x_wconf 90' lang='lat' dir='ltr'><strong>contulit</strong></span> <span class='ocrx_word' id='word_1_196' title='bbox 2109 2389 2268 2454; x_wconf 89' lang='lat' dir='ltr'><strong>ictus,</strong></span> 
     </span>
    </p>
   </div>
   <div class='ocr_carea' id='block_1_32' title="bbox 983 2481 2286 2563">
    <p class='ocr_par' dir='ltr' id='par_1_32' title="bbox 983 2481 2286 2563">
     <span class='ocr_line' id='line_1_32' title="bbox 983 2481 2286 2563; baseline -0.005 -18"><span class='ocrx_word' id='word_1_197' title='bbox 983 2485 1225 2563; x_wconf 28' lang='lat' dir='ltr'><strong>.n‘coelis</strong></span> <span class='ocrx_word' id='word_1_198' title='bbox 1247 2500 1459 2547; x_wconf 81' lang='lat' dir='ltr'><strong>summo</strong></span> <span class='ocrx_word' id='word_1_199' title='bbox 1490 2485 1804 2555; x_wconf 76' lang='lat' dir='ltr'><strong>gratissima</strong></span> <span class='ocrx_word' id='word_1_200' title='bbox 1826 2482 2067 2539; x_wconf 89' lang='lat' dir='ltr'><strong>carmina</strong></span> <span class='ocrx_word' id='word_1_201' title='bbox 2098 2481 2286 2548; x_wconf 78' lang='lat' dir='ltr'><strong>fundo,</strong></span> 
     </span>
    </p>
   </div>
   <div class='ocr_carea' id='block_1_33' title="bbox 985 2577 2352 2650">
    <p class='ocr_par' dir='ltr' id='par_1_33' title="bbox 985 2577 2352 2650">
     <span class='ocr_line' id='line_1_33' title="bbox 985 2577 2352 2650; baseline -0.004 -15"><span class='ocrx_word' id='word_1_202' title='bbox 985 2581 1126 2636; x_wconf 86' lang='lat' dir='ltr'><strong>Dans</strong></span> <span class='ocrx_word' id='word_1_203' title='bbox 1150 2580 1288 2635; x_wconf 76' lang='lat' dir='ltr'><strong>aula:</strong></span> <span class='ocrx_word' id='word_1_204' title='bbox 1314 2580 1513 2637; x_wconf 85' lang='lat' dir='ltr'><strong>Christi</strong></span> <span class='ocrx_word' id='word_1_205' title='bbox 1547 2596 1742 2636; x_wconf 91' lang='lat' dir='ltr'><strong>munus</strong></span> <span class='ocrx_word' id='word_1_206' title='bbox 1777 2595 1901 2636; x_wconf 94' lang='lat' dir='ltr'><strong>cum</strong></span> <span class='ocrx_word' id='word_1_207' title='bbox 1932 2593 2060 2634; x_wconf 82' lang='lat' dir='ltr'><strong>voce</strong></span> <span class='ocrx_word' id='word_1_208' title='bbox 2084 2577 2352 2650; x_wconf 77' lang='lat' dir='ltr'><strong>magistri,</strong></span> 
     </span>
    </p>
   </div>
   <div class='ocr_carea' id='block_1_34' title="bbox 991 2668 2330 2746">
    <p class='ocr_par' dir='ltr' id='par_1_34' title="bbox 991 2668 2330 2746">
     <span class='ocr_line' id='line_1_34' title="bbox 991 2668 2330 2746; baseline -0.006 -15"><span class='ocrx_word' id='word_1_209' title='bbox 991 2672 1195 2731; x_wconf 86' lang='lat' dir='ltr'><strong>Ordine</strong></span> <span class='ocrx_word' id='word_1_210' title='bbox 1222 2689 1309 2731; x_wconf 87' lang='lat' dir='ltr'><strong>me</strong></span> <span class='ocrx_word' id='word_1_211' title='bbox 1327 2674 1541 2746; x_wconf 85' lang='lat' dir='ltr'><strong>scripsi,</strong></span> <span class='ocrx_word' id='word_1_212' title='bbox 1572 2673 1749 2744; x_wconf 90' lang='lat' dir='ltr'><strong>primo</strong></span> <span class='ocrx_word' id='word_1_213' title='bbox 1783 2672 1877 2745; x_wconf 90' lang='lat' dir='ltr'><strong>qui</strong></span> <span class='ocrx_word' id='word_1_214' title='bbox 1907 2670 2152 2727; x_wconf 88' lang='lat' dir='ltr'><strong>carmina</strong></span> <span class='ocrx_word' id='word_1_215' title='bbox 2178 2668 2330 2726; x_wconf 83' lang='lat' dir='ltr'><strong>linxi.</strong></span> 
     </span>
    </p>
   </div>
   <div class='ocr_carea' id='block_1_35' title="bbox 829 2816 1844 2889">
    <p class='ocr_par' dir='ltr' id='par_1_35' title="bbox 829 2821 1843 2889">
     <span class='ocr_line' id='line_1_35' title="bbox 829 2821 1843 2889; baseline -0.003 -3"><span class='ocrx_word' id='word_1_216' title='bbox 829 2823 1172 2889; x_wconf 78' lang='lat' dir='ltr'><strong>INCIPIUNT</strong></span> <span class='ocrx_word' id='word_1_217' title='bbox 1209 2821 1375 2885; x_wconf 82' lang='lat' dir='ltr'><strong>ITEM</strong></span> <span class='ocrx_word' id='word_1_218' title='bbox 1411 2822 1691 2888; x_wconf 70' lang='lat' dir='ltr'><strong>MllSlCIE</strong></span> <span class='ocrx_word' id='word_1_219' title='bbox 1727 2824 1843 2885; x_wconf 88' lang='lat' dir='ltr'><strong>GUl</strong></span> 
     </span>
    </p>
   </div>
   <div class='ocr_carea' id='block_1_36' title="bbox 1885 2816 2873 2889">
    <p class='ocr_par' dir='ltr' id='par_1_36' title="bbox 1885 2816 2873 2886">
     <span class='ocr_line' id='line_1_36' title="bbox 1885 2816 2873 2886; baseline -0.012 0"><span class='ocrx_word' id='word_1_220' title='bbox 1885 2824 2052 2886; x_wconf 72' lang='lat' dir='ltr'><strong>l0le</strong></span> <span class='ocrx_word' id='word_1_221' title='bbox 2090 2819 2396 2886; x_wconf 62' lang='lat' dir='ltr'><strong>EEGULA‘Z</strong></span> <span class='ocrx_word' id='word_1_222' title='bbox 2443 2816 2873 2882; x_wconf 69' lang='grc' dir='ltr'><strong>ΚΗὙΤῙῘΜΙΩΔΞ</strong></span> 
     </span>
    </p>
   </div>
   <div class='ocr_carea' id='block_1_37' title="bbox 815 2980 2337 3052">
    <p class='ocr_par' dir='ltr' id='par_1_37' title="bbox 815 2980 2337 3052">
     <span class='ocr_line' id='line_1_37' title="bbox 815 2980 2337 3052; baseline -0.002 -15"><span class='ocrx_word' id='word_1_223' title='bbox 815 3000 841 3027; x_wconf 77' lang='grc' dir='ltr'><strong>ο</strong></span> <span class='ocrx_word' id='word_1_224' title='bbox 1190 2982 1257 3037; x_wconf 83' lang='grc' dir='ltr'><strong>1η</strong></span> <span class='ocrx_word' id='word_1_225' title='bbox 1285 2980 1650 3052; x_wconf 77' lang='lat' dir='ltr'><strong>antiphonarii</strong></span> <span class='ocrx_word' id='word_1_226' title='bbox 1679 2982 1764 3037; x_wconf 76' lang='lat' dir='ltr'><strong>sui</strong></span> <span class='ocrx_word' id='word_1_227' title='bbox 1791 2981 2062 3052; x_wconf 78' lang='lat' dir='ltr'><strong>urologum</strong></span> <span class='ocrx_word' id='word_1_228' title='bbox 2093 2981 2337 3052; x_wconf 63' lang='lat' dir='ltr'><strong>prolata.</strong></span> 
     </span>
    </p>
   </div>
   <div class='ocr_carea' id='block_1_38' title="bbox 202 3294 1614 3366">
    <p class='ocr_par' dir='ltr' id='par_1_38' title="bbox 202 3294 1614 3366">
     <span class='ocr_line' id='line_1_38' title="bbox 202 3294 1614 3366; baseline -0.004 -14"><span class='ocrx_word' id='word_1_229' title='bbox 202 3299 541 3366; x_wconf 73' lang='lat' dir='ltr'><strong>Musicarum</strong></span> <span class='ocrx_word' id='word_1_230' title='bbox 569 3302 622 3350; x_wconf 90' lang='lat' dir='ltr'><strong>et</strong></span> <span class='ocrx_word' id='word_1_231' title='bbox 648 3302 937 3349; x_wconf 83' lang='lat' dir='ltr'><strong>cantorum</strong></span> <span class='ocrx_word' id='word_1_232' title='bbox 974 3309 1171 3365; x_wconf 76' lang='lat' dir='ltr'><strong>magna</strong></span> <span class='ocrx_word' id='word_1_233' title='bbox 1209 3303 1292 3350; x_wconf 88' lang='lat' dir='ltr'><strong>est</strong></span> <span class='ocrx_word' id='word_1_234' title='bbox 1327 3294 1614 3357; x_wconf 87' lang='lat' dir='ltr'><strong>distantia,</strong></span> 
     </span>
    </p>
   </div>
   <div class='ocr_carea' id='block_1_39' title="bbox 201 3384 1622 3454">
    <p class='ocr_par' dir='ltr' id='par_1_39' title="bbox 201 3384 1622 3454">
     <span class='ocr_line' id='line_1_39' title="bbox 201 3384 1622 3454; baseline -0.003 -11"><span class='ocrx_word' id='word_1_235' title='bbox 201 3389 294 3443; x_wconf 79' lang='lat' dir='ltr'><strong>isti</strong></span> <span class='ocrx_word' id='word_1_236' title='bbox 341 3388 548 3450; x_wconf 86' lang='lat' dir='ltr'><strong>dicunt,</strong></span> <span class='ocrx_word' id='word_1_237' title='bbox 589 3384 661 3438; x_wconf 93' lang='lat' dir='ltr'><strong>illi</strong></span> <span class='ocrx_word' id='word_1_238' title='bbox 694 3384 903 3447; x_wconf 86' lang='lat' dir='ltr'><strong>sciunt,</strong></span> <span class='ocrx_word' id='word_1_239' title='bbox 943 3400 1062 3454; x_wconf 81' lang='lat' dir='ltr'><strong>qua:</strong></span> <span class='ocrx_word' id='word_1_240' title='bbox 1092 3384 1365 3452; x_wconf 87' lang='lat' dir='ltr'><strong>componit</strong></span> <span class='ocrx_word' id='word_1_241' title='bbox 1395 3384 1622 3439; x_wconf 82' lang='lat' dir='ltr'><strong>Musica.</strong></span> 
     </span>
    </p>
   </div>
   <div class='ocr_carea' id='block_1_40' title="bbox 200 3475 1649 3551">
    <p class='ocr_par' dir='ltr' id='par_1_40' title="bbox 200 3475 1649 3551">
     <span class='ocr_line' id='line_1_40' title="bbox 200 3475 1649 3551; baseline -0.003 -16"><span class='ocrx_word' id='word_1_242' title='bbox 200 3479 348 3535; x_wconf 79' lang='lat' dir='ltr'><strong>Nam</strong></span> <span class='ocrx_word' id='word_1_243' title='bbox 376 3478 466 3548; x_wconf 85' lang='lat' dir='ltr'><strong>qui</strong></span> <span class='ocrx_word' id='word_1_244' title='bbox 493 3476 622 3531; x_wconf 69' lang='lat' dir='ltr'><strong>facit</strong></span> <span class='ocrx_word' id='word_1_245' title='bbox 651 3475 794 3546; x_wconf 88' lang='lat' dir='ltr'><strong>quod</strong></span> <span class='ocrx_word' id='word_1_246' title='bbox 825 3492 930 3531; x_wconf 85' lang='lat' dir='ltr'><strong>non</strong></span> <span class='ocrx_word' id='word_1_247' title='bbox 969 3478 1129 3543; x_wconf 89' lang='lat' dir='ltr'><strong>sapit,</strong></span> <span class='ocrx_word' id='word_1_248' title='bbox 1170 3477 1428 3551; x_wconf 72' lang='lat' dir='ltr'><strong>dilliuitur</strong></span> <span class='ocrx_word' id='word_1_249' title='bbox 1456 3477 1649 3532; x_wconf 88' lang='lat' dir='ltr'><strong>bestia.</strong></span> 
     </span>
    </p>
   </div>
   <div class='ocr_carea' id='block_1_41' title="bbox 201 3565 1564 3632">
    <p class='ocr_par' dir='ltr' id='par_1_41' title="bbox 201 3565 1564 3632">
     <span class='ocr_line' id='line_1_41' title="bbox 201 3565 1564 3632; baseline -0.004 -8"><span class='ocrx_word' id='word_1_250' title='bbox 201 3569 478 3624; x_wconf 65' lang='lat' dir='ltr'><strong>(Steterunt</strong></span> <span class='ocrx_word' id='word_1_251' title='bbox 520 3566 758 3620; x_wconf 87' lang='lat' dir='ltr'><strong>tonantis</strong></span> <span class='ocrx_word' id='word_1_252' title='bbox 794 3566 943 3621; x_wconf 82' lang='lat' dir='ltr'><strong>vocis</strong></span> <span class='ocrx_word' id='word_1_253' title='bbox 972 3566 1016 3619; x_wconf 91' lang='lat' dir='ltr'><strong>si</strong></span> <span class='ocrx_word' id='word_1_254' title='bbox 1044 3565 1264 3621; x_wconf 89' lang='lat' dir='ltr'><strong>laudent</strong></span> <span class='ocrx_word' id='word_1_255' title='bbox 1296 3566 1564 3632; x_wconf 87' lang='lat' dir='ltr'><strong>acumina,</strong></span> 
     </span>
    </p>
   </div>
   <div class='ocr_carea' id='block_1_42' title="bbox 150 3655 1414 3733">
    <p class='ocr_par' dir='ltr' id='par_1_42' title="bbox 150 3655 1414 3733">
     <span class='ocr_line' id='line_1_42' title="bbox 150 3655 1414 3733; baseline -0.002 -20"><span class='ocrx_word' id='word_1_256' title='bbox 150 3704 157 3713; x_wconf 89' lang='lat'><strong>.</strong></span> <span class='ocrx_word' id='word_1_257' title='bbox 203 3658 506 3728; x_wconf 80' lang='lat' dir='ltr'><strong>Superabit</strong></span> <span class='ocrx_word' id='word_1_258' title='bbox 529 3655 876 3729; x_wconf 81' lang='lat' dir='ltr'><strong>philoinelam</strong></span> <span class='ocrx_word' id='word_1_259' title='bbox 903 3656 986 3711; x_wconf 83' lang='lat' dir='ltr'><strong>vel</strong></span> <span class='ocrx_word' id='word_1_260' title='bbox 1017 3655 1214 3733; x_wconf 74' lang='lat' dir='ltr'><strong>vocalis</strong></span> <span class='ocrx_word' id='word_1_261' title='bbox 1241 3655 1414 3711; x_wconf 88' lang='lat' dir='ltr'><strong>asina.</strong></span> 
     </span>
    </p>
   </div>
   <div class='ocr_carea' id='block_1_43' title="bbox 203 3744 1341 3818">
    <p class='ocr_par' dir='ltr' id='par_1_43' title="bbox 203 3744 1341 3818">
     <span class='ocr_line' id='line_1_43' title="bbox 203 3744 1341 3818; baseline -0.003 -15"><span class='ocrx_word' id='word_1_262' title='bbox 203 3750 394 3818; x_wconf 83' lang='lat' dir='ltr'><strong>Quare</strong></span> <span class='ocrx_word' id='word_1_263' title='bbox 427 3749 508 3804; x_wconf 89' lang='lat' dir='ltr'><strong>eis</strong></span> <span class='ocrx_word' id='word_1_264' title='bbox 540 3762 660 3805; x_wconf 87' lang='lat' dir='ltr'><strong>esse</strong></span> <span class='ocrx_word' id='word_1_265' title='bbox 680 3762 836 3802; x_wconf 86' lang='lat' dir='ltr'><strong>suum</strong></span> <span class='ocrx_word' id='word_1_266' title='bbox 877 3746 1013 3801; x_wconf 88' lang='lat' dir='ltr'><strong>tollit</strong></span> <span class='ocrx_word' id='word_1_267' title='bbox 1037 3744 1341 3802; x_wconf 83' lang='lat' dir='ltr'><strong>dialectica.</strong></span> 
     </span>
    </p>
   </div>
   <div class='ocr_carea' id='block_1_44' title="bbox 203 3836 1566 3904">
    <p class='ocr_par' dir='ltr' id='par_1_44' title="bbox 203 3836 1566 3904">
     <span class='ocr_line' id='line_1_44' title="bbox 203 3836 1566 3904; baseline -0.004 -7"><span class='ocrx_word' id='word_1_268' title='bbox 203 3843 327 3897; x_wconf 86' lang='lat' dir='ltr'><strong>llac</strong></span> <span class='ocrx_word' id='word_1_269' title='bbox 364 3842 432 3896; x_wconf 90' lang='lat' dir='ltr'><strong>de</strong></span> <span class='ocrx_word' id='word_1_270' title='bbox 458 3855 621 3896; x_wconf 88' lang='lat' dir='ltr'><strong>causa</strong></span> <span class='ocrx_word' id='word_1_271' title='bbox 645 3838 975 3894; x_wconf 89' lang='lat' dir='ltr'><strong>rusticorum</strong></span> <span class='ocrx_word' id='word_1_272' title='bbox 1003 3836 1289 3892; x_wconf 90' lang='lat' dir='ltr'><strong>multitudo</strong></span> <span class='ocrx_word' id='word_1_273' title='bbox 1314 3837 1566 3904; x_wconf 90' lang='lat' dir='ltr'><strong>plurima,</strong></span> 
     </span>
    </p>
   </div>
   <div class='ocr_carea' id='block_1_45' title="bbox 205 3929 1477 3996">
    <p class='ocr_par' dir='ltr' id='par_1_45' title="bbox 205 3929 1477 3996">
     <span class='ocr_line' id='line_1_45' title="bbox 205 3929 1477 3996; baseline -0.004 -6"><span class='ocrx_word' id='word_1_274' title='bbox 205 3936 395 3990; x_wconf 88' lang='lat' dir='ltr'><strong>Donec</strong></span> <span class='ocrx_word' id='word_1_275' title='bbox 421 3932 622 3987; x_wconf 82' lang='lat' dir='ltr'><strong>frustra</strong></span> <span class='ocrx_word' id='word_1_276' title='bbox 651 3932 802 3996; x_wconf 89' lang='lat' dir='ltr'><strong>vivit,</strong></span> <span class='ocrx_word' id='word_1_277' title='bbox 830 3930 970 3984; x_wconf 89' lang='lat' dir='ltr'><strong>mira</strong></span> <span class='ocrx_word' id='word_1_278' title='bbox 1006 3929 1214 3986; x_wconf 84' lang='lat' dir='ltr'><strong>laborat</strong></span> <span class='ocrx_word' id='word_1_279' title='bbox 1249 3930 1477 3994; x_wconf 89' lang='lat' dir='ltr'><strong>insania,</strong></span> 
     </span>
    </p>
   </div>
   <div class='ocr_carea' id='block_1_46' title="bbox 206 4020 1579 4092">
    <p class='ocr_par' dir='ltr' id='par_1_46' title="bbox 206 4020 1579 4092">
     <span class='ocr_line' id='line_1_46' title="bbox 206 4020 1579 4092; baseline -0.001 -13"><span class='ocrx_word' id='word_1_280' title='bbox 206 4024 353 4079; x_wconf 89' lang='lat' dir='ltr'><strong>Dum</strong></span> <span class='ocrx_word' id='word_1_281' title='bbox 384 4022 502 4079; x_wconf 87' lang='lat' dir='ltr'><strong>sine</strong></span> <span class='ocrx_word' id='word_1_282' title='bbox 529 4021 788 4092; x_wconf 78' lang='lat' dir='ltr'><strong>magistro</strong></span> <span class='ocrx_word' id='word_1_283' title='bbox 822 4021 968 4075; x_wconf 90' lang='lat' dir='ltr'><strong>nulla</strong></span> <span class='ocrx_word' id='word_1_284' title='bbox 1006 4020 1234 4076; x_wconf 90' lang='lat' dir='ltr'><strong>discitur</strong></span> <span class='ocrx_word' id='word_1_285' title='bbox 1265 4021 1579 4091; x_wconf 78' lang='lat' dir='ltr'><strong>antipltona.</strong></span> 
     </span>
    </p>
   </div>
   <div class='ocr_carea' id='block_1_47' title="bbox 203 4111 1580 4186">
    <p class='ocr_par' dir='ltr' id='par_1_47' title="bbox 203 4111 1580 4186">
     <span class='ocr_line' id='line_1_47' title="bbox 203 4111 1580 4186; baseline -0.006 -13"><span class='ocrx_word' id='word_1_286' title='bbox 203 4116 368 4173; x_wconf 80' lang='lat' dir='ltr'><strong>Notis</strong></span> <span class='ocrx_word' id='word_1_287' title='bbox 406 4129 534 4186; x_wconf 76' lang='lat' dir='ltr'><strong>ergo</strong></span> <span class='ocrx_word' id='word_1_288' title='bbox 568 4115 672 4169; x_wconf 82' lang='lat' dir='ltr'><strong>illis</strong></span> <span class='ocrx_word' id='word_1_289' title='bbox 699 4113 915 4184; x_wconf 88' lang='lat' dir='ltr'><strong>spretis,</strong></span> <span class='ocrx_word' id='word_1_290' title='bbox 940 4112 1139 4183; x_wconf 85' lang='lat' dir='ltr'><strong>quibus</strong></span> <span class='ocrx_word' id='word_1_291' title='bbox 1163 4112 1353 4182; x_wconf 79' lang='lat' dir='ltr'><strong>vulgus</strong></span> <span class='ocrx_word' id='word_1_292' title='bbox 1394 4111 1580 4178; x_wconf 88' lang='lat' dir='ltr'><strong>utitur,</strong></span> 
     </span>
    </p>
   </div>
   <div class='ocr_carea' id='block_1_48' title="bbox 204 4205 1791 4277">
    <p class='ocr_par' dir='ltr' id='par_1_48' title="bbox 204 4205 1791 4277">
     <span class='ocr_line' id='line_1_48' title="bbox 204 4205 1791 4277; baseline 0.002 -15"><span class='ocrx_word' id='word_1_293' title='bbox 204 4207 365 4275; x_wconf 87' lang='lat' dir='ltr'><strong>Quod</strong></span> <span class='ocrx_word' id='word_1_294' title='bbox 391 4207 507 4262; x_wconf 88' lang='lat' dir='ltr'><strong>sine</strong></span> <span class='ocrx_word' id='word_1_295' title='bbox 529 4207 751 4261; x_wconf 89' lang='lat' dir='ltr'><strong>ductore</strong></span> <span class='ocrx_word' id='word_1_296' title='bbox 784 4220 1070 4276; x_wconf 88' lang='lat' dir='ltr'><strong>nusquam,</strong></span> <span class='ocrx_word' id='word_1_297' title='bbox 1099 4213 1159 4260; x_wconf 86' lang='lat' dir='ltr'><strong>ut</strong></span> <span class='ocrx_word' id='word_1_298' title='bbox 1194 4220 1391 4272; x_wconf 64' lang='lat' dir='ltr'><strong>caecus,</strong></span> <span class='ocrx_word' id='word_1_299' title='bbox 1432 4205 1791 4277; x_wconf 76' lang='lat' dir='ltr'><strong>progreditur,</strong></span> 
     </span>
    </p>
   </div>
   <div class='ocr_carea' id='block_1_49' title="bbox 206 4295 1649 4368">
    <p class='ocr_par' dir='ltr' id='par_1_49' title="bbox 206 4295 1649 4368">
     <span class='ocr_line' id='line_1_49' title="bbox 206 4295 1649 4368; baseline -0.002 -13"><span class='ocrx_word' id='word_1_300' title='bbox 206 4301 434 4368; x_wconf 83' lang='lat' dir='ltr'><strong>Septem</strong></span> <span class='ocrx_word' id='word_1_301' title='bbox 465 4297 599 4352; x_wconf 88' lang='lat' dir='ltr'><strong>istas</strong></span> <span class='ocrx_word' id='word_1_302' title='bbox 635 4296 782 4352; x_wconf 87' lang='lat' dir='ltr'><strong>disce</strong></span> <span class='ocrx_word' id='word_1_303' title='bbox 812 4304 968 4352; x_wconf 82' lang='lat' dir='ltr'><strong>netas</strong></span> <span class='ocrx_word' id='word_1_304' title='bbox 993 4306 1197 4366; x_wconf 89' lang='lat' dir='ltr'><strong>septem</strong></span> <span class='ocrx_word' id='word_1_305' title='bbox 1221 4295 1649 4353; x_wconf 84' lang='lat' dir='ltr'><strong>characteribus.</strong></span> 
     </span>
    </p>
   </div>
   <div class='ocr_carea' id='block_1_50' title="bbox 205 4385 1489 4456">
    <p class='ocr_par' dir='ltr' id='par_1_50' title="bbox 205 4385 1489 4456">
     <span class='ocr_line' id='line_1_50' title="bbox 205 4385 1489 4456; baseline -0.002 -13"><span class='ocrx_word' id='word_1_306' title='bbox 205 4401 288 4443; x_wconf 81' lang='lat' dir='ltr'><strong>nt.</strong></span> <span class='ocrx_word' id='word_1_307' title='bbox 321 4405 397 4443; x_wconf 79' lang='lat' dir='ltr'><strong>re.</strong></span> <span class='ocrx_word' id='word_1_308' title='bbox 429 4389 521 4441; x_wconf 85' lang='lat' dir='ltr'><strong>mi.</strong></span> <span class='ocrx_word' id='word_1_309' title='bbox 550 4387 628 4456; x_wconf 83' lang='lat' dir='ltr'><strong>fa.</strong></span> <span class='ocrx_word' id='word_1_310' title='bbox 659 4396 737 4441; x_wconf 84' lang='lat' dir='ltr'><strong>ut.</strong></span> <span class='ocrx_word' id='word_1_311' title='bbox 769 4386 850 4441; x_wconf 76' lang='lat' dir='ltr'><strong>sol</strong></span> <span class='ocrx_word' id='word_1_312' title='bbox 871 4403 944 4441; x_wconf 86' lang='lat' dir='ltr'><strong>rc.</strong></span> <span class='ocrx_word' id='word_1_313' title='bbox 976 4385 1029 4440; x_wconf 85' lang='lat' dir='ltr'><strong>la</strong></span> <span class='ocrx_word' id='word_1_314' title='bbox 1055 4388 1147 4440; x_wconf 88' lang='lat' dir='ltr'><strong>mi.</strong></span> <span class='ocrx_word' id='word_1_315' title='bbox 1179 4388 1256 4456; x_wconf 76' lang='lat' dir='ltr'><strong>fa.</strong></span> <span class='ocrx_word' id='word_1_316' title='bbox 1286 4386 1383 4443; x_wconf 76' lang='lat' dir='ltr'><strong>sol.</strong></span> <span class='ocrx_word' id='word_1_317' title='bbox 1413 4396 1489 4441; x_wconf 80' lang='lat' dir='ltr'><strong>ut.</strong></span> 
     </span>
    </p>
   </div>
   <div class='ocr_carea' id='block_1_51' title="bbox 227 4478 1358 4538">
    <p class='ocr_par' dir='ltr' id='par_1_51' title="bbox 227 4478 1358 4538">
     <span class='ocr_line' id='line_1_51' title="bbox 227 4478 1358 4538; baseline -0.004 -1"><span class='ocrx_word' id='word_1_318' title='bbox 227 4494 290 4538; x_wconf 71' lang='grc' dir='ltr'><strong>ι’.</strong></span> <span class='ocrx_word' id='word_1_319' title='bbox 330 4480 402 4536; x_wconf 79' lang='grc' dir='ltr'><strong>Δ.</strong></span> <span class='ocrx_word' id='word_1_320' title='bbox 440 4479 503 4535; x_wconf 87' lang='grc' dir='ltr'><strong>Β.</strong></span> <span class='ocrx_word' id='word_1_321' title='bbox 552 4479 613 4535; x_wconf 88' lang='lat' dir='ltr'><strong>C.</strong></span> <span class='ocrx_word' id='word_1_322' title='bbox 720 4479 784 4534; x_wconf 89' lang='lat' dir='ltr'><strong>D.</strong></span> <span class='ocrx_word' id='word_1_323' title='bbox 933 4478 995 4535; x_wconf 80' lang='grc' dir='ltr'><strong>Ε.</strong></span> <span class='ocrx_word' id='word_1_324' title='bbox 1121 4478 1183 4535; x_wconf 81' lang='lat' dir='ltr'><strong>F.</strong></span> <span class='ocrx_word' id='word_1_325' title='bbox 1293 4478 1358 4536; x_wconf 82' lang='lat' dir='ltr'><strong>G.</strong></span> 
     </span>
    </p>
   </div>
   <div class='ocr_carea' id='block_1_52' title="bbox 283 4616 1428 4690">
    <p class='ocr_par' dir='ltr' id='par_1_52' title="bbox 283 4616 1428 4690">
     <span class='ocr_line' id='line_1_52' title="bbox 283 4616 1428 4690; baseline -0.003 -14"><span class='ocrx_word' id='word_1_326' title='bbox 283 4639 338 4676; x_wconf 83' lang='lat' dir='ltr'><strong>a.</strong></span> <span class='ocrx_word' id='word_1_327' title='bbox 486 4620 540 4674; x_wconf 94' lang='lat' dir='ltr'><strong>b.</strong></span> <span class='ocrx_word' id='word_1_328' title='bbox 645 4635 693 4675; x_wconf 89' lang='lat' dir='ltr'><strong>c.</strong></span> <span class='ocrx_word' id='word_1_329' title='bbox 807 4619 860 4673; x_wconf 90' lang='lat' dir='ltr'><strong>d.</strong></span> <span class='ocrx_word' id='word_1_330' title='bbox 1010 4634 1061 4673; x_wconf 85' lang='lat' dir='ltr'><strong>e.</strong></span> <span class='ocrx_word' id='word_1_331' title='bbox 1170 4616 1209 4672; x_wconf 72' lang='grc' dir='ltr'><strong>ἲ.</strong></span> <span class='ocrx_word' id='word_1_332' title='bbox 1285 4635 1428 4690; x_wconf 79' lang='lat' dir='ltr'><strong>g.a.</strong></span> 
     </span>
    </p>
   </div>
   <div class='ocr_carea' id='block_1_53' title="bbox 208 4708 1439 4779">
    <p class='ocr_par' dir='ltr' id='par_1_53' title="bbox 208 4708 1439 4779">
     <span class='ocr_line' id='line_1_53' title="bbox 208 4708 1439 4779; baseline 0.001 -16"><span class='ocrx_word' id='word_1_333' title='bbox 208 4711 285 4765; x_wconf 84' lang='lat' dir='ltr'><strong>la.</strong></span> <span class='ocrx_word' id='word_1_334' title='bbox 316 4727 391 4765; x_wconf 81' lang='lat' dir='ltr'><strong>re.</strong></span> <span class='ocrx_word' id='word_1_335' title='bbox 414 4711 504 4763; x_wconf 83' lang='lat' dir='ltr'><strong>mi.</strong></span> <span class='ocrx_word' id='word_1_336' title='bbox 541 4709 596 4779; x_wconf 77' lang='lat' dir='ltr'><strong>fa</strong></span> <span class='ocrx_word' id='word_1_337' title='bbox 627 4721 702 4763; x_wconf 86' lang='lat' dir='ltr'><strong>ut.</strong></span> <span class='ocrx_word' id='word_1_338' title='bbox 734 4708 832 4764; x_wconf 73' lang='lat' dir='ltr'><strong>sol.</strong></span> <span class='ocrx_word' id='word_1_339' title='bbox 859 4725 930 4764; x_wconf 81' lang='lat' dir='ltr'><strong>re.</strong></span> <span class='ocrx_word' id='word_1_340' title='bbox 963 4712 1035 4763; x_wconf 82' lang='lat' dir='ltr'><strong>mi</strong></span> <span class='ocrx_word' id='word_1_341' title='bbox 1063 4709 1135 4763; x_wconf 85' lang='lat' dir='ltr'><strong>la.</strong></span> <span class='ocrx_word' id='word_1_342' title='bbox 1157 4711 1231 4779; x_wconf 79' lang='lat' dir='ltr'><strong>fa.</strong></span> <span class='ocrx_word' id='word_1_343' title='bbox 1264 4710 1346 4764; x_wconf 76' lang='lat' dir='ltr'><strong>sol</strong></span> <span class='ocrx_word' id='word_1_344' title='bbox 1366 4709 1439 4767; x_wconf 86' lang='lat' dir='ltr'><strong>la.</strong></span> 
     </span>
    </p>
   </div>
   <div class='ocr_carea' id='block_1_54' title="bbox 210 4796 1578 4871">
    <p class='ocr_par' dir='ltr' id='par_1_54' title="bbox 210 4796 1578 4871">
     <span class='ocr_line' id='line_1_54' title="bbox 210 4796 1578 4871; baseline -0.001 -16"><span class='ocrx_word' id='word_1_345' title='bbox 210 4801 457 4870; x_wconf 80' lang='lat' dir='ltr'><strong>Namque</strong></span> <span class='ocrx_word' id='word_1_346' title='bbox 476 4800 596 4855; x_wconf 72' lang='lat' dir='ltr'><strong>alia:</strong></span> <span class='ocrx_word' id='word_1_347' title='bbox 630 4811 884 4870; x_wconf 48' lang='lat' dir='ltr'><strong>septenai,</strong></span> <span class='ocrx_word' id='word_1_348' title='bbox 912 4814 1030 4869; x_wconf 71' lang='lat' dir='ltr'><strong>qum</strong></span> <span class='ocrx_word' id='word_1_349' title='bbox 1049 4809 1349 4870; x_wconf 85' lang='lat' dir='ltr'><strong>sequuntur</strong></span> <span class='ocrx_word' id='word_1_350' title='bbox 1371 4796 1578 4871; x_wconf 82' lang='lat' dir='ltr'><strong>poStea,</strong></span> 
     </span>
    </p>
   </div>
   <div class='ocr_carea' id='block_1_55' title="bbox 209 4891 1489 4964">
    <p class='ocr_par' dir='ltr' id='par_1_55' title="bbox 209 4891 1489 4964">
     <span class='ocr_line' id='line_1_55' title="bbox 209 4891 1489 4964; baseline -0.001 -15"><span class='ocrx_word' id='word_1_351' title='bbox 209 4893 333 4949; x_wconf 80' lang='lat' dir='ltr'><strong>Non</strong></span> <span class='ocrx_word' id='word_1_352' title='bbox 362 4902 490 4948; x_wconf 84' lang='lat' dir='ltr'><strong>sunt</strong></span> <span class='ocrx_word' id='word_1_353' title='bbox 524 4892 661 4958; x_wconf 67' lang='lat' dir='ltr'><strong>alim,</strong></span> <span class='ocrx_word' id='word_1_354' title='bbox 688 4893 783 4949; x_wconf 80' lang='lat' dir='ltr'><strong>sed</strong></span> <span class='ocrx_word' id='word_1_355' title='bbox 811 4909 916 4947; x_wconf 90' lang='lat' dir='ltr'><strong>una</strong></span> <span class='ocrx_word' id='word_1_356' title='bbox 942 4891 1269 4962; x_wconf 86' lang='lat' dir='ltr'><strong>replicantur</strong></span> <span class='ocrx_word' id='word_1_357' title='bbox 1289 4893 1489 4964; x_wconf 83' lang='lat' dir='ltr'><strong>regula.</strong></span> 
     </span>
    </p>
   </div>
   <div class='ocr_carea' id='block_1_56' title="bbox 213 4972 1580 5052">
    <p class='ocr_par' dir='ltr' id='par_1_56' title="bbox 213 4972 1580 5052">
     <span class='ocr_line' id='line_1_56' title="bbox 213 4972 1580 5052; baseline 0.001 -17"><span class='ocrx_word' id='word_1_358' title='bbox 213 4984 353 5050; x_wconf 84' lang='lat' dir='ltr'><strong>Quia</strong></span> <span class='ocrx_word' id='word_1_359' title='bbox 380 4998 597 5048; x_wconf 89' lang='lat' dir='ltr'><strong>vocum,</strong></span> <span class='ocrx_word' id='word_1_360' title='bbox 620 4990 678 5037; x_wconf 90' lang='lat' dir='ltr'><strong>ut</strong></span> <span class='ocrx_word' id='word_1_361' title='bbox 698 4983 927 5047; x_wconf 89' lang='lat' dir='ltr'><strong>dierum,</strong></span> <span class='ocrx_word' id='word_1_362' title='bbox 954 4972 1189 5052; x_wconf 38' lang='lat' dir='ltr'><strong>atque&#39;llt</strong></span> <span class='ocrx_word' id='word_1_363' title='bbox 1226 4982 1580 5038; x_wconf 83' lang='lat' dir='ltr'><strong>hedemada.</strong></span> 
     </span>
    </p>
   </div>
   <div class='ocr_carea' id='block_1_57' title="bbox 214 5073 1487 5144">
    <p class='ocr_par' dir='ltr' id='par_1_57' title="bbox 214 5073 1487 5144">
     <span class='ocr_line' id='line_1_57' title="bbox 214 5073 1487 5144; baseline -0.002 -14"><span class='ocrx_word' id='word_1_364' title='bbox 214 5079 365 5144; x_wconf 83' lang='lat' dir='ltr'><strong>Quas</strong></span> <span class='ocrx_word' id='word_1_365' title='bbox 390 5075 456 5142; x_wconf 88' lang='lat' dir='ltr'><strong>si,</strong></span> <span class='ocrx_word' id='word_1_366' title='bbox 480 5074 623 5130; x_wconf 85' lang='lat' dir='ltr'><strong>sicut</strong></span> <span class='ocrx_word' id='word_1_367' title='bbox 646 5074 955 5139; x_wconf 89' lang='lat' dir='ltr'><strong>audiuntur,</strong></span> <span class='ocrx_word' id='word_1_368' title='bbox 982 5074 1065 5129; x_wconf 85' lang='lat' dir='ltr'><strong>vis</strong></span> <span class='ocrx_word' id='word_1_369' title='bbox 1089 5073 1275 5129; x_wconf 83' lang='lat' dir='ltr'><strong>videre</strong></span> <span class='ocrx_word' id='word_1_370' title='bbox 1297 5073 1487 5137; x_wconf 88' lang='lat' dir='ltr'><strong>oculis,</strong></span> 
     </span>
    </p>
   </div>
   <div class='ocr_carea' id='block_1_58' title="bbox 177 5166 1307 5237">
    <p class='ocr_par' dir='ltr' id='par_1_58' title="bbox 177 5166 1307 5237">
     <span class='ocr_line' id='line_1_58' title="bbox 177 5166 1307 5237; baseline -0.004 -12"><span class='ocrx_word' id='word_1_371' title='bbox 177 5175 191 5183; x_wconf 64' lang='lat'><strong><em>‘</em></strong></span> <span class='ocrx_word' id='word_1_372' title='bbox 210 5170 321 5225; x_wconf 87' lang='lat' dir='ltr'><strong>Ore</strong></span> <span class='ocrx_word' id='word_1_373' title='bbox 350 5169 569 5224; x_wconf 85' lang='lat' dir='ltr'><strong>interim</strong></span> <span class='ocrx_word' id='word_1_374' title='bbox 606 5168 818 5232; x_wconf 83' lang='lat' dir='ltr'><strong>silente,</strong></span> <span class='ocrx_word' id='word_1_375' title='bbox 845 5166 1109 5222; x_wconf 86' lang='lat' dir='ltr'><strong>manualis</strong></span> <span class='ocrx_word' id='word_1_376' title='bbox 1129 5167 1307 5237; x_wconf 87' lang='lat' dir='ltr'><strong>operis</strong></span> 
     </span>
    </p>
   </div>
   <div class='ocr_carea' id='block_1_59' title="bbox 217 5255 1651 5333">
    <p class='ocr_par' dir='ltr' id='par_1_59' title="bbox 217 5255 1651 5333">
     <span class='ocr_line' id='line_1_59' title="bbox 217 5255 1651 5333; baseline -0.007 -15"><span class='ocrx_word' id='word_1_377' title='bbox 217 5262 608 5333; x_wconf 66' lang='lat' dir='ltr'><strong>Argumentum</strong></span> <span class='ocrx_word' id='word_1_378' title='bbox 635 5260 727 5315; x_wconf 83' lang='lat' dir='ltr'><strong>t‘iat</strong></span> <span class='ocrx_word' id='word_1_379' title='bbox 750 5258 913 5314; x_wconf 86' lang='lat' dir='ltr'><strong>certis</strong></span> <span class='ocrx_word' id='word_1_380' title='bbox 940 5257 1222 5313; x_wconf 79' lang='lat' dir='ltr'><strong>diliinitnm</strong></span> <span class='ocrx_word' id='word_1_381' title='bbox 1253 5258 1491 5313; x_wconf 85' lang='lat' dir='ltr'><strong>numeris</strong></span> <span class='ocrx_word' id='word_1_382' title='bbox 1518 5255 1651 5328; x_wconf 64' lang='grc' dir='ltr'><strong>(ἓὲ).</strong></span> 
     </span>
    </p>
   </div>
   <div class='ocr_carea' id='block_1_60' title="bbox 214 5336 1792 5421">
    <p class='ocr_par' dir='ltr' id='par_1_60' title="bbox 214 5336 1792 5421">
     <span class='ocr_line' id='line_1_60' title="bbox 214 5336 1792 5421; baseline -0.006 -13"><span class='ocrx_word' id='word_1_383' title='bbox 214 5361 251 5408; x_wconf 74' lang='grc' dir='ltr'><strong>Γ</strong></span> <span class='ocrx_word' id='word_1_384' title='bbox 292 5350 522 5408; x_wconf 84' lang='lat' dir='ltr'><strong>Gamma</strong></span> <span class='ocrx_word' id='word_1_385' title='bbox 573 5336 803 5421; x_wconf 66' lang='lat' dir='ltr'><strong>graicum</strong></span> <span class='ocrx_word' id='word_1_386' title='bbox 849 5338 1065 5418; x_wconf 84' lang='lat' dir='ltr'><strong>quidam</strong></span> <span class='ocrx_word' id='word_1_387' title='bbox 1121 5338 1334 5419; x_wconf 74' lang='lat' dir='ltr'><strong>ponunt</strong></span> <span class='ocrx_word' id='word_1_388' title='bbox 1383 5356 1511 5402; x_wconf 87' lang='lat' dir='ltr'><strong>ante</strong></span> <span class='ocrx_word' id='word_1_389' title='bbox 1564 5340 1792 5418; x_wconf 76' lang='lat' dir='ltr'><strong>primain</strong></span> 
     </span>
    </p>
   </div>
   <div class='ocr_carea' id='block_1_61' title="bbox 1447 5437 1722 5511">
    <p class='ocr_par' dir='ltr' id='par_1_61' title="bbox 1447 5437 1722 5511">
     <span class='ocr_line' id='line_1_61' title="bbox 1447 5437 1722 5511; baseline -0.007 -20"><span class='ocrx_word' id='word_1_390' title='bbox 1447 5437 1722 5511; x_wconf 81' lang='lat' dir='ltr'><strong>[litteram,</strong></span> 
     </span>
    </p>
   </div>
   <div class='ocr_carea' id='block_1_62' title="bbox 1823 3275 3141 3363">
    <p class='ocr_par' dir='ltr' id='par_1_62' title="bbox 1823 3275 3141 3363">
     <span class='ocr_line' id='line_1_62' title="bbox 1823 3275 3141 3363; baseline -0.001 -15"><span class='ocrx_word' id='word_1_391' title='bbox 1823 3275 1869 3335; x_wconf 76' lang='grc' dir='ltr'><strong>Β</strong></span> <span class='ocrx_word' id='word_1_392' title='bbox 1898 3296 1943 3348; x_wconf 84' lang='grc' dir='ltr'><strong>Α</strong></span> <span class='ocrx_word' id='word_1_393' title='bbox 1970 3309 2075 3361; x_wconf 87' lang='lat' dir='ltr'><strong>quo</strong></span> <span class='ocrx_word' id='word_1_394' title='bbox 2098 3292 2345 3363; x_wconf 86' lang='lat' dir='ltr'><strong>passibus</strong></span> <span class='ocrx_word' id='word_1_395' title='bbox 2370 3292 2599 3362; x_wconf 88' lang='lat' dir='ltr'><strong>partitur</strong></span> <span class='ocrx_word' id='word_1_396' title='bbox 2621 3308 2811 3347; x_wconf 78' lang='lat' dir='ltr'><strong>novem</strong></span> <span class='ocrx_word' id='word_1_397' title='bbox 2838 3301 2947 3348; x_wconf 86' lang='lat' dir='ltr'><strong>tota</strong></span> <span class='ocrx_word' id='word_1_398' title='bbox 2984 3292 3141 3347; x_wconf 89' lang='lat' dir='ltr'><strong>linea.</strong></span> 
     </span>
    </p>
   </div>
   <div class='ocr_carea' id='block_1_63' title="bbox 1896 3383 3187 3455">
    <p class='ocr_par' dir='ltr' id='par_1_63' title="bbox 1896 3383 3187 3455">
     <span class='ocr_line' id='line_1_63' title="bbox 1896 3383 3187 3455; baseline -0.001 -15"><span class='ocrx_word' id='word_1_399' title='bbox 1896 3384 1994 3440; x_wconf 78' lang='lat' dir='ltr'><strong>Ubi</strong></span> <span class='ocrx_word' id='word_1_400' title='bbox 2029 3385 2234 3453; x_wconf 88' lang='lat' dir='ltr'><strong>primus</strong></span> <span class='ocrx_word' id='word_1_401' title='bbox 2264 3386 2456 3454; x_wconf 87' lang='lat' dir='ltr'><strong>passus</strong></span> <span class='ocrx_word' id='word_1_402' title='bbox 2484 3383 2621 3449; x_wconf 86' lang='lat' dir='ltr'><strong>linit,</strong></span> <span class='ocrx_word' id='word_1_403' title='bbox 2664 3386 2833 3455; x_wconf 89' lang='lat' dir='ltr'><strong>prima</strong></span> <span class='ocrx_word' id='word_1_404' title='bbox 2862 3383 2967 3438; x_wconf 90' lang='lat' dir='ltr'><strong>erit</strong></span> <span class='ocrx_word' id='word_1_405' title='bbox 2988 3383 3187 3439; x_wconf 87' lang='lat' dir='ltr'><strong>littera.</strong></span> 
     </span>
    </p>
   </div>
   <div class='ocr_carea' id='block_1_64' title="bbox 1894 3473 3158 3542">
    <p class='ocr_par' dir='ltr' id='par_1_64' title="bbox 1894 3473 3158 3542">
     <span class='ocr_line' id='line_1_64' title="bbox 1894 3473 3158 3542; baseline 0 -17"><span class='ocrx_word' id='word_1_406' title='bbox 1894 3473 2048 3527; x_wconf 84' lang='lat' dir='ltr'><strong>Modo</strong></span> <span class='ocrx_word' id='word_1_407' title='bbox 2078 3473 2238 3528; x_wconf 89' lang='lat' dir='ltr'><strong>simili</strong></span> <span class='ocrx_word' id='word_1_408' title='bbox 2265 3490 2294 3528; x_wconf 92' lang='lat' dir='ltr'><strong>a</strong></span> <span class='ocrx_word' id='word_1_409' title='bbox 2322 3474 2496 3542; x_wconf 85' lang='lat' dir='ltr'><strong>prima</strong></span> <span class='ocrx_word' id='word_1_410' title='bbox 2526 3490 2717 3542; x_wconf 83' lang='lat' dir='ltr'><strong>passus</strong></span> <span class='ocrx_word' id='word_1_411' title='bbox 2755 3474 2886 3528; x_wconf 83' lang='lat' dir='ltr'><strong>ﬂant</strong></span> <span class='ocrx_word' id='word_1_412' title='bbox 2916 3473 3158 3534; x_wconf 79' lang='lat' dir='ltr'><strong>totidem,</strong></span> 
     </span>
    </p>
   </div>
   <div class='ocr_carea' id='block_1_65' title="bbox 1892 3566 3187 3639">
    <p class='ocr_par' dir='ltr' id='par_1_65' title="bbox 1892 3566 3187 3639">
     <span class='ocr_line' id='line_1_65' title="bbox 1892 3566 3187 3639; baseline -0.004 -16"><span class='ocrx_word' id='word_1_413' title='bbox 1892 3568 1956 3624; x_wconf 80' lang='lat' dir='ltr'><strong>Et</strong></span> <span class='ocrx_word' id='word_1_414' title='bbox 1989 3568 2241 3622; x_wconf 68' lang='lat' dir='ltr'><strong>secundae</strong></span> <span class='ocrx_word' id='word_1_415' title='bbox 2269 3566 2420 3621; x_wconf 89' lang='lat' dir='ltr'><strong>locus</strong></span> <span class='ocrx_word' id='word_1_416' title='bbox 2450 3575 2598 3639; x_wconf 88' lang='lat' dir='ltr'><strong>patet</strong></span> <span class='ocrx_word' id='word_1_417' title='bbox 2627 3566 2935 3636; x_wconf 87' lang='lat' dir='ltr'><strong>supradicto</strong></span> <span class='ocrx_word' id='word_1_418' title='bbox 2955 3566 3143 3620; x_wconf 80' lang='lat' dir='ltr'><strong>ordine</strong></span> <span class='ocrx_word' id='word_1_419' title='bbox 3174 3581 3187 3618; x_wconf 91' lang='lat'><strong>:</strong></span> 
     </span>
    </p>
   </div>
   <div class='ocr_carea' id='block_1_66' title="bbox 1892 3655 3455 3724">
    <p class='ocr_par' dir='ltr' id='par_1_66' title="bbox 1892 3655 3455 3724">
     <span class='ocr_line' id='line_1_66' title="bbox 1892 3655 3455 3724; baseline -0.003 -14"><span class='ocrx_word' id='word_1_420' title='bbox 1892 3658 2066 3724; x_wconf 90' lang='lat' dir='ltr'><strong>Quam</strong></span> <span class='ocrx_word' id='word_1_421' title='bbox 2103 3658 2448 3712; x_wconf 81' lang='lat' dir='ltr'><strong>concordiam</strong></span> <span class='ocrx_word' id='word_1_422' title='bbox 2475 3671 2732 3711; x_wconf 92' lang='lat' dir='ltr'><strong>sonorum</strong></span> <span class='ocrx_word' id='word_1_423' title='bbox 2762 3666 2944 3711; x_wconf 90' lang='lat' dir='ltr'><strong>tonum</strong></span> <span class='ocrx_word' id='word_1_424' title='bbox 2976 3656 3158 3710; x_wconf 86' lang='lat' dir='ltr'><strong>dicunt</strong></span> <span class='ocrx_word' id='word_1_425' title='bbox 3200 3655 3412 3709; x_wconf 68' lang='lat' dir='ltr'><strong>inuisior.</strong></span> <span class='ocrx_word' id='word_1_426' title='bbox 3445 3659 3455 3670; x_wconf 88' lang='lat'>&#39;</span> 
     </span>
    </p>
   </div>
   <div class='ocr_carea' id='block_1_67' title="bbox 1965 3743 3450 3821">
    <p class='ocr_par' dir='ltr' id='par_1_67' title="bbox 1965 3743 3450 3821">
     <span class='ocr_line' id='line_1_67' title="bbox 1965 3743 3450 3821; baseline 0.002 -21"><span class='ocrx_word' id='word_1_427' title='bbox 1965 3746 2173 3803; x_wconf 80' lang='lat' dir='ltr'><strong>llursns</strong></span> <span class='ocrx_word' id='word_1_428' title='bbox 2205 3754 2371 3802; x_wconf 90' lang='lat' dir='ltr'><strong>totam</strong></span> <span class='ocrx_word' id='word_1_429' title='bbox 2403 3744 2645 3821; x_wconf 67' lang='lat' dir='ltr'><strong>ﬂamma:</strong></span> <span class='ocrx_word' id='word_1_430' title='bbox 2684 3746 2945 3802; x_wconf 89' lang='lat' dir='ltr'><strong>chordam</strong></span> <span class='ocrx_word' id='word_1_431' title='bbox 2987 3743 3165 3800; x_wconf 84' lang='lat' dir='ltr'><strong>divide</strong></span> <span class='ocrx_word' id='word_1_432' title='bbox 3202 3758 3297 3815; x_wconf 88' lang='lat' dir='ltr'><strong>per</strong></span> <span class='ocrx_word' id='word_1_433' title='bbox 3338 3748 3450 3811; x_wconf 75' lang='grc' dir='ltr'>ιιιιιιζ</span> 
     </span>
    </p>
   </div>
   <div class='ocr_carea' id='block_1_68' title="bbox 2362 3833 3447 3907">
    <p class='ocr_par' dir='ltr' id='par_1_68' title="bbox 2362 3833 3447 3907">
     <span class='ocr_line' id='line_1_68' title="bbox 2362 3833 3447 3907; baseline -0.006 -14"><span class='ocrx_word' id='word_1_434' title='bbox 2362 3898 2367 3903; x_wconf 48' lang='grc'>,</span> <span class='ocrx_word' id='word_1_435' title='bbox 3068 3855 3075 3861; x_wconf 90' lang='grc'><strong>·</strong></span> <span class='ocrx_word' id='word_1_436' title='bbox 3229 3833 3397 3907; x_wconf 80' lang='lat' dir='ltr'><strong>[tuor,</strong></span> <span class='ocrx_word' id='word_1_437' title='bbox 3444 3842 3447 3845; x_wconf 87' lang='lat'>&#39;</span> 
     </span>
    </p>
   </div>
   <div class='ocr_carea' id='block_1_69' title="bbox 1894 3926 3134 3991">
    <p class='ocr_par' dir='ltr' id='par_1_69' title="bbox 1894 3926 3134 3991">
     <span class='ocr_line' id='line_1_69' title="bbox 1894 3926 3134 3991; baseline -0.001 -9"><span class='ocrx_word' id='word_1_438' title='bbox 1894 3928 2077 3982; x_wconf 83' lang='lat' dir='ltr'><strong>Tertia</strong></span> <span class='ocrx_word' id='word_1_439' title='bbox 2110 3928 2392 3985; x_wconf 76' lang='lat' dir='ltr'><strong>confestim</strong></span> <span class='ocrx_word' id='word_1_440' title='bbox 2417 3937 2576 3985; x_wconf 86' lang='lat' dir='ltr'><strong>canet</strong></span> <span class='ocrx_word' id='word_1_441' title='bbox 2611 3929 2860 3985; x_wconf 85' lang='lat' dir='ltr'><strong>secundae</strong></span> <span class='ocrx_word' id='word_1_442' title='bbox 2886 3926 3134 3991; x_wconf 86' lang='lat' dir='ltr'><strong>vicinior,</strong></span> 
     </span>
    </p>
   </div>
   <div class='ocr_carea' id='block_1_70' title="bbox 1895 4008 3289 4093">
    <p class='ocr_par' dir='ltr' id='par_1_70' title="bbox 1895 4008 3289 4093">
     <span class='ocr_line' id='line_1_70' title="bbox 1895 4008 3289 4093; baseline -0.004 -16"><span class='ocrx_word' id='word_1_443' title='bbox 1895 4025 2188 4079; x_wconf 85' lang='lat' dir='ltr'><strong>Tautillum</strong></span> <span class='ocrx_word' id='word_1_444' title='bbox 2216 4025 2424 4082; x_wconf 88' lang='lat' dir='ltr'><strong>duobus</strong></span> <span class='ocrx_word' id='word_1_445' title='bbox 2455 4025 2594 4082; x_wconf 90' lang='lat' dir='ltr'><strong>tonis</strong></span> <span class='ocrx_word' id='word_1_446' title='bbox 2630 4022 2749 4093; x_wconf 91' lang='lat' dir='ltr'><strong>plus</strong></span> <span class='ocrx_word' id='word_1_447' title='bbox 2779 4031 2863 4078; x_wconf 88' lang='lat' dir='ltr'><strong>est</strong></span> <span class='ocrx_word' id='word_1_448' title='bbox 2897 4008 3235 4074; x_wconf 83' lang='lat' dir='ltr'><strong>diatessaron</strong></span> <span class='ocrx_word' id='word_1_449' title='bbox 3288 4068 3289 4071; x_wconf 44' lang='grc' dir='ltr'><strong>η</strong></span> 
     </span>
    </p>
   </div>
   <div class='ocr_carea' id='block_1_71' title="bbox 1897 4111 3175 4184">
    <p class='ocr_par' dir='ltr' id='par_1_71' title="bbox 1897 4111 3175 4184">
     <span class='ocr_line' id='line_1_71' title="bbox 1897 4111 3175 4184; baseline -0.006 -16"><span class='ocrx_word' id='word_1_450' title='bbox 1897 4112 2252 4169; x_wconf 86' lang='lat' dir='ltr'><strong>Setnitonium</strong></span> <span class='ocrx_word' id='word_1_451' title='bbox 2283 4122 2507 4171; x_wconf 87' lang='lat' dir='ltr'><strong>vocatur</strong></span> <span class='ocrx_word' id='word_1_452' title='bbox 2531 4114 2704 4184; x_wconf 89' lang='lat' dir='ltr'><strong>ipsum</strong></span> <span class='ocrx_word' id='word_1_453' title='bbox 2732 4111 2897 4167; x_wconf 88' lang='lat' dir='ltr'><strong>breve</strong></span> <span class='ocrx_word' id='word_1_454' title='bbox 2924 4112 3175 4180; x_wconf 87' lang='lat' dir='ltr'><strong>spatium,</strong></span> 
     </span>
    </p>
   </div>
   <div class='ocr_carea' id='block_1_72' title="bbox 1895 4199 3466 4277">
    <p class='ocr_par' dir='ltr' id='par_1_72' title="bbox 1895 4199 3466 4277">
     <span class='ocr_line' id='line_1_72' title="bbox 1895 4199 3466 4277; baseline -0.006 -15"><span class='ocrx_word' id='word_1_455' title='bbox 1895 4207 2077 4262; x_wconf 80' lang='lat' dir='ltr'><strong>Tenus</strong></span> <span class='ocrx_word' id='word_1_456' title='bbox 2098 4221 2227 4261; x_wconf 84' lang='lat' dir='ltr'><strong>vero</strong></span> <span class='ocrx_word' id='word_1_457' title='bbox 2255 4216 2360 4269; x_wconf 90' lang='lat' dir='ltr'><strong>est,</strong></span> <span class='ocrx_word' id='word_1_458' title='bbox 2387 4222 2545 4277; x_wconf 88' lang='lat' dir='ltr'><strong>quem</strong></span> <span class='ocrx_word' id='word_1_459' title='bbox 2576 4204 2705 4259; x_wconf 82' lang='lat' dir='ltr'><strong>facit</strong></span> <span class='ocrx_word' id='word_1_460' title='bbox 2739 4218 2927 4258; x_wconf 90' lang='lat' dir='ltr'><strong>norma</strong></span> <span class='ocrx_word' id='word_1_461' title='bbox 2961 4215 3152 4255; x_wconf 86' lang='lat' dir='ltr'><strong>novem</strong></span> <span class='ocrx_word' id='word_1_462' title='bbox 3211 4199 3466 4269; x_wconf 88' lang='lat' dir='ltr'><strong>partium.</strong></span> 
     </span>
    </p>
   </div>
   <div class='ocr_carea' id='block_1_73' title="bbox 1897 4289 3205 4366">
    <p class='ocr_par' dir='ltr' id='par_1_73' title="bbox 1897 4289 3205 4366">
     <span class='ocr_line' id='line_1_73' title="bbox 1897 4289 3205 4366; baseline -0.005 -15"><span class='ocrx_word' id='word_1_463' title='bbox 1897 4297 1972 4351; x_wconf 72' lang='lat' dir='ltr'><strong>lic</strong></span> <span class='ocrx_word' id='word_1_464' title='bbox 2005 4296 2287 4366; x_wconf 87' lang='lat' dir='ltr'><strong>quaternis</strong></span> <span class='ocrx_word' id='word_1_465' title='bbox 2312 4295 2474 4350; x_wconf 87' lang='lat' dir='ltr'><strong>habet</strong></span> <span class='ocrx_word' id='word_1_466' title='bbox 2499 4294 2837 4350; x_wconf 86' lang='lat' dir='ltr'><strong>diatessaron</strong></span> <span class='ocrx_word' id='word_1_467' title='bbox 2865 4289 3205 4347; x_wconf 85' lang='lat' dir='ltr'><strong>vocabulum.</strong></span> 
     </span>
    </p>
   </div>
   <div class='ocr_carea' id='block_1_74' title="bbox 1894 4383 3025 4455">
    <p class='ocr_par' dir='ltr' id='par_1_74' title="bbox 1894 4383 3025 4455">
     <span class='ocr_line' id='line_1_74' title="bbox 1894 4383 3025 4455; baseline -0.008 -13"><span class='ocrx_word' id='word_1_468' title='bbox 1894 4387 1997 4455; x_wconf 80' lang='lat' dir='ltr'><strong>ipsi</strong></span> <span class='ocrx_word' id='word_1_469' title='bbox 2029 4399 2186 4441; x_wconf 87' lang='lat' dir='ltr'><strong>tonus</strong></span> <span class='ocrx_word' id='word_1_470' title='bbox 2207 4386 2252 4441; x_wconf 84' lang='lat' dir='ltr'><strong>si</strong></span> <span class='ocrx_word' id='word_1_471' title='bbox 2282 4384 2809 4454; x_wconf 68' lang='lat' dir='ltr'><strong>addatur,,diapente</strong></span> <span class='ocrx_word' id='word_1_472' title='bbox 2829 4383 3025 4445; x_wconf 89' lang='lat' dir='ltr'><strong>oritur,</strong></span> 
     </span>
    </p>
   </div>
   <div class='ocr_carea' id='block_1_75' title="bbox 1896 4467 3470 4545">
    <p class='ocr_par' dir='ltr' id='par_1_75' title="bbox 1896 4467 3470 4545">
     <span class='ocr_line' id='line_1_75' title="bbox 1896 4467 3470 4545; baseline -0.006 -16"><span class='ocrx_word' id='word_1_473' title='bbox 1896 4474 2049 4542; x_wconf 84' lang='lat' dir='ltr'><strong>Quod</strong></span> <span class='ocrx_word' id='word_1_474' title='bbox 2087 4476 2154 4530; x_wconf 89' lang='lat' dir='ltr'><strong>de</strong></span> <span class='ocrx_word' id='word_1_475' title='bbox 2187 4475 2426 4545; x_wconf 91' lang='lat' dir='ltr'><strong>quinque</strong></span> <span class='ocrx_word' id='word_1_476' title='bbox 2464 4488 2660 4530; x_wconf 87' lang='lat' dir='ltr'><strong>nomen</strong></span> <span class='ocrx_word' id='word_1_477' title='bbox 2699 4471 2944 4529; x_wconf 62' lang='lat' dir='ltr'><strong>Graecum</strong></span> <span class='ocrx_word' id='word_1_478' title='bbox 2982 4471 3034 4524; x_wconf 90' lang='lat' dir='ltr'><strong>in</strong></span> <span class='ocrx_word' id='word_1_479' title='bbox 3076 4467 3322 4523; x_wconf 85' lang='lat' dir='ltr'><strong>Latinum</strong></span> <span class='ocrx_word' id='word_1_480' title='bbox 3351 4482 3470 4539; x_wconf 73' lang='lat' dir='ltr'><strong>vcr-</strong></span> 
     </span>
    </p>
   </div>
   <div class='ocr_carea' id='block_1_76' title="bbox 3218 4556 3441 4629">
    <p class='ocr_par' dir='ltr' id='par_1_76' title="bbox 3218 4556 3441 4629">
     <span class='ocr_line' id='line_1_76' title="bbox 3218 4556 3441 4629; baseline 0 -20"><span class='ocrx_word' id='word_1_481' title='bbox 3218 4556 3399 4629; x_wconf 84' lang='lat' dir='ltr'><strong>[titur.</strong></span> <span class='ocrx_word' id='word_1_482' title='bbox 3432 4576 3441 4583; x_wconf 58' lang='grc' dir='ltr'><strong>ε</strong></span> 
     </span>
    </p>
   </div>
   <div class='ocr_carea' id='block_1_77' title="bbox 1818 4627 3463 4727">
    <p class='ocr_par' dir='ltr' id='par_1_77' title="bbox 1818 4627 3463 4727">
     <span class='ocr_line' id='line_1_77' title="bbox 1818 4627 3463 4727; baseline -0.009 -14"><span class='ocrx_word' id='word_1_483' title='bbox 1818 4627 1866 4689; x_wconf 76' lang='lat' dir='ltr'><strong><em>C</em></strong></span> <span class='ocrx_word' id='word_1_484' title='bbox 1903 4658 2034 4712; x_wconf 83' lang='lat' dir='ltr'><strong>Nam</strong></span> <span class='ocrx_word' id='word_1_485' title='bbox 2063 4658 2106 4711; x_wconf 89' lang='lat' dir='ltr'><strong>si</strong></span> <span class='ocrx_word' id='word_1_486' title='bbox 2133 4673 2323 4727; x_wconf 83' lang='lat' dir='ltr'><strong>passus</strong></span> <span class='ocrx_word' id='word_1_487' title='bbox 2341 4666 2526 4711; x_wconf 88' lang='lat' dir='ltr'><strong>ternos</strong></span> <span class='ocrx_word' id='word_1_488' title='bbox 2556 4654 2705 4719; x_wconf 80' lang='lat' dir='ltr'><strong>facit,</strong></span> <span class='ocrx_word' id='word_1_489' title='bbox 2736 4652 2973 4721; x_wconf 90' lang='lat' dir='ltr'><strong>quinque</strong></span> <span class='ocrx_word' id='word_1_490' title='bbox 3001 4658 3210 4703; x_wconf 83' lang='lat' dir='ltr'><strong>conSIat</strong></span> <span class='ocrx_word' id='word_1_491' title='bbox 3229 4647 3463 4703; x_wconf 87' lang='lat' dir='ltr'><strong>vocibus.</strong></span> 
     </span>
    </p>
   </div>
   <div class='ocr_carea' id='block_1_78' title="bbox 1900 4737 3310 4818">
    <p class='ocr_par' dir='ltr' id='par_1_78' title="bbox 1900 4737 3310 4818">
     <span class='ocr_line' id='line_1_78' title="bbox 1900 4737 3310 4818; baseline -0.011 -13"><span class='ocrx_word' id='word_1_492' title='bbox 1900 4749 2026 4805; x_wconf 87' lang='lat' dir='ltr'><strong>lude</strong></span> <span class='ocrx_word' id='word_1_493' title='bbox 2058 4749 2231 4818; x_wconf 89' lang='lat' dir='ltr'><strong>prima</strong></span> <span class='ocrx_word' id='word_1_494' title='bbox 2268 4747 2417 4802; x_wconf 91' lang='lat' dir='ltr'><strong>dabit</strong></span> <span class='ocrx_word' id='word_1_495' title='bbox 2447 4756 2673 4817; x_wconf 72' lang='lat' dir='ltr'><strong>quartre,</strong></span> <span class='ocrx_word' id='word_1_496' title='bbox 2713 4741 2993 4813; x_wconf 89' lang='lat' dir='ltr'><strong>quaternis</strong></span> <span class='ocrx_word' id='word_1_497' title='bbox 3032 4737 3310 4802; x_wconf 88' lang='lat' dir='ltr'><strong>indicium,</strong></span> 
     </span>
    </p>
   </div>
   <div class='ocr_carea' id='block_1_79' title="bbox 1900 4831 3438 4909">
    <p class='ocr_par' dir='ltr' id='par_1_79' title="bbox 1900 4831 3438 4909">
     <span class='ocr_line' id='line_1_79' title="bbox 1900 4831 3438 4909; baseline -0.01 -16"><span class='ocrx_word' id='word_1_498' title='bbox 1900 4840 1965 4893; x_wconf 89' lang='lat' dir='ltr'><strong>Et</strong></span> <span class='ocrx_word' id='word_1_499' title='bbox 1994 4841 2227 4894; x_wconf 87' lang='lat' dir='ltr'><strong>secunda</strong></span> <span class='ocrx_word' id='word_1_500' title='bbox 2264 4838 2428 4893; x_wconf 90' lang='lat' dir='ltr'><strong>servit</strong></span> <span class='ocrx_word' id='word_1_501' title='bbox 2458 4836 2659 4906; x_wconf 63' lang='lat' dir='ltr'><strong>quintae</strong></span> <span class='ocrx_word' id='word_1_502' title='bbox 2692 4848 2790 4904; x_wconf 92' lang='lat' dir='ltr'><strong>per</strong></span> <span class='ocrx_word' id='word_1_503' title='bbox 2813 4831 3059 4887; x_wconf 89' lang='lat' dir='ltr'><strong>eumdem</strong></span> <span class='ocrx_word' id='word_1_504' title='bbox 3095 4843 3396 4883; x_wconf 80' lang='lat' dir='ltr'><strong>numerum.</strong></span> <span class='ocrx_word' id='word_1_505' title='bbox 3432 4899 3438 4909; x_wconf 30' lang='grc' dir='ltr'><strong>Ι</strong></span> 
     </span>
    </p>
   </div>
   <div class='ocr_carea' id='block_1_80' title="bbox 1901 4915 3428 4991">
    <p class='ocr_par' dir='ltr' id='par_1_80' title="bbox 1901 4915 3428 4991">
     <span class='ocr_line' id='line_1_80' title="bbox 1901 4915 3428 4991; baseline -0.011 -9"><span class='ocrx_word' id='word_1_506' title='bbox 1901 4926 2083 4982; x_wconf 81' lang='lat' dir='ltr'><strong>Tertia</strong></span> <span class='ocrx_word' id='word_1_507' title='bbox 2116 4926 2365 4982; x_wconf 88' lang='lat' dir='ltr'><strong>conducit</strong></span> <span class='ocrx_word' id='word_1_508' title='bbox 2394 4934 2621 4984; x_wconf 67' lang='lat' dir='ltr'><strong>sextam.</strong></span> <span class='ocrx_word' id='word_1_509' title='bbox 2650 4936 2823 4991; x_wconf 87' lang='lat' dir='ltr'><strong>neque</strong></span> <span class='ocrx_word' id='word_1_510' title='bbox 2848 4927 3017 4975; x_wconf 88' lang='lat' dir='ltr'><strong>mutat</strong></span> <span class='ocrx_word' id='word_1_511' title='bbox 3043 4915 3329 4977; x_wconf 86' lang='lat' dir='ltr'><strong>calculum,</strong></span> <span class='ocrx_word' id='word_1_512' title='bbox 3425 4985 3428 4988; x_wconf 8' lang='grc' dir='ltr'><strong><em>ξ</em></strong></span> 
     </span>
    </p>
   </div>
   <div class='ocr_carea' id='block_1_81' title="bbox 1898 5008 3403 5091">
    <p class='ocr_par' dir='ltr' id='par_1_81' title="bbox 1898 5008 3403 5091">
     <span class='ocr_line' id='line_1_81' title="bbox 1898 5008 3403 5091; baseline -0.009 -16"><span class='ocrx_word' id='word_1_513' title='bbox 1898 5019 2076 5075; x_wconf 88' lang='lat' dir='ltr'><strong>Causa</strong></span> <span class='ocrx_word' id='word_1_514' title='bbox 2105 5020 2346 5091; x_wconf 75' lang='lat' dir='ltr'><strong>septima:</strong></span> <span class='ocrx_word' id='word_1_515' title='bbox 2376 5033 2405 5073; x_wconf 89' lang='lat' dir='ltr'><strong>a</strong></span> <span class='ocrx_word' id='word_1_516' title='bbox 2432 5017 2659 5074; x_wconf 82' lang='lat' dir='ltr'><strong>Gamma</strong></span> <span class='ocrx_word' id='word_1_517' title='bbox 2697 5015 2810 5088; x_wconf 69' lang='grc'><strong>(25)</strong></span> <span class='ocrx_word' id='word_1_518' title='bbox 2836 5014 2919 5070; x_wconf 80' lang='lat' dir='ltr'><strong>fac</strong></span> <span class='ocrx_word' id='word_1_519' title='bbox 2951 5014 3116 5069; x_wconf 91' lang='lat' dir='ltr'><strong>totius</strong></span> <span class='ocrx_word' id='word_1_520' title='bbox 3148 5008 3403 5074; x_wconf 86' lang='lat' dir='ltr'><strong>medium,</strong></span> 
     </span>
    </p>
   </div>
   <div class='ocr_carea' id='block_1_82' title="bbox 1896 5092 3433 5179">
    <p class='ocr_par' dir='ltr' id='par_1_82' title="bbox 1896 5092 3433 5179">
     <span class='ocr_line' id='line_1_82' title="bbox 1896 5092 3433 5179; baseline -0.01 -14"><span class='ocrx_word' id='word_1_521' title='bbox 1896 5110 2049 5166; x_wconf 87' lang='lat' dir='ltr'><strong>Tunc</strong></span> <span class='ocrx_word' id='word_1_522' title='bbox 2080 5127 2108 5164; x_wconf 91' lang='lat' dir='ltr'><strong>a</strong></span> <span class='ocrx_word' id='word_1_523' title='bbox 2137 5110 2311 5179; x_wconf 90' lang='lat' dir='ltr'><strong>prima</strong></span> <span class='ocrx_word' id='word_1_524' title='bbox 2350 5110 2427 5165; x_wconf 91' lang='lat' dir='ltr'><strong>sic</strong></span> <span class='ocrx_word' id='word_1_525' title='bbox 2452 5118 2644 5163; x_wconf 87' lang='lat' dir='ltr'><strong>octava</strong></span> <span class='ocrx_word' id='word_1_526' title='bbox 2676 5107 2851 5161; x_wconf 88' lang='lat' dir='ltr'><strong>locum</strong></span> <span class='ocrx_word' id='word_1_527' title='bbox 2878 5104 3042 5160; x_wconf 89' lang='lat' dir='ltr'><strong>sumit</strong></span> <span class='ocrx_word' id='word_1_528' title='bbox 3070 5099 3365 5172; x_wconf 83' lang='lat' dir='ltr'><strong>proprium.</strong></span> <span class='ocrx_word' id='word_1_529' title='bbox 3430 5092 3433 5095; x_wconf 79' lang='grc'><em>’</em></span> 
     </span>
    </p>
   </div>
   <div class='ocr_carea' id='block_1_83' title="bbox 1895 5200 3318 5271">
    <p class='ocr_par' dir='ltr' id='par_1_83' title="bbox 1895 5200 3318 5271">
     <span class='ocr_line' id='line_1_83' title="bbox 1895 5200 3318 5271; baseline -0.01 -15"><span class='ocrx_word' id='word_1_530' title='bbox 1895 5201 2006 5257; x_wconf 80' lang='lat' dir='ltr'><strong>lino</strong></span> <span class='ocrx_word' id='word_1_531' title='bbox 2036 5202 2209 5271; x_wconf 89' lang='lat' dir='ltr'><strong>prima</strong></span> <span class='ocrx_word' id='word_1_532' title='bbox 2240 5203 2301 5255; x_wconf 85' lang='lat' dir='ltr'><strong>tit</strong></span> <span class='ocrx_word' id='word_1_533' title='bbox 2334 5214 2363 5254; x_wconf 89' lang='lat' dir='ltr'><strong>a</strong></span> <span class='ocrx_word' id='word_1_534' title='bbox 2387 5200 2585 5270; x_wconf 86' lang='lat' dir='ltr'><strong>prima,</strong></span> <span class='ocrx_word' id='word_1_535' title='bbox 2615 5212 2786 5268; x_wconf 89' lang='lat' dir='ltr'><strong>neque</strong></span> <span class='ocrx_word' id='word_1_536' title='bbox 2809 5201 2981 5249; x_wconf 88' lang='lat' dir='ltr'><strong>mutat</strong></span> <span class='ocrx_word' id='word_1_537' title='bbox 3008 5203 3318 5247; x_wconf 63' lang='lat' dir='ltr'><strong>numerum.</strong></span> 
     </span>
    </p>
   </div>
   <div class='ocr_carea' id='block_1_84' title="bbox 1896 5282 3258 5355">
    <p class='ocr_par' dir='ltr' id='par_1_84' title="bbox 1896 5282 3258 5355">
     <span class='ocr_line' id='line_1_84' title="bbox 1896 5282 3258 5355; baseline -0.008 -9"><span class='ocrx_word' id='word_1_538' title='bbox 1896 5291 1987 5347; x_wconf 90' lang='lat' dir='ltr'><strong>Sic</strong></span> <span class='ocrx_word' id='word_1_539' title='bbox 2016 5292 2250 5348; x_wconf 80' lang='lat' dir='ltr'><strong>secunda</strong></span> <span class='ocrx_word' id='word_1_540' title='bbox 2271 5291 2362 5346; x_wconf 89' lang='lat' dir='ltr'><strong>dat</strong></span> <span class='ocrx_word' id='word_1_541' title='bbox 2389 5292 2697 5354; x_wconf 90' lang='lat' dir='ltr'><strong>secundam,</strong></span> <span class='ocrx_word' id='word_1_542' title='bbox 2728 5284 2992 5355; x_wconf 86' lang='lat' dir='ltr'><strong>tertiaque</strong></span> <span class='ocrx_word' id='word_1_543' title='bbox 3016 5282 3226 5338; x_wconf 80' lang='lat' dir='ltr'><strong>tertiam</strong></span> <span class='ocrx_word' id='word_1_544' title='bbox 3244 5320 3258 5344; x_wconf 94' lang='lat'><strong>,</strong></span> 
     </span>
    </p>
   </div>
   <div class='ocr_carea' id='block_1_85' title="bbox 1899 5367 3535 5534">
    <p class='ocr_par' dir='ltr' id='par_1_85' title="bbox 1899 5367 3535 5534">
     <span class='ocr_line' id='line_1_85' title="bbox 1899 5367 3535 5534; baseline -0.01 -97"><span class='ocrx_word' id='word_1_545' title='bbox 1899 5383 2100 5453; x_wconf 87' lang='lat' dir='ltr'><strong>Quarta</strong></span> <span class='ocrx_word' id='word_1_546' title='bbox 2130 5392 2399 5454; x_wconf 83' lang='lat' dir='ltr'><strong>quartam,</strong></span> <span class='ocrx_word' id='word_1_547' title='bbox 2429 5381 2617 5454; x_wconf 88' lang='lat' dir='ltr'><strong>quinta</strong></span> <span class='ocrx_word' id='word_1_548' title='bbox 2642 5379 2910 5451; x_wconf 88' lang='lat' dir='ltr'><strong>quintam,</strong></span> <span class='ocrx_word' id='word_1_549' title='bbox 2937 5389 3164 5446; x_wconf 68' lang='lat' dir='ltr'><strong>qumque</strong></span> <span class='ocrx_word' id='word_1_550' title='bbox 3182 5386 3352 5534; x_wconf 70' lang='lat' dir='ltr'><strong>Isuam</strong></span> <span class='ocrx_word' id='word_1_551' title='bbox 3382 5367 3445 5435; x_wconf 81' lang='lat' dir='ltr'><strong>lit</strong></span> <span class='ocrx_word' id='word_1_552' title='bbox 3532 5404 3535 5408; x_wconf 56' lang='grc' dir='ltr'><strong>ι</strong></span> 
     </span>
     <span class='ocr_line' id='line_1_86' title="bbox 2824 5466 3427 5513; baseline -0.013 1"><span class='ocrx_word' id='word_1_553' title='bbox 2824 5482 2827 5487; x_wconf 56' lang='grc' dir='ltr'>λ</span> <span class='ocrx_word' id='word_1_554' title='bbox 3212 5466 3427 5513; x_wconf 56' lang='lat' dir='ltr'><strong>teram;</strong></span> 
     </span>
    </p>
   </div>
   <div class='ocr_carea' id='block_1_86' title="bbox 2824 5466 3427 5513">
    <p class='ocr_par' dir='ltr' id='par_1_86' title="bbox 2824 5466 3427 5513">
     <span class='ocr_line' id='line_1_87' title="bbox 2824 5466 3427 5513; baseline -0.012 1"><span class='ocrx_word' id='word_1_555' title='bbox 2824 5482 2827 5487; x_wconf 75' lang='lat'><em>‘</em></span> <span class='ocrx_word' id='word_1_556' title='bbox 3182 5466 3427 5513; x_wconf 79' lang='lat' dir='ltr'><strong>lteram.‘</strong></span> 
     </span>
    </p>
   </div>
   <div class='ocr_carea' id='block_1_87' title="bbox 292 5567 3427 5667">
    <p class='ocr_par' dir='ltr' id='par_1_87' title="bbox 292 5567 3427 5667">
     <span class='ocr_line' id='line_1_88' title="bbox 292 5567 3427 5667; baseline -0.009 -20"><span class='ocrx_word' id='word_1_557' title='bbox 292 5589 409 5661; x_wconf 65' lang='lat'><strong>(23)</strong></span> <span class='ocrx_word' id='word_1_558' title='bbox 432 5589 591 5667; x_wconf 39' lang='grc' dir='ltr'><strong>Ϋηνὶ</strong></span> <span class='ocrx_word' id='word_1_559' title='bbox 624 5588 893 5667; x_wconf 66' lang='lat' dir='ltr'><strong>(Leujus)</strong></span> <span class='ocrx_word' id='word_1_560' title='bbox 926 5589 1079 5665; x_wconf 86' lang='lat' dir='ltr'><strong>clare</strong></span> <span class='ocrx_word' id='word_1_561' title='bbox 1108 5588 1291 5665; x_wconf 74' lang='lat' dir='ltr'><strong>parvis</strong></span> <span class='ocrx_word' id='word_1_562' title='bbox 1323 5595 1541 5657; x_wconf 77' lang='lat' dir='ltr'><strong>pateant</strong></span> <span class='ocrx_word' id='word_1_563' title='bbox 1567 5584 1805 5655; x_wconf 83' lang='lat' dir='ltr'><strong>puerulis</strong></span> <span class='ocrx_word' id='word_1_564' title='bbox 1829 5599 1947 5653; x_wconf 69' lang='lat' dir='ltr'><strong>qum</strong></span> <span class='ocrx_word' id='word_1_565' title='bbox 2001 5597 2258 5638; x_wconf 79' lang='lat' dir='ltr'><strong>vocamus</strong></span> <span class='ocrx_word' id='word_1_566' title='bbox 2320 5580 2413 5634; x_wconf 84' lang='lat' dir='ltr'><strong>sic</strong></span> <span class='ocrx_word' id='word_1_567' title='bbox 2455 5580 2746 5648; x_wconf 83' lang='lat' dir='ltr'><strong>primarum</strong></span> <span class='ocrx_word' id='word_1_568' title='bbox 2804 5576 3104 5631; x_wconf 86' lang='lat' dir='ltr'><strong>litterarum</strong></span> <span class='ocrx_word' id='word_1_569' title='bbox 3171 5567 3427 5639; x_wconf 75' lang='lat' dir='ltr'><strong>spatium:</strong></span> 
     </span>
    </p>
   </div>
   <div class='ocr_carea' id='block_1_88' title="bbox 224 5657 855 5803">
    <p class='ocr_par' dir='ltr' id='par_1_88' title="bbox 224 5657 855 5803">
     <span class='ocr_line' id='line_1_89' title="bbox 224 5657 855 5803; baseline -0.003 -19"><span class='ocrx_word' id='word_1_570' title='bbox 224 5657 545 5803; x_wconf 39' lang='lat' dir='ltr'><strong>“iiii?</strong></span> <span class='ocrx_word' id='word_1_571' title='bbox 585 5730 712 5800; x_wconf 79' lang='lat' dir='ltr'><strong>facit</strong></span> <span class='ocrx_word' id='word_1_572' title='bbox 744 5731 855 5799; x_wconf 75' lang='lat' dir='ltr'><strong>rjus</strong></span> 
     </span>
    </p>
   </div>
  </div>
