3944 6380
482 332 593 394 467
658 346 668 357 ⁸

484 454 738 509 Gravium
764 463 976 510 acutam
1008 453 1187 527 signat
1212 471 1309 528 per
1334 459 1579 515 eamdem
1611 457 1869 527 litteram,

487 546 647 602 Vocis
673 546 859 618 prima:
885 548 952 602 ad
981 557 1227 628 octavam
1253 549 1338 605 vel
1364 552 1609 607 eamdem
1640 551 1895 607 litteram.

484 636 638 700 lianc
662 638 1006 694 concordiam
1033 654 1287 695 sonorum
1311 640 1570 711 diapason
1610 642 1915 707 nominant,

483 727 650 797 Cujus
674 744 870 790 nomen
898 740 983 787 est
1016 732 1083 789 de
1119 734 1328 789 cunctis
1358 733 1676 789 translatum
1707 735 1775 790 ad
1804 734 2085 803 litteram,,

485 818 688 877 Omnes
715 821 842 897 quia
866 821 1029 883 habet
1051 837 1235 893 voces,
1270 824 1353 881 vel
1381 826 1506 897 quia
1536 833 1700 881 totam
1740 825 1938 881 lineam

484 909 591 965 Per
615 904 751 968 duos
779 915 1016 985 partitur
1040 931 1235 986 passus
1261 915 1315 971 in
1345 917 1592 976 eamdem
1617 917 1854 974 litteram

484 1001 561 1056 Ea
590 1002 781 1075 hisque
803 1007 1073 1076 geminata
1102 1004 1526 1075 monoch'ordum
1559 1011 1832 1067 terminat.

484 1088 737 1162 Quinque
762 1094 927 1153 habet
952 1096 1067 1167 ipsa
1096 1104 1278 1167 tonos,
1301 1098 1408 1154 duo
1437 1098 1753 1164 semitonia.

485 1179 662 1237 llabet
687 1183 739 1239 in
770 1199 829 1240 se
861 1186 1127 1258 diapente,
1163 1199 1326 1260 atque
1346 1189 1708 1257 diatessaron,

489 1272 725 1331 Maxima
751 1277 1191 1347 symphoniarum
1219 1288 1485 1338 et.vocum
1514 1291 1597 1347 est
1622 1282 1820 1337 unitas.

486 1362 673 1430 Miror,
707 1376 939 1438 quatuor
964 1358 1223 1439 quosdam
1255 1370 1449 1427 fecisse
1473 1372 1624 1441 signa
1655 1371 1900 1436 vocibus,

488 1456 652 1528 Quasi
690 1461 891 1539 quinta:
929 1461 1039 1519 sint
1078 1462 1314 1535 eaedem,
1358 1478 1586 1533 quarum
1618 1463 1861 1534 quaedam
1891 1461 2063 1517 disso-

530 1582 535 1585 -
578 1588 581 1591 η
610 1588 613 1591 ι
1825 1554 1999 1628 [nant.

491 1642 771 1713 Quasdam,
802 1648 1048 1718 quamvis
1074 1649 1185 1704 sint
1214 1648 1421 1713 amnes,
1451 1663 1559 1705 non
1600 1647 1839 1720 perfecte
1876 1660 2070 1723 conso-

1797 1742 1801 1750 ·
1821 1739 1997 1815 [nant.

973 1831 1108 1886 Item
1142 1832 1207 1887 de
1233 1832 1586 1889 divisionibus.

486 1947 625 2011 Item
655 1948 882 2014 Gamma
912 1951 980 2011 de
1013 1952 1240 2013 novenis
1266 1953 1533 2023 passibus,
1564 1968 1701 2025 quos
1728 1946 1983 2022 diximus,

489 2039 647 2095 Sicut
665 2041 894 2110 primam
917 2056 1108 2111 passus
1130 2044 1355 2114 primus,
1382 2045 1461 2105 sic
1481 2044 1573 2099 dat
1595 2052 1840 2116 quartam
1863 2044 2073 2113 tertius,

486 2129 728 2192 Primam
763 2132 1013 2204 quintus,
1057 2145 1305 2208 quartam
1353 2144 1557 2204 sextus,
1600 2137 1832 2209 primam
1886 2152 2075 2194 rursus

1612 2211 1618 2217 θ
1699 2225 2002 2303 [septimus

486 2317 688 2380 Prima:
713 2335 927 2397 quoque
957 2336 1146 2392 passus
1173 2322 1382 2393 primus
1402 2328 1462 2377 ut
1491 2321 1784 2389 secundam
1828 2318 2039 2391 statuit.

491 2410 589 2467 Sic
615 2421 671 2468 et
697 2414 887 2470 tertius
915 2413 970 2476 in
997 2414 1184 2484 quinta
1215 2415 1378 2470 finem
1405 2428 1562 2472 suum
1589 2412 1863 2477 terminat.

494 2501 730 2570 Quintus
763 2503 906 2560 idem
953 2503 1048 2559 dat
1093 2505 1420 2570 secundam,
1466 2510 1653 2567 sextus
1701 2503 1943 2574 quintam
1991 2513 2079 2556 reu-

528 2576 536 2583 ’
1610 2606 1615 2611 ·
1800 2591 2006 2665 [uovat.

487 2680 708 2745 Primus
733 2696 950 2754 quoque
972 2681 1041 2739 de
1068 2683 1350 2753 quaternis
1374 2683 1616 2740 Gammze
1645 2682 1806 2740 dictis
1834 2684 2081 2755 passibus

494 2770 653 2827 Sicut
681 2771 894 2827 tertiam
929 2772 1286 2839 demonstrat,
1315 2774 1396 2830 sic
1422 2775 1691 2831 secundus
1718 2774 2023 2845 septimam.

491 2860 714 2924 Tertius
735 2862 979 2925 eamdem
1006 2863 1183 2936 signat
1206 2865 1532 2944 triplicatam
1555 2859 1865 2935 'septimam.

499 2949 743 3009 Tertiam
767 2966 982 3026 quoque
1009 2953 1341 3024 quadrando,
1372 2964 1430 3010 ut
1455 2964 1662 3017 sextam
1694 2955 1973 3015 edicimus.

497 3041 594 3101 Sic
620 3058 744 3101 mox
774 3044 947 3100 altero
971 3044 1024 3100 in
1045 3060 1210 3116 passu
1234 3047 1447 3103 tertiam
1470 3047 1840 3115 rescribimus,

498 3134 674 3203 Quam
704 3135 1024 3207 quadrando
1047 3153 1236 3194 rursus
1263 3146 1470 3194 sextam
1498 3138 1719 3195 alteram
1748 3127 2080 3210 perlicimns.

1821 343 2142 406 CUIDONlS
2170 340 2453 401 ARETINI

2304 458 2437 529 Quae
2470 471 2615 514 voces
2639 453 2830 513 eteuari
2854 453 2935 512 aet
2959 455 3170 531 grauari
3192 455 3415 528 possint.

2164 575 2307 642 Ergo
2331 581 2523 643 quater
2546 570 2743 628 elevari
2776 570 2858 627 vel
2888 570 3102 644 gravari
3130 578 3381 643 poterunt

2164 665 2367 731 Prima,
2402 664 2558 720 tertia
2585 672 2639 718 et
2664 670 2878 735 quarta,
2900 662 3087 733 quinta
3114 673 3276 732 atque
3300 661 3562 733 septima;

2166 756 2344 815 Sexta:
2372 771 2501 813 vero
2527 763 2581 811 et
2600 755 2851 811 secundae
2881 770 2987 810 non
3019 765 3103 810 est
3124 754 3240 809 hate
3264 753 3505 811 licentia.

2163 848 2298 905 Nam
2333 847 2564 903 secunda
2585 846 2653 901 ad
2675 844 3023 915 subquartam
3053 843 3276 899 minime
3301 842 3625 915 gravabitur,

2118 995 2122 999 ,
2164 937 2341 1009 Atque
2370 952 2539 1009 usque
2566 952 2729 1007 super
2750 937 2994 1007 quintam
3024 951 3299 1006 nunquam
3328 935 3638 990 elevabitur.

2168 1031 2551 1102 Superquartm
2578 1039 2633 1085 et
2658 1029 2963 1100 subquintae
2986 1038 3135 1085 sexta
3164 1044 3269 1083 non
3297 1028 3659 1100 conjungitur.

2584 1118 2665 1174 De
2691 1135 2876 1174 vocum
2914 1118 3321 1174 discriminibus.

2169 1209 2469 1267 Semitonia
2497 1216 2554 1265 et
2578 1209 2713 1277 toni,
2734 1194 3231 1285 iquialdissimiliter

2171 1298 2392 1370 Septem
2426 1298 2574 1355 souis
2611 1307 2952 1371 coaptantur,
2996 1308 3201 1370 septem
3244 1305 3370 1353 sunt
3413 1296 3755 1364 discrimina,

2172 1390 2241 1459 Ut
2271 1388 2468 1451 nullius
2486 1388 2642 1467 vOCis
2668 1403 2831 1445 sonus
2860 1389 3000 1446 idem
3035 1389 3105 1444 sit
3133 1388 3185 1443 in
3212 1388 3402 1444 altera.
3443 1375 3448 1379 ’

2170 1480 2408 1537 Vocibus
2445 1489 2624 1534 tamen
2652 1480 2706 1534 in
2750 1488 2953 1550 septem
2983 1480 3227 1550 quaedam
3257 1490 3339 1536 est
3368 1477 3680 1535 concordia".

2172 1571 2327 1644 Saepe
2356 1576 2520 1640 enim,
2547 1573 2593 1628 si
2622 1588 2728 1628 non
2751 1588 2978 1643 semper,
3010 1572 3201 1628 eadem
3220 1573 3512 1645 antiphona

2172 1663 2415 1729 Diversis
2444 1670 2697 1719 cantatur
2718 1662 2887 1728 sonis,
2917 1677 3017 1718 nec
3041 1671 3216 1725 mutat
3247 1663 3609 1720 harmoniam.

2580 1754 2660 1810 De
2686 1765 2915 1830 quatuor
2940 1756 3108 1812 modis
3136 1772 3337 1825 vacuus.

2097 1868 2149 1930 Β
2176 1843 2379 1917 Nempe
2406 1853 2639 1917 quatuor
2665 1854 2793 1901 sunt
2826 1845 2967 1902 modi
2996 1846 3050 1901 in
3080 1847 3319 1916 septenis
3339 1846 3575 1912 vocalis,

2177 1936 2371 2007 Magna
2413 1950 2541 1991 cura
2589 1935 2993 2007 cognoscendi:
3039 1950 3176 2007 quos
3218 1934 3531 2001 Succorum
3571 1937 3765 2008 regula

2176 2025 2422 2091 Protum,
2452 2025 2758 2091 deuterum,
2786 2025 2994 2092 tritum,
3020 2040 3084 2081 ac
3112 2026 3410 2081 tetrardum
3437 2026 3725 2083 nominat:

2175 2114 2373 2173 Protus
2396 2115 2623 2193 primus,
2647 2123 2702 2171 et
2736 2115 3003 2172 secundus
3033 2116 3345 2173 nominatur
3372 2117 3655 2184 deuterus,

2177 2204 2362 2261 Tritus
2388 2205 2580 2261 tertius
2609 2212 2855 2271 vocatur,
2887 2219 2983 2276 qua
2995 2212 3111 2260 rtus
3135 2220 3269 2261 vero
3294 2206 3585 2265 telrardus.

2175 2295 2479 2354 Ordinatim
2504 2295 2865 2366 disponuntur
2893 2295 3072 2351 taliter
3098 2296 3150 2350 in
3173 2296 3417 2359 vocibus.

2370 2386 2448 2442 De
2487 2384 2767 2441 Vicinitate
2790 2390 2970 2441 uocum
2998 2403 3092 2456 per
3117 2397 3344 2458 quatuor
3369 2387 3569 2443 modos.

2179 2478 2423 2552 Namque
2451 2479 2625 2553 prima
2656 2493 2760 2535 vox
2788 2485 2844 2535 et
2870 2487 3063 2549 quarta
3087 2476 3326 2550 primum
3353 2479 3567 2534 modum
3595 2479 3769 2533 exiti.

2180 2668 2251 2724 At
2280 2667 2572 2724 secundam
2599 2667 2693 2722 dat
2720 2666 2978 2731 secunda,
3004 2670 3168 2734 atque
3192 2662 3379 2733 quinta
3401 2662 3624 2738 pariter.

2180 2761 2368 2817 Tertia
2397 2759 2589 2816 collata
2618 2768 2784 2815 sexta:
2809 2772 2952 2828 saepe
2979 2765 3162 2820 cantat
3183 2756 3396 2812 eadem.

2182 2850 2445 2918 Quartum
2475 2847 2693 2906 modum
2724 2848 2811 2904 his
2838 2848 3079 2919 adjungit
3103 2846 3388 2919 singularis
3418 2855 3682 2919 septima.

2183 2944 2314 3012 Quae
2342 2953 2518 2997 tamen
2558 2942 2613 2997 in
2638 2939 2899 3017 elevando
2933 2947 3088 2995 sonat
3112 2938 3251 3009 sicut
3283 2935 3460 3000 tertia,

2184 3032 2569 3090 Descendendo
2602 3031 2704 3088 sibi
2733 3039 2980 3102 quartam
3008 3028 3256 3100 perhibet
3278 3026 3643 3091 sororculazn,

2323 3125 2403 3189 De
2430 3123 2774 3179 similitudine
2802 3120 2940 3177 vocis
2972 3123 3156 3191 prima:
3190 3129 3237 3174 et
3265 3120 3484 3190 quinm.

496 3225 658 3292 Sunt,
693 3226 788 3297 qui
829 3226 1035 3297 addunt
1073 3227 1128 3294 in
1159 3229 1332 3295 acutis
1355 3229 1508 3300 juxta
1537 3230 1765 3313 primam
1792 3230 2027 3286 litteram
2061 3248 2076 3285 :
2108 3244 2153 3307 ο
2186 3216 2566 3313 {istarreferea
2594 3228 2714 3313 eum
2736 3211 2908 3282 prima
2938 3210 3095 3266 valde
3122 3209 3314 3313 quinta
3338 3210 3552 3273 similiS.

497 3317 609 3373 Sed
635 3316 902 3387 Gregorio
930 3334 1035 3383 non
1075 3318 1250 3394 placet
1279 3319 1423 3389 Patri
1455 3320 1569 3384 haec
1596 3320 1837 3388 lascivia.

491 3413 568 3476 At
605 3402 845 3475 moderni
877 3410 1149 3484 sapientes
1176 3410 1319 3475 hanc
1345 3426 1518 3483 neque
1543 3422 1991 3475 commemorant.

496 3503 755 3573 Quamvis
784 3519 913 3577 ergo
941 3503 1081 3579 apud
1106 3503 1365 3577 quosdam
1407 3503 1521 3582 ipsa
1550 3492 1645 3559 ﬁat
1670 3503 1885 3577 vocula,

495 3594 653 3664 Apud
681 3592 879 3661 multos
905 3601 1083 3666 tamen
1108 3593 1231 3662 jure
1262 3594 1459 3660 dicitur
1487 3593 1780 3674 superflua.

496 3684 682 3753 Altera
711 3699 843 3747 vero
865 3683 1100 3754 secunda
1125 3698 1339 3754 semper
1361 3692 1444 3740 est
1469 3683 1801 3747 authentica.

496 3774 636 3841 Nota
665 3782 845 3841 caute,
881 3790 1071 3831 omnes
1098 3775 1206 3829 toni
1238 3789 1428 3830 novem
1458 3774 1591 3828 liunt
1620 3774 1888 3844 passibus,

494 3868 853 3941 Diatessarorr
873 3866 1171 3940 quaternis,
1198 3868 1339 3921 sicut
1365 3881 1525 3936 supra
1552 3867 1807 3933 diximus,

496 3960 761 4031 Diapentn
784 3973 998 4035 semper
1026 3957 1218 4027 tribus,
1254 3957 1517 4026 Diapason
1542 3956 1770 4013 duobus.

496 4051 610 4107 lsto
642 4050 802 4105 modo
829 4047 1256 4116 monachordum
1288 4046 1446 4105 facile
1471 4055 1556 4102 est
1581 4045 1722 4102 fieri.

497 4144 573 4207 At
596 4141 643 4196 si
671 4139 918 4213 cymbala
944 4138 1249 4209 formantur
1275 4137 1602 4207 musicorum
1627 4152 1812 4215 opere,

502 4232 601 4293 lla:
630 4224 896 4299 mensura:
923 4239 1049 4295 sunt
1076 4229 1329 4297 cavenda:
1356 4230 1589 4297 maxime
1620 4230 1672 4295 in
1701 4231 1954 4303 pondere.

505 4324 606 4392 llis
633 4324 902 4381 mensuris
924 4318 1310 4395 comparantur
1329 4332 1385 4379 et
1408 4337 1607 4383 canora
1627 4337 1849 4397 organa,

502 4417 575 4480 Et
597 4430 947 4487 quaecumque
972 4415 1077 4469 rite
1106 4413 1241 4468 fiunt
1282 4413 1609 4469 musicorum
1638 4413 1874 4467 vascula.

506 4508 605 4577 llis
630 4507 897 4564 mensuris
920 4506 1030 4563 Deo
1054 4506 1203 4561 canit
1227 4514 1334 4561 tota
1367 4516 1511 4561 nunc
1540 4503 1806 4560 Ecclesia.

650 4598 845 4666 Omnis,
864 4614 967 4655 vox
996 4598 1244 4667 secunda:
1272 4596 1371 4662 sibi
1394 4596 1639 4668 jungitur
1663 4604 1717 4650 et
1739 4603 1934 4661 tertiae,

507 4693 727 4762 Quarta
759 4706 893 4756 vero
918 4700 1083 4762 atque
1107 4690 1314 4761 quintae.
1334 4704 1439 4757 non
1456 4673 1754 4767 junguntur
1776 4686 1933 4743 aliter-

508 4782 624 4840 Nisi
652 4784 988 4849 diatessaron
1018 4782 1089 4839 sit
1124 4782 1196 4852 ibi
1225 4781 1309 4837 vel
1334 4781 1603 4852 diapente.

509 4876 664 4949 Toup
690 4875 1045 4944 semitoniove
1070 4889 1173 4935 vox
1202 4874 1450 4942 secundae
1474 4872 1738 4944 jungitur,

509 4971 743 5039 Ditonua
768 4983 900 5031 vero
925 4975 982 5034 et
1007 4967 1360 5037 semiditonus
1390 4966 1693 5023 vocabitur.

506 5061 572 5119 Si
600 5076 706 5131 qua
733 5076 869 5128 vero,
890 5075 1001 5131 vox
1020 5058 1159 5115 ultra
1184 5059 1482 5128 secundam
1510 5056 1723 5112 tertiam
1757 5054 2091 5125 adgreditur,

516 5147 867 5206 Diatessaron
895 5150 1147 5215 habetur,
1179 5164 1303 5207 cum
1332 5147 1398 5213 ad
1432 5154 1682 5218 quartam
1713 5144 1989 5224 graditur;L

514 5241 779 5313 Diapente
807 5242 1135 5309 nominatur,
1161 5240 1367 5318 quintae
1398 5253 1519 5301 cum
1541 5237 1907 5309 coniungitur.

515 5330 631 5386 Nisi
661 5332 894 5389 motibus
918 5332 1003 5389 his
1032 5332 1178 5388 senis
1201 5330 1344 5389 nulla
1372 5345 1474 5395 vox
1500 5328 1824 5397 movebitur.

518 5422 707 5479 Omnis
729 5439 858 5497 ergo
885 5425 1149 5481 cantilena
1180 5423 1306 5493 quia
1334 5422 1418 5478 bis
1445 5420 1695 5487 edicitur,

519 5513 711 5583 Moneo
754 5523 825 5581 te,
848 5515 1084 5587 prudens
1105 5522 1324 5579 cantor,
1353 5512 1452 5569 bos
1478 5511 1716 5584 perfecte
1743 5510 1950 5566 discere
1976 5524 1989 5562 :

520 5606 656 5663 Nam
689 5608 779 5689 qui
810 5609 910 5669 hos
934 5607 1090 5689 plene
1118 5605 1414 5689 cognoscit,
1444 5604 1520 5661 nil
1548 5606 1603 5662 in
1636 5610 1794 5665 cantu
1821 5599 2047 5659 dubitat.

603 5825 715 5891 (‘23)
746 5824 809 5878 Β.
848 5825 1066 5887 durum.

2183 3307 2291 3363 Sed
2317 3308 2370 3361 in
2401 3305 2718 3375 deponendo
2746 3311 2985 3368 tantum;
3016 3317 3246 3373 namque
3271 3301 3315 3356 si
3344 3302 3623 3358 notaveris

2183 3397 2482 3451 Semitonia
2512 3404 2568 3451 et
2594 3402 2771 3460 tonos,
2797 3394 2920 3461 hoc,
2946 3402 3006 3448 ut
3028 3392 3204 3459 audis,
3233 3392 3454 3447 videris.

2182 3487 2423 3556 Reliqua:
2451 3484 2565 3554 jam
2591 3499 2720 3540 vero
2745 3498 2908 3540 voces
2932 3482 3036 3539 sibi
3060 3483 3214 3538 valde
3238 3482 3520 3548 dissident,

2186 3577 2353 3634 Suam
2384 3589 2612 3648 quasque
2640 3574 2770 3630 facit
2798 3588 3050 3630 neumam
3073 3572 3227 3628 alteri
3251 3572 3589 3639 dissimilem,

2188 3667 2370 3737 Neque
2397 3682 2508 3723 suae
2541 3666 2686 3722 sedis
2710 3664 2889 3720 locum
2919 3664 3012 3719 dat
3035 3678 3243 3719 neumte
3269 3671 3565 3718 extraneae.

2257 3759 2392 3815 Item
2418 3759 2482 3813 de
2507 3768 2736 3833 quatuor
2764 3756 2925 3830 tropis
2956 3756 3012 3811 in
3042 3769 3153 3810 octo
3180 3756 3486 3826 dispertitis.

2185 3851 2333 3911 Aure
2365 3840 2544 3905 tamen
2578 3849 2813 3913 curiosa,
2841 3846 2995 3902 valde
3028 3846 3133 3901 erit
3160 3847 3312 3910 utile,

2192 3945 2250 4000 Si
2280 3945 2534 4008 advertas
2560 3951 2615 4000 et
2640 3955 2957 4012 cognoscas,
2982 3939 3263 3996 harmonia
3287 3940 3524 4010 qualiter

2190 4035 2435 4103 Quatuor
2460 4042 2686 4089 canatur
2709 4031 2880 4087 modis
2903 4030 3282 4086 transformata
3310 4032 3444 4086 facie
3470 4048 3484 4084 :

2192 4126 2439 4195 Quatuor
2459 4140 2526 4183 ex
2552 4124 2750 4195 quibus
2776 4122 2951 4188 modis
2974 4132 3098 4178 octo
3121 4122 3315 4178 dehinc
3343 4120 3593 4189 facimus,

2192 4217 2326 4287 Quia
2355 4215 2538 4287 gravia
2572 4222 2628 4271 et
2658 4214 2765 4275 alta
2793 4212 3001 4269 cantica
3032 4212 3408 4280 discernimus,

2190 4308 2326 4364 Cum
2355 4308 2643 4363 authentos
2662 4314 2825 4381 atque
2852 4303 3036 4385 plagas
3062 4318 3211 4360 more
3230 4302 3419 4359 Gnaeo
3448 4304 3716 4361 diximus.

2584 4396 2720 4451 Item
2746 4397 2811 4457 de
2835 4395 3096 4451 authentis
3115 4405 3165 4450 et
3193 4396 3385 4480 plagis.

2192 4492 2299 4548 Alti
2326 4499 2516 4548 cantus
2543 4499 2672 4545 sunt
2697 4488 2962 4555 authenti,
2988 4502 3181 4558 graves
3210 4488 3394 4560 plagas
3428 4490 3720 4546 nominant

2118 4588 2172 4656 ι)
2200 4583 2443 4653 Dumque
2477 4588 2709 4651 quatuor
2732 4578 2788 4634 in
2817 4577 2960 4648 tonis
3008 4578 3111 4651 hoc
3146 4589 3435 4649 utrumque
3464 4590 3785 4650 supputant,

2193 4657 2330 4737 octo
2353 4673 2616 4730 formulas
2642 4680 2894 4729 tonorum
2921 4670 3006 4735 vel
3035 4671 3315 4739 modorum
3347 4672 3605 4734 indicant.

2196 4765 2392 4837 Protns
2421 4773 2508 4821 est
2535 4763 2828 4821 authentus
2862 4762 3090 4834 primus,
3116 4761 3289 4834 plagis
3315 4764 3459 4833 proli
3484 4766 3784 4835 secundus,

2198 4858 2506 4921 Deutlterus
2540 4857 2836 4912 autbentus
2856 4863 3058 4921 exstat,
3087 4856 3305 4929 tertium
3331 4871 3491 4927 quem
3525 4857 3787 4919 dicimus.

2199 4954 2436 5022 Quartus
2458 4954 2566 5015 erit
2590 4953 2764 5024 plagis
2786 4952 2925 5023 ejus,
2951 4950 3145 5007 ordine
3172 4950 3262 5021 qui
3286 4950 3552 5021 sequitur.

2200 5047 2433 5113 Quintus
2456 5052 2543 5117 est
2559 5043 2853 5105 authentus
2873 5043 3053 5108 tritus,
3080 5052 3268 5099 sextus
3294 5051 3375 5097 est
3393 5039 3565 5113 plagis
3590 5041 3784 5111 ipsius.

2202 5134 2340 5191 llinc
2373 5135 2667 5192 authentus
2694 5143 2780 5192 est
2810 5133 3104 5200 tetrardus,
3140 5146 3299 5204 quem
3330 5146 3588 5188 vocamus
3612 5133 3786 5204 sopti-

2250 5247 2257 5256 ·
2808 5262 2813 5265 -
3008 5275 3014 5281 .
3513 5221 3720 5295 [mnum

2201 5320 2383 5393 Plagis
2407 5319 2633 5381 telrardi
2659 5326 2904 5383 octavus,
2933 5315 3220 5388 septimum
3249 5315 3342 5386 qui
3369 5314 3640 5384 sequitur.

2204 5412 2444 5481 Quorum
2468 5410 2576 5481 duo
2600 5422 2763 5464 unam
2785 5422 2972 5463 vocem
3004 5413 3205 5471 tenent,
3236 5413 3295 5459 ut
3323 5403 3698 5479 praediximus,

2208 5506 2344 5570 Quia
2372 5519 2564 5559 vocum
2592 5502 2646 5558 in
2675 5509 2872 5557 natura
2901 5508 3130 5570 quatuor
3159 5506 3284 5553 sunt
3315 5497 3520 5561 verius,

2210 5598 2355 5679 Quos
2386 5596 2433 5654 si
2461 5596 2628 5677 sapis,
2655 5595 2759 5663 hac
2787 5594 2842 5652 in
2865 5603 2986 5653 arte
3008 5592 3141 5657 nihil
3171 5599 3254 5653 est
3276 5590 3481 5649 utilius.
