3944 6392
171 372 265 429 813

171 485 330 551 Atque
354 474 528 533 tribus
558 473 741 530 fissam
766 461 950 526 tonum
970 464 1204 539 signabit
1229 463 1485 533 idipsum,

172 574 222 627 In
249 570 420 626 medio
457 580 684 623 summae
719 563 979 633 diapason
1006 557 1170 614 nectit
1199 564 1509 621 utrumque,

171 660 397 730 Namque
424 672 619 713 sonum
641 654 905 725 duplicem
930 646 1236 719 simplosed
1260 643 1435 700 reddit
1451 640 1718 696 eumdem.

169 754 304 807 Adde
322 750 517 821 duplex
545 762 708 804 senos
732 746 915 799 videas
947 751 1108 795 natus
1132 737 1407 795 diatriton,

169 844 377 898 Ditonus
403 849 459 894 et
480 840 666 905 semis,
696 838 821 906 quia
851 835 1067 889 ditonus
1093 829 1230 884 alter
1257 828 1505 882 habetur.

231 933 452 986 Motibus
471 930 559 985 bis
581 938 798 984 curSum
829 922 991 979 faciet
1016 923 1135 977 sine
1166 919 1369 974 musica
1392 915 1615 971 nullum.

170 1022 253 1081 Est
276 1021 471 1091 aliquid
500 1019 704 1074 factum
734 1030 960 1072 numero
990 1011 1298 1068 modulante
1332 1007 1580 1070 relatum,

170 1112 317 1182 idque
350 1110 478 1165 latet
506 1109 671 1167 linum
693 1116 843 1178 patet
864 1102 1191 1159 intendendo
1221 1099 1528 1155 remissum.

171 1203 258 1259 Est
278 1200 464 1255 modus
487 1201 557 1255 ad
589 1198 825 1268 reliquos
855 1192 1114 1266 phtbongi
1147 1188 1364 1246 collatio
1397 1186 1721 1256 phthongos.

171 1294 296 1352 Dant
320 1291 513 1347 collata
553 1290 771 1344 modum
800 1286 1021 1341 sibimet
1057 1279 1370 1337 discrimina
1400 1290 1617 1333 vocum.

171 1383 325 1450 Quam
350 1391 506 1438 tonus
530 1390 587 1436 et
615 1378 779 1435 semis
796 1376 1041 1447 sequitur
1059 1388 1164 1426 vox
1191 1377 1377 1441 protus
1401 1366 1650 1425 habetur,

174 1474 423 1528 Deuterus
452 1478 508 1525 et
534 1470 697 1526 tritus
718 1467 845 1538 quid
880 1465 971 1531 sit,
996 1464 1136 1533 sapit
1155 1460 1289 1516 ordo
1317 1458 1549 1513 vicinus.

173 1563 354 1631 Hisque
385 1572 510 1617 tono
535 1568 742 1615 tantum
773 1557 976 1628 placuit
999 1554 1215 1611 dill'erre
1243 1549 1566 1614 tetrardum,

174 1653 380 1711 Ditouus
408 1663 463 1707 et
485 1651 654 1706 semis
679 1648 832 1719 cujus
855 1664 978 1704 mox
994 1646 1117 1716 jura
1157 1651 1475 1714 sequuntur.

174 1743 355 1798 Musica
386 1758 486 1798 vox
521 1743 716 1798 borum
747 1739 890 1797 nulla
921 1749 1005 1796 est
1030 1738 1147 1793 sine
1167 1736 1285 1807 lege
1310 1734 1617 1789 modorum.

176 1833 309 1902 Quos
339 1841 548 1890 tantum
576 1830 769 1903 vulgus
788 1829 956 1884 sentit
979 1826 1045 1883 de
1065 1826 1171 1886 line
1200 1822 1464 1896 petulcus.

1318 345 1619 404 REGULJ-I
1660 344 1747 403 DE
1780 337 2037 399 IGNOTO
2068 334 2322 391 CANTIJ.

1746 438 1796 500 Α
1821 454 2079 527 Quatuor.
2095 446 2340 505 authenti
2361 444 2545 516 plagas
2572 441 2916 517 geminantur
2940 436 3142 508 adepti,

3292 318 3393 377 ιη

1819 547 1883 601 Ni
1915 552 2141 613 quartus
2170 538 2398 609 simplex
2427 545 2634 606 septem
2662 531 2976 589 discrimina
3009 529 3221 593 firmet;

1823 636 1978 694 Unde
2003 643 2162 706 poeta
2192 632 2383 688 canit:
2410 638 2623 698 septem
2656 624 2968 682 discrimina
2997 634 3209 677 vocum.

1823 726 2096 795 Septimus
2121 732 2312 777 octavo
2336 719 2530 774 similis
2563 722 2892 787 quapropter
2923 711 3167 766 adhmsit.

1822 816 1901 873 Ex
1925 814 2120 884 quibus
2147 810 2390 865 authenti
2419 822 2581 881 grave
2615 813 2743 860 sunt
2767 802 3054 857 discrimen
3081 798 3283 868 adepti,

1822 906 1956 962 Cum
1982 904 2149 974 plaga:
2174 916 2335 957 voces
2359 909 2545 954 tenues
2570 896 2900 967 cupiuntque
2922 891 3180 945 minores.

1822 994 1879 1049 lu
1905 995 2101 1065 quibus
2121 991 2191 1047 ad
2213 990 2482 1045 modicum
2511 997 2689 1040 tamen
2712 993 2769 1039 et
2795 982 3010 1037 collatio
3041 979 3224 1034 distat.

1822 1084 1969 1152 Quos
1993 1084 2039 1138 si
2070 1082 2208 1138 forte
2232 1084 2366 1136 duos
2398 1078 2488 1133 uni
2522 1077 2604 1131 vis
2632 1074 2873 1155 scribere
2900 1073 3040 1137 voci,

1824 1177 2069 1243 Quatuor
2093 1172 2147 1227 in
2180 1170 2401 1241 reliquis
2432 1167 2726 1239 primatum
2759 1162 2901 1217 delta
2935 1160 3213 1215 tenebunt.

1824 1269 2183 1341 Euthymema
2213 1279 2375 1321 sonos
2394 1261 2597 1318 claudit
2618 1260 2903 1330 signatque
2918 1262 3176 1309 remotos.

1824 1358 2169 1416 Concordant
2191 1355 2329 1411 ﬂexu
2362 1354 2696 1409 diatessaron
2723 1348 2902 1405 addita
2929 1360 3147 1410 nexum,

1826 1449 2118 1517 Comparat
2144 1446 2379 1499 intentos
2403 1442 2654 1511 diapente
2677 1436 2868 1493 relatio
2888 1449 3126 1507 gressus.

1826 1535 1924 1593 Jus
1954 1545 2107 1591 tenet
2128 1535 2410 1589 ambarum
2440 1530 2671 1599 spatium
2695 1528 2956 1597 diapason
2980 1532 3035 1578 et
3065 1523 3257 1577 harum

1825 1630 2017 1689 Refert
2042 1626 2263 1681 alterius
2292 1640 2415 1679 cum
2447 1620 2671 1691 suscipit
2700 1618 2868 1673 altera
2901 1615 3068 1680 vices,

1828 1724 1976 1792 Quas
2004 1730 2133 1776 tunc
2159 1717 2384 1773 alterius
2411 1730 2541 1771 cum.
2562 1710 2790 1780 suscipit
2823 1708 2991 1763 altera
3022 1707 3190 1772 vices,

1756 1796 1803 1859 Β
1832 1790 1986 1870 Unde
2003 1811 2112 1867 duo
2136 1809 2349 1883 signum
2376 1805 2591 1863 variant
2616 1802 2734 1858 loca
2759 1798 2913 1870 cujus
2934 1790 3189 1871 idipsuin.

1580 1998 1982 2018 *σι-..υσ-

656 2217 1025 2397 ΙΤΕΜ-
1086 2211 1455 2351 ALIZE
1539 2198 2224 2324 GUIDONIS
2305 2193 2904 2313 REGUL/E

1385 2488 1493 2551 DE
1534 2485 1843 2571 lGNOTO
1885 2484 2148 2549 CANTU

909 2671 1255 2736 Idemidem
1282 2671 1349 2734 in
1377 2667 1967 2750 Antiphonariisui
1995 2664 2338 2746 prologum
2357 2665 2653 2745 prolatis.

242 2859 586 2933 Temporibus
635 2856 837 2915 nostris
878 2870 1042 2926 super
1085 2869 1276 2911 omnes
1316 2852 1564 2910 homines
1600 2849 1737 2907 fatui

185 2963 293 3010 sunt
318 2964 599 3019 cantores;
634 2950 689 3005 in
718 2947 863 3004 omni
894 2947 1039 3003 enim
1084 2956 1201 3001 arte
1231 2943 1384 3000 valde
1404 2943 1558 3014 plura
1585 2951 1735 3011 sunt,

184 3060 288 3116 qua
307 3054 486 3101 nostro
506 3057 671 3098 sensu
698 3040 1091 3110 cognoscimus,
1118 3051 1279 3107 quam
1310 3051 1396 3099 ea,
1425 3050 1545 3107 quae
1568 3050 1599 3089 a
1626 3050 1740 3090 ma-

187 3135 336 3204 gistro
355 3132 664 3189 didicimus.
680 3129 923 3186 Perlecto
936 3128 1077 3184 enim
1094 3127 1211 3183 solo
1227 3125 1480 3197 psalterio
1496 3124 1738 3181 omnium

187 3218 421 3276 librorum
453 3220 718 3277 lectiones
741 3223 1072 3290 cognoscunt
1096 3213 1327 3285 pueruli,
1360 3223 1415 3269 ct
1443 3212 1741 3283 agricultu-

188 3322 253 3363 re
296 3310 572 3365 scientiam
617 3306 799 3363 subito
850 3305 1152 3376 intelligunt
1194 3305 1407 3359 rustici.
1450 3301 1552 3371 Qui
1593 3303 1738 3359 enim

188 3416 329 3456 unam
370 3402 584 3457 vineam
631 3410 841 3471 putare,
897 3414 1059 3454 unam
1096 3397 1437 3452 arbusculam
1478 3396 1738 3462 inserere,

189 3505 333 3548 unum
356 3492 562 3546 asinum
591 3504 820 3545 onerare
842 3489 1174 3560 cognoverit,
1197 3487 1339 3543 sicut
1368 3487 1420 3541 in
1453 3502 1561 3541 uno
1585 3485 1739 3552 facit,

190 3579 491 3638 iuomnibus
541 3581 814 3645 similiter,
868 3587 961 3634 aut
1011 3579 1174 3634 etiam
1210 3578 1400 3633 melius
1431 3575 1609 3632 facere
1634 3592 1740 3630 non

191 3668 447 3725 dubitabit.
508 3668 787 3724 Mirabiles
822 3677 998 3722 autem
1050 3673 1301 3722 cantores
1352 3674 1406 3720 et
1459 3672 1742 3720 cantorum

190 3760 407 3830 discipuli
430 3761 645 3817 etiamsi
673 3777 769 3831 per
794 3769 1007 3815 centum
1039 3774 1211 3814 annos
1235 3757 1473 3828 quotidie
1498 3764 1739 3822 cantent,

191 3863 437 3921 nunquam
470 3868 564 3922 per
588 3866 646 3906 se
680 3851 797 3906 sine
823 3849 1080 3918 magistro
1102 3863 1264 3903 unam
1287 3847 1367 3903 vel
1398 3846 1588 3903 saltem
1619 3862 1743 3917 par-

190 3940 348 3996 vulam
392 3944 741 4013 autiphonam
791 3940 1111 4007 cantabunt,
1165 3948 1372 3996 tantum
1423 3948 1633 4010 tempus
1688 3938 1741 3993 in

193 4035 437 4090 cantando
485 4037 800 4106 perdentes,
834 4034 885 4090 in
917 4044 1118 4104 quanto
1146 4044 1201 4090 et
1244 4035 1480 4089 divinam
1507 4042 1562 4088 et
1590 4048 1742 4089 secu-

194 4116 339 4177 larem
370 4125 687 4194 scripturam
717 4125 1019 4194 potuissent
1046 4124 1203 4194 plene
1231 4137 1577 4193 cognoscere.

252 4211 312 4268 Et
338 4217 473 4285 quod
496 4231 660 4285 super
684 4215 867 4269 omnia
892 4210 1032 4269 mala
1056 4213 1224 4282 magis
1251 4222 1333 4266 est
1362 4211 1742 4281 periculosum,

195 4306 330 4361 multi
358 4310 589 4381 religiosi
617 4310 825 4365 ordinis
854 4308 1036 4364 clerici
1065 4316 1121 4364 et
1157 4308 1404 4363 monachi
1435 4307 1672 4378 psalmos
1690 4316 1745 4362 et

196 4407 360 4453 sacras
382 4398 639 4455 lectiones
680 4407 736 4455 et
770 4408 1065 4455 nocturnas
1092 4411 1214 4457 cum
1251 4398 1486 4467 puritate
1514 4395 1742 4467 vigilias,

158 4514 171 4529 ο
196 4501 242 4544 ct
266 4492 458 4565 reliqua
511 4494 729 4565 pietatis
757 4509 947 4563 opera,
1000 4506 1098 4561 per
1118 4505 1238 4562 quae
1266 4489 1333 4545 ad
1363 4489 1744 4560 sempiternam

199 4579 400 4647 gloriam
443 4600 805 4656 provocamur
861 4593 918 4640 et
965 4584 1232 4647 ducimur,
1280 4582 1588 4653 negligunt;
1620 4582 1746 4636 dum

199 4675 428 4729 cantandi
479 4676 784 4740 scientiam,
844 4690 1005 4745 quam
1035 4672 1291 4742 consequi
1321 4687 1593 4741 nunquam
1625 4686 1749 4741 pos—

200 4770 323 4823 sunt,
353 4761 530 4821 labore
557 4764 773 4822 assiduo
794 4771 850 4819 et
881 4762 1200 4821 stultissimo
1222 4769 1642 4832 persequuntur.

261 4849 384 4909 lllud
419 4871 631 4926 quoque
678 4854 803 4926 quis
837 4867 943 4909 non
992 4845 1205 4920 defleat,
1253 4853 1396 4923 quod
1434 4861 1542 4906 tam
1570 4850 1749 4924 gravis

202 4950 339 4994 error
383 4954 464 4999 est
507 4947 557 5001 in
613 4954 803 5000 sancta
852 4943 1118 5009 Ecclesia,
1179 4952 1400 5015 tamque
1446 4941 1750 5014 periculosa

205 5027 466 5100 discordia,
493 5043 552 5090 ut
578 5036 794 5105 quando
834 5032 1077 5089 divinum
1105 5031 1338 5089 ollicium
1392 5032 1747 5095 celebramus,

1839 2849 2049 2907 discere
2073 2848 2143 2905 sit
2162 2847 2320 2903 valde
2343 2846 2578 2913 dimcile,
2603 2846 2672 2901 de
2700 2844 2886 2900 multis
2910 2859 3017 2902 non
3046 2851 3135 2900 est
3169 2844 3414 2912 dubium,

1835 2942 1969 3011 quin
2001 2940 2072 2996 sit
2102 2938 2457 3010 impossibile.

1912 3034 2027 3101 Qua
2056 3032 2110 3086 in
2141 3047 2199 3087 re
2240 3047 2364 3087 cum
2387 3045 2485 3099 pro
2511 3044 2607 3085 sua
2647 3028 2748 3099 ipsi
2773 3029 3051 3085 voluntate
3074 3029 3239 3084 multa
3268 3044 3420 3084 com-

1841 3133 2075 3189 mutent,
2108 3131 2200 3183 aut
2245 3137 2432 3190 parum
2454 3130 2548 3174 aut
2582 3119 2715 3176 nihil
2737 3119 2867 3175 mihi
2903 3119 3170 3192 indignari
3197 3121 3416 3184 debent,

1842 3218 1888 3273 si
1923 3232 1952 3270 a
1984 3213 2256 3271 communi
2281 3228 2379 3268 usu
2413 3212 2503 3266 vix
2534 3212 2585 3265 in
2612 3211 2795 3281 paucis
2820 3212 3076 3276 abscedo,
3115 3210 3423 3275 utadeonn-

1843 3320 2062 3361 munem
2102 3303 2236 3357 artis
2285 3302 2525 3377 regulam
2562 3299 2905 3359 uniformitcr
2934 3300 3123 3355 omnis
3147 3300 3416 3357 cantilena

1844 3404 2107 3453 recurrat.
2145 3394 2410 3461 Quoniam
2462 3408 2594 3447 vero
2627 3393 2740 3446 inec
2769 3391 2949 3445 omnia
2981 3391 3118 3445 mala
3154 3401 3206 3446 et
3246 3392 3414 3445 multa

1844 3488 1947 3542 alia
1975 3502 2160 3543 eorum
2186 3484 2338 3554 culpa
2368 3483 2649 3549 eveniunt,
2674 3482 2764 3551 qui
2790 3482 3171 3549 antiphonaria
3188 3480 3414 3545 faciunt,

1842 3580 2002 3633 valde
2046 3592 2240 3634 moneo
2269 3585 2318 3631 et
2374 3583 2669 3638 contestor,
2704 3587 2771 3627 ne
2801 3572 2996 3642 aliquis
3025 3573 3256 3642 amplius
3282 3586 3420 3642 prm-

1844 3677 2021 3726 sumat
2048 3665 2490 3738 antiphonarium
2546 3679 2828 3727 neumare,
2872 3663 2974 3718 nisi
3005 3664 3095 3735 qui
3123 3662 3416 3718 secundum

1838 3758 2115 3827 subjectus
2148 3756 2361 3829 regulas
2411 3756 2549 3811 bene
2584 3762 2759 3825 potest
2786 3763 2841 3808 et
2868 3754 3010 3824 sapit
3050 3754 3215 3823 ipsam
3248 3761 3418 3825 artcru

1845 3851 2105 3922 perlicere
2128 3848 2415 3918 ;ra|ioquin
2444 3846 2749 3903 certissime
2784 3846 2890 3899 erit
2917 3843 3172 3914 magister
3194 3843 3418 3903 erroris,

1844 3942 2172 4011 quicumque
2240 3954 2347 3993 non
2418 3937 2568 4008 prius
2634 3934 2796 3989 fuerit
2875 3932 3168 4003 discipulus
3219 3930 3413 3984 verita:

1845 4032 1936 4085 tis.

1764 4115 1814 4177 C
1915 4117 2119 4173 Taliter
2146 4117 2347 4173 etenim
2379 4116 2488 4172 Deo
2516 4114 2813 4171 auxiliante
2851 4114 2953 4169 hoc
2979 4110 3419 4182 antiphonarium

1847 4217 2040 4264 notare
2061 4207 2325 4278 disposui,
2380 4213 2440 4260 ut
2467 4221 2561 4276 per
2599 4220 2720 4258 eum
2749 4204 2975 4274 posthac
3005 4202 3193 4256 leviter
3225 4199 3424 4270 aliquis

1846 4310 2095 4356 sensatus
2141 4308 2197 4353 et
2242 4298 2515 4352 studiosus
2568 4306 2782 4350 cantum
2831 4294 3031 4358 discat;
3058 4301 3111 4346 et
3138 4298 3423 4361 postquam

1846 4400 2055 4463 partem
2083 4391 2198 4462 ejus
2220 4406 2316 4461 per
2339 4389 2653 4459 magistrum
2686 4387 2822 4441 bene
2848 4386 3182 4456 cognoverit,
3212 4382 3422 4451 reliqua

1849 4498 1947 4554 per
1970 4496 2029 4537 se
2059 4480 2177 4535 sine
2225 4480 2485 4549 magistro
2516 4476 2882 4531 indubitanter
2914 4476 3177 4545 agnoscit.
3211 4472 3288 4526 De
3315 4485 3425 4540 quo

1850 4573 1895 4628 si
1923 4572 2045 4642 quis
2079 4587 2167 4627 me
2214 4570 2431 4626 mentiri
2461 4576 2639 4639 putat,
2668 4567 2868 4631 veniat,
2913 4565 3227 4635 experiatur
3254 4571 3309 4617 et
3338 4563 3422 4615 vi-

1851 4663 1995 4728 deat,
2034 4661 2180 4731 quod
2227 4660 2331 4714 tale
2371 4660 2475 4715 hoc
2521 4658 2662 4728 apud
2706 4670 2804 4709 nos
2829 4653 3035 4724 pueruli
3074 4652 3302 4716 faciunt,
3330 4650 3425 4720 qui

1847 4766 1948 4822 pro
1978 4749 2306 4822 psalmorum
2361 4758 2414 4802 et
2440 4747 2740 4817 vulgarium
2772 4744 3079 4798 litterarum
3121 4738 3425 4811 ignorantia

1850 4816 1994 4896 saeva
2040 4839 2218 4893 adhuc
2262 4816 2564 4906 suscipiunt
2611 4830 2841 4905 flagella,
2884 4832 2974 4901 qui
3003 4846 3143 4900 saepe
3169 4837 3224 4884 et
3258 4816 3443 4896 ipsius

1850 4929 2178 4999 antipbonac,
2208 4943 2369 4997 quam
2401 4941 2496 4995 per
2523 4940 2582 4980 se
2606 4924 2725 4979 sine
2746 4920 3010 4994 magistro
3032 4928 3176 4975 recte
3203 4924 3428 4989 possunt

1851 5026 2096 5082 cantare,
2148 5018 2327 5072 verba-
2359 5024 2416 5070 et
2464 5014 2697 5087 syllabas
2734 5012 2987 5068 nesciunt
3024 5006 3378 5082 pronuntiare
3398 5022 3427 5073 μί

204 5130 329 5187 δερμα
364 5138 465 5178 non
523 5125 691 5180 Deum
743 5123 985 5191 laudare,
1014 5124 1109 5180 sed
1134 5114 1288 5177 ’ίηιρι-
1319 5137 1418 5178 nos
1440 5129 1653 5177 cenare
1674 5120 1753 5175 vi-
1851 5110 1995 5181 quod
2025 5125 2147 5165 cum
2180 5109 2272 5164 Dei
2311 5108 2579 5180 adjutorio
2629 5107 2822 5163 leviter
2859 5113 3111 5162 sensatus
3146 5109 3202 5157 et
3230 5100 3431 5163 studiq-

204 5207 425 5269 deamur.
486 5214 582 5279 Vix
622 5215 855 5285 denique
889 5229 1030 5295 unus
1071 5214 1369 5270 concordat
1411 5213 1589 5275 alteri,
1641 5227 1749 5268 non

206 5307 440 5378 magistro
478 5309 795 5379 discipulus,
850 5322 952 5364 nec
979 5307 1275 5378 discipulus
1309 5305 1701 5374 condiscipulis
1733 5322 1748 5359 :

205 5397 329 5452 unde
355 5398 545 5455 factum
573 5412 678 5466 est,
709 5409 769 5456 ut
808 5414 915 5455 non
937 5396 1052 5469 jam
1083 5414 1248 5454 unum
1280 5405 1374 5453 aut
1405 5397 1595 5453 saltem
1621 5412 1756 5464 pau-

1856 5217 1949 5257 sus
1981 5200 2179 5271 aliquis
2236 5199 2436 5271 poterit
2483 5197 2683 5262 facere,
2747 5195 2819 5261 si,
2860 5209 2983 5250 cum
3011 5200 3213 5263 quanto
3250 5187 3433 5256 studia

1855 5313 2065 5353 neumae
2088 5298 2467 5366 disponantur,
2499 5299 2653 5347 curet
2682 5302 3000 5360 agnoscere.

1925 5389 2002 5444 ita
2033 5387 2202 5459 igitur
2242 5386 2600 5455 disponuntur
2644 5395 2831 5446 voces,
2855 5386 2914 5433 ut
2945 5374 3428 5459 unusquisqueng

207 5487 386 5549 οτι.ωά
412 5500 518 5546 tam
565 5475 737 5546 multa
788 5492 897 5547 sint
937 5455 1345 5560 antiphonaria,
1389 5502 1549 5557 quam
1596 5455 1750 5540 multi
1783 5455 1831 5514 θ
1857 5498 1980 5547 nus,
2007 5455 2407 5551 quantumlibet
2454 5474 2509 5530 in
2540 5481 2702 5529 cantu
2754 5479 3051 5541 repetatur,
3079 5468 3132 5522 in
3157 5481 3267 5521 uno
3287 5455 3430 5551 senas

209 5582 316 5629 sunt
339 5592 431 5646 per
459 5582 699 5650 singulas
742 5580 1001 5637 ecclesias
1042 5579 1307 5652 magistri,
1351 5578 1618 5649 vulgoque
1636 5577 1748 5648 jam

210 5666 385 5723 dicitur
408 5674 842 5744 antiphonarium
874 5689 981 5729 non
1007 5671 1279 5745 Gregorii,
1316 5666 1406 5727 sed
1440 5669 1633 5726 Leonis
1657 5677 1751 5723 aut

212 5748 416 5827 ‘tlberti,
464 5773 554 5821 aut
594 5765 980 5835 cujuscumque
1024 5763 1274 5830 alterius;
1328 5775 1555 5832 cumque
1584 5774 1748 5825 unum

1856 5588 1954 5644 per
1974 5581 2035 5628 et
2052 5586 2151 5628 suo
2171 5569 2362 5626 ordine
2416 5564 2740 5622 inveniatur.
2773 5562 2920 5631 Quos
2950 5559 3195 5623 ordines,
3222 5539 3430 5637 utine}

1855 5652 1961 5718 lius
2013 5661 2188 5732 possis
2235 5659 2567 5720 discernere,
2616 5652 2807 5724 spissae
2854 5652 3127 5706 ducuntur
3173 5647 3347 5707 linteae,
3375 5632 3433 5711 et

1856 5756 2075 5828 quidam
2106 5753 2326 5811 ordines
2356 5764 2543 5809 vocum
2580 5748 2632 5803 iu
2665 5745 2795 5825 ipsis
2848 5746 2983 5800 [lunt
3006 5740 3180 5809 lineis,
3209 5726 3433 5822 quidam,
