3944 6384
456 349 564 404 ML

1792 335 2115 395 GUIDONIS
2135 326 2413 388 ARETINI

3603 311 3702 369 “6

458 453 590 494 vero
617 437 758 493 inter
775 435 950 491 lineas
999 431 1066 490 'in
1105 433 1280 490 medio
1333 431 1617 488 intervallo
1649 439 1704 486 et
1741 432 1914 501 spatio
1966 429 2029 484 li-
2058 432 2105 488 A
2135 455 2324 500 mnuu-
2358 441 2627 512 prioribus
2651 437 2703 494 in
2727 435 2875 493 nullo
2898 431 3206 492 dissimiles.
3242 431 3372 500 Quae
3396 425 3574 484 omnia
3603 427 3704 498 pic-

458 527 700 587 neart'tm.

530 643 964 713 Quanticumque
1012 656 1142 711 ergo
1166 640 1283 695 soni
1314 641 1364 694 in
1418 653 1523 693 una
1552 639 1693 692 linea
1722 637 1805 693 vel
1833 638 1886 692 in
1922 653 2031 692 uno

439 736 635 804 ’spatio
685 743 831 797 sunt.
885 749 1072 787 omnes
1119 733 1368 787 similiter
1404 741 1619 786 sonant.
1652 729 1722 786 Ut
1769 737 2030 783 autemet

461 827 589 881 illud
619 827 904 895 intelligas,
931 834 1144 894 quantae
1167 825 1323 878 Ilucze
1347 823 1431 877 vel
1457 823 1628 891 spatia
1649 837 1812 875 unum
1828 821 2030 875 habent

460 935 672 980 sonum,
706 918 1033 987 quibuslibet
1059 917 1214 970 lineis
1243 915 1324 969 vel
1349 915 1540 985 spatiis
1567 914 1812 983 qttzedam
1837 913 2030 966 litterae.

460 1013 526 1066 de
558 1011 920 1066 monochordo
970 1010 1408 1080 prtcligurantur,
1437 1016 1597 1076 atque
1626 1007 1788 1060 etiam
1820 1003 2029 1059 colores

461 1104 893 1171 superducuntur
925 1119 938 1154 :
970 1101 1108 1154 unde
1140 1101 1298 1154 datur
1341 1100 1587 1167 intelligi,
1640 1098 1764 1167 quia
1814 1097 1866 1150 in
1915 1105 2029 1149 toto

463 1196 842 1269 antiphonario
871 1195 994 1249 etin
1033 1194 1176 1248 omni
1219 1202 1379 1247 cantu
1411 1189 2030 1262 quantmcumquelinete

461 1286 542 1338 vel
596 1286 976 1354 spatia'uuam
1027 1285 1380 1352 eamdemque
1427 1283 1627 1338 habent
1675 1282 1906 1335 litteram
1947 1281 2030 1334 vel

462 1378 708 1432 eumdem
763 1377 1022 1441 colorem,
1078 1376 1151 1432 ita
1203 1391 1300 1447 per
1326 1376 1508 1430 omnia
1536 1373 1788 1430 similiter
1817 1381 2028 1437 sonant,

462 1475 733 1534 tamquam
768 1465 811 1520 si
842 1481 1031 1521 omnes
1061 1466 1112 1520 in
1144 1481 1250 1519 una
1281 1465 1420 1519 linea
1468 1464 1709 1525 fuissent,
1745 1464 1868 1532 quia
1892 1464 2033 1517 sicut

461 1555 603 1611 linea
652 1556 913 1612 unitatem
965 1571 1241 1620 sonorum,
1291 1556 1363 1610 ita
1397 1571 1494 1626 per
1529 1555 1711 1610 omnia
1741 1554 1917 1609 littera
1947 1553 2030 1607 vel

460 1648 610 1703 color
638 1647 899 1703 unitatem
927 1649 1196 1718 significat
1217 1648 1504 1716 linearum,
1525 1663 1590 1706 ac
1612 1665 1710 1724 per
1733 1649 1836 1705 hoc
1865 1649 2031 1706 etiam

459 1752 736 1792 SOIIOI'IIII'I.

531 1887 731 1954 Quodsi
761 1891 1056 1945 secundum
1079 1891 1322 1946 ordinem
1343 1881 1596 1945 sonorum
1622 1892 1690 1946 ab
1712 1892 1825 1961 ipsa
1850 1891 2030 1945 littera

463 1981 549 2037 vel
577 1983 824 2038 colorata
852 1983 990 2038 linea
1026 1985 1224 2053 ubique
1279 1984 1555 2054 iuSpicias,
1610 1993 1664 2038 et
1693 1983 1818 2038 illud
1848 1992 2032 2052 aperte

461 2088 774 2143 cognosces,
818 2075 942 2143 quia
977 2075 1028 2128 in
1065 2074 1316 2129 omnibus
1347 2075 1597 2130 secundis
1634 2075 1913 2129 ordinibus
1939 2088 2032 2127 ea-

461 2165 583 2220 dem
632 2181 824 2221 vocum
873 2175 928 2220 et
980 2181 1295 2221 neumarum
1327 2175 1408 2221 est
1453 2166 1943 2220 unitas.-Similiter
1967 2166 2034 2221 de

461 2255 622 2309 tertio
662 2256 748 2309 vel
814 2264 1010 2326 Quarto
1060 2258 1251 2311 ordine
1279 2266 1333 2311 ct
1379 2257 1600 2327 reliquis
1637 2255 1893 2327 intellige,
1917 2256 2034 2312 sive

461 2345 770 2416 superiores
795 2348 910 2402 sive
946 2347 1233 2404 inferiores
1261 2348 1480 2425 ordines
1506 2363 1717 2404 cernas.

533 2477 705 2547 Igitur
736 2478 1040 2534 certissime
1087 2488 1318 2541 constat,
1355 2480 1478 2550 quia
1507 2496 1695 2535 omnes
1717 2496 1924 2535 neuma:
1947 2481 2032 2536 vel

460 2567 581 2621 soni
605 2566 656 2620 in
679 2567 916 2635 ejusdem
943 2568 1138 2623 littera:
1161 2569 1244 2623 vel
1269 2570 1464 2625 coloris
1490 2570 1648 2626 lineis
1669 2572 1920 2627 similiter
1939 2588 2034 2643 po-

461 2656 574 2718 siti,
605 2655 688 2710 vel
711 2657 1043 2712 dissimilitcr
1085 2657 1319 2714 litterata
1358 2659 1438 2714 vel
1465 2660 1704 2714 colorata
1726 2660 1864 2714 linea
1887 2662 2032 2730 pari-

465 2757 548 2802 ter
568 2748 822 2818 elongati,
852 2765 949 2819 per
979 2751 1157 2804 omnia
1185 2752 1433 2806 similiter
1458 2765 1653 2805 sonant
1685 2753 1775 2807 :in
1806 2753 2034 2808 diversis

464 2849 644 2895 autem
675 2841 831 2896 lineis
857 2857 937 2896 vet
966 2844 1153 2912 spatiis
1179 2844 1341 2898 etiam
1374 2844 1624 2898 similiter
1644 2843 1798 2899 facta:
1830 2860 2034 2900 neumas

463 2946 805 3001 nequaquam
839 2933 1090 2987 similiter
1133 2945 1350 2988 sonant.
1384 2934 1616 3004 Ideoque
1643 2935 1890 3004 quamvis
1913 2951 2037 3005 per-

463 3021 600 3076 fecta
652 3023 723 3076 sit
772 3024 1013 3092 positura
1065 3040 1408 3088 neumarutu,
1435 3040 1575 3079 caeca
1603 3025 1826 3080 omnino
1851 3034 1953 3089 est,
1982 3034 2037 3080 et

462 3111 598 3164 nihil
657 3111 802 3166 valet
848 3112 967 3168 sine
1014 3112 1358 3183 adiunctione
1411 3113 1713 3170 litterarum
1763 3115 1847 3171 vel
1893 3099 2108 3171 colo-C

464 3217 606 3257 rum.

535 3333 680 3389 Duos
701 3335 844 3390 enim
863 3335 1072 3392 colores
1097 3337 1368 3408 ponimus,
1391 3354 1610 3396 crocum
1640 3340 1844 3397 scilicet
1876 3350 1932 3396 et
1953 3357 2042 3396 ru-

465 3424 646 3490 heum,
679 3441 777 3497 per
818 3443 953 3498 quos
982 3428 1191 3484 colores
1236 3430 1392 3486 valde
1437 3431 1621 3488 utilem
1660 3432 1756 3487 tibi
1799 3432 2040 3503 regulam

466 3518 639 3580 trado,
668 3533 766 3588 per
789 3535 949 3590 quam
971 3521 1247 3590 aptissime
1272 3537 1566 3592 cognosces
1587 3524 1650 3578 de
1673 3523 1817 3578 omni
1848 3540 2040 3586 ueutua

467 3620 523 3665 et
566 3626 888 3683 unaquaque
941 3629 1092 3679 voce,
1150 3615 1216 3669 de
1255 3615 1398 3685 quali
1444 3625 1569 3671 tono
1595 3617 1686 3682 sit,
1725 3626 1774 3671 et
1803 3617 1869 3672 de
1895 3616 2041 3687 quali

465 3701 643 3756 littera
675 3705 1024 3761 monochordi
1055 3724 1067 3760 :
1111 3705 1157 3760 si
1183 3715 1380 3770 tamen,
1417 3717 1476 3761 ut
1504 3707 1659 3761 valde
1680 3716 1763 3762 est
1791 3717 2044 3776 opportu-

467 3796 1058 3858 num,monochordum
1082 3805 1136 3853 et
1165 3806 1411 3852 tonorum
1440 3797 2042 3869 fornutlasiufrequenti

467 3885 670 3942 habeas
701 3904 822 3942 usu.

545 4040 764 4111 Septem
801 4057 932 4097 vero
961 4053 1087 4097 sunt
1121 4043 1314 4098 littora:
1358 4046 1730 4109 mouechordi,
1764 4047 1898 4102 sicut
1934 4047 2045 4117 plc-

471 4134 594 4187 nius
615 4143 798 4202 postea
827 4136 1156 4189 monstrabo.
1196 4135 1526 4206 Ubicumque
1547 4154 1676 4208 ergo
1705 4139 1902 4194 videris
1929 4153 2047 4193 cro-

470 4239 615 4285 cum,
645 4224 758 4292 ipsa
782 4233 864 4278 est
885 4224 1064 4279 littera
1104 4227 1261 4280 tertia
1293 4227 1354 4282 C.
1395 4236 1450 4283 et
1497 4229 1821 4298 ubicumque
1844 4230 2047 4284 videris

473 4311 721 4376 minium,
750 4313 862 4382 ipsa
901 4324 985 4370 est
1013 4316 1187 4371 littera
1227 4330 1379 4373 sexta
1409 4317 1472 4373 F.
1504 4319 1618 4373 sive
1639 4320 1692 4373 in
1720 4321 1899 4386 lineis,
1931 4321 2046 4377 sive

2131 538 2256 592 nius
2287 536 2402 591 lttec
2427 544 2479 590 te
2505 533 2671 604 ligura
2696 530 2934 586 docebit.

2711 628 3154 738 ιιὲιιι.

2700 780 2761 835 v.
2834 763 3160 854 ιξιγι.

2681 873 2764 928 ιιιο
2834 861 2846 970 |
2905 861 2941 970 ξ
3004 861 3018 970 l

2712 973 3150 1066 l.|;|ll.

2678 1089 2787 1144 VII.
2835 1089 2846 1146 Ι
2907 1095 2938 1146 3
3003 1089 3182 1146 IVIII.

2706 1169 2768 1224 V.
2836 1166 2846 1224 |
2914 1166 2940 1220 Γ
3003 1166 3016 1224 Ι
3078 1169 3161 1222 Vl.

2691 1262 2776 1317 Ill.
2836 1258 2846 1317 I
2909 1273 2940 1311 e
3004 1258 3162 1317 Illll.

2715 1342 2753 1395 I.
2836 1336 3018 1395 Id.I
3095 1337 3157 1389 ll.

2701 1418 2766 1472 V.
2836 1415 2846 1472 l
2903 1432 2952 1471 c.
3007 1415 3018 1472 |
3081 1415 3165 1469 VI.

2699 1500 2785 1630 ιρι
2836 1481 2848 1630 |
2899 1481 2945 1630 ξ
3007 1481 3166 1630 I".'.':

2717 1574 3159 1636 I.I:illl.

2683 1658 2789 1715 VII.
2836 1653 2848 1715 I
2897 1653 2939 1710 (ἓ
3009 1653 3023 1715 Ι
3062 1653 3186 1708 VIII.

2707 1733 3168 1794 V.|F|Vl.

2696 1815 2784 1871 Ill.
2836 1809 2848 1871 I
2906 1811 2946 1864 E
3009 1809 3169 1871 Illll.

2713 1889 3154 1952 I.ID|"-

2703 1968 3169 2028 V.|C|Vl.

2690 2051 2779 2106 llI.
2837 2046 2848 2106 I
2915 2051 2954 2106 Β
3011 2046 3023 2106 Ι
3077 2046 3185 2100 1111.

2720 2127 3162 2185 l.lA|lI.

2618 2204 2623 2210 ’
2677 2208 2787 2264 Vll.
2833 2204 2846 2266 I
2908 2219 2947 2266 r
3014 2204 3026 2266 I
3072 2205 3200 2262 VIII.

2203 2318 2461 2387 Quamvis
2483 2331 2661 2378 autem
2704 2323 2811 2380 duo
2849 2336 3062 2394 semper
3097 2321 3208 2376 toni
3249 2321 3302 2375 in
3331 2327 3440 2375 una
3487 2321 3597 2376 sint
3635 2321 3724 2376 Iit-

2075 2456 2081 2462 .
2134 2423 2250 2469 tera
2285 2415 2369 2469 vel
2418 2429 2573 2479 voce,
2607 2422 2785 2469 tamen
2846 2414 3016 2470 multo
3051 2412 3242 2470 melius
3289 2422 3341 2468 ct
3386 2413 3724 2482 frequentius

2134 2509 2461 2564 conveniunt
2488 2507 2716 2578 singulis
2738 2507 2946 2564 neumis
2969 2522 3034 2562 ac
3054 2506 3203 2561 sonis
3227 2505 3473 2561 formulae
3495 2507 3722 2560 secumti

2135 2595 2268 2660 toni,
2295 2595 2494 2665 quarti,
2547 2595 2685 2650 sexti
2720 2605 2775 2651 et
2817 2595 3019 2651 octavi.
3065 2594 3199 2649 Nam
3249 2593 3494 2649 formula:
3538 2595 3722 2666 primi.

2135 2685 2301 2748 tertii,
2349 2684 2520 2754 quinti
2573 2693 2628 2740 et
2677 2684 2891 2756 septimi
2937 2700 3042 2740 non
3075 2683 3425 2750 conveniunt,
3459 2684 3562 2738 uisi
3597 2700 3721 2737 cum

2135 2787 2326 2833 Cantus
2339 2778 2407 2832 ab
2427 2777 2534 2832 alto
2561 2777 2890 2853 descendens
2912 2781 2962 2832 in
2994 2793 3210 2850 gravem
3240 2776 3516 2833 devenerit
3539 2777 3720 2832 Iiuem.

2206 2869 2336 2922 Illud
2386 2869 2599 2924 tandem
2656 2865 2940 2942 cognosce,
2984 2869 3127 2938 quod
3157 2869 3201 2923 si
3253 2869 3332 2922 vis
3384 2867 3437 2922 in
3470 2868 3551 2923 his
3581 2868 3726 2922 uotis

2135 2958 2422 3029 prolicere,
2450 2973 2670 3015 necesse
2701 2967 2786 3015 est
2841 2967 2900 3014 ut
2935 2958 3239 3028 aliquantos
3275 2966 3467 3013 cautus
3506 2958 3578 3012 ita
3614 2973 3727 3011 me-

2141 3050 2364 3104 moriter
2390 3049 2587 3116 discas,
2639 3058 2698 3104 ut
2744 3065 2840 3120 per
2891 3049 3129 3122 singulas
3169 3064 3391 3104 neumas
3420 3049 3609 3103 modos
3641 3049 3724 3102 vel

2141 3155 2304 3196 sonos
2333 3154 2542 3205 omnes,
2575 3139 2690 3210 qui,
2722 3139 2807 3195 vel
2849 3139 3037 3211 quales
3080 3140 3208 3202 siut,
3249 3139 3563 3194 memoriter
3604 3154 3726 3192 sen-

2142 3230 2264 3283 tias.
2293 3227 2443 3298 Quod
2471 3229 2686 3298 quidem
2711 3228 2866 3298 longe
2889 3228 3032 3282 aliud
3060 3237 3144 3283 est
3165 3227 3481 3289 memoriter
3506 3243 3723 3298 sapere,

2141 3334 2300 3389 quam
2331 3319 2643 3373 memoriter
2664 3333 2879 3383 cauere,
2911 3334 3032 3373 cum
3070 3319 3197 3373 illud
3222 3318 3319 3373 soli
3359 3317 3598 3373 habeant
3632 3335 3723 3372 sa-

2140 3410 2370 3478 pientes,
2402 3410 2504 3464 hoc
2534 3408 2618 3464 vel
2657 3424 2799 3480 saepe
2830 3409 3032 3463 faciant
3064 3408 3453 3486 imprudentes.
3503 3408 3569 3462 Et
3597 3409 3726 3461 situ-

2142 3499 2373 3568 plicibus
2396 3500 2610 3569 quidem
2639 3499 2706 3553 ad
2737 3497 3137 3574 cognoscendas
3161 3495 3478 3567 simpliciter
3504 3512 3728 3552 neumas

2143 3590 2244 3644 ista
2269 3587 2556 3644 sulliciaut.
2599 3589 2879 3656 Quomodo
2909 3599 3088 3644 autem
3126 3589 3426 3658 liquescant
3453 3603 3635 3652 voces,
3671 3599 3729 3642 et

2144 3693 2212 3732 an
2239 3679 2578 3734 adhterenter
2619 3677 2699 3732 vel
2741 3679 2974 3733 dlscrete
3003 3687 3217 3733 sonent.
3246 3677 3446 3745 Quteve
3475 3679 3585 3732 sint
3613 3692 3726 3731 mo-

2144 3783 2280 3824 rosa:
2320 3777 2372 3824 ct
2403 3768 2663 3836 tremulte,
2703 3777 2759 3825 et
2786 3771 3098 3836 subltanezc,
3136 3769 3217 3824 vel
3248 3754 3520 3839 quomodo
3553 3771 3730 3824 canti-

2146 3859 2266 3915 lena
2294 3860 2724 3916 distinctionibus
2751 3861 3040 3927 dividatur,
3077 3871 3130 3916 et
3156 3877 3222 3916 an
3251 3877 3352 3915 vox
3390 3875 3626 3931 sequens
3656 3861 3728 3914 ad

2146 3953 2536 4023 praecedentem
2567 3952 2806 4021 gravior,
2831 3951 2913 4006 vel
2939 3953 3176 4017 acutior,
3205 3952 3289 4007 vel
3327 3951 3603 4021 :equisoua
3635 3953 3728 4018 sit,

2148 4043 2288 4096 facili
2313 4042 2582 4112 colloquio
2600 4043 2653 4097 in
2685 4043 2797 4112 ipsa
2826 4058 3142 4098 neumarum
3171 4043 3337 4113 figura
3365 4053 3726 4110 monstratur,

2147 4133 2215 4199 si,
2258 4142 2316 4189 ut
2341 4133 2557 4199 debent,
2590 4147 2658 4187 ex
2689 4131 2954 4212 industria
2990 4139 3404 4202 componantur.
3479 4113 3496 4131 ’

2761 4224 3003 4281 EI’ILOG
3015 4224 3120 4280 US.

2255 4319 2332 4375 De
2361 4320 2636 4374 modorum
2664 4318 2909 4390 formulis
2929 4329 2976 4372 et
2995 4328 3244 4373 cantuum
3262 4317 3621 4389 qualitatibus.

472 4401 616 4456 inter
653 4402 822 4460 lineas
865 4406 963 4476 ipsi
994 4409 1264 4464 ducantur
1291 4411 1520 4467 colores.
1563 4413 1730 4483 Igitur
1761 4415 1922 4468 tertio
1952 4431 2042 4469 or-
2077 4434 2124 4494 ι)
2222 4416 2424 4470 Vocum
2456 4415 2665 4480 modus,
2692 4402 2936 4469 veterum
2959 4414 3136 4470 editus
3159 4422 3302 4478 voto,
3333 4413 3670 4483 disgregatus
3698 4428 3732 4468 a

472 4492 597 4546 dine
623 4493 721 4547 sub
748 4510 904 4551 croco
933 4499 1104 4568 prima
1127 4510 1208 4554 est
1230 4501 1409 4556 littera
1432 4502 1496 4556 A.
1532 4503 1582 4556 in
1612 4520 1716 4572 qua
1743 4512 1900 4558 tonus
1930 4505 2044 4574 pri-

472 4596 594 4635 mus
649 4583 742 4651 (et)
792 4585 874 4639 vel
929 4592 1196 4644 secundus
1236 4604 1251 4643 :
1288 4605 1450 4660 super
1487 4592 1626 4647 hanc
1644 4592 1796 4662 juxta
1824 4607 2044 4647 crocum

471 4671 707 4725 secunda
735 4673 910 4727 littera
938 4673 995 4727 Β.
1031 4675 1083 4729 in
1106 4692 1210 4746 qtta
1239 4690 1323 4733 est
1353 4689 1509 4736 tonus
1545 4682 1740 4736 tertius
1769 4679 1853 4736 vel
1877 4697 2044 4751 quar-

473 4774 579 4818 tus.
609 4766 810 4824 Deinde
846 4769 897 4824 iu
929 4771 1043 4840 ipso
1081 4788 1240 4828 croco
1263 4783 1345 4829 est
1378 4791 1477 4831 vox
1518 4776 1592 4845 (id
1624 4783 1729 4848 (εει)
1758 4775 1842 4831 vel
1867 4775 2044 4829 littera

475 4856 635 4910 tertia
663 4858 724 4912 C.
750 4859 800 4912 in
829 4875 934 4928 qua
961 4871 1044 4916 est
1075 4873 1231 4919 tonus
1261 4867 1482 4934 quintus
1527 4875 1583 4921 ct
1611 4876 1816 4921 sextus.
1854 4865 2046 4920 Vicina

476 4959 640 5014 super
665 4961 882 5003 crocum
912 4959 966 5005 et
987 4953 1144 5006 tertia
1175 4953 1276 5008 sub
1307 4955 1492 5018 minio,
1520 4965 1603 5010 est
1631 4955 1811 5010 littera
1850 4965 2046 5024 quarta

474 5033 540 5088 Ι).
572 5034 622 5087 in
646 5051 749 5104 qua
784 5047 867 5090 est
925 5047 1082 5094 tonus
1107 5043 1312 5110 primus
1356 5044 1436 5097 vel
1473 5046 1762 5100 secundus.
1792 5045 2046 5100 Proxima

474 5132 559 5178 est
581 5126 746 5179 minio
767 5128 952 5196 quinta
982 5129 1040 5184 E.
1077 5130 1128 5184 iu
1157 5147 1262 5201 qua
1290 5142 1447 5188 tonus
1478 5135 1669 5189 tertius
1693 5135 1775 5189 vel
1799 5144 2044 5204 quartus.

473 5216 531 5272 In
569 5218 682 5286 ipso
709 5229 792 5274 cst
820 5223 984 5276 tuiuio
1011 5223 1193 5278 littera
1219 5234 1369 5280 sexta
1398 5225 1458 5281 Ρ.
1488 5227 1542 5281 in
1564 5243 1668 5296 qua
1705 5239 1862 5282 tonus
1885 5228 2045 5297 quin-

474 5315 563 5361 tus
613 5309 694 5364 vel
734 5322 936 5368 sextus.
967 5312 1127 5368 Juxta
1168 5331 1331 5384 super
1361 5317 1586 5372 minium
1625 5318 1850 5386 septima
1874 5317 2046 5373 estC.

476 5400 530 5456 in
591 5417 676 5470 tua
707 5411 867 5460 tonus
894 5407 1156 5476 septimus
1217 5408 1301 5462 vel
1325 5419 1570 5464 octavus.
1631 5410 1832 5463 Deinde
1876 5410 2047 5478 prima

474 5483 740 5560 repetitur
787 5510 839 5549 a.
893 5497 1053 5552 tertio
1076 5497 1272 5553 ordine
1321 5514 1485 5570 super
1545 5499 1765 5554 miuiutu
1808 5507 1859 5552 et
1893 5500 2048 5553 tertio

474 5582 664 5635 subter
721 5599 963 5650 crocum,
1023 5587 1074 5640 iu
1105 5603 1212 5658 qua
1249 5599 1408 5643 tonus
1447 5589 1654 5658 primus
1695 5587 1794 5657 (et)
1837 5588 1919 5642 vel
1959 5604 2046 5643 sc—

474 5675 704 5742 cundus,
733 5685 790 5734 ut
813 5677 1013 5733 dictum
1047 5690 1146 5734 est.
1181 5679 1306 5735 Post
1346 5696 1504 5750 quam
1533 5695 1720 5734 otuucs
1750 5679 1869 5733 alim
1895 5679 2046 5734 reite-

2148 4518 2277 4559 vero
2304 4513 2358 4558 et
2389 4513 2538 4559 recto
2581 4503 2851 4559 cautionis
2879 4519 3100 4572 genere,
3147 4513 3204 4558 et
3239 4504 3290 4558 iu
3341 4503 3731 4558 chromaticam

2147 4596 2428 4650 mollitiem
2481 4595 2742 4650 deductus
2787 4595 2856 4650 ob
2890 4594 3112 4650 rationis
3163 4593 3442 4666 penuriam
3494 4609 3622 4647 num
3660 4595 3732 4647 ad

2147 4687 2382 4756 priorem
2431 4695 2629 4741 statum
2685 4685 2896 4742 labore.
2927 4686 3066 4741 haud
3121 4685 3268 4742 facili
3317 4686 3571 4740 reductus
3623 4693 3729 4738 est.

2147 4773 2356 4828 Etenim
2388 4775 2513 4846 quia
2566 4774 2702 4846 (qui)
2735 4777 2803 4830 ab
2830 4777 3145 4830 auctoribus
3188 4783 3272 4829 est
3314 4775 3515 4840 editus,
3544 4777 3738 4828 mode-

2149 4865 2373 4921 raminis
2407 4865 2738 4936 jamjamque
2764 4867 3028 4936 gravitate
3055 4867 3298 4921 carebat.
3339 4865 3449 4921 Nec
3495 4865 3727 4929 mirum;

2148 4971 2271 5010 cum
2303 4955 2445 5010 enim
2475 4958 2772 5015 existerent
2799 4957 3040 5026 quidam,
3080 4957 3172 5028 qui
3205 4956 3352 5010 illum
3386 4957 3598 5010 aurium
3635 4971 3730 5007 ar-

2149 5043 2311 5098 bitrio
2356 5044 2754 5110 commiserint,
2805 5045 3025 5114 quidam
3076 5059 3206 5100 vero
3254 5044 3451 5114 potiori
3507 5050 3736 5112 agentes

2150 5135 2374 5191 consilio
2416 5135 2713 5190 rationibus
2747 5137 3101 5208 adsignarint,
3152 5137 3390 5206 utrique,
3425 5146 3584 5206 prout
3633 5151 3735 5189 vo-

2150 5225 2330 5280 luutas
2379 5225 2527 5291 tulit,
2589 5226 2786 5282 diversi
2853 5227 3069 5282 diversa
3124 5228 3483 5295 scripserunt.
3547 5226 3739 5293 Itaque

2150 5328 2310 5389 prout
2354 5333 2662 5388 possumus,
2717 5318 2941 5374 ratlonis
2991 5318 3355 5388 speculatores
3422 5327 3736 5387 sequentes,

2149 5408 2389 5463 breviter
2413 5417 2467 5464 et
2496 5407 2724 5463 strictim
2754 5423 3165 5478 prosequamur.

2766 5500 3128 5556 CAPITULA.

2156 5594 2208 5647 1.
2255 5594 2326 5646 De
2357 5591 2593 5646 motione
2625 5600 2678 5646 et
2709 5591 2854 5646 vocis
2890 5592 3159 5655 acumine,
3194 5605 3286 5645 seu
3320 5590 3611 5662 gravitate.

2152 5685 2205 5737 τὶ.
2252 5685 2323 5741 De
2352 5683 2660 5754 integritate
2688 5693 2738 5737 et
2763 5683 3134 5738 diminutione.
