3944 6382
320 367 422 421 417

1573 354 1870 426 neeum;
1913 369 1997 425 DE
2023 365 2275 426 more
2309 369 2560 428 CANTU.

3463 378 3568 438 H8

316 483 368 534 5.
414 482 486 533 De
532 483 901 548 consonantia,
948 496 1043 538 seu
1083 481 1262 544 minus
1291 483 1668 539 convenientia
1696 502 1894 541 vocum
1927 497 1968 550 Α
2001 501 2064 540 00
2092 499 2241 540 sexta
2270 486 2546 555 quaternis
2593 470 2839 542 formulis
2869 486 3134 545 similibus
3172 491 3470 559 elevantur,
3502 511 3566 551 ae

385 572 722 626 earumdem.

279 661 364 713 ’4.
408 660 484 716 De
529 661 874 718 aﬂiuitatibus
923 663 1256 721 diversarum
1299 680 1510 721 vocum.
1565 663 1640 722 De
1671 668 1888 737 proprio

382 749 465 806 vel
498 750 765 821 adjective
791 755 1054 811 accidenti
1081 755 1386 825 unicuique.

310 843 388 897 De
418 844 701 899 modorum
737 855 968 914 quatuor
1014 847 1321 916 generibus,
1375 861 1673 916 eorumque
1717 849 1888 918 parti-

381 937 528 991 tione
555 953 676 992 cum
707 936 1077 993 differentibus
1109 939 1567 994 distinctionibus.

305 1027 386 1083 De
437 1027 684 1083 formulis
727 1027 1172 1095 differentiarum,
1204 1037 1258 1085 et
1300 1045 1485 1085 earum
1533 1029 1883 1100 proprietati-

294 1135 298 1138 "
377 1119 499 1174 bus.

377 1209 418 1262 I.
452 1210 568 1265 Vox
594 1218 676 1265 est
707 1226 801 1267 aer
827 1211 964 1266 ictus
1004 1209 1185 1265 auditu
1215 1209 1508 1275 sensibilis,
1540 1220 1797 1281 quantum
1827 1210 1879 1266 iu

301 1299 424 1367 ipso
451 1311 552 1354 est.
578 1301 765 1356 Omnis
787 1312 963 1357 autem
997 1319 1098 1357 vox
1125 1309 1217 1356 aut
1251 1305 1335 1358 est
1367 1303 1643 1368 continua,
1675 1311 1769 1358 aut
1802 1304 1884 1358 di-

295 1386 441 1443 visa.
475 1388 743 1445 Coutinua
770 1400 870 1454 est,
901 1393 989 1448 ubi
1020 1393 1100 1448 sic
1138 1409 1195 1448 se
1223 1408 1414 1448 vocum
1451 1394 1696 1462 sequitur
1723 1393 1878 1459 ordo,

295 1487 364 1532 ut
391 1478 554 1534 unius
579 1480 722 1546 linis,
755 1481 1085 1552 alteriusque
1113 1478 1432 1553 principium
1462 1483 1696 1538 discerni
1724 1482 1880 1539 facile

294 1582 408 1625 non
438 1573 641 1641 possit;
675 1574 815 1628 sicut
845 1573 904 1628 ﬁt
945 1591 1065 1630 cum
1111 1577 1163 1630 in
1208 1570 1416 1631 00110511
1466 1591 1593 1631 0100
1638 1575 1878 1630 001011101

294 1659 645 1717 habitudines
684 1655 1006 1733 spectamus.
1045 1665 1135 1720 Sic
1178 1666 1321 1720 enim
1365 1667 1567 1721 rubens
1612 1666 1874 1731 cernitur,

290 1762 360 1807 ’111
386 1762 566 1808 tamen
601 1752 715 1824 ejus
748 1753 956 1814 Initium
981 1756 1060 1811 vel
1092 1752 1214 1811 finis
1239 1753 1623 1828 comprehendi
1647 1773 1750 1812 0011
1783 1766 1875 1810 va-

1990 589 2092 630 una
2120 575 2464 644 deponuntur
2493 594 2504 629 :
2537 577 2680 631 unde
2709 585 2764 632 et
2803 586 3032 649 utraque
3064 591 3221 650 proto
3251 583 3566 639 adscribun-

1990 672 2098 720 11111
2131 667 2312 720 Tertia
2359 681 2489 720 vero
2539 676 2594 720 et
2638 668 2867 737 septima
2901 676 3081 725 ternas
3129 671 3454 730 elevationes
3503 690 3565 730 ae

1986 756 2143 810 binas
2173 757 2536 825 depositioues
2576 757 2799 823 habent,
2845 759 3156 830 similesque
3184 761 3388 817 deuteri
3421 765 3563 820 modi

1985 853 2221 898 exstant.
2256 843 2388 898 Nam
2429 855 2558 915 ergo
2579 855 2770 915 quarta
2802 863 2922 902 eutu
2954 858 3142 904 octava
3176 851 3354 907 minus
3383 853 3434 907 in
3458 868 3562 908 una

1986 935 2289 991 elevatione
2318 937 2662 990 conveniunt.
2685 928 3120 1008 Notandumque,
3146 942 3270 1009 quia
3300 942 3460 998 unius
3481 944 3563 999 1110

1985 1040 2107 1081 esse
2141 1025 2394 1080 dicantur
2435 1028 2599 1092 modi,
2632 1042 2750 1096 qua:
2796 1028 3095 1085 elevatione
3141 1033 3312 1102 magis
3359 1047 3560 1089 conve-

1984 1116 2162 1170 niunt.
2199 1114 2330 1182 01101
2353 1117 2600 1184 quamvis
2631 1117 2790 1173 unius
2833 1133 2954 1174 esse
2976 1121 3230 1175 dicantur
3258 1111 3425 1188 1110111,
3465 1123 3566 1178 ha-

1983 1207 2173 1262 bentes
2197 1207 2397 1263 similes
2418 1207 2744 1264 elevationes
2763 1218 2817 1264 et
2843 1200 3227 1282 depositioues,
3250 1214 3559 1269 nullatenus

1984 1306 2164 1352 tamen
2213 1297 2393 1366 aliqua
2449 1314 2513 1353 ex
2561 1299 2644 1353 his
2699 1314 2822 1354 cum
2862 1301 3041 1370 aliqua
3080 1303 3182 1357 sibi
3226 1303 3559 1373 depositione

1982 1389 2332 1444 concordanti
2381 1389 2680 1445 elevatione
2713 1393 3045 1458 sceneordat,
3083 1405 3178 1462 aut
3211 1396 3556 1452 convenienti

1981 1480 2034 1534 in
2066 1479 2366 1535 elevatione
2392 1481 2712 1549 depositioui
2743 1484 3053 1538 concordat.

2049 1573 2137 1632 IV.
2179 1572 2528 1646 Unaquazque
2568 1593 2698 1632 vero
2747 1593 2937 1634 vocum
2973 1574 3151 1634 'habet
3193 1578 3394 1650 aliquid
3434 1594 3556 1651 pro-

1977 1667 2177 1738 prittm,
2207 1667 2330 1721 dum
2355 1680 2541 1722 earum
2569 1665 2800 1722 afﬁnitas
2823 1682 2931 1723 11011
2959 1685 3021 1724 ex
3051 1678 3163 1725 toto
3192 1671 3440 1725 acumine
3471 1671 3554 1726 vel

1978 1760 2242 1829 ga‘avitate
2282 1761 2631 1826 concordant,
2674 1770 2726 1815 et
2761 1756 2936 1831 aliqua
2965 1778 3179 1833 semper
3203 1764 3553 1820 similitudine

287 1842 428 1898 'ieat.
462 1842 554 1900 Sic
600 1853 684 1900 est
725 1846 778 1900 in
812 1843 1049 1916 reliquis.
1093 1847 1271 1902 Divisa
1306 1825 1454 1910 vero,
1483 1863 1601 1917 qua:
1631 1843 1874 1917 singilla-
1908 1825 1948 1884 Β
1977 1867 2098 1906 01110
2125 1853 2397 1908 extraneis
2421 1853 2808 1919 admiscentur,
2843 1854 2895 1908 id
2923 1863 3022 1921 est,
3054 1870 3174 1910 cum
3208 1856 3308 1920 eis,
3345 1853 3436 1925 qui
3469 1856 3550 1908 al-

294 1933 396 1988 1110
429 1935 718 2003 profertur.
752 1936 902 1991 Nulla
935 1954 1062 1992 vero
1090 1954 1189 1992 vox
1221 1937 1302 2002 fit,
1337 1938 1438 1992 uisi
1468 1948 1645 1992 motus
1673 1938 1874 2007 0111100-

293 2028 412 2082 dat.
444 2026 788 2082 Prmeedeute
840 2037 1017 2082 autem
1053 2039 1222 2092 010111,
1256 2029 1300 2084 si
1335 2029 1496 2083 fuerit
1523 2013 1704 2092 velox,
1736 2028 1874 2096 spis-

291 2116 470 2170 siores
513 2125 566 2171 et
610 2117 882 2172 acutiores
933 2119 1105 2173 reddit
1151 2134 1330 2185 voces,
1380 2119 1424 2173 si
1472 2128 1651 2174 autem
1692 2133 1868 2185 rarus,

291 2224 492 2279 graves
518 2219 572 2264 et
601 2210 916 2280 grossiores.

368 2301 572 2356 Musiea
601 2317 705 2356 vox
734 2301 788 2356 iit
823 2303 1076 2368 motione,
1121 2305 1287 2360 motio
1322 2314 1498 2359 autem
1529 2305 1692 2360 habet
1725 2305 1778 2359 in
1811 2320 1869 2361 50

302 2399 563 2451 iuuarent.
586 2393 738 2460 Quod
765 2395 1116 2464 quantitatem
1151 2397 1402 2452 motionis
1423 2399 1766 2467 exsequitur;
1795 2397 1867 2452 ita

291 2485 353 2537 ut
399 2476 454 2543 si
493 2494 666 2539 motus
733 2484 894 2539 fuerit
938 2485 1148 2549 brevis,
1210 2502 1505 2558 pet-parvus
1548 2489 1750 2544 existat
1812 2497 1869 2542 et

291 2587 452 2632 tenor
478 2593 493 2632 :
519 2579 561 2634 si
591 2580 781 2650 major,
811 2580 1124 2650 ampliorem
1162 2582 1378 2638 habebit
1419 2592 1679 2650 tenorem.
1708 2581 1868 2637 Musi-

287 2686 392 2726 cus
431 2680 608 2726 autem
638 2682 813 2727 motus
839 2672 895 2726 lit
938 2687 1030 2728 sex
1070 2674 1404 2732 solummodo
1447 2676 1641 2739 modis,
1682 2677 1735 2731 id
1761 2686 1862 2743 est,

291 2772 443 2829 tono,
493 2764 800 2830 semitouio,
840 2767 1186 2832 semiditono,
1231 2769 1313 2824 vel
1361 2769 1748 2835 trihemitonio,
1783 2772 1864 2826 di-

292 2865 444 2918 touo,
473 2854 809 2910 diatessaron
838 2865 894 2910 et
921 2856 1188 2926 diapente.
1231 2857 1429 2914 Intueri
1471 2874 1600 2930 ergo
1625 2859 1775 2927 libet,
1805 2869 1864 2916 ut

286 2945 584 2999 secundum
624 2947 766 3016 quod
795 2948 1031 3003 creverit
1080 2959 1277 3013 motus,
1318 2960 1529 3006 crescat
1565 2959 1621 3006 et
1675 2962 1857 3021 tenor;

284 3034 440 3088 verbi
473 3035 645 3105 gratia
676 3053 690 3089 :
725 3036 947 3093 Ditonus
987 3038 1208 3108 duplum
1242 3049 1446 3107 tonum,
1494 3051 1774 3111 propterea
1805 3055 1860 3100 et

283 3124 508 3193 duplum
560 3125 776 3181 habebit
830 3137 1088 3184 tenorem.
1141 3130 1318 3185 Tener
1363 3141 1543 3188 autem
1596 3145 1679 3190 est
1709 3153 1855 3192 mora
1888 3161 1933 3223 ο

282 3215 709 3286 uniuscujusque
736 3218 902 3283 vocis,
926 3235 1084 3289 quem
1115 3228 1172 3273 ut
1203 3230 1411 3291 tempus
1438 3228 1777 3292 grammatici
1807 3228 1858 3283 in

279 3305 507 3376 syllabis
535 3307 784 3362 brevibus
808 3318 860 3362 et
890 3309 1218 3379 longioribus
1248 3314 1677 3382 superscribunt.

355 3398 419 3452 II.
451 3398 527 3453 Ex
558 3400 879 3468 supradictis
909 3409 1088 3456 autem
1123 3402 1354 3457 motibus
1380 3403 1470 3458 alii
1497 3405 1737 3463 existunt
1773 3409 1856 3464 in-

280 3489 457 3560 tegri,
497 3489 548 3543 id
595 3499 699 3552 est,
743 3490 835 3560 qui
885 3492 1310 3548 monochordum
1367 3495 1687 3565 regulariter
1733 3515 1859 3570 par-

281 3583 516 3644 tittutur,
555 3589 614 3634 ut
651 3590 828 3646 tonus,
861 3591 914 3637 et
946 3583 1139 3653 reliqui
1169 3603 1183 3638 :
1215 3585 1304 3640 alii
1335 3595 1514 3641 autem
1541 3589 1608 3644 ab
1636 3589 1857 3662 integri-

278 3680 398 3726 tate
425 3671 697 3737 delicittnt,
730 3673 820 3743 qui
860 3674 1282 3747 monochordum
1321 3676 1488 3745 aequis
1525 3679 1855 3747 ponderibus

275 3760 449 3815 dividi
475 3769 763 3830 nequeunt,
799 3770 857 3815 111
882 3746 1255 3817 5010111110005.
1291 3764 1474 3820 Το1105
1493 3746 1622 3837 ergo
1647 3767 1853 3837 integra

271 3851 548 3905 dimensio
571 3860 671 3913 est,
704 3851 826 3921 quia
861 3867 957 3921 per
985 3853 1414 3921 sesquioctavam
1446 3857 1852 3926 proportionem

271 3939 544 4011 regularis
573 3941 924 3996 monoehordi
955 3943 1250 4011 partionem
1283 3943 1618 4011 assequitur;
1655 3945 1854 4000 diates-

271 4047 443 4088 saron
484 4046 612 4086 vero
645 4047 740 4101 per
783 4032 1214 4102 scsquitertiam;
1245 4032 1496 4103 diapente
1530 4042 1708 4090 autem
1756 4051 1853 4104 per

272 4124 710 4193 sesquialterum.
744 4123 1082 4193 Quapropter
1129 4132 1286 4179 tonus
1309 4125 1489 4180 omnis
1520 4126 1579 4180 iit
1625 4126 1851 4180 novenis

271 4218 546 4288 passibus,
573 4217 912 4271 diatessaron
944 4215 1242 4285 quaternis,
1275 4215 1527 4285 diapente
1568 4209 1696 4270 vero
1743 4226 1851 4271 ter-

271 4308 384 4361 1115.
437 4307 700 4377 Diapason
752 4314 932 4361 autem
976 4306 1174 4376 ubique
1220 4305 1276 4359 iit
1324 4305 1532 4362 duobus
1577 4309 1846 4377 passibus,

271 4414 401 4452 eum
439 4408 494 4453 et
538 4397 774 4453 vicissim
823 4396 924 4453 sibi
967 4397 1021 4452 in
1081 4399 1557 4453 consonantiarum
1603 4399 1848 4469 partibus

271 4492 592 4548 succedunt.

345 4584 430 4638 III.
474 4583 662 4640 Omnis
707 4593 886 4638 autem
937 4584 1205 4639 cantilena
1254 4593 1458 4652 septem
1492 4585 1844 4642 dissimilibus

269 4675 498 4729 vocibus
537 4675 834 4744 perficitur,
878 4689 941 4728 ex
992 4676 1185 4743 quibus
1232 4675 1352 4730 alia:
1396 4684 1522 4730 sunt
1569 4691 1842 4740 consume,

271 4765 392 4820 alite
428 4780 557 4820 vero
580 4767 827 4820 1115501110.
878 4766 1054 4820 Prima
1091 4767 1271 4835 itaque
1300 4775 1354 4820 et
1381 4774 1573 4836 quarta
1598 4781 1700 4820 vox
1736 4776 1843 4820 ter-

272 4869 372 4907 nas
398 4855 452 4908 in
483 4854 832 4921 depositione,
863 4869 927 4909 ac
951 4855 1105 4909 binas
1134 4855 1185 4909 in
1214 4854 1510 4909 elevatione
1539 4854 1841 4926 simillimas

270 4943 475 4998 habent
514 4943 791 4998 formulas.
826 4945 897 4997 At
941 4945 1172 5000 secunda
1219 4954 1275 5000 et
1314 4945 1498 5014 quinta
1526 4953 1758 5014 quatuor
1788 4946 1838 4998 in

271 5035 628 5106 depositione,
673 5046 729 5091 et
759 5053 920 5091 unam
961 5037 1014 5091 in
1045 5036 1363 5092 elevatione.
1402 5035 1570 5090 Porro
1601 5036 1754 5090 tertia
1784 5043 1838 5090 et

267 5134 421 5181 sexta
456 5136 688 5195 quatuor
715 5127 784 5182 ab
810 5125 1152 5182 inferioribus
1179 5127 1383 5182 similes
1411 5127 1611 5182 habent
1639 5127 1838 5182 fortun-

268 5213 371 5280 Ias,
397 5230 425 5268 a
457 5215 825 5285 superioribus
865 5231 966 5270 nec
1011 5231 1191 5270 unam.
1217 5215 1343 5271 Post
1370 5215 1466 5271 has
1487 5226 1676 5285 quarta
1702 5231 1731 5269 a
1754 5231 1838 5271 se-

265 5305 430 5372 ptima
463 5302 784 5360 dissociatur
827 5305 1076 5373 amplius,
1111 5321 1212 5361 nec
1240 5306 1399 5360 ullam
1446 5307 1680 5361 retinent
1712 5322 1836 5377 pro-

264 5393 570 5462 portionum
616 5397 1024 5450 consonantiam
1068 5396 1134 5451 ad
1192 5412 1250 5452 se
1296 5398 1546 5453 invicem.
1595 5398 1836 5469 Itemque

264 5483 438 5551 prima
478 5492 535 5539 et
561 5486 748 5554 quinta
787 5502 816 5540 a
859 5487 1222 5558 superioribus
1269 5489 1472 5544 similes
1503 5489 1702 5544 habent
1727 5488 1835 5544 for-

266 5574 461 5642 mulas,
490 5591 520 5630 a
541 5577 872 5647 depositione
897 5588 1074 5636 autem
1114 5581 1404 5637 neminem.
1437 5579 1682 5638 Secunda
1704 5595 1833 5637 vero

338 5723 448 5799 (30)
489 5727 547 5782 F.
574 5730 1001 5785 adcrertionibus.

1977 1941 2144 1998 terius
2173 1945 2315 1998 modi
2339 1953 2486 2009 sunt,
2510 1954 2694 2013 utpote
2722 1945 2781 1999 D.
2808 1953 2860 2000 et
2890 1945 2954 1999 A.
2981 1961 3099 2015 qua:
3121 1947 3304 2000 attines
3326 1956 3466 2010 sunt,
3497 1946 3551 2001 id

1974 2040 2076 2093 est,
2112 2032 2268 2087 unius
2293 2032 2436 2087 modi
2466 2049 2569 2087 uou
2599 2045 2720 2088 sunt
2750 2045 2903 2104 proto
2935 2045 3044 2089 tum
3067 2035 3292 2100 similes,
3319 2038 3411 2092 sed
3442 2037 3553 2092 sin-

1973 2116 2197 2193 giilatim
2242 2123 2488 2192 proprias
2529 2125 2764 2179 retinent
2792 2125 3100 2194 qualitates,
3134 2127 3258 2180 dtuu
3291 2128 3353 2181 D.
3387 2127 3552 2197 depo-

1973 2212 2120 2267 nitur
2147 2222 2290 2277 tono,
2313 2213 2616 2274 semitonio,
2644 2225 2697 2268 et
2721 2214 2914 2269 iterum
2938 2215 3182 2271 elevatur
3214 2226 3358 2282 10110,
3383 2216 3548 2272 semi-

1974 2303 2139 2366 touio,
2175 2304 2396 2369 triteno,
2432 2313 2486 2359 et
2516 2305 2837 2359 scmiditono
2870 2318 3040 2374 usque
3074 2307 3140 2360 ad
3169 2307 3312 2361 aliud
3340 2308 3392 2361 d.
3423 2322 3550 2361 acu-

1973 2403 2103 2448 tum.
2150 2395 2389 2464 itemque
2437 2393 2502 2448 A.
2538 2395 2722 2450 ditouo
2770 2393 3056 2464 deponitur
3099 2403 3151 2450 et
3200 2395 3544 2462 semiditono,

1969 2486 2212 2541 elevatur
2237 2495 2417 2540 autem
2466 2501 2561 2557 per
2608 2496 2815 2551 tonum,
2848 2483 3189 2542 semitouium
3220 2497 3274 2542 et
3302 2487 3544 2541 ditonum

1969 2591 2138 2646 usque
2159 2576 2225 2630 ad
2253 2576 2401 2631 aliud
2435 2592 2486 2631 a.
2519 2586 2760 2631 acutum.
2793 2571 2898 2631 Sed
2938 2578 3070 2632 satis
3097 2592 3238 2631 nune
3272 2585 3545 2631 ostensam

1966 2679 2086 2719 esse
2114 2665 2610 2721 dissimilitudinem
2644 2665 2782 2720 inter
2810 2665 2994 2719 affines
3023 2651 3180 2720 voces
3215 2665 3471 2719 arbitror.

2037 2755 2190 2810 Nunc
2210 2765 2262 2811 et
2285 2756 2540 2811 similium
2569 2772 2760 2811 vocum
2783 2757 3071 2812 edisseram
3097 2755 3498 2812 similitudinem
3523 2771 3539 2812 :

1966 2846 2092 2901 dum
2120 2847 2265 2900 cuitu
2298 2847 2361 2901 D.
2407 2846 2479 2901 sit
2525 2856 2735 2916 protus,
2784 2855 2838 2902 et
2877 2845 2943 2902 (ἱ.
2991 2847 3283 2912 1011011105,
3317 2857 3544 2916 utraque

1965 2945 2145 2992 tamen
2179 2938 2466 2993 semitonio
2512 2947 2566 2992 et
2595 2939 2777 2993 ditouo
2813 2939 3176 3010 deponuntur,
3216 2948 3270 2995 et
3297 2954 3358 2993 ea
3394 2954 3542 3010 sym-

1962 3029 2181 3099 phonia,
2220 3043 2342 3098 quae
2371 3028 2431 3081 D.
2467 3030 2798 3094 continetur,
2847 3031 2892 3084 si
2945 3031 3016 3085 sit
3063 3030 3381 3102 depositiva,
3427 3040 3538 3085 tum

1965 3118 2123 3172 modo
2143 3126 2198 3173 et
2224 3117 2289 3174 G.
2321 3119 2442 3174 caui
2472 3127 2680 3190 potest;
2707 3121 2850 3191 quod
2876 3121 3124 3192 exemplo
3143 3131 3290 3192 patet
3313 3120 3365 3176 in
3397 3121 3540 3176 anti-

1963 3211 2141 3281 phona
2167 3211 2288 3281 1100.

2207 3320 2236 3358 ε

2177 3393 2409 3464 Spiritus
2430 3394 2567 3450 alme
2592 3393 2884 3450 illustratur
2907 3397 3159 3450 omnium.

2027 3483 2093 3540 γ.
2125 3483 2263 3540 Sunt
2289 3495 2467 3540 autem
2501 3487 2643 3542 modi
2677 3503 2867 3542 vocum
2899 3495 3146 3557 quatuor,
3181 3487 3232 3542 id
3271 3496 3377 3554 est,
3413 3499 3534 3558 111·οο

1960 3583 2064 3641 105,
2098 3575 2376 3642 1100101115,
2410 3578 2589 3642 111105,
2617 3579 2909 3642 1011011105,
2939 3579 3029 3648 qui
3072 3587 3126 3634 et
3156 3578 3376 3633 tetidem
3406 3579 3534 3637 sub.-

1951 3667 2161 3738 jugales
2213 3667 2444 3734 habent;
2503 3678 2558 3723 et
2607 3669 2930 3740 principales
2977 3670 3194 3740 quidem
3244 3671 3531 3728 autheutos

1955 3757 2227 3832 dicimus,
2298 3756 2608 3830 subiugales
2679 3770 2858 3816 autem
2939 3759 3109 3832 plagis
3164 3762 3524 3818 nominamus.

1955 3847 2154 3904 Eorum
2181 3849 2483 3906 differentia
2513 3850 2633 3906 talis
2657 3860 2762 3906 est.
2792 3853 2925 3907 Cum
2949 3852 3171 3922 quilibet
3192 3862 3383 3908 cantus
3405 3863 3528 3909 octo

1953 3941 2177 3997 vocibus
2199 3943 2476 4006 ascendat,
2500 3942 2787 3997 descendat
2808 3957 2936 3996 vero
2965 3942 3218 4012 quinque,
3248 3954 3410 4014 atque
3439 3943 3526 3998 in-
3613 4014 3620 4020 .

1959 4041 2040 4088 101
2065 4049 2253 4089 omnes
2282 4035 2389 4088 sint
2423 4033 2536 4088 XII.
2568 4050 2671 4088 una
2707 4048 2772 4088 ex
2804 4033 2886 4088 his
2915 4033 2996 4088 bis
3025 4044 3377 4088 annutnerata
3403 4050 3526 4106 gra-

1952 4140 2046 4179 ves
2071 4142 2258 4182 omnes
2298 4143 2418 4181 cttm
2466 4125 2644 4195 aliqua
2690 4135 2842 4195 parte
2871 4135 3148 4181 acutarum
3176 4125 3345 4196 plagis
3367 4127 3522 4181 attrin

1950 4214 2139 4269 buunt.
2165 4213 2329 4270 Porro
2359 4216 2632 4270 authentis
2652 4225 2858 4270 cunctae
2888 4225 3058 4271 acuta:
3085 4232 3204 4270 ctuu
3229 4216 3522 4284 aliquantis

1949 4302 2192 4375 gravium
2222 4305 2570 4359 conveniunt.
2603 4303 2926 4376 Notatoque,
2958 4303 3099 4374 quod
3127 4305 3233 4359 sint
3278 4315 3387 4360 tres
3427 4321 3522 4360 or-

1950 4392 2101 4447 dines
2147 4407 2362 4458 vocum,
2403 4393 2585 4456 idest,
2638 4408 2851 4460 graves,
2903 4393 3090 4447 mediae
3125 4401 3181 4447 et
3219 4402 3413 4448 000101.
3443 4395 3520 4449 Ex

1873 4495 1920 4554 ι)
1947 4482 2143 4552 quibus
2174 4483 2360 4536 mediae
2389 4499 2604 4552 scntper
2640 4492 3000 4537 annectuntur
3043 4484 3307 4553 utrisque,
3351 4495 3522 4539 acutae

1947 4583 2124 4627 autem
2157 4575 2484 4628 conveniunt
2515 4574 2808 4639 authentis,
2841 4585 2894 4627 et
2924 4589 3116 4642 graves
3156 4573 3419 4643 plagibus.
3456 4574 3520 4628 Et

1945 4670 2022 4724 sic
2045 4685 2257 4738 semper
2289 4678 2398 4723 tres
2441 4683 2504 4723 ex
2555 4670 2816 4723 ambabus
2848 4669 3093 4739 partibus
3119 4683 3359 4722 utrorum
3397 4674 3520 4721 sunt

1943 4758 2192 4828 propriae.

2014 4845 2100 4901 VI.
2151 4845 2584 4901 Differentiarum
2632 4854 2811 4900 autem
2859 4845 3052 4900 horum
3102 4848 3377 4900 modorum
3409 4842 3516 4899 for-

1942 4939 2100 4992 mula;
2137 4938 2427 4994 secundum
2473 4938 2731 5007 principia
2763 4946 3016 4992 cantuum
3066 4937 3336 5006 disposita:
3363 4944 3510 5009 sunt.

1941 5027 2006 5082 Et
2052 5029 2504 5097 quemadmodum
2557 5027 2730 5083 finalis
2785 5044 2886 5083 vox
2945 5028 3176 5097 aliquem
3237 5025 3511 5095 proprium

1940 5118 2156 5173 modunt
2205 5120 2448 5185 metitur,
2493 5120 2570 5175 sic
2600 5128 2653 5174 ct
2696 5119 3088 5174 rationabiliter
3127 5117 3388 5188 principia
3416 5131 3511 5172 eo-

1940 5209 2182 5264 rumdem
2213 5220 2467 5264 cantuum
2500 5211 2736 5281 aptiores
2783 5211 2884 5264 sibi
2934 5208 3193 5264 formulas
3237 5215 3510 5276 coaptent,

1937 5307 2200 5368 quatenus
2226 5300 2296 5355 sit
2336 5300 2559 5369 pulchra
2599 5299 2864 5354 connexio
2893 5313 3011 5366 quae
3060 5294 3351 5353 secundum
3381 5309 3509 5365 pro-

1936 5389 2084 5458 prios
2106 5388 2157 5442 iu
2182 5405 2505 5460 unaquaque
2529 5389 2788 5460 dirigatur
2818 5397 3014 5450 motus.

2007 5479 2154 5546 Quos
2200 5489 2380 5536 motus
2420 5496 2612 5551 nempe
2649 5480 2885 5535 diximus
2928 5479 3044 5535 fore
3096 5493 3212 5545 sex,
3258 5477 3348 5548 qui
3385 5491 3506 5532 cum

1938 5569 2108 5626 tribus
2145 5570 2479 5640 applicantur
2501 5569 2971 5650 adherectionibus
3001 5569 3150 5640 (50),
3181 5561 3232 5623 in
3263 5580 3507 5636 unoquo-
