3944 6384
425 313 532 368 425

429 447 1192 485 ,__....___._.._

1676 293 1998 352 CUlDONlS
2032 290 2309 350 ARETINI
2473 317 2478 322 -
3575 272 3672 334 ηδ

1165 528 1938 758 EPISTOLA

2127 612 2782 747 UIDONIS
2841 585 2966 667 (³³)

1712 855 2038 914 MICHAELI
2076 851 2410 911 MONACHO

1440 1033 1586 1120 DE
1665 1024 2125 1118 IGNOTO
2199 1023 2626 1116 CANTU.

1854 1232 2337 1258 -ε-Αι--ι--ι-ιΙ-η

495 1369 814 1472 Beatissimo
835 1414 995 1478 atque
1016 1396 1327 1458 dulcissimo
1353 1392 1507 1448 fratri
1537 1384 1781 1444 Michacli
1805 1382 2000 1447 Guido,
2031 1363 2080 1422 Α
2108 1368 2395 1478 ἰξοιῖἰξηιιεῖ
2431 1379 2589 1433 absit.
2636 1367 2769 1433 Nam
2811 1386 2864 1434 et
2891 1373 3198 1450 Apostolus,
3229 1397 3350 1437 cum
3391 1385 3566 1454 gratia
3597 1385 3692 1441 Dei

427 1524 524 1578 per
555 1505 829 1562 anfractus
859 1475 1056 1553 multos
1094 1489 1334 1559 deiectus
1376 1493 1429 1540 et
1473 1490 1682 1536 auctus.
1725 1477 1829 1530 Aut
1870 1475 2005 1578 dura

427 1565 554 1655 sunt
586 1597 977 1664 temporahaut
1010 1583 1205 1641 divina:
1228 1573 1600 1648 dispositionis
1635 1569 1866 1624 obscura
1897 1565 2008 1618 dis-

2107 1469 2287 1532 sitid,
2333 1470 2475 1538 quod
2521 1471 2625 1532 sit,
2676 1478 2860 1525 cantat
2912 1480 3092 1526 tamen
3134 1473 3386 1527 :Bonum
3429 1485 3695 1530 certamen

2107 1561 2320 1624 certavi,
2364 1578 2572 1614 cursum
2619 1563 2992 1627 consummavi,
3023 1563 3180 1631 ﬁdem
3208 1566 3441 1630 servavi;
3481 1567 3534 1619 in
3573 1565 3698 1620 reli-

426 1651 874 1749 flrilttilta,ldtlnl'
907 1688 962 1734 et
1000 1675 1282 1730 veritatem
1324 1665 1557 1730 fallacia,
1587 1670 1641 1718 et
1684 1658 2005 1715 charitatem
2105 1665 2208 1720 Quo
2239 1651 2464 1719 reposita
2492 1660 2565 1703 est
2595 1651 2724 1703 mihi
2752 1667 2944 1704 corona
2971 1651 3209 1719 iustitiae.

427 1794 566 1848 saepe
588 1773 868 1831 conculcet
900 1767 1120 1830 invidia,
1151 1777 1270 1832 qure
1301 1758 1470 1814 nostri
1497 1754 1706 1810 ordinis
1735 1753 1819 1804 vix
1851 1749 2009 1804 dese-

428 1841 520 1926 rit-
541 1868 876 1929 societatem,
913 1875 1019 1931 quo
1063 1853 1469 1913 Philistinorum
1521 1848 1710 1903 concio
1756 1841 2012 1898 Israeliti-

425 1975 546 2016 cam
587 1957 773 2028 puniat
805 1951 1159 2024 pravitatem,
1189 1961 1256 2000 ne
1285 1945 1329 1999 si
1362 1957 1485 1996 mox
1519 1940 1611 1993 fiat
1638 1934 2012 2028 quidquidnut

427 2020 709 2113 volumus,
756 2020 889 2100 adeo
939 2042 994 2096 in
1044 2055 1102 2094 se
1151 2034 1432 2092 conlidens
1480 2028 1752 2102 periturus
1799 2020 2012 2080 decidat

431 2143 664 2197 animus.
706 2135 857 2192 Tunc
887 2133 1030 2189 enim
1074 2138 1158 2186 est
1202 2141 1325 2182 vere
1370 2127 1569 2178 bonum
1603 2119 1653 2174 id
1707 2116 1848 2188 quod
1881 2113 2012 2168 faci-

431 2249 577 2297 mus,
615 2243 738 2286 cum
782 2233 967 2281 nostro
1009 2219 1201 2277 factori
1250 2214 1610 2272 adscribimus
1656 2221 1815 2264 omne
1867 2204 2011 2277 quod

433 2337 742 2398 possumus.

504 2415 630 2470 Inde
670 2420 775 2477 est,
814 2406 958 2479 quod
1003 2419 1088 2460 me
1133 2401 1283 2456 vides
1330 2396 1554 2469 prolixis
1597 2391 1792 2446 finibus
1823 2387 2012 2479 exula-

432 2515 571 2570 tum,
602 2518 667 2558 ac
712 2477 960 2570 teipsum,
999 2509 1067 2549 ne
1113 2490 1198 2546 vel
1246 2487 1514 2558 respirare
1560 2483 1774 2553 quidem
1817 2477 2010 2549 possis,

434 2595 738 2652 invidorum
767 2587 974 2658 laqueis
1002 2581 1343 2640 suffocatum.
1365 2579 1482 2644 Qua
1517 2577 1568 2629 in
1610 2591 1666 2628 re
1709 2570 2016 2626 simillimos

2181 1744 2370 1799 Securi
2407 1757 2537 1814 ergo
2563 1743 2631 1799 de
2658 1759 2753 1814 spe
2782 1744 3159 1800 retributionis
3193 1745 3513 1801 insistamus
3542 1747 3694 1816 Operi

2111 1841 2275 1890 tanta:
2325 1835 2605 1902 utilitatis;
2654 1847 2706 1891 et
2757 1837 2883 1905 quia
2931 1846 3056 1906 post
3103 1837 3300 1892 multas
3346 1846 3697 1907 tempestates

2111 1930 2272 1984 rediit
2317 1930 2408 1985 diu
2460 1939 2643 2001 optata
2691 1930 2994 1997 serenitas,
3046 1929 3407 2002 navigandum
3445 1941 3530 1985 est
3579 1927 3699 1984 feli-

2111 2021 2269 2077 citer.
3131 2044 3133 2046 -

2184 2111 2291 2168 Sed
2333 2113 2460 2184 quia
2503 2112 2694 2170 diffidit
2732 2121 2824 2169 tua
2861 2113 2928 2168 de
2973 2110 3224 2170 libertate
3274 2113 3584 2185 captivitas,
3617 2113 3697 2167 rei

2111 2207 2356 2264 ordinem
2399 2207 2654 2277 pandam.
2699 2205 2936 2262 Summae
2978 2206 3122 2262 sedis
3163 2205 3470 2277 apostolica:
3492 2203 3703 2260 Johano

2113 2311 2232 2362 nes,
2256 2297 2357 2367 qui-
2395 2297 2553 2352 modo
2596 2293 2899 2351 Romanam
2946 2296 3212 2368 gubernat
3240 2296 3568 2360 Ecclesiam,
3605 2311 3702 2349 au.

2114 2387 2266 2442 diens
2295 2385 2494 2440 famam
2531 2394 2730 2441 nostrae
2763 2385 2984 2451 scholas,
3008 2396 3063 2440 et
3087 2387 3358 2456 quomodo
3388 2398 3485 2455 per
3509 2393 3701 2440 nostra

2115 2479 2491 2549 antiphonaria
2539 2479 2809 2534 inauditos
2851 2478 3004 2549 pueri
3042 2486 3436 2548 cognoscerent
3481 2485 3698 2540 cantus,

2114 2571 2271 2624 valde
2317 2569 2566 2633 miratus,
2601 2569 2776 2624 tribus
2817 2568 3023 2623 nuntiis
3066 2583 3154 2622 me
3209 2567 3275 2620 ad
3321 2580 3381 2620 se
3427 2565 3700 2620 invitavit.

435 2700 536 2741 nos
573 2682 785 2739 euidam
828 2657 948 2732 (lico
982 2671 1199 2736 arliﬁCi.
1230 2670 1322 2740 (Ιυί
1363 2681 1487 2722 cum
1528 2664 1770 2735 AUSUSlO
1810 2657 2011 2714 Caesari
2046 2701 2090 2760 Β
2118 2661 2236 2716 Adii
2267 2662 2428 2732 igitur
2459 2661 2684 2715 Romam
2712 2675 2834 2715 cum
2860 2660 3058 2714 domno
3086 2657 3415 2724 Grunvaldo,
3450 2668 3703 2712 reveren-

436 2769 913 2842 incomparabilem
959 2774 1014 2820 et
1055 2761 1266 2818 cunctis
1294 2758 1594 2812 inauditum
1643 2751 1856 2808 saeculis
1899 2750 2015 2804 the-

435 2837 696 2926 saurum,
743 2855 978 2913 flexibile
1023 2851 1273 2908 videlicet
1313 2847 1546 2911 vitrum,
1591 2842 1841 2906 offerret,
1887 2837 2014 2908 quia

438 2955 643 3028 aliquid
668 2966 828 3024 super
853 2962 1040 3003 omnes
1065 2943 1313 3000 homines
1342 2939 1536 3010 potuit,
1562 2937 1786 3004 ideoque
1817 2928 2015 3001 aliquid

435 3025 599 3121 super
636 3058 822 3100 omnes
869 3036 1167 3111 promereri
1206 3047 1265 3090 se
1313 3029 1561 3093 credidit,
1599 3025 1830 3097 pessima
1868 3031 2016 3076 sorte

432 3118 617 3215 jussus
662 3148 746 3194 est
789 3133 994 3199 occidi;
1046 3145 1115 3187 ne
1164 3129 1230 3194 si,
1261 3135 1321 3182 ut
1370 3133 1453 3180 est
1502 3120 1748 3177 mirabile
1794 3118 2016 3181 vitrum,

436 3208 620 3307 posset
646 3244 766 3286 esse
795 3224 1063 3289 durabile,
1093 3223 1273 3292 regqu
1308 3215 1454 3271 omni
1489 3216 1792 3275 thesaurus,
1825 3209 1916 3278 qui
1953 3208 2019 3262 de

437 3301 665 3381 diversis
693 3329 811 3376 erat
841 3314 1097 3379 metallis,
1129 3313 1286 3368 ﬁeret
1321 3305 1589 3378 extemplo
1616 3302 1850 3358 vitabilis
1881 3301 2016 3372 (5‘2).

438 3418 638 3486 Sicque
687 3429 751 3469 ex
802 3410 894 3466 illo
938 3417 1180 3477 tempore
1223 3401 1509 3459 maledicta
1542 3411 1755 3466 semper
1795 3393 2016 3457 invidia,

437 3510 582 3565 sicut
614 3504 886 3577 quondam
930 3499 1263 3572 paradisum,
1296 3503 1352 3549 et
1390 3494 1493 3549 hoc
1536 3503 1748 3562 quoque
1780 3485 2023 3541 mortali-

439 3603 542 3657 bus
582 3597 803 3654 abstulit
839 3592 1200 3650 commodum.
1233 3588 1366 3643 Nam
1404 3589 1526 3656 quia
1565 3582 1762 3637 invidia
1797 3578 2021 3634 artificis

441 3694 644 3750 nullum
672 3689 840 3745 voluit
865 3687 1118 3751 educere,
1151 3681 1326 3758 potuit
1356 3678 1498 3750 regis
1525 3675 1725 3731 invidia
1755 3671 2020 3726 artificem

439 3799 562 3840 eum
592 3790 710 3836 arte
735 3776 1021 3848 perimere.

428 3860 435 3866 i
517 3873 669 3930 Unde
699 3885 798 3940 ego
834 3867 1132 3937 inspirante
1174 3862 1286 3916 Deo
1324 3857 1672 3917 charilatem,
1702 3868 1806 3906 non
1847 3849 2020 3905 Solum

443 3967 562 4030 tibi,
598 3963 690 4019 sed
720 3971 772 4017 et
799 3959 941 4023 aliis,
972 3957 1401 4026 quibuscumque
1438 3947 1612 4018 potui,
1643 3959 1852 3999 summa
1900 3955 2022 3994 cum

2121 2753 2329 2808 tissimo
2367 2752 2595 2816 abbate,
2641 2759 2696 2805 et
2734 2748 2934 2806 domno
2985 2749 3146 2804 Petro
3169 2747 3408 2802 Aretinte
3453 2744 3703 2801 ecclesia:

2119 2843 2501 2900 eanonicorum
2554 2841 2875 2912 prchosito,
2919 2841 3039 2894 viro
3086 2853 3185 2898 Dro
3233 2836 3404 2892 nostri
3442 2835 3705 2906 temporis

2119 2934 2380 3005 qualitate
2405 2933 2789 2989 scientissimo.
2827 2931 3050 2985 Multum
3082 2936 3264 3000 itaque
3291 2926 3535 2998 pontifex
3580 2938 3705 2981 meo

2087 3035 2092 3040 '
2120 3025 2418 3096 gratulatus
2447 3034 2531 3080 est
2567 3024 2826 3087 adventu,
2862 3021 3034 3076 multa
3063 3019 3378 3090 colloquens
3402 3027 3459 3074 et
3485 3018 3702 3074 diversa

2120 3116 2480 3187 perquirens:
2513 3123 2866 3183 nostrumque
2897 3111 3043 3167 velut
3085 3110 3354 3181 quoddam
3393 3109 3704 3180 prodigium

2121 3223 2263 3277 saepe
2312 3205 2592 3261 revolvens
2637 3205 3098 3274 antiphonarium,
3139 3203 3498 3272 praefixasque
3537 3199 3708 3254 rumi-

2121 3312 2258 3352 nans
2287 3297 2518 3367 regulas,
2547 3311 2655 3351 non
2685 3295 2836 3364 prius
2865 3295 3093 3358 destitit,
3123 3302 3216 3348 aut
3245 3293 3311 3348 de
3339 3291 3479 3357 loco,
3511 3291 3564 3345 in
3595 3303 3704 3359 quo

2122 3389 2364 3453 sedebat,
2394 3388 2680 3453 abscessit,
2711 3387 2882 3442 donec
2928 3402 3093 3441 unum
3132 3384 3458 3440 versiculum
3503 3381 3706 3437 inaudi-

2123 3485 2236 3532 tum
2266 3477 2347 3532 sui
2378 3477 2487 3532 voti
2516 3491 2736 3548 compos
2762 3475 3049 3541 edisceret,
3076 3484 3137 3529 ut
3156 3475 3300 3545 quod
3327 3473 3417 3527 vix
3450 3472 3705 3528 credebat

2123 3567 2178 3622 in
2208 3567 2352 3633 aliis,
2381 3577 2487 3621 tam
2517 3567 2693 3632 sinito
2721 3566 2773 3620 in
2800 3581 2858 3621 se
2885 3573 3316 3636 recognosceret.
3349 3563 3489 3631 Quid
3515 3563 3705 3633 plura?

2122 3657 2440 3712 lulirmitate
2479 3667 2706 3724 cogente
2735 3656 2920 3711 Romae
2952 3657 3148 3711 morari
3189 3671 3294 3709 non
3330 3663 3578 3725 poteram
3619 3651 3704 3706 vel

2122 3749 2416 3812 modicum,
2449 3749 2636 3803 mstivo
2678 3749 2890 3803 fervore
2927 3749 2980 3802 in
3025 3749 3158 3804 locis
3191 3748 3482 3802 maritimis
3517 3761 3582 3801 ac
3616 3761 3708 3816 pas

2125 3838 2385 3892 lustribus
2417 3837 2574 3893 nobis
2615 3839 2852 3893 minante
2877 3840 3164 3894 excidium.
3197 3837 3436 3892 Tandem
3463 3837 3705 3894 condixi.

2124 3943 2266 3994 mus,
2299 3945 2422 3984 mox
2464 3931 2658 4000 hyeme
2699 3931 2959 3985 redeunte
2986 3946 3071 3985 me
3101 3931 3226 3985 illuc
3253 3931 3453 3985 debere
3477 3931 3705 3997 reverti,

445 4021 787 4113 festinatione
813 4065 878 4104 ac
905 4021 1268 4104 sollicitudine
1295 4055 1324 4093 a
1357 4039 1466 4092 Deo
1493 4034 1620 4089 mihi
1649 4031 2019 4101 indignissimo
2046 4031 2093 4094 (ι
2125 4029 2390 4113 quatenus
2429 4023 2532 4077 hoc
2570 4036 2706 4091 opus
2743 4022 3022 4094 pralibato
3051 4021 3292 4094 pontifici
3321 4037 3530 4092 suoque
3560 4022 3706 4077 clero

445 4145 630 4201 datam
675 4139 876 4196 contuli
919 4134 1147 4208 gratiam
1180 4145 1195 4184 :
1228 4138 1288 4183 ut
1312 4142 1448 4198 quos
1479 4139 1578 4193 ego
1604 4129 1657 4176 et
1683 4136 1870 4175 omnes
1898 4127 2022 4172 ante

448 4251 535 4290 me
586 4245 796 4286 summa
846 4241 968 4283 cum
1021 4220 1330 4279 difﬁcultate
1383 4211 1780 4271 ecclesiasticos
1833 4215 2022 4261 cantus

448 4321 765 4383 didicimus,
814 4318 958 4387 ipsos
996 4310 1195 4383 posteri
1235 4322 1358 4363 cum
1402 4317 1611 4359 summa
1657 4298 1910 4353 facilitate
1945 4295 2026 4348 di-

449 4422 682 4476 scentes,
712 4385 850 4464 mihi
891 4413 947 4462 et
993 4401 1087 4458 tibi
1135 4416 1200 4456 ac
1244 4396 1468 4467 reliquis
1510 4390 1843 4461 adiutoribus
1889 4385 2025 4440 meis

449 4513 708 4560 :cternam
737 4506 924 4570 optent
951 4495 1199 4558 salutem,
1231 4491 1428 4558 fiatque
1465 4501 1562 4557 per
1600 4479 2025 4538 misericordiam

451 4594 545 4649 Dei
603 4567 946 4663 peccatorum
1002 4593 1309 4639 nostrorum
1366 4575 1641 4636 remissio,
1683 4571 1766 4626 vel
1817 4567 2025 4624 modica

451 4656 726 4737 tantorum
774 4693 841 4732 ex
879 4673 1146 4731 charitate
1185 4669 1380 4724 oratio.
1415 4665 1547 4719 Nam
1593 4663 1637 4717 si
1676 4660 1748 4714 illi
1781 4675 1877 4729 pro
1915 4656 2028 4711 suis

454 4773 592 4844 apud
625 4771 792 4825 Deum
837 4764 1182 4822 devotissime
1225 4756 1566 4815 intercedunt
1611 4751 1904 4821 magistris,
1935 4746 2027 4817 qui

452 4842 716 4922 hactenus
743 4861 812 4914 ab
841 4859 920 4913 eis
948 4858 1037 4911 vix
1069 4851 1327 4910 decennio
1370 4846 1620 4903 cantandi
1658 4842 2029 4914 imperfectam

455 4955 738 5012 scientiam
782 4947 1036 5018 consequi
1068 4952 1378 5016 potuerunt,
1410 4939 1537 5009 quid
1567 4946 1724 5006 putas
1749 4943 1846 5005 pro
1876 4932 2030 4988 nobis

461 5044 767 5112 nostrisque
794 5037 1128 5110 adjutorihus
1151 5034 1266 5098 fiet,
1294 5031 1384 5102 qui
1413 5029 1592 5084 annali
1625 5027 1817 5096 spatio,
1853 5034 1948 5078 aut
1983 5022 2029 5076 si

2124 4112 2347 4166 debeam
2378 4112 2687 4182 prepalare.

2192 4204 2323 4259 Post
2369 4220 2567 4274 paucos
2611 4205 2806 4260 dehinc
2850 4204 2965 4258 dies
3015 4203 3228 4258 Patrem
3261 4211 3506 4258 vestrum
3548 4215 3706 4274 atque

2125 4311 2305 4352 meum
2337 4296 2396 4349 ι).
2429 4294 2728 4351 Guidouem
2759 4294 3060 4364 Pomposize
3085 4293 3354 4357 abbatem,
3389 4294 3566 4348 virum
3602 4295 3707 4348 Deo

2125 4395 2180 4441 et
2205 4385 2518 4440 hominibus
2560 4385 2755 4439 merito
2792 4386 3008 4439 virtutis
3043 4394 3098 4438 et
3137 4383 3415 4455 sapientia:
3450 4383 3706 4439 charissi-

2127 4495 2274 4534 mum
2303 4487 2359 4532 et
2386 4478 2584 4532 animae
2615 4491 2747 4531 mete
2773 4485 2980 4546 partem
3011 4477 3193 4532 videre
3223 4477 3444 4545 cupiens
3475 4476 3706 4540 visitavi,

2127 4569 2218 4638 qui
2249 4580 2303 4624 et
2329 4569 2444 4638 ipse
2481 4569 2565 4622 vir
2589 4567 2918 4637 perspicacis
2950 4567 3153 4634 ingenii
3187 4576 3432 4621 nostrum
3464 4566 3709 4636 antipho-

2128 4661 2341 4714 narium
2371 4667 2430 4712 ut
2459 4659 2615 4722 vidit,
2643 4657 2910 4728 extemplo
2954 4659 3203 4726 probavit
3242 4666 3298 4712 et
3330 4658 3586 4723 credidit,
3614 4671 3712 4711 no-

2129 4752 2366 4820 strisque
2390 4749 2600 4804 aemulis
2639 4764 2699 4804 se
2740 4749 3010 4818 quondam
3058 4749 3396 4804 consensisse
3440 4749 3706 4819 paenituit.

2129 4851 2185 4898 et
2213 4852 2271 4896 ut
2300 4841 2639 4910 Pomposiam
2675 4840 2911 4906 veniam,
2941 4839 3263 4910 postulavit;
3309 4841 3544 4895 suadens
3577 4839 3707 4893 mihi

2131 4933 2397 4987 monacho
2426 4946 2545 4986 esse
2573 4931 2903 5002 prteferenda
2931 4931 3259 4985 monasteria
3290 4930 3708 5000 episeopatihus,

2131 5023 2367 5078 maxime
2405 5022 2766 5092 Pomposiam,
2797 5031 3017 5093 propter
3050 5006 3282 5075 studium
3305 5059 3320 5084 ,
3366 5019 3510 5089 quod
3557 5019 3710 5073 modo

461 5109 719 5195 multum,
779 5127 996 5185 biennio
1047 5122 1346 5194 perfectum
1406 5127 1682 5174 cautorem
1737 5112 2054 5172 efficimus!
2134 5123 2215 5172 est
2257 5130 2352 5186 per
2390 5113 2484 5169 Dei
2515 5113 2744 5184 gratiam
2784 5121 2840 5168 et
2885 5111 3308 5168 reverentissimi
3345 5109 3607 5166 Guidonis
3635 5109 3711 5164 in.

462 5229 567 5278 Aut
597 5223 640 5276 si
671 5221 946 5276 hominum
990 5223 1248 5272 consueta
1294 5211 1513 5267 miseria
1555 5208 1830 5264 beneficiis
1871 5206 2034 5260 tantis

463 5317 671 5384 ingrata
722 5309 1022 5375 exstiterit,
1082 5305 1342 5376 numquid
1379 5303 1558 5372 justus
1603 5301 1746 5355 Deus
1792 5299 2032 5353 laborem

2136 5206 2395 5261 dustriam
2427 5219 2570 5260 nunc
2600 5205 2835 5274 primum
2871 5203 2922 5257 in
2952 5202 3102 5257 Italia
3131 5210 3424 5270 repertum.

2209 5291 2366 5348 Tanti
2417 5293 2597 5362 itaque
2637 5291 2816 5346 Patris
2856 5290 3194 5346 orationibus
3232 5288 3434 5353 ﬂexus,
3473 5297 3529 5341 et
3577 5299 3711 5355 pre-

467 5364 710 5460 ntrstrum
760 5417 868 5456 non
919 5364 1320 5456 remunerabit?
1364 5395 1445 5449 An
1499 5393 1624 5463 quia
1671 5393 1812 5446 Deus
1865 5375 2044 5444 totum.
2067 5364 2115 5426 υ
2140 5384 2309 5454 ceptis
2334 5382 2610 5448 obediens,
2644 5383 2792 5450 prius
2817 5379 3110 5435 auxiliante
3133 5378 3244 5434 Deo
3270 5377 3391 5434 volo
3417 5377 3525 5434 hoc
3556 5390 3715 5448 opere

465 5495 567 5549 huc
596 5492 744 5558 facit,
775 5500 829 5546 et
863 5505 961 5546 nos
997 5490 1113 5546 sine
1153 5488 1243 5543 illo
1273 5485 1405 5541 nihil
1440 5497 1746 5556 possumus,
1773 5480 1906 5536 nihil
1938 5481 2037 5535 ha-

534 5620 645 5690 (5|)
685 5619 834 5689 Apud
864 5620 991 5678 Pez.
1021 5628 1068 5690 t.
1091 5618 1153 5672 Vl
1181 5615 1463 5690 Αηθςεάοι.ν
1495 5631 1558 5690 p._
1578 5614 1706 5690 222g.
1746 5612 1845 5690 his.
1878 5611 2032 5690 \jen.

467 5683 668 5762 Elii-etii!
711 5683 775 5751 ris
818 5708 871 5744 ν»
925 5689 1176 5764 . ῖῖζςΙαιὶο
1216 5688 1372 5741 totius
1415 5683 1583 5756 operis
1627 5685 1857 5753 ejusdem
1901 5683 2025 5739 Gui-

2144 5481 2353 5530 tantum
2391 5483 2448 5530 et
2479 5473 2585 5530 tale
2628 5472 3016 5530 monasterium
3057 5472 3349 5540 illustrare,
3379 5485 3574 5543 tneque
3607 5485 3717 5528 mo-

2141 5608 2291 5666 donis
2331 5609 2399 5664 ad
2427 5609 2759 5662 monachum.

2214 5683 2327 5752 (32)
2457 5680 2716 5733 vitiabilis.
2747 5677 2904 5734 Adm.
2938 5675 3219 5732 mutabilis.
