3944 6382
501 363 605 419 ιιιγ

1829 324 2154 411 Gumozvts
2190 348 2471 408 meum

3666 348 3773 406 628

498 484 753 549 quatuor,
782 481 839 530 et
887 466 1139 530 similiter
1186 470 1429 544 signabis
1480 463 1732 541 quartam
1780 467 1843 522 D.
1872 466 2085 539 Eodem
2116 470 2162 526 Α
2191 467 2340 521 ciunt
2366 464 2571 520 similes
2592 475 2762 517 sonos
2786 469 2840 516 et
2861 429 3154 517 concordes
3173 426 3416 528 neumas,
3435 461 3491 516 in
3511 424 3775 532 quantum

498 567 664 624 modo
690 566 828 620 sicut
849 579 971 618 cum
999 562 1173 634 prima
1224 563 1443 617 inventa
1492 568 1575 615 est
1613 566 1830 629 quarta,
1858 558 1931 612 ita
1963 571 2089 611 cum

498 657 736 714 secunda
767 650 1009 710 invenies
1046 654 1090 708 E
1119 650 1366 723 quintam
1388 692 1403 716 ,
1440 659 1494 706 et
1541 663 1665 704 cum
1698 647 1855 703 tertia
1894 642 1935 702 Ρ
1966 662 2090 702 sex-

499 762 639 818 tam,
667 758 722 805 et
753 763 877 804 cum
904 753 1097 817 quarta
1120 744 1188 800 (ἶ.
1208 745 1516 814 septimam.
1541 741 1744 797 Deinde
1772 737 1989 795 rediens
2021 734 2089 793 ad

496 842 732 915 primam
772 839 817 894 Α
852 838 921 894 ab
946 838 1073 908 ipsa
1102 850 1275 906 usque
1303 834 1369 889 ad
1402 835 1569 888 linem
1599 833 1650 887 in
1690 832 1874 887 medio
1914 828 2091 898 Spatio

498 934 745 990 invenies
794 931 1021 985 alteram
1069 929 1297 999 primam
1350 940 1412 991 a,
1453 933 1510 979 et
1562 921 1811 978 similiter
1835 936 1957 976 cum
2007 933 2093 974 se-

503 1025 683 1083 cunda
709 1024 995 1081 inveniens
1026 1021 1250 1076 alteram
1295 1018 1586 1074 secundam
1620 1015 1673 1081 b,
1698 1023 1897 1070 etcum
1933 1011 2090 1067 tertia

499 1117 721 1174 tertiam
749 1130 800 1183 c,
824 1114 904 1171 sic
930 1116 985 1169 et
1021 1113 1087 1168 de
1120 1109 1345 1179 reliquis
1378 1107 1444 1163 ad
1470 1105 1718 1162 eumdem
1749 1103 1965 1159 modum
1998 1106 2095 1174 per

500 1209 782 1280 diapason.
816 1205 884 1261 Et
904 1214 961 1258 ut
1007 1204 1072 1259 de
1102 1199 1364 1258 divisione
1418 1193 1772 1253 monochordi
1819 1193 1871 1248 in
1902 1194 2095 1264 paucis

499 1302 673 1361 inulta
727 1297 1115 1368 constringam,
1161 1307 1351 1349 omnes
1408 1290 1522 1346 toni
1578 1303 1772 1344 novem
1814 1278 1881 1341 ad
1934 1285 2092 1340 tinem

499 1395 757 1467 passibus
778 1396 1029 1448 currunt.
1063 1387 1414 1442 Diatessaron
1442 1397 1571 1436 vero
1605 1393 1822 1451 semper
1863 1385 2096 1446 quatuor

500 1500 703 1558 passus
720 1483 873 1549 facit,
915 1480 1168 1550 diapente
1206 1487 1343 1542 tres,
1379 1484 1435 1529 et
1461 1473 1719 1543 diapason
1767 1469 1924 1532 duos,
1968 1468 2095 1538 quia

502 1576 595 1634 his
632 1584 841 1632 tantum
882 1581 1118 1644 quatuor
1138 1568 1429 1625 dividimus
1455 1564 1649 1620 modis.
1699 1561 1904 1619 Deinde
1947 1569 2095 1624 nota,

506 1664 657 1745 quod
684 1667 830 1723 inter
873 1663 1166 1722 secundam
1211 1668 1265 1716 et
1294 1660 1507 1714 tertiam
1541 1655 1624 1709 vel
1670 1654 1812 1709 inter
1854 1650 2096 1722 quintam

505 1739 562 1814 et
599 1749 807 1815 sextam
848 1753 1166 1828 parvissima
1218 1749 1392 1819 spatia
1442 1746 1596 1809 (iant,
1644 1758 1764 1813 qua:
1812 1739 2095 1796 semitonia

2189 554 2440 611 similiter
2468 553 2773 618 elevantum
2831 536 2933 607 vel
2964 550 3303 623 deponuntur
3345 551 3644 609 secundum
3678 551 3778 606 de-

2189 647 2509 721 positionem
2539 653 2789 700 tonorum
2817 654 2872 699 et
2910 643 3315 703 semitouiorum
3337 661 3350 696 :
3374 652 3563 714 utputa
3594 642 3773 711 prima

2193 751 2295 791 Vox
2327 737 2370 790 A
2399 743 2455 791 et
2481 744 2672 805 quarta
2701 733 2743 787 D
2782 733 2987 809 similes
3022 744 3073 788 et
3099 731 3262 789 unius
3300 734 3465 799 modi
3495 732 3779 796 dicuntur,

2191 826 2317 897 quia
2343 835 2572 894 utraque
2624 824 2678 878 in
2729 822 3066 894 depositione
3118 831 3323 888 tonum,
3374 821 3428 876 in
3471 821 3780 885 elevationo

2192 931 2322 972 vero
2364 915 2566 970 habent
2611 924 2795 979 tonum
2847 924 2899 969 et
2947 913 3293 969 setnitonium
3331 910 3387 967 et
3431 912 3571 969 duos
3603 922 3777 969 tonos.

2192 1009 2371 1095 Atque
2399 1007 2515 1062 haec
2540 1014 2623 1062 est
2644 1007 2818 1079 prima
2846 1003 3144 1061 similitudo
3162 1004 3219 1058 in
3265 1002 3511 1074 vocibus,
3539 1002 3644 1077 hoc
3671 1012 3781 1068 est.

2192 1098 2399 1172 primus
2424 1098 2633 1152 modus.
3050 1096 3053 1097 ⁷
3107 1102 3111 1105 ·
3220 1164 3225 1169 ι
3400 1156 3403 1157 ν
3772 1152 3777 1159 ν

2198 1272 2199 1275 η
2266 1189 2546 1246 Secundus
2572 1188 2761 1244 modus
2787 1195 2871 1243 est
2892 1186 2944 1242 in
2976 1178 3209 1242 secunda
3237 1185 3279 1257 Β
3304 1194 3369 1253 et
3404 1185 3457 1243 in
3495 1184 3686 1256 quinta
3714 1182 3784 1240 E.

2195 1280 2407 1336 Habent
2451 1280 2595 1351 enim
2644 1280 2872 1363 utraque
2914 1278 2969 1359 in
3000 1279 3331 1350 depositione
3355 1279 3492 1334 duos
3516 1286 3699 1342 tonos,
3728 1278 3785 1335 in

2196 1373 2494 1430 elevatione
2524 1372 2870 1446 semitonium
2895 1380 2948 1427 et
2977 1374 3110 1449 duos
3139 1382 3317 1443 tonos.
3340 1371 3563 1439 Tenios
3589 1371 3787 1427 modus

2196 1472 2279 1517 est
2314 1463 2368 1517 in
2401 1461 2557 1539 tertia
2592 1459 2633 1515 C
2666 1462 2800 1516 etin
2830 1448 2993 1529 sexta
3020 1448 3093 1525 F;
3121 1460 3293 1514 amba:
3318 1459 3462 1533 enim
3496 1459 3791 1517 semitonio

2196 1562 2253 1607 et
2283 1553 2493 1607 duobus
2539 1543 2680 1607 tonis
2708 1552 3064 1616 descendunt,
3094 1540 3313 1605 duobus
3348 1566 3479 1606 vero
3513 1551 3661 1604 tonis
3698 1563 3789 1603 as.

2198 1643 2455 1700 ceudunt.
2489 1641 2617 1714 sola
2652 1656 2781 1717 vero
2812 1641 3038 1715 septima
3077 1638 3133 1717 G‘
3160 1649 3412 1710 quartum
3455 1636 3676 1692 modum
3705 1634 3791 1690 fa-

2199 1740 2296 1804 cit,
2329 1754 2449 1808 qua:
2473 1737 2526 1792 iu
2554 1730 2895 1810 depositione
2921 1750 3086 1815 unum
3123 1732 3307 1813 tonuit)
3336 1741 3392 1799 et
3434 1730 3791 1809 sentitouiuut

507 1806 562 1814 π
599 1806 807 1815 --ν-η-
849 1806 932 1828 τη
1249 1806 1261 1819 ,
1583 1806 1591 1809 τ
1661 1806 1678 1813 ,
2349 1806 2359 1808 ἡ

499 1858 809 1914 vocantur;
847 1846 994 1905 inter
1022 1843 1158 1898 alios
1193 1856 1326 1896 vero
1366 1853 1527 1895 voces
1555 1833 1759 1904 majora
1810 1830 2093 1887 intervalla
2128 1815 2172 1874 Β
2201 1839 2258 1909 et
2284 1814 2421 1885 duos
2453 1806 2640 1894 tonos,
2660 1828 2714 1883 in
2759 1807 3061 1885 elevatione
3102 1806 3394 1881 vero’d'uos
3440 1806 3609 1878 habet
3636 1829 3793 1876 tonos

506 1943 669 2009 ﬁunt,
700 1948 757 1997 et
793 1938 1049 1995 dicuntur
1097 1934 1211 1992 toni
1241 1934 1288 1987 Α
1326 1939 1364 1985 t.
1395 1929 1437 1987 Β
1467 1945 1513 1985 s.
1541 1926 1583 1983 C
1610 1935 1650 1981 t.
1677 1924 1720 1983 Ι)
1752 1933 1790 1979 ι.
1825 1922 1866 1978 E
1896 1940 1942 1978 δ.
1967 1920 2027 1976 F.
2058 1927 2095 1975 t.

507 2032 618 2090 Gt.
729 2044 734 2049 ‘
2078 2068 2081 2069 ν

581 2120 888 2193 iunguntur
915 2116 984 2173 ad
1032 2128 1090 2172 se
1137 2112 1369 2189 invicem
1398 2122 1560 2166 voces
1593 2122 1687 2164 sex
1728 2103 1927 2169 modis,
1951 2111 2098 2166 tono,

509 2216 825 2283 semitdnio,
857 2212 1068 2277 ditono,
1121 2208 1468 2271 semiditono,
1492 2204 1856 2273 diatessaron,
1885 2196 2102 2265 (“ilpr

510 2319 587 2364 te.
623 2307 699 2362 De
728 2313 856 2360 tono
893 2311 1072 2357 autem
1118 2308 1173 2354 et
1202 2295 1494 2354 semitouio
1523 2308 1686 2365 supra
1725 2290 1976 2345 diximus.
2016 2285 2105 2341 Di-

511 2411 673 2456 tonus
702 2400 887 2452 autem
906 2400 1012 2461 est,
1035 2393 1161 2449 dum
1186 2391 1327 2445 inter
1347 2388 1481 2443 duas
1502 2399 1665 2440 voces
1686 2383 1790 2438 duo
1816 2390 1943 2436 sunt
1970 2376 2101 2441 toni,

517 2505 579 2552 ut
605 2495 745 2549 inter
776 2491 988 2547 tertiam
1020 2495 1076 2542 et
1103 2485 1370 2558 quintam,
1394 2489 1451 2537 et
1475 2478 1736 2549 reliquas.
1976 2486 1977 2489 ‘

582 2583 955 2641 Seruiditonus
977 2588 1158 2633 autem
1186 2574 1405 2636 dicitur,
1422 2570 1548 2641 quia
1576 2570 1756 2624 minor
1784 2576 1865 2623 est
1886 2563 2107 2637 ditono,

518 2674 646 2736 cum
667 2674 811 2731 inter
831 2671 968 2729 duas
998 2670 1207 2740 aliquas
1232 2680 1394 2722 voces
1414 2673 1497 2720 est
1525 2678 1665 2718 unus
1688 2670 1848 2716 tonus
1867 2668 1922 2715 et
1940 2673 2106 2713 unum

518 2765 895 2830 scmit‘onium,
927 2762 971 2818 D
993 2769 1033 2817 t.
1059 2760 1100 2816 Ε
1120 2775 1168 2816 s.
1207 2756 1269 2814 F.
1303 2756 1652 2811 Dialessaron
1683 2761 1862 2806 autem
1910 2748 2108 2804 dicitur

517 2867 589 2919 de
617 2864 867 2933 qu‘a‘tuor,
895 2872 1018 2912 cum
1046 2856 1188 2909 inter
1217 2850 1453 2921 aliquam
1484 2861 1672 2902 vocem
1720 2853 1775 2898 et
1799 2850 2048 2913 quartam
2076 2855 2107 2894 a

523 2968 584 3009 se
615 2929 715 3008 ‘luo
754 2956 881 3005 sunt
908 2945 1040 3012 toni,
1067 2953 1118 3000 et
1149 2957 1315 2997 unum
1341 2934 1685 2994 semitonium
1717 2933 1760 2987 D
1786 2942 1823 2987 ι.
1856 2932 1898 2986 E
1920 2948 1965 2986 s.
1998 2929 2037 2984 F
2065 2937 2103 2983 t.

518 3044 585 3098 ϐ.
615 3042 875 3114 Dlapente
902 3038 1103 3094 dicitur
1166 3034 1229 3088 de
1256 3031 1505 3105 quinque,
1534 3044 1658 3083 cum
1700 3026 1844 3081 inter
1871 3013 2108 3092 aliquam

515 3144 707 3192 vocem
734 3141 788 3189 et
816 3131 1060 3203 quintam
1093 3143 1122 3181 a
1146 3140 1205 3180 se
1235 3133 1346 3178 tres
1376 3128 1503 3176 sunt
1555 3118 1690 3182 toni,
1718 3124 1797 3185 et,
1821 3128 1987 3168 unum
2022 3125 2107 3165 se-

514 3227 827 3284 ntitouium.
881 3222 925 3277 Ι)
948 3228 988 3276 t.
1020 3218 1063 3274 Ε
1093 3235 1140 3273 s.
1177 3215 1276 3270 Ft.
1305 3213 1351 3270 G
1380 3222 1421 3267 ι.
1472 3227 1522 3265 a.
1571 3208 1689 3263 Non
1735 3206 1909 3267 aliter,
1947 3217 2106 3272 quam

518 3318 608 3376 his
635 3332 726 3372 sea
751 3312 947 3375 modis,
989 3322 1152 3364 voces
1174 3304 1378 3374 juncta:
1409 3300 1741 3356 concordant
1780 3293 1866 3349 vel
1894 3306 2113 3347 moven-

516 3420 609 3470 tur
635 3424 651 3475 ;
685 3416 850 3478 atque
869 3402 926 3459 hi
960 3401 1215 3457 dicuntur
1259 3413 1356 3452 sex
1382 3404 1563 3450 motus
1586 3380 2025 3459 vocum,'quibus‘
2044 3384 2113 3440 ad

522 3516 582 3558 se
612 3498 846 3557 invicem
870 3507 1032 3550 voces
1059 3488 1394 3547 concordant
1423 3484 1509 3541 vel
1532 3490 1843 3539 moventur.
1876 3478 1953 3533 Ea
1986 3491 2114 3532 vero

523 3589 837 3655 concordia,
872 3602 995 3665 qua:
1038 3593 1124 3641 est
1169 3582 1312 3638 inter
1339 3593 1559 3651 gravent
1592 3574 1831 3645 aliquam
1874 3572 2112 3627 litteram

525 3692 583 3740 et
607 3676 863 3739 eamdem
882 3659 1123 3741 acutam,
1155 3670 1295 3728 sicut
1326 3686 1354 3724 a
1394 3670 1566 3741 prima
1592 3668 1647 3722 in
1674 3665 1931 3736 primam,
1972 3659 2055 3716 vel
2086 3674 2116 3712 a

523 3775 763 3836 secunda
795 3773 851 3833 iu
906 3768 1224 3837 secundam,
1270 3765 1530 3839 diapason
1563 3760 1791 3822 dicitur.
1825 3755 1877 3811 id
1917 3762 2000 3809 est
2057 3751 2119 3805 de

524 3871 806 3933 omnibus:
837 3867 1001 3922 habet
1025 3864 1170 3920 enim
1227 3873 1417 3916 omnes
1448 3869 1633 3918 voces,
1690 3860 1745 3906 et
1779 3859 1934 3903 tonos
1968 3842 2122 3913 quin-

528 3968 637 4033 que
680 3975 803 4016 cum
854 3958 1066 4014 duobus
1111 3949 1440 4017 semitouiis,
1495 3947 1601 4002 hoc
1649 3951 1756 4007 cst,
1788 3939 2122 3995 diatessaron

529 4026 587 4109 ἐι
648 4051 921 4122 diapente.
980 4047 1107 4103 lltec
1143 4046 1402 4116 diapason
1462 4040 1517 4094 iu
1570 4044 1775 4091 tantum
1820 4026 2117 4086 concordes

530 4142 663 4198 facit
691 4119 872 4205 voces,
902 4148 960 4193 ut
989 4153 1095 4192 non
1124 4150 1219 4191 eas
1242 4134 1485 4188 dicamus
1513 4121 1846 4186 similes,sed
1874 4119 2113 4174 easdem.

529 4234 732 4291 Omnes
757 4238 936 4286 autem
979 4241 1143 4283 voces
1169 4225 1222 4281 in
1257 4231 1467 4279 tantum
1511 4216 1633 4274 sunt
1672 4213 1897 4278 similes,
1941 4218 1995 4263 et
2032 4206 2113 4262 la-

2200 1930 2257 1978 et
2285 1922 2651 1978 semitonium.
2978 1976 2994 1988 ,Α
3436 1976 3442 1981 .

2271 2011 2340 2067 Et
2386 2012 2478 2082 qui
2506 2011 2664 2082 plene
2702 2007 2983 2075 exercitati
3014 2016 3138 2064 sunt
3161 2008 3215 2061 in
3246 2006 3349 2063 hac
3375 2014 3515 2077 arte,
3559 2013 3809 2075 possunt—

2202 2102 2669 2177 unamquamlibet
2696 2100 3071 2173 symphoniam
3102 2097 3401 2171 secundum
3421 2096 3522 2151 hos
3540 2105 3793 2164 quatuor.

2204 2198 2418 2252 variare
2468 2195 2678 2261 modos,
2707 2202 2921 2263 utputa,
2975 2190 3020 2247 si
3049 2191 3170 2267 quis
3207 2204 3369 2257 unum
3414 2187 3793 2258 symphoniam

2203 2285 2436 2354 primum
2456 2283 2510 2336 in
2539 2296 2674 2337 voce
2703 2281 2875 2352 prima
2903 2281 2975 2344 Α,
2998 2288 3050 2332 et
3073 2285 3258 2349 postea
3291 2275 3539 2331 eamdem
3568 2273 3795 2342 incipiat

2206 2374 2260 2428 in
2288 2387 2416 2428 voce
2439 2371 2698 2436 secunda,
2723 2368 2919 2443 dehinc
2950 2368 3001 2425 in
3028 2368 3210 2440 tertia.
3241 2363 3306 2419 Et
3330 2364 3627 2420 secundum
3650 2361 3796 2431 quod

2205 2464 2335 2535 ipsze
2366 2478 2526 2519 voces
2565 2463 2833 2529 diversam
2884 2445 3453 2527 habenttonorum‘y
3486 2453 3797 2509 semitonio-

2208 2574 2327 2614 rum
2366 2555 2713 2628 positionem,
2737 2546 2817 2610 Sic
2871 2553 3037 2607 variis
3066 2550 3239 2623 modis
3283 2530 3578 2604 secundum
3611 2546 3794 2601 unius-

2207 2649 2469 2719 cujusque
2512 2645 2894 2717 proprietatem
2940 2657 3060 2696 eam
3112 2639 3445 2712 pronuntiet.
3498 2635 3654 2707 Quod
3674 2633 3795 2705 qui-

2207 2740 2329 2795 dem
2376 2739 2560 2796 facere
2604 2736 2761 2792 valde
2807 2745 2890 2792 est
2934 2736 3084 2805 utile,
3133 2744 3188 2791 et
3240 2734 3398 2792 valde
3451 2730 3633 2798 facile,
3690 2726 3796 2788 hoc

2209 2831 2367 2886 modo
2394 2843 2411 2885 :
2686 2852 2690 2856 ’

2502 2918 2547 2977 D
2620 2917 2742 2977 FG
2817 2917 2862 2977 G
2952 2914 3155 2974 'GGG
3230 2932 3263 2972 a
3334 2914 3513 2972 FED.

2489 3007 2569 3064 Tu
2615 3010 2792 3065 Patris
2829 2994 3192 3080 sempiternus
3226 3023 3286 3061 es
3324 3005 3512 3059 Fillus.

2510 3101 2553 3155 E
2620 3100 2740 3191 iGa
2850 3117 2880 3155 a
2956 3115 3047 3191 aa
3122 3114 3151 3152 a
3241 3081 3615 3191 “

2494 3190 2573 3246 Tu
2602 3190 2795 3261 gPatris
2843 3190 3204 3261 sempiternus
3232 3183 3292 3243 es
3330 3183 3520 3241 Filius.

2533 3265 2787 3377 UH
2880 3265 3175 3377 βηὴειὴ
3237 3295 3270 3335 ο
3324 3276 3519 3377 3.9”“

2511 3377 2589 3432 'l‘u
2621 3348 2799 3430 Patris
2837 3348 3205 3444 sempiternus
3237 3385 3297 3424 es
3324 3348 3517 3423 Filius.

2524 3455 2775 3562 (ἔξειςΔ
2870 3479 2901 3521 c
2973 3478 3139 3521 ccc
3246 3458 3503 3562 dabaG

2501 3561 2582 3616 Tu
2631 3550 2810 3615 Patris
2839 3558 3202 3629 sempiternus
3237 3567 3297 3608 es
3329 3550 3525 3606 Filius.

2289 3659 2457 3730 Igitur
2505 3654 2720 3711 curiose
2767 3660 2851 3707 est
2896 3646 3285 3705 intendendum
3332 3644 3401 3699 de
3445 3634 3593 3696 omni
3642 3637 3797 3701 melo,

2221 3728 2517 3807 secundum
2566 3741 2865 3816 cuiusmodi
2913 3728 3301 3812 proprietatem
3349 3741 3527 3795 sonet,
3582 3730 3699 3799 sive
3744 3728 3797 3782 in

2222 3840 2490 3916 principio
2534 3838 2650 3894 sive
2692 3835 2746 3890 ia
2792 3832 2921 3896 line,
2956 3829 3208 3902 quamvis
3247 3828 3315 3882 de
3344 3825 3462 3881 solo
3492 3823 3598 3879 ﬁne
3626 3822 3800 3875 dicere

2224 3933 2515 3990 soleamus.
2573 3925 2830 3994 Quzedam
2879 3930 3059 3979 autem
3118 3932 3326 3975 ncumte
3377 3922 3607 3986 reperta!
3649 3920 3799 3971 sunt,

2226 4035 2459 4095 quarum
2523 4014 2826 4090 aptitudine
2888 4012 2990 4067 hoc
3040 4008 3277 4067 solemus
3340 4005 3663 4065 advertere.
3715 4008 3804 4053 uae

2222 4127 2349 4193 pote
2381 4130 2397 4171 :

1252 4436 1289 4545 ξ
1400 4503 1430 4541 a
1583 4498 1613 4537 a
1722 4477 1761 4531 ιτ
1942 4516 2022 4545 ης
2095 4539 2175 4545 η
2272 4403 2727 4545 λᾘηνδ

1261 4508 1289 4545 ³
1400 4503 1430 4541 a
1583 4499 1613 4537 θ
1724 4499 1750 4531 ι·
2004 4516 2022 4531 ρ
2338 4499 2382 4556 G
2440 4499 2515 4516 ιι
2790 4522 2805 4545 ἢ

1261 4561 1305 4615 D
1660 4548 1770 4632 QE
1832 4548 1876 4602 θ
1935 4542 2043 4632 ῖε,
2095 4536 2312 4632 iich
2469 4532 2513 4589 Ε
2600 4620 2605 4623 .
2721 4528 2838 4632 μνη

1217 4598 1464 4686 Primum
1528 4598 1770 4695 quierit;
1825 4598 2049 4688 regnum
2099 4598 2273 4679 Deis?
2600 4620 2605 4623 ·
2719 4598 2762 4653 Ε
2798 4598 2875 4720 ED

2200 4787 2240 4841 ε
2911 4801 2915 4804 ,

1252 4859 1538 4950 st
1610 4869 1697 4926 DF
1759 4863 2012 4950 me
2080 4838 2501 4950 931.15%,
3128 4838 3170 4893 ιθ

1230 4913 1539 5008 sicilia};
1602 4913 1797 5008 ιῖιῖιρηῖ
1832 4913 2008 4993 Sinite
2046 4913 2128 4987 est
2160 4927 2286 4982 huic
2388 4913 2429 4974 ξ’*
2460 4920 2501 4974 o
2530 4958 2572 5012 υ
2600 4918 2641 4972 o
2665 4913 2704 4935 υ
2764 4916 2811 4969 u
2870 4913 2910 4968 E
2941 4949 2983 5003 ο
3012 4983 3055 5037 C
3103 4938 3144 4999 ι)
3171 4944 3232 4997 η,

545 5210 683 5266 Cum
708 5208 855 5264 enim
909 5203 1061 5260 linito
1097 5199 1279 5268 aliquo
1320 5202 1484 5250 cantu
1532 5193 1680 5249 ham:
1714 5173 1972 5241 ineumam
2018 5178 2133 5249 ejus
2160 5162 2210 5222 ι)
2238 5173 2460 5245 phonia,
2515 5183 2637 5240 qua
2664 5174 2723 5222 in
2752 5166 2955 5221 eodem
2986 5174 3123 5218 sono
3160 5160 3367 5230 incipit,
3399 5159 3519 5213 hac
3552 5152 3800 5227 posutsi-

2616 5259 2648 5268 ..
2819 5256 2830 5268 .
2987 5252 3021 5268 ..
3072 5266 3077 5268 Α
3507 5237 3798 5268 ,ΑΨ-,λι

549 5304 605 5356 in
628 5299 747 5357 line
794 5297 937 5353 bene
973 5292 1176 5349 videris
1221 5285 1531 5350 convenire,
1581 5279 1768 5336 statim
1819 5287 2133 5347 cognosces,

548 5392 680 5462 quia
712 5397 904 5445 cantus
928 5385 1019 5441 ille
1043 5383 1227 5439 [initus
1264 5379 1333 5435 sit
1361 5378 1415 5432 in
1442 5376 1618 5446 primo
1666 5370 1848 5431 modo,
1876 5377 1931 5422 et
1959 5364 2133 5436 primo

552 5456 639 5535 vel
666 5487 858 5549 quarto
897 5490 1071 5542 sono,
1124 5471 1251 5544 quia
1302 5469 1356 5524 in
1402 5467 1486 5523 his
1512 5461 1721 5520 duobus
1753 5458 1904 5515 sonis
1929 5456 2134 5527 primus

554 5582 642 5629 est
668 5570 878 5626 modus.
1338 5570 1347 5575 '
2025 5610 2053 5621 ﬂ

584 5683 594 5691 ·
631 5661 763 5719 Sola
802 5668 983 5717 autem
1014 5657 1116 5713 hac
1163 5662 1360 5709 neuma
1405 5647 1640 5704 solemus
1685 5641 1918 5714 primum
1952 5645 2137 5691 tonum

560 5755 903 5821 discernere,
952 5744 1199 5818 quamvis
1244 5757 1368 5801 cum
1427 5738 1533 5811 alia
1578 5733 1939 5808 qualicunque
1987 5742 2138 5801 sym—

2239 5237 2464 5328 militer,
2497 5237 2554 5317 et
2581 5256 2870 5329 aliquando
2900 5252 3089 5309 melius
3117 5249 3257 5306 fieri.
3284 5248 3453 5319 Cujus
3502 5245 3648 5301 enim
3674 5237 3800 5297 modi

2241 5351 2578 5427 symphoniis
2605 5347 2858 5421 qualibet
2902 5342 3223 5418 symphonia
3256 5348 3496 5411 aptatur,
3525 5338 3644 5409 ejus
3674 5332 3801 5390 modi

2243 5463 2364 5504 esse
2392 5443 2769 5517 cognoscitur;
2797 5437 2982 5507 sicque
3013 5434 3286 5505 intelligis,
3333 5447 3403 5486 an
3428 5433 3564 5487 bene
3584 5428 3801 5497 aliquam

2244 5514 2496 5594 neumam
2521 5531 2858 5605 pronunties,
2891 5544 3014 5585 cum
3038 5543 3158 5583 eam
3179 5523 3443 5594 ejusmodi
3464 5514 3797 5591 symphoniiS.

2246 5629 2301 5683 in
2331 5641 2438 5697 quo
2472 5624 2632 5680 modo
2654 5631 2838 5677 notata
2868 5617 3055 5678 fuerit,
3087 5622 3457 5684 competenter
3488 5608 3661 5679 aptari
3687 5616 3802 5659 cou-

2245 5718 2509 5793 spexet‘is.
2531 5714 2670 5773 Nota
2700 5722 2905 5779 autem,
2926 5706 3205 5782 quomodo
3225 5705 3418 5761 modos
3441 5703 3671 5758 dicimus
3694 5707 3795 5756 eost

3941 16 3944 59 ι

3942 2034 3944 2129 ε

3942 2152 3944 2261 1
