3944 6382
193 337 294 402 ΗΟ

1319 341 1645 407 EPlSTOlA
1689 355 1775 409 DE
1801 348 2056 414 ΙΟΝΟΤΟ
2074 351 2324 416 ϐΑΝΤὶῘ.

3355 367 3459 425 4541

194 456 279 524 qui
321 454 373 506 in
412 450 662 508 formulis
702 462 949 508 tonorum
1000 472 1104 510 non
1143 461 1356 528 proprie
1404 464 1500 517 sed
1552 464 1727 518 abttsh

1836 476 1844 507 ι
1874 449 2024 504 nium
2057 453 2321 520 sequitur,
2353 453 2418 505 de
2442 461 2598 522 proto
2641 459 2833 512 transit
2866 460 2918 512 in
2947 461 3258 526 deutcrum;
3298 467 3340 521 si
3371 483 3462 526 an-

194 546 540 599 nominantur
570 545 866 609 toni,.cum
915 547 1054 602 modi
1105 551 1186 618 vel
1234 555 1373 623 tropi
1422 556 1640 624 proprie
1685 557 1767 612 di—

189 644 393 688 cantur.
718 623 720 625 i
779 677 782 680 «
973 708 975 711 ι
1021 697 1023 699 _
1149 693 1154 698 .
1579 710 1581 713 ι
1626 697 1629 701 .

259 724 390 776 illud
431 732 654 794 quoque
702 725 866 794 debes
901 743 1214 798 agnoscere,
1267 734 1535 800 quomodo
1568 734 1618 786 in
1645 751 1766 790 om-

173 806 336 866 nibus
363 815 565 878 modis,
601 830 719 870 cum
748 805 913 888 grave
937 819 1096 872 fuerit
1125 821 1344 890 melum,
1386 826 1641 899 gravibus
1671 843 1768 898 ap.

177 893 322 956 tatur
348 905 587 969 modulis
611 905 690 960 vel
719 899 894 960 melis.
923 906 1056 962 Cum
1095 924 1224 964 vero
1240 911 1348 966 alta
1373 893 1574 968 fuerim
1604 916 1759 978 mela,

185 993 300 1046 altis
340 992 538 1049 melius
568 997 902 1051 conveniunt
949 998 1104 1053 melis
1131 1000 1212 1054 vel
1253 1003 1506 1060 modulis.
1534 999 1764 1077 Ideoque

168 1067 342 1156 habes
365 1086 415 1139 iu
451 1079 702 1142 formulis
734 1091 1015 1144 modorum
1056 1092 1200 1168 duas
1254 1092 1594 1172 formulasin
1624 1095 1760 1161 uno}

180 1167 390 1241 quoque
410 1177 596 1232 medo.
652 1170 831 1230 Prima
863 1166 1098 1249 namque
1131 1169 1188 1236 et
1237 1166 1760 1241 secundal‘ormula

177 1263 327 1333 primi
359 1273 444 1318 est
476 1265 648 1328 modi,
673 1269 832 1320 tertia
864 1276 920 1330 et
951 1279 1141 1336 quarta
1186 1273 1431 1349 secundi,
1488 1259 1674 1343 quinta
1706 1286 1762 1331 et

177 1363 317 1407 sexta
351 1356 497 1409 tertii
534 1397 550 1418 ,
583 1345 844 1433 septima
890 1347 947 1412 e‘t
974 1345 1191 1439 octava
1214 1365 1414 1439 quarti.
1461 1365 1506 1439 1ιρ

177 1429 314 1496 00ιὰ
342 1439 452 1497 toni
505 1431 810 1509 dicuntur,
843 1430 1170 1516 quia-mecm-
1206 1429 1408 1508 habent
1473 1435 1755 1515 formulas.

179 1534 350 1588 Prima
377 1545 566 1590 autem
599 1547 653 1590 et
703 1539 896 1610 tertia,
930 1541 1122 1608 quinta
1161 1553 1214 1604 et
1261 1546 1488 1613 septima
1525 1545 1754 1602 formula

174 1641 394 1699 quatuor
424 1633 714 1687 modorum
774 1636 914 1690 altos
944 1639 1226 1693 continent
1253 1650 1487 1707 cantus;
1520 1645 1753 1700 secunda

176 1726 294 1796 vero
318 1734 372 1778 et
401 1736 626 1802 quarta,
660 1735 712 1780 et
753 1738 904 1783 sexta
952 1715 1239 1795 ctocta’va
1291 1736 1604 1792 earumdem
1638 1754 1754 1791 mo-

607 1350 844 1426 seplima
890 1347 947 1412 e‘t
974 1347 1414 1441 octava-quarti.
1461 1365 1585 1443 Ideo
1615 1370 1758 1444 enim
1801 1441 1806 1444 _

1878 543 2236 599 temduorum
2267 543 2348 598 vel
2375 546 2732 614 plurimorum
2764 555 3045 610 modorum
3078 574 3238 612 uuam
3269 576 3454 616 vocem

1871 648 1992 688 esse
2029 635 2210 701 liceat,
2243 639 2515 695 videbitur
2542 641 2659 698 hate
2705 659 2796 698 ars
2841 642 2987 700 nullo
3035 651 3140 704 fine
3184 637 3462 715 concludi.

1871 723 2032 778 nullis
2082 726 2246 779 certis
2312 728 2558 783 terminis
2600 736 2888 789 coarctari.
2952 737 3104 804 Quod
3169 755 3331 809 quam
3391 723 3465 799 sit

1868 812 2184 881 absurdum,
2235 817 2410 875 nullus
2462 822 2706 889 ignorat,
2758 842 2881 882 cum
2928 843 3146 898 semper
3189 833 3458 902 sapientia

1867 903 2091 960 confusa
2119 895 2352 976 duaeque
2388 920 2439 966 et
2468 913 2675 969 inlinita
2708 928 2898 994 Sponte
2929 924 3192 991 repudiet.
3230 924 3383 992 Quod
3414 931 3458 990 si

1863 990 1986 1059 quis
2037 995 2200 1061 dicat,
2250 999 2391 1055 hanc
2437 1017 2623 1058 vocem
2676 992 2795 1062 ideo
2828 995 2964 1083 pesxe
3023 1015 3354 1083 addendam,
3403 1029 3460 1080 ut
3523 1036 3529 1048 '

1863 1081 2040 1162 gravis
2074 1083 2115 1136 F
2142 1163 2145 1166 .
2168 1097 2322 1165 sexta
2353 1105 2520 1161 usque
2557 1095 2621 1148 ad
2649 1081 2832 1176 super
2877 1110 3124 1170 quartam
3179 1081 3455 1187 Supraqli-

1829 1169 2019 1250 ‘gneam
2047 1174 2120 1248 ad
2145 1191 2312 1245 a,per
2333 1180 2770 1261 diapentepossit
2798 1169 3109 1257 ascendere,
3138 1169 3447 1262 aut-eadem

1864 1261 2014 1358 sexta
2045 1263 2112 1316 ad
2141 1266 2240 1321 sub
2265 1269 2510 1336 quintam
2543 1259 2898 1344 deseendere,
2944 1275 3072 1358 illud
3115 1301 3330 1356 quoque
3355 1259 3449 1344 de?

1863 1347 2010 1403 hebit
2051 1353 2321 1422 recipere,
2372 1367 2428 1412 ut
2466 1359 2607 1415 inter
2646 1359 2856 1421 Sextaiu
2886 1364 2928 1421 F
2969 1369 3022 1425 et
3058 1347 3348 1444 septimam
3399 1363 3446 1434 ὁ

1862 1435 1964 1491 atra
2005 1441 2106 1496 vox
2161 1445 2410 1513 addatur,
2466 1447 2528 1505 ut.
2555 1449 2836 1513 naturalis
2879 1453 3118 1520 secunda
3167 1447 3444 1537 gravas

1841 1529 2102 1598 elevetur
2127 1536 2194 1589 ad
2226 1540 2493 1609 quintam,
2521 1555 2576 1600 et
2608 1549 2800 1603 eadem
2849 1563 3006 1606 acuta
3048 1555 3349 1626 deponatur
3374 1567 3442 1617 ad

1859 1633 2132 1689 quartam.
2163 1629 2463 1700 Quodquia
2506 1649 2535 1688 a
2585 1639 2798 1694 nemine
2823 1651 2908 1696 est
2930 1643 3152 1712 factum,
3176 1650 3278 1706 hoc
3310 1667 3442 1724 quo-

1858 1727 1964 1780 que
1989 1731 2017 1769 a
2056 1720 2274 1775 nomine
2299 1732 2381 1776 est
2407 1723 2734 1784 faciendum.

174 1814 350 1866 dorum
399 1816 594 1884 gravia
644 1803 734 1872 ‘vel
786 1819 963 1874 minus
1015 1820 1122 1874 alta
1183 1824 1462 1879 continent
1513 1829 1747 1883 cantica.
1786 1809 1829 1866 Β
1926 1803 2855 1903 lgif""'5ic"‘e‘ipsa"ﬁmum"?
2875 1836 3175 1894 ηθῑυτθγθῐ
3194 1821 3435 1903 Peri)“-

174 1902 309 1958 Unde
336 1904 511 1959 Graeci
543 1907 715 1962 multo
743 1909 934 1963 melius
959 1925 1055 1979 pro
1077 1912 1251 1980 primo
1273 1922 1327 1968 et
1354 1917 1590 1971 secundo
1619 1927 1747 1972 tono

171 1995 339 2048 dicunt
366 1997 691 2052 authentum
717 2008 930 2068 protum
953 2014 1007 2056 et
1037 2004 1206 2072 plagis
1229 2007 1369 2077 preti
1403 2023 1423 2077 ς,
1459 2024 1557 2077 pro
1591 2011 1750 2064 tertio

175 2095 224 2137 et
253 2097 443 2155 quarto
465 2090 794 2142 authentum
843 2090 1127 2146 deuterum
1190 2104 1244 2148 et
1289 2095 1458 2167 plagis
1489 2099 1694 2154 deuteri
1729 2117 1744 2164 ;

169 2196 256 2248 pro
282 2184 470 2251 quinto
493 2194 550 2238 et
579 2193 731 2238 sexto
764 2187 1080 2242 anthentum
1107 2188 1289 2243 tritum
1320 2201 1373 2244 et
1400 2190 1571 2262 plagis
1600 2194 1741 2258 triti;

168 2289 254 2342 pro
291 2277 516 2343 septimo
543 2287 600 2330 et
629 2287 825 2331 octavo
855 2278 1172 2335 authentum
1204 2282 1500 2338 tetrardum
1531 2293 1588 2340 et
1631 2286 1745 2354 pla-

169 2365 240 2433 gis
265 2367 505 2422 telrardi.
567 2367 718 2434 Quod
754 2370 899 2425 enim
934 2371 1008 2425 illi
1043 2372 1231 2450 dicunt
1258 2385 1494 2442 protum,
1550 2375 1739 2430 dente-

168 2441 296 2514 nun.
324 2456 530 2520 tritum,
575 2462 896 2525 tetrardum,
950 2476 1049 2517 nos
1097 2443 1327 2536 dicimus
1351 2463 1606 2532 primum,
1658 2481 1742 2520 se-

165 2538 431 2610 cundum,
490 2550 739 2613 tertium,
794 2563 1073 2620 quartum.
1135 2553 1204 2606 Et
1242 2555 1382 2622 quod
1435 2554 1508 2608 illi
1555 2556 1739 2610 dicunt

160 2636 494 2702 authentum,
535 2655 641 2696 nos
683 2640 943 2709 majorem
973 2653 1027 2696 et
1077 2629 1244 2698 altum
1277 2645 1358 2697 vel
1391 2656 1609 2701 acutum
1643 2665 1737 2701 no-

170 2725 436 2783 minamus.
464 2712 659 2800 Plagin
692 2747 820 2784 vero
846 2731 1034 2786 Latine
1073 2734 1405 2804 subjugalem
1437 2729 1534 2791 vei
1557 2738 1733 2805 mino-3

160 2805 266 2868 rem
295 2819 372 2871 vel
406 2837 638 2890 gravem
659 2810 946 2892 possmuus
973 2825 1264 2896 appellare.

227 2906 325 2960 Has
347 2911 531 2979 itaque
563 2913 843 2967 modorum
879 2896 1002 2969 octo
1045 2915 1308 2973 formulas
1338 2920 1606 2990 praecipue
1634 2923 1728 2978 de-

163 2991 404 3058 betscire.
437 3001 692 3069 quisquis
714 3003 940 3056 canendi
975 3005 1226 3073 peritiam
1252 3009 1359 3061 vult
1400 3011 1626 3075 habere,
1670 3004 1730 3066 ut

166 3085 378 3149 qualiter
435 3091 486 3143 in
550 3091 775 3162 singulis
841 3095 1125 3149 modorum
1178 3098 1426 3153 cantibus
1479 3101 1729 3169 qtnchhet

163 3192 330 3232 neuma
363 3183 443 3236 vel
479 3199 584 3238 vox
613 3196 854 3247 resonet.
909 3187 1077 3256 possit
1109 3188 1412 3246 advertere.
1456 3191 1723 3268 I’rtotet'ca

162 3261 381 3335 quamvis
412 3276 646 3343 primam
673 3287 727 3350 et
754 3277 1043 3334 secundam
1071 3287 1125 3335 et
1152 3283 1365 3336 tertiam
1394 3299 1579 3340 vocem
1603 3273 1722 3341 eum

163 3375 349 3428 quarta,
387 3367 581 3435 quinta
630 3378 684 3422 et
715 3378 871 3424 sexta
903 3374 1233 3428 concordare
1259 3374 1508 3436 dixerim,
1564 3377 1615 3429 in
1659 3393 1724 3431 co

165 3461 322 3509 tamen
353 3457 640 3522 diﬂ'erunt,
668 3477 845 3530 neque
875 3479 1065 3519 omnes
1107 3481 1332 3521 neumas
1366 3468 1617 3524 similiter
1643 3469 1722 3524 fa-

159 3546 316 3617 ciunt,
357 3548 634 3622 quomodo
680 3570 709 3630 a
839 3573 868 3612 c
909 3559 1114 3614 habent
1155 3545 1278 3630 pest
1318 3578 1376 3617 se
1419 3564 1472 3618 in
1509 3566 1722 3634 deposi-

160 3636 287 3694 tione
315 3640 424 3698 tres
446 3655 630 3711 tonos,
666 3636 792 3703 ante
842 3664 901 3704 se.
930 3653 981 3706 in
1007 3651 1310 3710 devotione
1338 3655 1473 3712 duos
1520 3668 1674 3732 tonos
1700 3679 1714 3716 :

159 3738 203 3781 at
231 3745 346 3789 vero
383 3736 424 3791 Ι)
461 3738 501 3792 E
530 3733 768 3818 Fvunum
803 3734 1008 3822 tantum
1041 3744 1091 3797 iu
1127 3744 1463 3816 depositione
1487 3734 1716 3822 habent,

161 3829 255 3876 tres
281 3839 404 3882 vero
430 3816 592 3884 tonos
629 3824 681 3886 in
731 3818 1051 3889 elevatione.
1085 3822 1318 3908 Ideoque
1347 3842 1493 3896 multi
1525 3853 1718 3904 cantus

158 3907 371 3974 ejusdem
408 3929 536 3973 sont
572 3920 736 3983 modi,
769 3923 862 3978 sed
899 3940 1004 3981 non
1037 3907 1275 3993 ejusdem
1307 3932 1445 3986 soni.
1482 3932 1713 4009 Quidam

157 4011 314 4057 autem
346 4007 524 4064 minus
555 4003 713 4078 plene
738 4015 1084 4081 pervidentes
1135 4019 1291 4074 istam
1327 4007 1710 4092 differentiam,

157 4093 426 4170 adiungunt
453 4119 618 4158 unam
658 4119 844 4161 vocem
880 4109 931 4163 in
981 4112 1152 4165 acutis
1206 4114 1348 4168 inter
1377 4115 1611 4185 primam
1655 4129 1713 4174 et

155 4183 443 4263 secundam,
472 4205 530 4249 ut
554 4195 666 4250 sint
697 4197 814 4252 dua:
838 4203 1109 4268 secundae,
1138 4214 1188 4258 et
1215 4205 1435 4261 veniant
1465 4209 1571 4262 duo
1597 4213 1708 4266 teni

154 4285 200 4328 et
232 4296 385 4337 unum
432 4288 780 4343 semitonium
833 4302 960 4360 post
996 4294 1037 4346 D
1081 4295 1122 4349 Ε
1160 4297 1201 4350 F
1245 4298 1390 4353 sicut
1435 4311 1561 4374 post
1599 4321 1630 4358 a

155 4381 178 4419 ε
211 4370 593 4440 ἱηεειρνειιίσηε
634 4396 650 4444 ;
707 4389 764 4434 et.
814 4395 1005 4438 rursus
1038 4385 1070 4438 d
1108 4401 1138 4439 e
1190 4386 1218 4440 f
1255 4370 1455 4444 aettth
1480 4370 1704 4461 possunt|

155 4455 325 4526 deponi
363 4455 573 4522 duobus
619 4470 795 4535 tonis,
843 4473 984 4528 sicut
1028 4490 1056 4527 a
1104 4475 1138 4531 b
1183 4493 1212 4531 c
1257 4491 1525 4548 quatenus
1555 4469 1700 4537 nulla

1836 4488 1918 4536 ur,
1951 4485 2042 4527 aut
2091 4473 2151 4528 fit
2203 4485 2346 4540 tono,
2378 4487 2470 4530 aut
2502 4479 2820 4546 semitonio;
2856 4496 2977 4536 cum
3009 4488 3140 4536 Vero
3166 4485 3233 4536 ad
3275 4471 3388 4544 te»?

151 4546 209 4601 sit
236 4553 526 4614 differentia
578 4559 722 4616 inter
772 4563 815 4616 D
937 4560 998 4618 Γ
1030 4576 1082 4622 et
1123 4546 1286 4646 inter
1316 4589 1342 4623 a
1387 4557 1429 4656 ὴ
1465 4591 1516 4638 c,
1577 4591 1700 4656 Cllll’ll

152 4638 211 4704 id,
234 4649 362 4714 quod
403 4662 660 4708 cantatur
700 4655 754 4711 in
803 4674 830 4712 a
858 4641 902 4752 Ei
929 4676 958 4715 c
985 4671 1037 4716 et
1063 4663 1115 4740 in
1149 4642 1190 4717 D
1219 4665 1259 4719 E
1290 4665 1328 4718 F
1365 4638 1535 4736 ptissit
1569 4649 1699 4722 can?

151 4733 255 4785 tari.
733 4739 736 4743 λ

209 4821 270 4878 Ut
307 4840 480 4887 autem
512 4836 736 4908 singulis
766 4841 988 4897 vocibus
1029 4859 1124 4899 sua
1158 4848 1460 4917 proprietas
1492 4862 1698 4918 perma-

150 4923 272 4976 neat,
301 4920 487 4977 melius
515 4926 617 4989 est,
645 4938 701 4980 ut
744 4939 997 4988 cantumu
1024 4921 1570 5003 inspiciaturlnatura
1598 4960 1612 5006 ;
1644 4951 1698 4997 et

149 5013 251 5090 cum
278 5014 460 5065 cantus
499 5013 595 5069 hos
626 5025 737 5071 tres
785 5029 940 5074 tonos
990 5022 1233 5078 videatur
1265 5017 1570 5090 admittere,
1606 5013 1698 5083 fiat

150 5086 233 5188 hoc
264 5093 313 5148 in
360 5097 396 5152 F
435 5100 479 5156 G
526 5118 555 5156 a
710 5105 842 5161 Cum
889 5122 1169 5181 veropost
1209 5114 1342 5170 duos
1389 5127 1544 5172 tonos
1587 5103 1692 5173 non

149 5177 233 5276 nisi
262 5190 592 5248 semitouium
634 5177 816 5261 sumit,
848 5200 941 5254 liat
979 5203 1079 5258 hoc
1113 5206 1164 5258 in
1209 5222 1238 5260 c
1278 5210 1310 5261 d
1346 5224 1376 5262 e
1412 5208 1437 5262 f
1467 5221 1694 5279 praeser-

247 5287 359 5330 cum
389 5296 482 5349 pro
510 5285 665 5355 hujus
693 5285 837 5360 vocis
884 5286 1252 5350 additamento
1284 5299 1519 5354 maxima
1557 5316 1689 5356 cono

147 5351 262 5415 fusio
283 5356 902 5446 nascatursimplicibus.
923 5378 1054 5435 Nam
1087 5383 1128 5436 si
1157 5385 1273 5438 dua:
1295 5395 1420 5440 ευτιι
1441 5375 1690 5458 εοςιιηόξε
1736 5413 1738 5415 >

148 5458 246 5509 host
272 5460 509 5542 primam.
541 5483 660 5520 cum
691 5467 757 5522 ad
782 5469 1004 5544 alteram
1034 5465 1338 5536 seitiizotiio,
1371 5480 1436 5530 ad
1461 5480 1702 5540 alteram,

148 5547 254 5592 \ero
289 5555 408 5603 tono
440 5538 610 5622 prima
658 5557 768 5627 ipsa
813 5540 1092 5631 jungatur,
1147 5564 1303 5618 facile
1349 5575 1430 5618 est
1476 5569 1681 5631 videre,

149 5631 268 5723 quod
309 5635 413 5704 ipsa
434 5643 630 5710 prima,
656 5662 721 5700 ac
747 5650 843 5718 per
867 5649 970 5705 hoc
993 5660 1046 5705 et
1071 5649 1187 5705 alia:
1227 5654 1493 5723 contigere
1525 5670 1681 5710 voces

149 5714 259 5774 duos
285 5725 499 5785 habeant
549 5714 952 5809 tonos;—utpote
991 5743 1185 5810 prima,
1229 5751 1268 5801 si
1313 5770 1426 5806 eam
1461 5747 1680 5803 semite-

1857 1902 1964 1949 tum
1989 1898 2308 1970 Gregorium
2337 1906 2515 1961 divina
2534 1923 2867 1977 protestatur
2892 1925 3209 1991 auctoritas,
3228 1943 3300 1996 se;
3323 1937 3434 1983 tem

1854 1999 1981 2061 sunt
2013 2005 2195 2068 voces,
2221 1995 2360 2074 sicut
2384 2003 2440 2082 et
2479 2011 2696 2076 \septem
2748 2007 2900 2073 dies;
2957 2015 3095 2068 unde
3123 2027 3177 2072 et
3202 1995 3437 2088 prudeno

1854 2080 2094 2137 tissimus
2120 2086 2396 2155 poetarum
2417 2080 2621 2162 vse'plem
2654 2099 2850 2153 cecinit
2880 2104 3186 2162 discrimina
3218 2128 3431 2178 vocum;

1849 2186 2012 2240 quam
2041 2179 2366 2235 sententiam
2394 2193 2450 2237 et
2481 2185 2578 2251 ipsi
2629 2189 2930 2262 philosophi
2977 2200 3092 2265 pari
3139 2209 3430 2264 concordia

1801 2291 1806 2295 -
1849 2263 2220 2324 firmaverunt.
2258 2270 2467 2329 Interea
2516 2283 2814 2335 curandum
2867 2263 2988 2348 est,
3019 2300 3080 2358 ut
3121 2289 3326 2350 sciatur
3364 2299 3431 2356 de

1845 2356 2084 2424 qualibet
2128 2357 2348 2427 nedma,
2380 2364 2431 2417 in
2481 2370 2696 2436 quantis
2722 2382 2777 2426 et
2802 2356 3248 2443 qualibussonis
3306 2403 3363 2441 es
3397 2397 3427 2442 ο

1844 2451 2036 2514 possit,
2065 2450 2151 2504 vel
2188 2466 2292 2506 non
2324 2457 2518 2524 possit.
3406 2456 3412 2486 ⁵

1913 2541 2096 2597 Potest
2125 2547 2268 2600 enim
2297 2547 2413 2601 fieri
2443 2549 2498 2604 in
2534 2552 2712 2617 tertio,
2745 2567 2798 2610 et
2833 2558 2884 2612 in
2913 2571 3090 2625 sexto,
3143 2574 3197 2619 et
3245 2568 3295 2621 in
3342 2583 3426 2624 se.

1838 2626 2011 2701 ptimo
2039 2651 2190 2703 sono,
2216 2639 2341 2708 quia
2372 2640 2426 2694 hi
2481 2652 2588 2698 tres
2627 2642 2744 2700 soni
2794 2649 3000 2707 duobus
3029 2657 3238 2724 pariter
3281 2663 3425 2717 tonis

1839 2728 2171 2794 ascendunt,
2219 2739 2275 2784 et
2327 2731 2439 2801 ipsa
2486 2736 2803 2806 symphonia
2859 2740 3066 2798 duobus
3109 2755 3315 2802 tantum
3361 2733 3419 2818 lit

1837 2815 2032 2871 modis.
2184 2809 2189 2814 ’
2687 2828 2690 2832 ’
3189 2898 3192 2902 η
3261 2833 3263 2836 ’
3401 2825 3410 2845 ⁸

1906 2906 2169 2966 Praeterea
2226 2914 2456 2984 septima
2505 2933 2606 2984 vox
2651 2917 2770 2975 cum
2817 2923 2972 2980 tertia
3017 2924 3069 2980 in
3114 2917 3416 3002 elevationé

1830 2987 2155 3069 concordat;
2187 3013 2414 3078 utraque
2443 3010 2585 3063 enim
2615 3009 2822 3068 duobus
2848 3017 2990 3072 tonis
3024 3004 3077 3072 et
3105 3005 3417 3087 Scinitonio;

1832 3101 1886 3145 et
1916 3090 2040 3148 item
2071 3094 2280 3150 duobus
2313 3099 2453 3153 tonis
2481 3101 3030 3161 eievauturgEadem
3071 3123 3286 3179 quoque
3327 3129 3412 3164 Se.-

1781 3191 1800 3210 ¹
1835 3184 1996 3251 ptima
2025 3201 2147 3240 cum
2173 3200 2363 3256 quarta
2397 3194 2690 3248 concordat
2715 3211 2821 3252 uno
2851 3208 2976 3253 tono
3004 3199 3058 3255 in
3089 3196 3409 3269 elevatioite,

1829 3287 1884 3329 et
1914 3275 1966 3330 in
1993 3277 2327 3347 depositione
2359 3291 2486 3337 tono
2517 3281 2584 3336 et
2618 3287 2928 3354 semi‘tonio,
2955 3299 3010 3344 et
3039 3291 3247 3349 duobus
3270 3297 3412 3349 tonis

1827 3367 1880 3421 iu
1919 3379 2148 3439 utroque
2175 3382 2428 3430 cantatur
2459 3376 2728 3432 similiter.

1888 3459 2078 3517 Prima
2127 3479 2342 3533 quoque
2398 3482 2522 3521 cum
2591 3472 2781 3538 quinta
2833 3488 3022 3531 omnes
3078 3477 3412 3548 depositivas

1824 3568 2050 3610 neumas
2088 3559 2449 3612 communiter
2473 3561 2635 3627 facit;
2684 3563 2974 3632 deponitur
3022 3570 3165 3623 enim
3196 3571 3412 3625 duobus-

1823 3649 1968 3703 tonis
1995 3659 2051 3704 et
2085 3651 2394 3706 semitonio.
2419 3653 2716 3724 llaqueha:
2745 3672 2906 3713 voces
2951 3659 3156 3718 similes
3198 3662 3408 3724 faciunt

1821 3756 2066 3806 neumas,
2100 3744 2276 3814 prima
2316 3761 2438 3800 eum
2467 3757 2658 3817 quarta
2688 3766 2700 3812 ;
2744 3751 2981 3807 secunda
3027 3768 3149 3806 cum
3175 3753 3364 3823 quinta
3385 3773 3412 3818 ξ

1821 3834 1978 3888 tertia
2019 3850 2140 3891 cum
2183 3845 2368 3902 sexta;
2399 3839 2626 3907 septima
2662 3857 2784 3896 cum
2806 3844 2978 3911 prima
3011 3843 3096 3898 vel
3143 3861 3264 3899 cum
3293 3857 3406 3899 ιον-ι’

1819 3925 1916 3979 tia.
1945 3925 2098 3981 Nulla
2146 3938 2321 3983 autem
2350 3945 2446 3984 vox
2477 3932 2610 3986 ultra
2658 3943 2890 4002 quatuor
2937 3936 3267 3992 elevationes
3314 3940 3412 4006 vet

1817 4018 2180 4086 depositiones
2209 4022 2391 4084 habet,
2421 4024 2545 4092 quia
2578 4039 2682 4078 non
2713 4033 2891 4093 potest
2909 4028 3123 4095 gravari
3145 4029 3225 4082 vel
3251 4031 3410 4092 acui;

1817 4109 1922 4164 nisi
1946 4110 2010 4164 ad
2035 4113 2326 4166 secundam
2355 4114 2436 4168 vel
2461 4115 2697 4179 tertiam,
2725 4115 2807 4168 vel
2843 4129 3092 4187 quartam
3121 4120 3203 4174 vel
3232 4122 3394 4190 quit.-

1814 4206 1924 4252 tam
1954 4202 2247 4256 secundum
2277 4217 2370 4258 sex
2398 4204 2624 4274 species,
2655 4222 2787 4275 quas
2833 4209 3165 4280 supradixi,
3203 4206 3259 4266 id
3286 4223 3402 4293 est,

1815 4303 1962 4358 tono,
1995 4295 2307 4360 semitonio,
2347 4295 2553 4363 (litono,
2589 4299 2934 4364 semiditono.
2975 4301 3309 4358 diatessaron
3337 4315 3405 4385 (ῑέ

1811 4381 2083 4452 diapente.
2115 4384 2250 4440 Nam
2277 4402 2401 4441 cum
2433 4403 2533 4442 vox
2563 4388 2741 4458 aliqua
2774 4391 2839 4444 ad
2867 4394 3157 4446 secundam
3207 4381 3402 4483 movet;

1812 4563 1960 4627 tiam,
1986 4565 2172 4618 ditono
2200 4567 2284 4620 vel
2325 4569 2669 4623 semiditono.
2701 4572 2781 4626 Ad
2812 4581 3062 4640 quartam
3103 4573 3187 4628 vel
3227 4563 3397 4648 quin-L7

1808 4662 1913 4706 tam
1941 4671 2044 4708 non
2076 4656 2255 4710 fitnisi
2281 4672 2377 4726 per
2398 4659 2735 4714 diatessaron
2764 4671 2816 4715 et
2844 4661 3111 4730 diapente.
3139 4663 3386 4739 lntell§ge

1804 4755 2082 4814 prmterea,
2108 4749 2250 4817 quod
2281 4751 2332 4802 in
2363 4751 2633 4805 authentis
2663 4754 2729 4807 ad
2768 4766 2985 4808 ocavas
3010 4765 3201 4822 cantus
3227 4774 3256 4810 a
3283 4760 3391 4838 sua,

1803 4836 1948 4892 finali
1988 4853 2117 4893 voce
2140 4827 2410 4908 ascendit;
2464 4843 2743 4899 descendit
2793 4855 2973 4900 autem
3005 4847 3220 4924 nonnisi
3268 4865 3377 4926 uno
3419 4907 3424 4914 ,

1801 4936 1928 4994 tono
1956 4929 2054 4982 sub
2083 4929 2251 5004 ﬁnali,
2275 4940 2497 5000 excepto
2530 4935 2672 5000 trito,
2702 4935 2791 5005 qui
2824 4950 2855 5002 ra
2879 4951 2976 4990 suo
3003 4935 3116 5013 line
3149 4952 3254 4991 non
3287 4939 3387 5020 de:

1797 5022 2034 5090 ponitur,
2059 5023 2186 5092 quia
2213 5010 2319 5102 non
2349 5011 2510 5104 habet
2541 5011 2648 5084 sub
2677 5043 2736 5082 se
2771 5037 2978 5105 tonum,
3003 5010 3105 5083 sed
3155 5013 3382 5109 semita-tl

1798 5106 2056 5191 ninm.in
2086 5111 2259 5195 plagis
2301 5124 2484 5190 autem
2514 5131 2544 5172 a
2583 5115 2725 5201 finali
2756 5122 2978 5200 voce‘ad
3008 5118 3254 5190 quintam
3283 5106 3380 5201 de},

1795 5187 2110 5266 scendimus
2133 5191 2190 5257 et
2215 5187 2705 5268 ascendimus,nisi
2750 5208 2841 5271 sit,
2872 5195 3135 5277 prolixior
3155 5197 3370 5276 cantus,
3452 5250 3456 5254 -

1791 5277 1881 5361 qui
1915 5293 2179 5366 plagalem
2204 5281 2590 5365 depositionem
2627 5305 2682 5351 et
2707 5299 3085 5354 authenticam.
3107 5300 3378 5377 elevatiov;
3458 5359 3462 5364 ν

1792 5398 1910 5436 nem
1947 5377 2162 5449 haheat,
2195 5387 2338 5464 quod
2371 5395 2548 5440 tamen
2583 5388 2857 5443 rarissime
2889 5390 2968 5464 fit.
3451 5393 3458 5423 ⁵

1859 5463 2126 5548 Principia
2160 5457 2373 5544 quoque
2407 5463 2659 5530 cantuum
2709 5478 2761 5532 in
2797 5481 3049 5538 omnibus
3077 5483 3185 5562 illis
3216 5485 3370 5548 voci:

1787 5561 1888 5616 hus
1921 5579 2038 5618 esse
2069 5575 2316 5633 possunt,
2341 5581 2462 5635 qua:
2485 5569 2774 5624 secundam
2800 5573 3082 5653 prccdic‘tas
3108 5561 3201 5630 sex
3231 5591 3366 5641 cons
3415 5645 3423 5652 '

1786 5644 2064 5712 sonantias
2097 5671 2217 5710 cum
2267 5645 2411 5712 finali
2440 5645 2570 5714 voce
2598 5663 2942 5718 conveniunt.
2985 5647 3168 5735 Siqua
3198 5668 3360 5722 aliter

1786 5733 2076 5816 inveneris,
2122 5766 2188 5805 ex
2242 5743 2354 5820 ipsa
2405 5735 2635 5807 raritate
2690 5768 3004 5830 cognosces,
3057 5759 3201 5830 quod
3247 5761 3358 5814 sint
