3944 6382
448 387 543 445 851

1771 375 2091 436 αυιθοΝιε
2127 368 2408 433 AllETlNl

3618 335 3727 435 is:

449 496 775 552 auctoritate
817 504 1311 567 prtesunipta;,non
1346 500 1525 547 autem
1553 499 1679 546 sunt
1725 489 1922 558 regulae
1953 488 2045 542 [iro
2077 477 2117 530 Α
2149 488 2475 544 sutlicienter
2505 486 2772 558 aperiunt.
2800 485 2902 555 Qui
2946 493 3125 541 autem
3157 486 3405 543 curiosus
3451 485 3641 553 (inerit,
3666 489 3728 543 li-

453 587 643 645 mitate
672 584 948 641 distincta.
971 584 1104 640 illud
1125 594 1305 639 autem
1329 582 1453 653 quis
1468 596 1571 637 non
1596 577 2038 650 intelligat,quod

453 676 520 729 de
559 673 788 730 vocibus
814 674 971 743 quasi
1012 673 1232 745 syllaba:
1272 680 1329 728 et
1362 679 1548 743 partes
1581 678 1636 725 et
1663 670 2040 726 distinctiones

452 765 539 823 vel
565 780 759 821 versus
788 765 966 821 ﬁunt?
1010 780 1131 835 qua:
1164 765 1346 822 omnia
1389 764 1534 819 inter
1556 778 1615 819 se
1646 763 1879 818 invicem
1904 763 2041 818 mira

454 858 724 914 suavitate
774 857 1143 924 concordant,
1182 863 1395 912 tantum
1442 867 1585 925 saepe
1633 853 2040 919 concordiores,

457 957 725 1019 quantum
756 947 1067 1004 similiores.

2148 578 2344 633 bellum
2368 585 2637 641 nostrum,
2665 576 2750 632 cui
2776 590 2971 632 nomen
3000 575 3325 647 Micrologus
3350 586 3455 643 est,
3488 587 3730 647 quaerat;

2147 670 2342 725 librum
2383 683 2596 740 quoque
2638 668 3024 735 Enchiridion,
3057 682 3218 739 quem
3259 656 3735 726 reverentissimus

2148 762 2300 819 Oddo
2325 762 2493 818 abbas
2533 761 2965 818 lnculentissime
3006 762 3332 833 composuit,
3354 760 3622 831 perlegat,
3645 776 3735 815 cu-

2143 856 2232 926 jus
2262 854 2566 926 exemplum
2612 853 2666 908 in
2693 851 2824 909 solis
2850 852 3037 921 ﬁguris
3071 869 3330 910 sonorum
3366 853 3577 917 dimisi,
3606 852 3734 923 quia

2147 945 2390 1016 parvulis
2419 944 2805 1012 condescendi,
2842 943 3087 1000 Boetium
3113 945 3167 1000 in
3201 944 3305 1000 hoc
3339 959 3448 1001 non
3479 958 3735 1015 sequens,

534 1040 664 1098 Ilaec
702 1057 873 1112 pauca
909 1039 1066 1111 quasi
1122 1038 1175 1095 in
1231 1036 1513 1111 prologum
1554 1034 1932 1106 Antiphonarii
1982 1033 2047 1089 de
2148 1036 2308 1106 cujus
2355 1036 2494 1092 liber
2542 1052 2651 1091 non
2697 1036 3034 1102 Cantorihus,
3084 1037 3180 1092 sed
3218 1035 3349 1093 solis
3392 1033 3733 1107 philosophis

459 1132 749 1188 modorum
779 1141 834 1189 et
876 1147 1196 1189 neumarum
1222 1128 1450 1184 formula
1502 1127 1808 1200 rhythmice
1835 1135 1889 1181 ct
1922 1142 2049 1197 pro-

460 1227 607 1283 saice
637 1228 778 1283 dicta
805 1227 1026 1284 musica:
1070 1225 1206 1282 artis
1229 1223 1428 1280 ostium
1458 1222 1722 1288 breviter,
1742 1219 1969 1275 forsitan
1998 1227 2055 1273 et

2151 1127 2298 1182 utilis
2321 1134 2424 1182 est.

2686 1215 2916 1288 Explicit
2957 1219 3200 1290 epistola.

466 1345 2305 1376 ,____________.._.______._____—__

1210 1488 2069 1607 TRACTATUS
2149 1487 2833 1604 GUIDONIS
2918 1464 3101 1599 (3“.

464 1680 469 1685 ι
534 1715 1072 1778 CORREC'I'ORIUS
1110 1711 1504 1771 MULTOBUM
1544 1709 1909 1777 ERBORUM,
1950 1707 2071 1777 QUI
2128 1705 2336 1764 FlUNT
2382 1706 2451 1762 1N
2511 1703 2745 1763 CANTU
2796 1703 3249 1761 GREGORIANO
3286 1705 3354 1761 IN
3395 1704 3665 1764 IUL’I’IS

1948 1800 2167 1857 LOClS.

1389 1945 1493 2007 Ex
1527 1941 1666 2006 cod.
1704 1942 2096 2019 Tcgernseen.
2134 1956 2270 2001 scrc.
2314 1956 2421 2000 xrv
2454 1934 2549 1998 vel
2582 1955 2692 2000 xv.

542 2250 831 2305 Multorum
912 2242 1269 2301 considerans
1342 2248 1587 2294 errorem
1651 2241 1874 2289 coactus
1934 2245 2055 2289 sum
2086 2237 2133 2298 Β
2162 2228 2365 2284 modos.
2387 2225 2455 2282 Et
2485 2234 2669 2281 tonum
2697 2223 2929 2279 aﬂirmat
2956 2224 3063 2281 dici
3097 2240 3129 2280 a
3160 2226 3398 2283 tonando
3424 2234 3520 2283 aut
3542 2242 3745 2285 sonan-

469 2341 719 2415 Gregorii
742 2347 985 2403 cantum,
1009 2351 1173 2407 quem
1216 2330 1404 2388 multis
1444 2329 1498 2385 in
1522 2328 1657 2385 locis
1680 2327 1866 2398 plures
1889 2341 2052 2381 enor-

469 2432 635 2490 miter
655 2431 1041 2500 depravarunt,
1079 2424 1172 2480 Dei
1195 2422 1477 2499 juvamine
1519 2420 1663 2474 veris
1706 2417 1839 2482 suis,
1881 2415 2056 2470 finali-

468 2524 575 2581 bus
599 2521 830 2586 scilicet,
862 2519 1033 2588 tropis
1060 2515 1353 2571 adducere.
1392 2510 1638 2582 Cogitavi
1668 2508 1858 2563 dolens
1886 2507 1953 2563 de
1974 2505 2054 2561 di-

470 2625 752 2667 versorum
780 2608 834 2662 in
886 2607 1059 2662 choro
1084 2602 1449 2665 cavillatione,
1477 2601 1760 2656 credentes
1781 2612 1841 2653 se
1872 2611 2057 2650 veram

470 2699 678 2755 habere
705 2706 901 2753 cantus
928 2695 1208 2757 semitam,
1232 2691 1369 2749 alter
1394 2690 1627 2746 alterum
1659 2687 1857 2759 injuste
1894 2685 2060 2742 male-

478 2802 583 2859 que
624 2801 822 2843 canere
853 2783 1223 2855 reprehendit,
1251 2781 1602 2852 jactationem
1656 2791 1786 2833 vero
1812 2774 2059 2832 veritatis

479 2892 576 2935 seu
602 2875 886 2943 falsitatis,
937 2883 1102 2945 atque
1153 2882 1435 2943 troporum
1467 2868 1676 2934 ﬁnales,
1725 2881 1864 2938 quos
1897 2879 2061 2922 cerno

477 2967 710 3023 nimium
742 2967 1089 3037 depravatos,
1140 2962 1276 3018 alter
1315 2959 1473 3016 alteri
1506 2958 1727 3016 minime
1762 2958 2062 3014 secundum

474 3060 698 3117 musicae
723 3057 1018 3130 practicam
1046 3055 1351 3126 assignans.

546 3197 856 3254 Multotiens
877 3195 1042 3252 etiam
1072 3193 1218 3260 novi,
1241 3190 1385 3262 quod
1408 3205 1505 3261 per
1528 3188 1886 3261 quorumdam
1907 3186 2062 3258 igno-

474 3293 714 3350 rantiam
755 3288 950 3360 stepius
992 3294 1185 3343 cantus
1225 3284 1575 3356 depravatur,
1612 3279 2065 3352 quemadmodum

475 3395 589 3441 tam
617 3384 800 3455 plures
830 3381 1093 3438 habemus
1111 3379 1602 3449 depravatos,quos
1626 3388 1813 3431 revera
1839 3388 1944 3430 non
1967 3373 2064 3439 ita,

475 3486 539 3533 ut
578 3491 724 3532 nunc
775 3474 830 3530 in
875 3470 1121 3529 ecclesiis
1162 3477 1385 3534 canunt,
1408 3467 1735 3524 modulantis
1773 3465 2069 3521 auctoritas

474 3567 718 3650 protulit.
743 3565 838 3623 sed
858 3578 1039 3636 prava:
1064 3560 1345 3619 hominum
1374 3573 1533 3616 voces
1565 3567 1769 3614 motum
1798 3554 1963 3611 animi
1983 3555 2065 3609 sui

477 3660 818 3734 sequentium
845 3664 993 3713 recte
1017 3653 1316 3725 composita
1346 3658 1674 3722 pervertere,
1705 3660 2071 3719 perversaque

478 3756 534 3810 in
568 3769 725 3810 nsum
760 3748 1183 3822 incorrigibilem
1234 3744 1574 3802 deduxerunt
1621 3742 1799 3806 adeo,
1853 3748 1915 3794 ut
1955 3738 2069 3806 jam

475 3842 746 3917 pessimus
796 3860 930 3905 usus
955 3850 1205 3901 servetur
1232 3854 1335 3913 pro
1378 3838 1709 3895 auctoritate
1753 3842 1809 3890 et
1849 3846 2071 3890 conser-

477 3948 659 3995 VCIUI’.

553 4067 695 4130 Sunt
717 4069 881 4123 etiam
921 4065 1167 4137 plerique
1193 4062 1372 4120 clerici
1422 4060 1507 4118 vel
1554 4057 1829 4123 monachi,
1865 4056 1956 4128 qui
1982 4072 2069 4112 ar-

478 4150 590 4212 tem
620 4157 843 4214 musiczc
864 4154 1271 4225 iucundissima:
1293 4168 1468 4222 neque
1500 4151 1697 4214 sciunt,
1718 4163 1895 4219 neque
1930 4146 2069 4203 scire

478 4245 688 4312 velunt,
718 4254 774 4300 et
803 4243 947 4315 quod
970 4244 1190 4315 gravius
1216 4250 1322 4309 est,
1352 4241 1587 4296 scientes
1624 4243 1860 4293 refutant
1895 4245 1951 4292 et
1977 4237 2070 4291 ab.

478 4336 725 4396 horrent,
759 4334 979 4402 etquod
1024 4334 1072 4388 si
1114 4332 1308 4404 aliquis
1355 4332 1592 4387 musicus
1633 4345 1727 4385 eos
1772 4328 1837 4385 de
1864 4338 2025 4383 cantu
2050 4366 2067 4391 ,

479 4424 642 4491 quem
670 4423 753 4479 vel
777 4438 882 4478 non
907 4423 1006 4479 rite
1027 4423 1110 4478 vel
1138 4421 1489 4492 incomposite
1514 4418 1812 4492 proferunt,
1840 4416 2071 4488 compel-

2156 2320 2245 2374 do.
2278 2319 2353 2374 Ea
2383 2318 2546 2388 igitur
2568 2318 2940 2388 proportione,
2975 2331 3080 2387 qua
3111 2318 3236 2388 quis
3276 2319 3451 2390 major
3483 2335 3747 2376 numerus

2157 2412 2419 2466 minorem
2452 2417 2691 2479 superat,
2718 2407 2806 2464 vel
2832 2409 3007 2463 minor
3035 2419 3327 2478 superatur
3368 2427 3400 2463 a
3447 2409 3658 2478 majore
3690 2410 3748 2468 in

2157 2502 2422 2574 gravitate
2446 2502 2706 2571 ejusdem,
2735 2511 2791 2558 et
2819 2503 2934 2573 ejus
2962 2503 3113 2559 vocis
3150 2504 3301 2573 prior
3328 2518 3500 2559 sonus
3523 2512 3751 2575 superat

2159 2593 2538 2663 posteriorem,
2573 2592 2659 2648 vel
2697 2593 2966 2665 posterior
3011 2604 3299 2663 superatur
3327 2608 3357 2647 a
3407 2594 3612 2662 priore.
3652 2591 3755 2649 llic

2162 2695 2321 2741 tonus
2353 2684 2617 2755 contingit
2646 2698 2713 2738 ex
2748 2683 2976 2755 (sesqui)
3004 2693 3196 2741 octava
3239 2683 3614 2754 proportione,
3656 2681 3753 2737 ubi

2161 2776 2335 2845 major
2365 2778 2649 2841 numerus,
2673 2783 2732 2830 ut
2750 2775 2864 2846 jam
2894 2774 3097 2830 dictum
3134 2785 3239 2840 est,
3269 2774 3539 2831 minorem
3578 2782 3753 2827 totum

2163 2871 2217 2926 in
2256 2885 2315 2926 se
2346 2869 2610 2935 continet,
2642 2852 2699 2924 et
2743 2866 2862 2937 ejus
2901 2878 3149 2924 octavam
3174 2876 3409 2939 partem,
3436 2873 3498 2922 ut
3529 2875 3757 2921 octona-

2164 2961 2304 3016 rium
2335 2961 2683 3016 novcnarius.

2236 3052 2458 3108 Talibus
2486 3051 2949 3123 speculationibus
2991 3060 3290 3123 praesenter
3317 3051 3561 3117 omissis,
3593 3052 3757 3109 etiam

2167 3141 2479 3197 nominibus
2529 3140 2833 3212 appellatis,
2897 3140 3104 3196 scilicet
3150 3140 3760 3211 proslambanomenos,

2167 3234 2365 3304 hypate
2401 3233 2664 3304 hypaton.
2710 3232 2839 3288 item
2885 3231 3119 3302 positiva
3163 3231 3558 3297 declaratione,
3599 3239 3760 3304 prout

2168 3322 2469 3379 necessitas
2504 3321 2753 3393 requirit,
2800 3329 3122 3394 tantumque
3155 3322 3449 3377 missarum
3500 3321 3760 3377 solemni-

2170 3416 2375 3471 tatibus
2404 3416 2766 3470 communiter
2803 3414 3128 3481 insistimus,
3177 3429 3337 3484 quem
3371 3414 3611 3470 Gradale
3636 3430 3758 3470 san-

2171 3518 2259 3564 cta
2288 3516 2464 3563 mater
2496 3506 2734 3578 appellat
2762 3505 3031 3572 Ecclesia,
3055 3520 3164 3562 non
3197 3508 3491 3562 advertens
3526 3506 3760 3561 multum

2096 3579 2141 3641 (ἶ
2171 3599 2478 3669 aliquarum
2519 3608 2773 3653 notarum
2802 3595 3233 3653 sul-tractinnem
3267 3594 3351 3651 vel
3397 3597 3757 3659 additionem.

2171 3692 2264 3747 sed
2291 3691 2553 3760 quosdam
2584 3698 2794 3754 cantus,
2824 3689 2970 3759 quod
3005 3691 3072 3743 ad
3101 3703 3231 3745 suos
3256 3704 3415 3745 veros
3435 3688 3633 3745 linales
3666 3703 3761 3745 seu

2174 3792 2357 3854 tropos
2387 3782 2685 3853 perducere
2709 3790 2920 3846 teneor,
2963 3779 3215 3837 titulabo.
3248 3778 3519 3837 Cantores
3539 3794 3673 3835 vero
3708 3788 3761 3833 et

2171 3874 2406 3929 lectores
2434 3871 2762 3940 hujusmodi,
2792 3882 2853 3927 ut
2888 3888 2993 3926 non
3027 3881 3398 3943 arrogantem,
3430 3872 3629 3942 rogito,
3674 3885 3761 3927 me

2171 3976 2382 4040 putent,
2420 3967 2516 4023 sed
2544 3981 2611 4021 ne
2642 3966 2777 4021 tanti
2808 3966 3047 4021 auctoris
3083 3965 3281 4036 positio
3310 3981 3408 4036 per
3437 3966 3759 4037 depravatu-

2172 4076 2261 4116 rcs
2289 4059 2528 4115 totaliter
2557 4057 2887 4123 obfuscetur,
2929 4058 3072 4112 hanc
3099 4057 3496 4114 correctionem
3540 4064 3598 4112 et
3630 4073 3754 4129 pro-

2172 4148 2479 4205 ductionem
2507 4147 2818 4218 aliqualiter
2845 4162 3250 4220 aggressurum.

2242 4240 2496 4297 Omnium
2523 4241 2742 4311 quidem
2771 4249 3027 4297 cantuum
3061 4240 3182 4296 libri
3212 4240 3463 4298 Grailalis
3486 4240 3755 4310 prolixum

2172 4344 2317 4391 esset
2366 4350 2608 4391 errorem
2668 4334 2934 4401 eradere,
2998 4349 3123 4391 nam
3183 4334 3403 4406 quidam
3452 4334 3509 4389 in
3568 4341 3761 4390 cantus

2177 4424 2505 4496 inceptionc,
2538 4423 2627 4480 alii
2660 4424 2715 4480 in
2747 4425 2948 4490 medio,
2995 4425 3083 4480 alii
3118 4425 3171 4480 in
3213 4426 3342 4490 line,
3370 4425 3463 4480 alii
3493 4426 3547 4481 in
3580 4436 3759 4496 tropo-

384 4534 387 4535 ν
480 4514 591 4579 lat,
626 4514 968 4587 impudenter
1012 4513 1134 4568 irati
1179 4515 1493 4582 obstrepunt
1519 4552 1534 4576 ,
1582 4527 1681 4567 nec
1723 4508 1938 4565 veritati
1975 4507 2071 4563 ad-
2173 4532 2293 4571 rum
2314 4531 2408 4571 seu
2438 4514 2722 4570 modorum
2748 4514 3051 4583 elevatione
3079 4517 3543 4587 depressioneqne
3568 4526 3759 4572 contra

480 4604 765 4675 quiescere
794 4602 981 4659 volunt
1005 4644 1021 4671 ,
1054 4617 1320 4673 suumque
1367 4615 1614 4656 errorum
1663 4615 1761 4654 suo
1787 4600 2071 4655 conamine
2173 4606 2391 4676 regulas
2416 4605 2746 4660 musicorum
2770 4613 3155 4676 peccaverunt,
3179 4614 3239 4659 ut
3266 4605 3319 4659 in
3355 4605 3457 4661 hoc
3485 4605 3711 4662 introitu
3738 4621 3757 4660 ε

480 4695 795 4751 defendunt.
822 4692 1031 4748 Talium
1083 4693 1245 4765 igitur
1282 4689 1596 4747 bestialitati
1638 4706 1758 4746 meo
1786 4705 1884 4760 po
1914 4697 2072 4761 posse
2174 4695 2413 4767 Populus
2444 4695 2601 4766 Sion,
2633 4713 2794 4767 quem
2826 4696 3069 4769 plerique
3096 4713 3130 4753 a
3172 4697 3318 4755 ﬁnali
3357 4698 3667 4768 inceptione
3705 4698 3757 4752 iu

480 4799 803 4842 succurrere
833 4784 1084 4856 proposui
1106 4823 1122 4848 ,
1155 4781 1343 4839 volens
1369 4780 1665 4851 quemlibet
1709 4793 1928 4835 cantum
1975 4794 2071 4849 per

480 4892 574 4934 eos
600 4876 956 4947 depravatum
994 4872 1242 4929 terminis
1274 4872 1621 4928 musicalibus
1651 4887 1807 4928 suum
1856 4871 1924 4927 ad
1961 4880 2069 4926 tro-

481 4974 610 5038 pum
641 5010 656 5035 ,
688 4984 797 5023 non
825 4964 1104 5022 vocabulis
1129 4963 1319 5036 graecis
1353 4962 1499 5017 velut
1529 4962 1896 5034 speculatione
1916 5002 1933 5027 ,
1974 4964 2069 5018 sed

479 5058 709 5127 positive
737 5056 1058 5112 recitatione
1100 5054 1376 5109 reducere.
1416 5051 1602 5109 Plures
1643 5051 1846 5109 etenim
1887 5062 2069 5124 tropos

479 5149 568 5201 vel
609 5145 799 5203 modos
844 5155 1039 5204 vocant
1088 5155 1245 5201 tonos
1272 5186 1288 5212 ,
1332 5159 1470 5215 quos
1517 5142 1812 5217 Gregorius
1872 5144 1925 5200 in
1972 5159 2071 5199 suo

480 5235 664 5293 libello
690 5237 911 5295 musica:
940 5237 1214 5308 redarguit
1238 5236 1430 5291 dicens
1456 5253 1471 5290 :
1500 5234 1783 5292 abusivum
1812 5249 1934 5292 esse
1961 5243 2070 5291 tro-

479 5341 579 5396 pos
618 5334 777 5383 tonos
806 5340 1030 5390 vocare,
1082 5324 1373 5381 ostendens
1420 5324 1586 5380 etiam
1628 5333 1840 5396 tropum
1893 5324 1999 5381 dici
2038 5340 2068 5378 a

481 5418 670 5473 ῦγτιιοο
696 5428 899 5488 tropos,
921 5419 1064 5488 quod
1093 5420 1481 5488 interpretatur
1510 5434 1804 5475 conversus
1826 5417 1905 5475 vel
1936 5434 2069 5476 con-

481 5510 678 5570 vcrsio.
696 5525 763 5566 eo
786 5511 928 5580 quod
958 5510 1188 5583 quisque
1213 5520 1399 5581 erpus
1421 5510 1690 5566 convertit
1716 5524 1777 5566 se
1802 5526 1830 5565 τι
1855 5512 2069 5568 caeteris

483 5603 652 5672 tropis
678 5603 746 5658 ad
791 5617 917 5661 suas
957 5604 1196 5672 regulas,
1244 5613 1299 5659 et
1347 5602 1414 5658 ad
1449 5603 1698 5674 proprias
1744 5602 1946 5672 ﬁguras
1988 5602 2070 5657 vel

558 5706 668 5786 (54)
703 5711 855 5782 Quod
874 5714 940 5782 si,
967 5726 1026 5770 nt
1053 5731 1136 5773 ms
1160 5714 1536 5786 praescfemnt,
1564 5712 1953 5786 estGuidonis.
1983 5715 2063 5771 in-

484 5784 804 5854 terpolattnn
835 5795 1015 5841 tamen
1061 5784 1316 5857 produnt,
1346 5800 1465 5857 quae
1510 5786 1611 5839 col.
1639 5785 1743 5839 453
1772 5801 1836 5840 ex
1884 5784 2059 5842 Theo-

2173 4787 2425 4858 diapente
2452 4787 2693 4854 elevant,
2738 4790 2957 4859 quidam
2988 4790 3041 4845 in
3085 4805 3116 4845 c
3174 4799 3335 4846 acuto
3362 4799 3585 4844 sumunt
3614 4791 3759 4862 prin-

2173 4877 2415 4948 cipium,
2479 4878 2701 4949 quidam
2753 4879 2806 4933 in
2857 4880 2946 4936 his
3001 4879 3369 4948 dictionibus,
3423 4880 3758 4937 scilicetzet

2177 4968 2416 5023 auditam
2476 4969 2654 5039 faciet,
2724 4968 2955 5024 diversis
3012 4970 3356 5026 modulantur
3401 4971 3620 5034 modis,
3670 4986 3760 5040 per

2177 5073 2339 5129 quem
2365 5073 2609 5115 errorem
2641 5060 2695 5116 in
2738 5075 2988 5132 magnam
3014 5063 3262 5131 pervenit
3296 5061 3478 5118 dictus
3505 5062 3760 5119 introitu!

2181 5149 2321 5220 tropi
2365 5149 2581 5221 septimi
2606 5146 2923 5205 falsitatem.
2961 5148 3124 5207 Juxta
3167 5146 3380 5224 regulas
3424 5153 3763 5210 musicorum

2178 5240 2234 5296 in
2280 5243 2526 5312 practica
2574 5242 2960 5310 laborantium,
3007 5242 3295 5315 Theogeri,
3328 5255 3759 5316 cteterorumque

2170 5328 2320 5409 idem
2343 5332 2603 5389 lntroitus
2628 5332 2968 5404 incipiendus
2986 5345 3074 5389 est
3100 5335 3153 5389 in
3174 5334 3217 5390 G
3245 5336 3423 5405 gravi,
3444 5335 3758 5391 transiliens

2170 5427 2230 5482 in
2253 5426 2612 5490 diatessaron,
2642 5428 2758 5483 scil.
2800 5444 2831 5485 c
2865 5437 3105 5495 acutum,
3129 5438 3187 5485 et
3209 5430 3287 5485 sic
3314 5431 3366 5485 in
3390 5431 3759 5502 heptacbordo

2178 5526 2340 5572 acuto
2389 5517 2716 5573 modulanda
2764 5518 2869 5574 rite
2913 5528 2967 5574 et
3014 5519 3408 5576 rationabiliter
3452 5521 3510 5577 in
3563 5520 3679 5594 (55)
3715 5516 3754 5579 ιτ

2173 5608 2327 5679 gravi
2356 5609 2540 5666 sedem
2563 5626 2717 5666 suam
2743 5611 2989 5682 perducit
3016 5612 3085 5685 ad
3116 5609 3359 5669 ﬁnalem.

2171 5736 2311 5790 gero
2328 5730 2456 5776 sunt
2476 5721 2703 5777 inserta.

2238 5786 2350 5864 (35)
2394 5791 2440 5846 Μ
2467 5793 2521 5848 in
2551 5790 2594 5850 (ὅ
2623 5793 2789 5866 gravi.
