3944 6380
168 416 266 471 ἇ33

1225 406 1662 474 CORRECTOR.
1696 416 2010 476 MULTUR.
2051 418 2306 476 Ειιιιοιι.

3314 421 3424 478 ιῦἇ

236 525 499 584 Graduale
525 526 631 592 Qui
656 528 820 581 sedes.
855 522 951 582 llic
971 535 1165 583 cantus
1195 542 1224 581 a
1255 526 1438 581 multis
1469 527 1739 596 dignosci-
1765 515 1812 572 Α
1845 541 1930 585 tur
1966 531 2178 586 ratione
2220 531 2498 601 pra-libata
2527 542 2721 587 cautus
2749 529 2952 596 Tollite,
2995 541 3048 587 et
3094 544 3414 588 ceterorum

173 632 252 674 tur
281 621 633 688 depravatus,
673 619 878 674 scilicet
928 621 982 674 in
1029 620 1291 689 principio
1337 629 1392 675 et
1425 621 1478 674 in
1526 620 1630 674 hac
1658 620 1738 674 di-

171 711 340 765 ctione
388 726 568 778 super,
605 725 722 779 quae
772 709 1008 765 tetrardo
1053 710 1364 766 authentico
1423 711 1740 766 naturaliter

170 802 469 871 deputatur.
499 800 561 856 ln
589 801 629 856 F
666 802 815 872 gravi
851 810 906 856 et
945 803 1000 856 in
1028 817 1059 858 c
1098 811 1315 858 acutum
1350 802 1590 858 elevatus
1619 803 1739 857 sine

171 889 320 946 dubio
355 899 442 945 est
485 890 859 960 incipiendus,
911 900 966 947 et
1006 893 1121 948 haec
1168 893 1380 965 syllaba
1413 911 1475 948 su
1511 908 1541 948 c
1581 901 1739 949 acuto

166 979 531 1048 deputabitur,
569 997 604 1051 g
639 992 853 1037 acutum
892 983 1163 1052 gradatim
1214 984 1469 1049 visitans,
1519 992 1577 1038 ut
1622 983 1738 1038 haec

167 1069 355 1140 syllaba
399 1087 494 1140 per
539 1073 608 1127 ab
655 1088 686 1127 e
733 1083 893 1128 acuto
944 1090 974 1129 a
1009 1083 1227 1128 acutum
1279 1091 1434 1130 suum
1488 1075 1738 1144 diapente

168 1163 467 1218 immediate
511 1164 722 1231 visitat,
767 1175 822 1221 et
863 1164 1136 1221 artiﬁciali
1168 1183 1331 1223 cursu
1367 1166 1409 1222 G
1455 1181 1639 1236 grave,
1679 1175 1736 1219 ut

166 1259 473 1314 authentum
515 1261 692 1326 decet,
726 1262 955 1330 requirit
981 1269 1035 1316 et
1061 1261 1248 1331 recipit
1273 1277 1370 1330 pro
1396 1260 1563 1315 ﬁnali.

230 1349 499 1404 Graduale
549 1349 736 1404 Tollite
761 1361 962 1421 portas.
1005 1351 1175 1423 llujus
1214 1359 1404 1407 cantus
1441 1351 1736 1406 modulatio

169 1441 229 1495 ab
271 1441 452 1497 idiotis
495 1442 784 1512 magniﬁce
810 1444 1138 1513 depravatus
1187 1445 1551 1514 cognoscitur.
1601 1443 1732 1497 Nam

165 1545 278 1584 cum
314 1531 417 1585 iste
457 1541 654 1586 cantus
695 1534 765 1588 sit
794 1535 933 1604 preti
978 1533 1226 1604 plagalis,
1273 1533 1434 1602 hujus
1479 1534 1738 1604 inceptio-

164 1635 276 1674 nem
327 1631 550 1676 sumunt
613 1623 668 1678 in
725 1623 771 1678 G
821 1626 1016 1695 gravi,
1072 1635 1131 1680 ut
1188 1640 1427 1696 praesens
1478 1626 1736 1696 graduale

169 1707 359 1777 Tollite,
401 1711 488 1767 vel
524 1711 579 1766 in
627 1713 670 1767 E
718 1715 891 1784 gravi,
935 1724 995 1770 ut
1030 1717 1133 1772 hoe
1165 1716 1469 1785 graduale:
1512 1716 1580 1772 In
1629 1717 1735 1772 sole

162 1801 342 1871 posuit,
373 1817 499 1857 cum
540 1805 722 1874 potius
765 1806 819 1860 in
858 1807 902 1860 A
945 1808 1098 1879 gravi
1151 1809 1235 1864 vel
1263 1809 1319 1864 in
1363 1809 1406 1863 D
1452 1810 1600 1879 gravi
1644 1826 1732 1866 su-

164 1907 299 1948 taere
325 1893 589 1950 deberent
619 1911 634 1951 :
665 1905 721 1953 et
754 1898 836 1954 sic
863 1900 1112 1954 eumdem
1141 1910 1358 1955 cantum
1392 1901 1588 1956 ﬁniunt
1623 1903 1674 1956 in
1700 1918 1731 1956 a

163 1989 328 2047 acuto,
384 1994 652 2051 ponentes
706 1985 888 2042 sedem
917 1989 1060 2057 preti
1106 1987 1328 2060 plagalis
1377 1990 1444 2044 ad
1492 1991 1732 2060 ipsorum

166 2075 570 2147 beneptacitum.
638 2078 886 2136 Nondum
943 2084 1088 2138 enim
1163 2083 1410 2154 legerunt
1464 2085 1730 2156 Theogeri

166 2167 309 2220 verba
332 2182 494 2238 super
538 2170 645 2225 hac
671 2172 1036 2230 modulatione
1075 2174 1306 2230 dicentis
1338 2193 1350 2229 :
1387 2193 1405 2228 ι
1437 2173 1552 2230 Hoc
1573 2178 1733 2233 modo

164 2267 535 2325 syuentmenon
588 2258 640 2314 in
690 2261 946 2331 gravibus
992 2262 1174 2319 minus
1215 2267 1583 2320 necessarium
1615 2267 1734 2334 qui-

166 2347 372 2403 busdam
399 2349 645 2415 videtur,
683 2360 738 2406 et
788 2353 1137 2410 contenditur
1162 2365 1223 2409 ut
1251 2355 1486 2410 videtur.
1532 2356 1639 2411 Sed
1678 2357 1732 2411 in

169 2447 334 2493 nostro
384 2450 578 2506 cantu,
633 2456 796 2510 quem
847 2442 1242 2515 Gregorianum
1293 2461 1392 2500 nos
1429 2444 1732 2513 jactamus,

167 2531 307 2584 vitari
347 2532 494 2586 nullo
553 2537 713 2589 modo
741 2543 937 2606 potest,
971 2546 1028 2590 ut
1074 2537 1127 2591 in
1159 2538 1260 2593 hoc
1288 2547 1448 2592 cantu
1477 2552 1492 2590 :
1521 2537 1588 2592 In
1626 2540 1733 2592 sole

166 2620 336 2686 posuit,
380 2631 433 2676 et
475 2623 531 2676 in
575 2623 716 2689 aliis,
749 2625 838 2693 qui
870 2624 1132 2695 ejusmodi
1175 2635 1446 2681 canuntur
1472 2628 1733 2698 sympho-

171 2711 264 2772 nia,
293 2722 343 2765 et
365 2715 420 2766 in
440 2715 662 2769 czeteris
694 2716 1131 2785 quamplurimis;
1174 2717 1410 2786 alioquin
1447 2727 1637 2773 cantus
1663 2735 1732 2774 ex

167 2814 335 2869 magna
366 2812 517 2872 parte
565 2805 882 2869 mutabitur,
951 2816 1044 2860 aut
1090 2823 1195 2861 non
1239 2808 1341 2862 rite
1383 2808 1620 2864 ﬁnietur.
1647 2791 1734 2865 .Et

167 2888 274 2955 quia
299 2904 448 2946 voces
475 2893 532 2946 in
557 2894 843 2962 speciebus
866 2894 1123 2963 diapason
1151 2897 1352 2952 easdem
1390 2913 1511 2952 esse
1541 2899 1731 2957 dicun-

169 2987 264 3044 tur,
300 2981 416 3037 idco
445 2984 709 3039 nimirum
760 3001 862 3040 non
889 2985 1001 3057 (56)
1048 2987 1312 3051 videmus,
1358 2987 1402 3042 si
1433 2989 1731 3044 tetrachor-

169 3067 276 3122 dum
315 3085 706 3141 synemtnenon
753 3074 806 3129 in
868 3075 1045 3130 acutis
1099 3077 1243 3130 inter
1305 3075 1328 3130 Ι
1382 3085 1438 3130 et
1479 3077 1512 3131 d
1551 3077 1728 3131 locum

169 3158 359 3228 haheat,
386 3164 609 3234 quando
632 3165 795 3220 etiam
838 3167 892 3220 in
931 3169 1188 3236 gravibus
1229 3169 1372 3222 inter
1398 3180 1432 3225 Γ
1471 3179 1526 3224 et
1564 3171 1607 3224 D
1634 3171 1803 3244 ha-c

170 3245 278 3305 huc
305 3255 465 3320 possit
495 3264 559 3310 et
595 3257 805 3311 debeat.
848 3275 863 3307 ι
899 3257 1024 3312 Haec
1051 3267 1179 3314 sunt
1213 3259 1282 3314 ad
1311 3259 1543 3314 litteram
1568 3263 1732 3316 verba

173 3339 428 3414 Theogeri.
474 3349 792 3403 Reducatur
829 3351 991 3420 igitur
1031 3351 1330 3406 secundum
1369 3351 1486 3421 ejus
1530 3351 1734 3407 doctri-

173 3449 279 3489 nam
309 3438 615 3508 hujusmodi
657 3441 951 3497 modulatio
986 3445 1052 3497 ad
1083 3459 1266 3498 veram
1302 3445 1529 3498 formam
1561 3459 1575 3497 :
1603 3444 1731 3498 dum

169 3523 296 3580 enim
323 3529 418 3594 sic,
458 3539 527 3585 ut
557 3531 760 3586 dictum
805 3543 910 3599 est,
957 3535 1094 3603 proti
1126 3535 1358 3604 plagalis
1393 3534 1732 3606 incipiendus

171 3624 240 3668 est
271 3616 319 3671 in
358 3619 398 3672 Β
437 3621 624 3692 gravi,
655 3631 714 3676 ut
742 3622 927 3678 Tollite
959 3625 1013 3678 in
1056 3627 1094 3678 Α
1142 3625 1326 3695 gravi,
1358 3633 1419 3679 ut
1442 3625 1482 3677 Α
1527 3642 1730 3680 summa

173 3703 304 3768 caelo,
339 3717 391 3762 et
425 3709 478 3762 in
527 3709 592 3764 E.
623 3711 773 3781 gravi
803 3711 922 3782 ejus
947 3713 1072 3768 sede
1103 3713 1502 3769 rationabiliter
1530 3714 1728 3770 ﬁnien-

175 3796 262 3853 dus
290 3817 303 3853 :
334 3804 598 3873 sequitur,
646 3805 790 3875 quod
839 3807 1139 3861 secundum
1189 3807 1500 3877 lmjusmodi
1541 3822 1729 3862 eorum

178 3892 480 3969 inccptiones
528 3902 908 3972 prosequendo
963 3903 1121 3959 ambo
1168 3903 1222 3958 in
1277 3919 1465 3958 eorum
1510 3904 1728 3974 propria

177 3986 285 4041 sede
328 3988 504 4058 ﬁnali,
554 4007 676 4064 qua:
716 4001 801 4048 est
831 3993 875 4047 D
918 4009 1106 4064 grave,
1155 3993 1315 4049 ﬁnem
1348 3995 1643 4051 habebunt.
1673 3995 1728 4050 In

177 4077 366 4146 quibus,
398 4082 540 4138 sicut
578 4085 634 4138 in
672 4087 927 4142 omnibus
971 4086 1181 4142 caeteris
1206 4086 1569 4156 gradualibus,
1611 4102 1732 4157 quae

177 4165 454 4237 lmjusmodi
493 4174 726 4231 melodia
757 4185 1064 4232 cantantur.
1095 4176 1137 4230 B
1178 4192 1345 4247 grave
1388 4193 1418 4232 a
1452 4192 1586 4234 sono
1611 4193 1730 4247 pro-

179 4259 280 4324 Prio
322 4262 570 4333 liquescit
616 4265 992 4322 descendendo
1051 4266 1104 4320 in
1151 4275 1336 4322 tonum
1367 4306 1384 4333 ,
1436 4267 1578 4323 sicut
1627 4269 1730 4324 hoc

179 4345 300 4404 idem
327 4355 485 4411 etiam
521 4357 576 4412 in
606 4356 726 4412 aliis
751 4355 886 4412 locis
911 4371 1297 4428 nonnunquam
1327 4358 1614 4428 contingit.

234 4442 484 4505 Graduale
519 4450 748 4504 Ostende
773 4449 940 4504 nobis.
966 4448 1131 4504 Error
1157 4448 1314 4518 hujus
1347 4459 1541 4506 cantus
1567 4460 1650 4507 est
1675 4451 1726 4504 in

1840 622 2143 692 hujusmodi
2167 624 2506 692 symphonia.

1909 710 2074 765 Grad.
2118 710 2333 766 Salvum
2383 713 2468 781 [ac
2507 729 2732 767 servum.
2771 713 2999 782 Quidam
3050 716 3152 770 hoc
3199 717 3429 786 gradalu‘

1839 800 1894 856 in
1940 800 1980 854 F
2025 803 2176 872 gravi
2218 803 2510 872 incipiunt,
2562 815 2614 858 et
2646 807 2967 871 enortniter,
3015 823 3137 860 cum
3172 808 3312 878 proti
3346 808 3430 863 siti

1839 892 2119 958 autbenti,
2170 893 2222 946 in
2263 908 2292 948 a
2341 904 2502 950 acuto
2571 895 2782 950 ﬁniunt.
2827 896 2928 963 Qui
2973 897 3189 967 quidem
3239 897 3416 952 ﬁnalis

1839 993 1923 1036 est
1952 992 2141 1037 contra
2173 1000 2363 1040 otnnes
2392 985 2658 1052 musicos;
2683 995 2737 1040 et
2761 985 2962 1055 absque
2986 986 3273 1041 formidine
3294 988 3416 1042 dico

1839 1074 2102 1140 musicos;
2147 1090 2271 1128 nam
2315 1075 2511 1130 inﬁniti
2547 1085 2689 1139 sunt,
2722 1077 2812 1145 qui
2843 1091 2903 1132 se
2938 1077 3124 1130 dicunt
3155 1077 3417 1142 musicos,

1841 1172 2051 1217 tantum
2106 1166 2360 1229 scientes,
2404 1166 2490 1220 vel
2542 1167 2614 1220 ita
2659 1177 2910 1236 putantes
2940 1183 2998 1222 se
3033 1169 3175 1222 scire
3223 1183 3416 1224 vocum

1839 1251 2176 1319 discrimina,
2208 1263 2267 1308 ut
2311 1255 2407 1320 illi,
2455 1257 2546 1324 qui
2583 1257 2802 1312 vocibus
2830 1257 3115 1326 imponunt
3141 1258 3297 1327 signa
3335 1258 3430 1312 vel.

1839 1341 2078 1406 nomina,
2126 1343 2369 1397 dicentes
2413 1341 2490 1409 ut,
2542 1361 2618 1409 re,
2661 1346 2752 1412 mi,
2801 1345 2876 1413 la,
2924 1345 3023 1411 sol,
3055 1345 3123 1400 la.
3163 1345 3323 1401 Tales
3363 1347 3416 1400 in

1837 1433 2057 1488 musicae
2120 1433 2442 1491 falsitatibus
2489 1436 2758 1504 laborant,
2815 1447 2870 1494 et
2916 1439 3236 1509 gloriantur,
3291 1441 3418 1510 quia

1836 1523 2087 1579 omnibus
2115 1524 2232 1580 istis
2258 1525 2430 1596 signis
2461 1527 2800 1598 interemptis
2834 1529 3006 1586 adhuc
3030 1546 3223 1585 vocum
3255 1543 3416 1585 natu-

1837 1631 1951 1670 ram
1991 1624 2250 1671 mactant.
2302 1616 2440 1674 Noto
2476 1621 2679 1674 etenim
2723 1620 2842 1676 illos
2884 1637 3005 1677 esse
3051 1622 3311 1688 musicos,
3359 1631 3419 1678 ut

1834 1704 2052 1761 Boetius
2085 1705 2317 1761 afﬁrmat
2349 1708 2617 1763 musicum
2650 1709 2737 1766 bis
2779 1710 2957 1766 verbis
2991 1729 3004 1764 :
3042 1730 3060 1763 ι
3101 1709 3151 1766 Is
3175 1726 3306 1766 vero
3333 1721 3419 1766 est

1839 1797 2093 1859 musicus,
2144 1797 2236 1868 qui
2277 1798 2490 1854 ratione
2531 1814 2797 1870 perpensa
2845 1801 3074 1855 canendi
3127 1801 3418 1856 scientiam

1838 1903 1943 1942 non
1961 1888 2202 1955 servitio,
2230 1890 2323 1945 sed
2349 1889 2577 1961 imperio
2607 1892 2992 1961 speculationis
3011 1932 3025 1959 ,
3051 1892 3360 1963 assumpsit.
3390 1910 3410 1944 ι

1835 1980 2128 2036 Redeundo
2163 1983 2230 2037 ad
2257 1983 2614 2054 propositum,
2651 1994 2840 2039 contra
2872 1984 3006 2039 tales
3043 1984 3297 2051 musicos,
3333 1994 3420 2040 est

1835 2073 1925 2127 illa
1965 2072 2144 2128 ﬁnalis
2177 2089 2278 2127 vox
2328 2089 2428 2144 pro
2467 2076 2595 2131 sede
2647 2075 2810 2146 preti.
2856 2075 2934 2130 llli
2979 2085 3157 2132 autem
3206 2085 3421 2131 suntet

1835 2162 2090 2216 dicuntur
2132 2163 2550 2234 vituperatores,
2610 2172 2669 2218 ut
2705 2165 3137 2221 contradictores
3182 2165 3416 2232 scilicet,

1833 2270 1962 2326 erga
2011 2270 2075 2309 ea
2122 2271 2228 2310 non
2273 2266 2398 2311 sunt
2439 2257 2608 2327 digni.
2650 2256 2995 2312 Conveniunt
3033 2256 3180 2312 enim
3225 2271 3420 2312 omnes

1834 2345 2047 2412 musici,
2072 2347 2126 2400 in
2152 2346 2256 2400 hoc
2276 2346 2420 2400 enim
2449 2347 2627 2402 omnis
2655 2355 2852 2401 cantus
2877 2355 2962 2401 est
2988 2347 3040 2400 in
3070 2345 3156 2402 bis
3178 2355 3420 2417 quatuor

1833 2438 2056 2494 vocibus
2101 2437 2390 2504 ﬁniendus,
2439 2437 2648 2494 scilicet
2685 2437 2730 2492 D
2767 2437 2809 2492 E
2846 2437 2887 2493 F
2913 2438 2954 2492 G
2991 2438 3266 2509 gravibus.
3306 2437 3413 2493 Sed

1835 2528 1936 2582 iste
1975 2537 2166 2582 cantus
2215 2529 2510 2582 secundum
2565 2528 2950 2597 depravatorcs
2995 2529 3045 2582 in
3083 2537 3276 2582 neutra
3317 2527 3407 2580 ha-

1833 2631 1950 2669 rum
2003 2613 2236 2668 ﬁnietur.
2293 2613 2402 2668 Cur
2453 2621 2634 2668 autem
2684 2621 2892 2668 tantum
2946 2616 2998 2668 in
3052 2613 3136 2668 his
3181 2622 3419 2684 quatuor

1833 2702 2071 2768 ﬁniatur,
2096 2704 2379 2760 brevitatis
2418 2720 2582 2760 causa
2613 2705 2902 2760 omittitur.
2935 2703 3302 2775 Incipiendum
3333 2715 3416 2760 est

1832 2792 1934 2847 hoc
1959 2794 2178 2863 gradalc
2205 2795 2256 2848 in
2302 2794 2342 2850 C
2379 2796 2550 2866 gravi,
2587 2805 2642 2850 et
2672 2796 3056 2851 modulandum
3094 2811 3193 2867 per
3229 2807 3415 2852 tonum

1832 2892 1880 2937 et
1931 2883 2315 2938 semiditonum
2364 2893 2419 2940 et
2463 2885 2792 2940 semitonum
2839 2895 2896 2940 et
2933 2887 3320 2941 semiditonum
3362 2896 3420 2941 ct

1834 2983 2016 3028 tonum
2048 2983 2101 3028 et
2133 2985 2314 3030 tonum
2343 2985 2398 3032 et
2427 2975 2812 3031 sciniditonum
2850 2985 2905 3031 et
2939 2977 3321 3033 semiditonum
3361 2987 3418 3030 et

1834 3073 2017 3120 tonum
2044 3074 2098 3120 el
2130 3074 2313 3121 tonum
2357 3074 2410 3121 et
2437 3075 2643 3133 tonum,
2674 3068 2886 3123 scilicet
2918 3068 3023 3124 ista
3069 3069 3173 3124 duo
3203 3069 3366 3124 verba
3399 3087 3411 3123 :

1832 3156 2034 3210 salvum
2061 3157 2146 3226 fac
2171 3167 2228 3212 et
2255 3159 2332 3214 sic
2352 3159 2708 3214 artiﬁcialiter
2739 3159 3054 3229 producitur
3081 3161 3149 3215 ad
3173 3160 3411 3215 ﬁnalem.

1904 3248 2165 3302 lntroitus
2208 3249 2348 3303 Deus
2378 3251 2433 3302 in
2463 3251 2812 3321 adjutoriunt.
2846 3250 2993 3306 Raro
3041 3252 3130 3308 hic
3159 3252 3433 3308 introitus.

1835 3337 1938 3391 rite
1968 3337 2200 3402 canitur,
2234 3339 2412 3394 ethoc
2443 3348 2663 3408 propter
2685 3340 2953 3395 diversam
2982 3341 3413 3407 inchoationem;

1833 3443 1959 3482 nam
1991 3427 2208 3496 quidam
2248 3429 2300 3483 in
2339 3429 2381 3484 G
2425 3431 2575 3499 gravi
2621 3431 2904 3497 inchoant,
2932 3441 2986 3486 et
3024 3433 3210 3488 statim
3241 3433 3294 3487 in
3329 3431 3415 3487 his

1835 3516 2190 3584 dictionibus,
2229 3517 2436 3574 scilicet
2468 3519 2692 3573 Domine
2720 3535 2842 3574 cum
2872 3521 3222 3591 sequentibus
3253 3537 3416 3577 enor-

1833 3608 1996 3660 miter
2036 3617 2255 3674 errant,
2299 3617 2355 3664 et
2395 3609 2625 3664 ﬁnaliter
2664 3611 2986 3680 perveniunt
3026 3613 3078 3664 in
3127 3613 3170 3665 D
3225 3627 3412 3681 grave,

1833 3701 1974 3769 quod
2010 3715 2116 3754 non
2161 3709 2246 3756 est
2295 3701 2454 3758 sedes
2497 3701 2721 3757 tetrardi
2760 3702 3030 3768 autbenti,
3072 3704 3224 3774 cujus
3271 3704 3412 3773 tropi

1833 3803 1916 3850 est
1956 3795 2131 3849 dictus
2175 3794 2450 3851 introitus.
2503 3795 2677 3850 Etiam
2717 3796 2936 3867 quidam
2988 3797 3244 3851 inchoant
3283 3798 3337 3851 in
3384 3815 3414 3854 c

1832 3899 2025 3957 acuto,
2075 3899 2129 3945 et
2168 3892 2248 3947 sic
2288 3901 2717 3963 prosequuntur,
2753 3899 2808 3947 et
2857 3900 2985 3947 tunc
3031 3892 3224 3947 ﬁniunt
3269 3894 3322 3948 in
3367 3891 3413 3948 G

1832 3985 2024 4054 gravi,
2074 3984 2168 4040 sed
2217 3999 2477 4055 perverse
2526 3985 2812 4056 incipiunt.
2862 3985 3033 4041 Utens
3091 3989 3418 4042 auctoritate

1830 4071 2054 4130 Joannis
2081 4075 2289 4145 Anglici
2309 4075 2540 4131 dicentis
2569 4093 2585 4128 :
2621 4094 2638 4127 ι
2664 4075 2798 4130 Tota
2823 4075 2907 4130 vis
2923 4084 3116 4130 cantus
3139 4077 3205 4130 ad
3225 4076 3413 4130 linales

1833 4165 2080 4235 respicit,
2128 4176 2183 4221 et
2222 4182 2543 4237 quocunque
2593 4169 2754 4222 modo
2791 4168 3064 4232 variatur,
3109 4183 3323 4239 semper
3361 4169 3419 4222 ci-

1832 4258 2024 4312 modus
2053 4258 2443 4330 adjudicandus
2467 4268 2572 4324 est,
2593 4259 2647 4313 in
2677 4259 2830 4330 cujus
2857 4258 3002 4313 ﬁnali
3030 4259 3322 4314 cessaverit
3349 4274 3363 4313 :
3388 4281 3407 4310 ι

1833 4346 1973 4401 unde
2012 4347 2186 4413 idem,
2219 4350 2708 4420 quomodoeunque
2745 4358 2938 4405 cantus
2981 4351 3054 4405 sit
3094 4349 3412 4405 falsiﬁcatus

1830 4438 1914 4492 vel
1942 4439 2392 4512 qualitercunque
2434 4443 2706 4509 variatus,
2739 4444 2805 4497 ad
2849 4458 3005 4497 suum
3041 4451 3251 4512 trepntn
3283 4457 3414 4497 con-

179 4531 270 4588 hoc
295 4537 442 4595 loco;
476 4541 888 4595 ,ηξεειοεεονάξαηι
911 4552 1079 4608 (nam,
1119 4549 1178 4596 ιιι
1220 4515 1515 4597 secundum
1553 4551 1726 4597 arte...
1758 4515 1806 4572 ο
1833 4532 2114 4586 venienter
2154 4535 2477 4600 reducatur;
2514 4535 2636 4590 dico
2670 4535 2874 4590 dictum
2917 4536 3196 4589 introitum
3231 4534 3430 4588 taliter»

179 4622 384 4692 dicatur,
435 4632 480 4686 si
531 4631 646 4686 hzec
676 4631 840 4685 dictio
881 4640 1027 4684 tuam
1077 4647 1264 4688 vocem
1314 4631 1530 4686 ﬁnalem
1569 4631 1729 4701 hujus

179 4710 408 4775 dictionis
436 4721 854 4776 miseriwrdiam
876 4721 1155 4792 repetierit
1198 4722 1563 4787 ascendendo,
1594 4723 1731 4776 irrc-

120 4880 127 4886 .
181 4804 412 4871 gulariter
438 4813 796 4879 terminatur,
825 4812 950 4880 quia
979 4813 1033 4866 in
1064 4811 1105 4868 (Ξ
1133 4814 1287 4884 gravi
1331 4813 1541 4884 primus
1569 4814 1730 4869 semi-

182 4895 363 4950 tonium
395 4902 730 4965 terminaret,
770 4901 911 4971 quod
943 4917 1047 4957 non
1077 4911 1162 4957 est
1187 4903 1344 4958 sedes
1370 4904 1510 4974 proti
1536 4903 1724 4972 plaga-

181 4981 254 5048 lis,
315 5004 430 5045 cum
467 5000 643 5046 tamen
685 4993 771 5048 hic
827 5002 1020 5049 cantus
1055 4994 1127 5049 sit
1176 4995 1399 5050 secundi
1447 4995 1610 5050 modi.
1662 4993 1729 5049 Ut

177 5084 341 5132 autem
379 5082 732 5137 artiﬁcialiter
773 5082 1067 5138 reducatur
1097 5084 1162 5138 ad
1209 5082 1423 5148 sedem,
1467 5081 1729 5153 incipien-

182 5162 268 5218 dus
294 5177 368 5221 est
393 5171 442 5224 in
481 5170 526 5226 G
561 5173 741 5242 gravi,
790 5181 847 5228 et
895 5172 1073 5228 ﬁnalis
1118 5189 1224 5228 vox
1264 5173 1428 5243 hujus
1471 5172 1743 5228 dictionis.

184 5253 564 5315 misericordiam
612 5263 716 5318 erit
770 5264 814 5317 D
866 5278 1068 5333 grave,
1122 5271 1179 5318 et
1231 5278 1464 5334 sequens
1515 5262 1724 5330 dictio,

185 5343 390 5414 scilicet,
430 5364 605 5419 tuam,
637 5354 942 5424 incipienda
989 5355 1098 5410 erit
1145 5357 1199 5410 in
1245 5355 1288 5409 D
1327 5356 1507 5426 gravi,
1547 5364 1604 5411 et
1652 5357 1728 5412 ita

187 5445 530 5510 Prosequendo
574 5448 860 5518 plagaliter
900 5448 953 5502 in
986 5447 1030 5502 E
1070 5448 1218 5520 gravi
1265 5447 1510 5516 ﬁnietur,
1554 5449 1728 5505 ﬁnalis

189 5535 296 5581 \ero
323 5546 415 5587 vox
460 5537 650 5592 harum
673 5537 1006 5596 dictionum:
1039 5549 1186 5595 tuum
1215 5549 1261 5596 et
1292 5538 1524 5596 arertisti
1549 5539 1726 5612 lungi-

251 5758 347 5833 t_36)
383 5765 489 5825 Non
518 5773 654 5826 deest
682 5773 732 5825 in
763 5773 884 5827 Mel.

1831 4619 2014 4674 reduci
2058 4636 2073 4674 :
2116 4621 2408 4691 lncipiatur
2469 4623 2522 4677 in
2552 4622 2597 4678 G
2644 4623 2816 4692 gravi,
2863 4631 2918 4677 et
2952 4623 3065 4677 haec
3110 4621 3276 4676 dictio
3304 4621 3414 4676 Do-

1830 4704 1969 4765 niinc
2017 4711 2308 4782 incipiatur
2350 4713 2403 4766 in
2447 4713 2489 4768 C
2518 4713 2706 4782 gravi,
2752 4721 2809 4768 et
2847 4721 3098 4768 cantetur
3145 4711 3413 4767 intensive

1829 4819 1926 4872 per
1972 4812 2157 4857 tonum
2187 4813 2244 4858 et
2272 4813 2480 4870 tonum,
2509 4815 2568 4860 et
2612 4806 2937 4860 semitonum
2971 4812 3026 4858 et
3060 4803 3408 4866 semitonum,

1829 4903 1884 4947 et
1925 4893 2039 4950 lucc
2079 4895 2244 4950 dictio
2271 4897 2341 4948 ad
2392 4897 2675 4952 inchoatur
2705 4897 2760 4950 in
2802 4895 2835 4951 d
2881 4903 3063 4958 acuto,
3093 4902 3148 4948 et
3176 4893 3290 4947 haec
3328 4892 3411 4946 di-

1829 4986 1938 5040 ctio
1969 4987 2339 5056 atljuvandttm-
2381 4988 2669 5043 inchoctur
2712 4988 2766 5042 in
2797 4987 2830 5043 d
2869 4995 3051 5052 acuto,
3082 4995 3140 5040 et
3167 4984 3408 5038 modulo.-

1832 5089 1919 5132 tur
1945 5093 2040 5149 per
2072 5077 2259 5134 tonum
2305 5088 2359 5134 et
2389 5089 2595 5146 tonum,
2625 5089 2680 5134 et
2727 5089 2913 5135 tonum
2958 5086 3010 5132 et
3057 5075 3406 5138 senti-tonum,

1829 5176 1884 5222 et
1912 5167 2295 5222 semiditonum
2320 5177 2375 5223 et
2400 5177 2623 5235 tonum;
2653 5176 2707 5223 et
2729 5169 2844 5223 haec
2881 5167 3048 5222 dictio
3073 5181 3155 5218 me
3193 5164 3348 5219 ﬁniat
3379 5182 3408 5217 e

1830 5265 2046 5334 acutum
2094 5257 2366 5315 visitando
2415 5259 2441 5313 l'
2487 5267 2746 5324 acutum,
2799 5267 2856 5313 et
2905 5258 2984 5313 sic
3034 5255 3406 5326 prosequendo

1830 5350 2215 5405 convenienter
2266 5351 2542 5406 reducitur
2586 5349 2653 5405 ad
2703 5365 2856 5406 suum
2908 5359 3152 5416 trepum,
3203 5345 3409 5401 scilicet

1831 5441 2130 5496 tetrardum
2157 5441 2499 5497 authentum.
2553 5457 2557 5460 ’

1902 5530 2224 5589 Communio
2269 5530 2461 5588 Passer
2505 5534 2714 5590 inrcnit.
2769 5532 3065 5587 Rarissime
3107 5530 3222 5586 haec
3263 5541 3405 5585 cout-
