3944 6382
513 401 620 465 459

1776 403 2098 462 GUIDONIS
2128 401 2406 460 ARETINI

3665 396 3774 464 διο

587 520 738 587 Quod
772 521 952 590 itaque
989 520 1126 588 tropi
1151 528 1410 575 vocantur
1433 529 1623 591 protus
1643 560 1658 583 ,
1684 520 1966 583 deuterus,
1997 519 2090 572 tri-
2120 503 2168 560 Α
2196 521 2514 577 cellentibus
2535 518 2848 575 exaltantur
2867 558 2881 581 ,
2909 513 3214 586 subiugales
3242 513 3293 567 in
3319 509 3576 584 gravibus
3607 508 3775 580 depo-

516 624 632 675 tus,
663 613 968 674 tetrardus,
1007 612 1060 666 id
1109 620 1196 667 est
1221 611 1461 680 primus,
1514 611 1815 678 secundus,
1859 609 2091 674 tertius,

515 713 741 772 quartus
763 745 775 765 ,
818 706 916 759 hoc
949 704 1009 758 ﬁt
1039 706 1304 767 positione
1333 705 1715 768 monochordi,
1759 719 1864 758 non
1895 717 1992 771 pro
2018 703 2097 755 di-

517 795 744 863 gnitate.
764 793 1003 863 Quisque
1020 795 1162 848 enim
1183 794 1396 849 illorum
1421 810 1516 864 per
1541 810 1600 848 se
1626 793 1972 848 authenticus
1989 801 2092 854 est,

517 883 572 938 id
597 892 682 938 est
715 884 1008 940 auctoralis
1035 885 1149 939 sive
1179 885 1456 957 magister.

588 977 672 1030 Ah
713 977 758 1029 Α
812 991 981 1046 usque
1014 977 1056 1030 Ι)
1091 992 1279 1032 omnes
1329 977 1665 1032 diatessaron
1719 990 1925 1046 spec'es
1969 989 2098 1029 con-

479 1074 498 1087 "
519 1079 806 1123 struuntur
853 1069 1201 1134 naturaliter,
1245 1071 1368 1140 quia
1405 1072 1454 1122 in
1496 1079 1692 1138 quarto
1717 1070 1892 1138 spatio
1932 1068 2099 1120 totius

523 1160 875 1214 monochordi
929 1161 1262 1215 diatessaron
1343 1163 1629 1229 reperitur.
1685 1161 1863 1214 Prima
1919 1170 2099 1214 autem

522 1248 858 1354 diatesseron
903 1249 1114 1320 species
1145 1261 1231 1306 est
1279 1251 1456 1320 preti,
1506 1252 1572 1306 ab
1600 1252 1646 1306 A
1688 1253 1740 1305 in
1776 1253 1814 1303 υ
1845 1259 2101 1354 censum:

529 1322 554 1407 ἶ
587 1370 614 1411 s
738 1356 985 1414 Secunda
1019 1365 1102 1414 est
1126 1355 1337 1413 deuteri
1366 1372 1397 1412 a
1425 1355 1466 1410 Β
1505 1357 1560 1412 in
1588 1356 1628 1410 E
1657 1366 1913 1412 constans
1938 1372 1965 1411 s
1993 1322 2023 1410 ἶ

525 1461 708 1516 Tertia
751 1470 835 1517 est
881 1462 994 1517 triti
1031 1479 1058 1516 a
1087 1463 1127 1518 C
1162 1463 1213 1516 in
1240 1463 1279 1517 F
1310 1430 1614 1518 constans:
1656 1430 1680 1516 ἶ
1713 1479 1758 1517 s.
1790 1463 1993 1529 Quarta
2023 1472 2108 1517 est

524 1553 837 1609 communis
885 1563 1044 1625 proto
1079 1565 1134 1612 et
1161 1553 1401 1611 tetrario
1427 1567 1687 1611 constans
1715 1555 1903 1610 eadem
1936 1554 2109 1609 ferina

531 1659 636 1706 qua
665 1643 840 1713 prima
863 1687 878 1712 ,
911 1655 1018 1700 uta
1049 1645 1093 1700 Ι)
1124 1647 1176 1700 in
1217 1646 1282 1702 ς.
1323 1646 1377 1701 Si
1405 1661 1470 1702 ea
1499 1655 1689 1717 protus
1719 1647 1891 1700 utitur
1919 1660 2108 1700 ascen-

526 1735 701 1791 dendo
723 1745 780 1792 ut
799 1746 884 1792 est
909 1755 922 1791 :
958 1736 1004 1789 F
1007 1755 1068 1791 ac
1087 1755 1312 1793 mecum.
1329 1738 1625 1794 Tetrardus
1639 1753 1769 1794 vero
1782 1738 2112 1794 descenden-

527 1827 629 1889 do,
677 1836 739 1880 ut
775 1835 864 1925 est
893 1845 906 1879 τ
939 1826 1090 1925 ραὺο
1135 1830 1192 1882 in
1232 1826 1361 1883 Sion
1391 1828 1587 1883 Juda'a
1617 1839 1664 1883 et
1699 1827 2018 1883 Jerusalem.
2050 1825 2108 1882 Si
2143 1865 2185 1925 Β

530 1933 693 1985 quium
740 1917 900 1972 aliam
927 1919 1265 1975 diatessaron
1294 1922 1529 1990 speciem
1561 1921 1863 1984 inveneris,
1892 1921 2017 1990 quia
2056 1920 2109 1976 in

531 2008 635 2065 hac
688 2008 922 2078 regulari
969 2010 1308 2066 institutione
1343 2012 1520 2066 locum
1575 2028 1678 2065 non
1720 2012 1918 2077 habet,
1949 2028 2110 2082 repu-

533 2112 733 2168 dianda
759 2124 874 2178 est,
899 2123 956 2170 ut
981 2124 1064 2172 est
1084 2116 1152 2171 ab
1179 2116 1222 2170 F
1249 2116 1302 2171 in
1333 2095 1377 2210 ﬁ
1404 2125 1661 2171 constans
1687 2084 1710 2170 ἵ
1743 2085 1764 2170 ἶ

754 2226 995 2291 Qualiter
1021 2227 1278 2294 diapason
1307 2227 1499 2297 species
1529 2237 1927 2281 construuntur.

607 2335 807 2392 Omnes
856 2339 1116 2408 diapason
1175 2340 1384 2409 species
1441 2340 1512 2393 ita
1539 2348 1963 2401 construuntur,
2006 2347 2118 2393 uta

536 2428 701 2496 priori
732 2429 989 2498 diapason
1021 2430 1320 2498 incipiant,
1350 2438 1404 2483 et
1435 2430 1486 2482 in
1520 2428 1806 2498 posteriori
1840 2429 2115 2495 desinant;

537 2521 661 2589 quia
705 2521 756 2574 in
789 2521 1026 2575 secundo
1073 2523 1238 2576 totius
1261 2521 1612 2576 monochordi
1641 2521 1816 2590 spatio
1861 2521 2117 2589 diapason

538 2613 827 2682 reperitur.
855 2613 1144 2668 Sciendum
1167 2623 1270 2677 est,
1301 2614 1441 2684 quod
1468 2614 1645 2668 omnis
1667 2612 1951 2667 cantilencc
1976 2611 2124 2682 loga.

539 2703 608 2757 iis
630 2718 887 2757 ascensus
940 2714 993 2757 et
1022 2703 1314 2759 descensus
1343 2719 1439 2773 per
1471 2703 1727 2773 diapason
1767 2701 2118 2757 construitur.

545 2795 728 2846 Prima
778 2804 958 2848 autem
1004 2795 1258 2864 diapason
1309 2793 1518 2864 species
1553 2792 1952 2862 estsubjugalis
1980 2792 2122 2862 proti

544 2881 614 2940 ab
641 2884 684 2938 Α
725 2885 775 2938 in
813 2900 842 2936 a
884 2887 1056 2940 media
1093 2887 1133 2939 l)
1183 2887 1417 2941 secunda
1448 2894 1532 2940 est
1572 2883 1864 2955 sulijugalis
1913 2885 2123 2940 deuteri

545 2995 576 3034 ε(
613 2977 653 3032 Β
686 2982 738 3032 in
769 2964 845 3072 ὴ,
876 2979 1050 3033 media
1081 2977 1144 3032 E.
1198 2977 1385 3032 'l'ertia
1425 2985 1508 3030 est
1542 2975 1841 3046 sulijugalis
1871 2976 1986 3030 triti
2028 2992 2056 3029 a
2083 2975 2125 3030 ϐ

547 3074 600 3125 in
629 3087 660 3125 c
698 3065 874 3126 media
900 3069 963 3124 F.
989 3067 1189 3136 Quarta
1213 3076 1295 3122 est
1327 3065 1629 3121 communis
1651 3066 1791 3136 proti
1822 3075 1878 3120 et
1899 3067 2125 3121 tetrardi

547 3161 838 3232 subjugalis
868 3177 896 3214 a
937 3160 976 3214 D
1007 3161 1056 3214 in
1090 3159 1122 3213 (1
1156 3157 1328 3213 media
1363 3156 1429 3212 ὃ.
1466 3155 1564 3211 llic
1583 3165 1668 3211 est
1699 3156 1973 3227 legitimus
2003 3158 2131 3211 sub-

541 3252 803 3326 jugaiium
829 3268 1088 3309 ascensus
1109 3260 1159 3306 et
1183 3251 1498 3305 descensus.

620 3364 752 3420 item
803 3366 869 3419 ad
925 3378 1209 3420 ascensum
1232 3371 1287 3417 et
1316 3362 1638 3418 descensum
1694 3362 2132 3417 authenticorum

552 3467 790 3528 quatuor
825 3456 1081 3526 diapason
1111 3454 1321 3524 species
1343 3465 1724 3510 numerantur.
1755 3453 1814 3509 Si
1857 3454 1922 3508 de
1959 3453 2134 3522 prima

554 3548 757 3604 dictum
787 3557 896 3612 est,
927 3546 1068 3616 quod
1089 3554 1281 3616 quarta
1306 3546 1396 3609 sit,
1423 3555 1684 3616 quantum
1707 3543 1776 3598 ad
1799 3543 2135 3615 subjugalcm

551 3641 814 3707 tetrardi,
877 3641 1052 3709 prima
1095 3647 1361 3709 quantum
1411 3638 1478 3692 ad
1524 3638 2135 3709 protumautbenticum

555 3732 671 3786 haec
695 3741 778 3786 est
813 3748 843 3785 a
885 3731 927 3785 D
956 3731 1009 3784 in
1038 3731 1069 3784 d
1111 3731 1286 3785 media
1319 3745 1372 3784 a.
1405 3728 1655 3784 Secunda
1684 3737 1768 3784 est
1799 3728 2010 3783 deuteri
2042 3742 2138 3781 au-

558 3823 782 3879 tliCllliCl
811 3825 879 3880 ab
907 3823 949 3878 E
981 3823 1032 3878 in
1076 3837 1107 3877 e
1136 3821 1312 3877 media
1342 3824 1405 3889 la.
1439 3819 1624 3875 Tertia
1649 3827 1736 3873 est
1765 3819 1877 3872 triti
1906 3818 2138 3872 authen-

561 3918 674 3984 tici,
703 3932 734 3970 a
763 3917 804 3972 F
832 3917 884 3972 ia
912 3915 939 3971 ἰ
961 3917 1136 3972 media
1177 3932 1224 3970 c.
1251 3914 1454 3981 Quarta
1479 3922 1563 3968 est
1588 3912 1813 3968 tetrardi
1838 3910 2138 3965 authentici

561 4026 591 4063 a
619 4007 664 4064 (ἶ
696 4009 747 4061 ἰη
775 4024 807 4078 g
847 4008 1025 4062 media
1067 4006 1120 4062 d.
1155 4005 1253 4061 llic
1291 4013 1374 4060 est
1401 4005 1668 4075 legitimus
1708 4002 2140 4058 authenticormn

562 4113 822 4155 ascensus
852 4107 907 4153 et
939 4099 1255 4153 descensus.
1285 4095 1634 4165 lleliquarum
1659 4094 1711 4150 in
1733 4093 1996 4149 utramvis
2021 4109 2144 4165 par-

563 4201 672 4247 tem
700 4206 892 4246 vocum
926 4187 1256 4260 adjectiones
1291 4186 1507 4242 licentia
1530 4185 1613 4240 vel
1643 4183 1965 4242 auctoritate
1988 4184 2138 4238 ﬁunt.

635 4282 752 4336 Duo
785 4287 910 4334 sunt
957 4279 1235 4348 diapason.
1283 4276 1341 4331 in
1371 4284 1599 4345 utroque
1625 4277 1814 4330 horum
1839 4277 2015 4332 omnis
2039 4283 2146 4326 tro-

568 4389 670 4446 pus
693 4373 828 4428 duas
866 4373 1029 4428 habet
1060 4373 1292 4426 litteras.
1324 4370 1520 4424 Protus
1544 4370 1595 4423 in
1628 4368 1793 4439 priori
1827 4369 1991 4422 habet
2030 4366 2072 4419 Λ
2106 4364 2146 4417 D

552 4460 620 4519 in
679 4465 916 4520 secundo
962 4482 991 4519 a
1035 4465 1088 4516 d.
1126 4463 1391 4518 Deutcrus
1437 4462 1489 4516 in
1530 4461 1695 4531 priori
1736 4460 1898 4514 habet
1932 4458 1972 4510 Β
2005 4457 2046 4510 Ε
2093 4456 2145 4509 in

2195 622 2428 675 nuntur,
2462 613 2514 666 in
2559 611 2808 667 ﬁnalibus
2833 611 3138 665 mediantur
3159 649 3174 671 ,
3201 617 3256 662 et
3287 605 3683 669 terminantur,
3720 603 3774 657 in

2197 707 2564 776 superioribus
2582 705 2910 760 exaltantur.

2267 799 2462 853 Protus
2515 797 2566 852 in
2599 796 2911 851 authentica
2950 794 3162 850 ratione
3204 801 3460 846 constans
3503 804 3533 842 a
3571 786 3615 842 ο
3661 786 3718 842 in
3746 785 3781 840 d

2200 893 2364 948 habet
2411 892 2646 947 mediam
2688 906 2740 944 a.
2787 891 3052 945 Deutcrus
3105 887 3160 941 in
3208 883 3521 938 authentica
3570 879 3782 934 ratione

2200 993 2456 1040 constans
2506 984 2576 1038 ab
2606 984 2647 1037 E
2685 984 2738 1037 in
2783 997 2814 1034 e
2837 983 2999 1036 habet
3027 979 3255 1033 mediam
3285 974 3348 1046 η.
3381 973 3568 1028 Tritus
3599 972 3655 1026 in
3689 985 3786 1023 auo

2204 1080 2438 1130 tnentica
2471 1076 2678 1128 ratione
2705 1082 2963 1128 constans
2991 1072 3059 1124 ab
3089 1069 3127 1124 F
3153 1070 3204 1124 in
3228 1069 3253 1122 f
3279 1069 3439 1122 habet
3463 1064 3701 1118 mediam
3721 1059 3782 1117 C.

2203 1167 2497 1222 Tetrardus
2537 1166 2588 1219 in
2632 1164 2940 1218 authentico
2989 1162 3198 1215 ratione
3235 1166 3495 1214 constans
3531 1169 3564 1209 a
3598 1153 3648 1210 G
3671 1153 3724 1209 in
3752 1165 3787 1222 ε

2207 1258 2369 1312 habet
2399 1256 2632 1311 mediam
2666 1255 2719 1308 d.
2746 1254 2801 1308 In
2831 1250 3197 1323 subjugalibus
3222 1247 3538 1304 medietates
3560 1254 3619 1302 et
3655 1245 3789 1299 ﬁnes

2204 1362 2370 1401 unum
2401 1353 2544 1399 sunt.

2276 1439 2332 1494 In
2359 1435 2686 1492 authenticis
2714 1433 3032 1488 medietates
3052 1439 3107 1487 et
3133 1429 3445 1484 sa'culorum
3467 1442 3624 1481 amen
3651 1425 3790 1481 idem

2207 1539 2352 1586 sunt.
2385 1528 2580 1583 Protus
2612 1525 2986 1582 indiﬁ‘erenter
3031 1531 3288 1580 constans
3308 1523 3374 1575 ab
3406 1521 3446 1575 A
3479 1520 3535 1574 in
3565 1518 3600 1572 d
3628 1518 3794 1573 habet

2208 1624 2343 1677 duas
2371 1620 2578 1675 medias
2611 1621 2644 1674 d
2666 1626 2720 1673 et
2748 1633 2800 1672 a.
2828 1616 3102 1671 Deuturus
3137 1610 3510 1668 indiﬂ‘erenter
3537 1615 3792 1662 constans

2209 1728 2240 1768 a
2262 1713 2303 1767 Β
2331 1713 2384 1767 in
2416 1727 2448 1767 e
2473 1711 2634 1770 habet
2653 1709 2788 1763 duas
2811 1707 3014 1761 medias
3036 1705 3079 1759 E
3101 1716 3154 1758 et
3173 1706 3237 1778 η.
3263 1701 3446 1756 Tritus
3476 1696 3792 1753 inditl'ereno

2213 1815 2295 1862 ter
2316 1813 2572 1862 constans
2599 1819 2630 1857 a
2656 1802 2698 1858 C
2724 1803 2776 1855 in
2809 1799 2849 1855 F
2883 1799 3046 1853 habet
3065 1797 3197 1851 duas
3227 1792 3430 1849 medias
3463 1790 3507 1844 F‘
3538 1799 3593 1844 et
3624 1803 3675 1842 c.
3701 1787 3798 1840 Teo

2216 1897 2432 1953 trardus
2480 1891 2852 1950 indill‘erenter
2897 1897 3153 1943 constans
3180 1903 3209 1940 a
3241 1886 3284 1939 Ι)
3312 1885 3363 1938 ἰη
3397 1899 3430 1953 g
3460 1881 3635 1936 habet
3669 1877 3797 1932 duas

2214 1989 2422 2045 medias
2455 1985 2499 2042 G
2535 1994 2590 2040 et
2619 1979 3026 2052 d.'Suhjugales
3054 1993 3084 2032 a
3113 1976 3369 2048 gravibus
3398 1989 3497 2043 per
3538 1969 3728 2024 ﬁnales
3747 1968 3798 2021 in

2215 2080 2524 2150 superiores
2555 2075 2879 2133 ascendunt.
2914 2070 3223 2127 Autheutici
3257 2087 3286 2122 a
3311 2066 3562 2122 ﬁnalibus
3597 2077 3698 2132 per
3722 2075 3801 2115 suo

2215 2149 2458 2243 periores
2493 2173 2545 2225 in
2589 2167 2924 2225 excellentes
2989 2163 3277 2220 scandunt.
3316 2155 3646 2227 Suhjugales
3688 2149 3801 2208 dia-

2219 2274 2462 2318 tessaron
2514 2258 2686 2323 inl‘ra,
2737 2257 2991 2324 diapente
3039 2265 3238 2321 supra,
3284 2243 3585 2301 authentici
3628 2247 3800 2295 autem

2219 2359 2469 2426 diapente
2502 2354 2662 2416 infra,
2696 2353 3034 2407 diatessaron
3070 2347 3273 2402 habent
3298 2358 3484 2413 supra.

2531 2445 2608 2500 De
2629 2444 2894 2514 agnitione
2923 2449 3150 2509 quatuor
3177 2437 3475 2491 oraclorum.

2292 2540 2508 2595 Primus
2529 2536 2718 2590 modus
2742 2546 2933 2587 vocum
2957 2530 3036 2593 ﬁt,
3058 2528 3367 2596 ubicunque
3386 2538 3492 2576 vox
3515 2529 3652 2575 tono
3665 2529 3802 2590 potes

2224 2633 2296 2687 rit
2318 2629 2541 2691 remitti,
2558 2637 2610 2680 et
2637 2626 2808 2696 prima
2828 2622 3010 2693 specie
3023 2621 3274 2690 diapente
3292 2614 3518 2678 intendi,
3537 2620 3601 2666 ut
3626 2613 3681 2666 in
3697 2612 3737 2664 A
3754 2618 3805 2663 et

2225 2724 2290 2789 Ι),
2328 2736 2357 2774 a
2385 2729 2439 2774 et
2467 2720 2498 2773 d
2545 2715 2932 2787 principalibus
2973 2711 3191 2767 chordis
3219 2709 3359 2779 proti
3399 2705 3543 2760 valet
3563 2703 3801 2776 agnosci,

2225 2821 2285 2868 ut
2333 2812 2447 2866 lucc
2485 2809 2678 2878 prohat
2703 2806 3014 2876 .antiphona
3062 2801 3336 2872 Propheta:
3370 2797 3801 2869 pra'dicauennt.

2229 2901 2537 2959 Secundum
2585 2899 2802 2952 modum
2844 2911 2947 2949 vox
2985 2895 3172 2948 ditono
3212 2891 3460 2952 remissa,
3488 2884 3802 2942 etsecunda

2227 2995 2409 3065 specie
2437 2993 2774 3048 diatessaron
2814 2988 3022 3041 intensa
3048 2983 3259 3054 pandit.
3294 2981 3383 3052 qui
3417 2979 3477 3033 ﬁt
3503 2979 3557 3033 in
3588 2977 3634 3030 Β
3667 2985 3721 3030 et
3749 2975 3802 3034 Ε,

2230 3077 2352 3173 ﬂet
2378 3102 2410 3141 e
2434 3082 2827 3156 principalibus
2856 3079 3076 3173 chordis
3097 3077 3326 3138 deuteri,
3359 3068 3807 3173 [iuncoplagali'ter

2234 3157 2348 3233 haec
2376 3175 2564 3246 pandit
2591 3172 2880 3242 antiphona
2920 3167 3102 3224 Gloria
3127 3167 3238 3220 Ita'c
3261 3173 3355 3218 est.
3382 3162 3606 3216 Tertius
3629 3157 3808 3214 modus

2185 3255 2202 3278 ³
2239 3268 2396 3323 tertia
2427 3264 2606 3335 specie
2627 3263 2961 3317 diatessaron
2992 3255 3304 3318 remittitur,
3344 3262 3399 3306 et
3421 3252 3616 3306 ditono
3649 3249 3809 3304 inten-

2237 3360 2405 3422 ditur,
2435 3358 2576 3413 sicut
2604 3354 2715 3408 triti
2762 3349 3026 3422 speciales
3061 3348 3279 3402 chordze
3315 3345 3357 3400 C
3382 3344 3420 3400 Ρ
3451 3361 3480 3398 c
3508 3353 3564 3397 et
3592 3342 3619 3395 ἰ
3641 3341 3810 3397 decla-

2239 3453 2469 3508 clarant.
2523 3446 2694 3516 Hujus
2737 3443 2881 3499 modi
2934 3440 3192 3496 indicium
3241 3438 3418 3493 estin
3470 3437 3575 3490 hac
3625 3430 3808 3504 plagali

2238 3540 2534 3609 antipbona
2576 3554 2590 3589 :
2644 3534 2914 3589 Modicum
2972 3541 3020 3586 et
3083 3546 3187 3583 non
3251 3526 3510 3582 ridebitis.
3557 3523 3810 3591 Quartqu

2240 3631 2458 3688 modum
2511 3641 2704 3683 vocum
2764 3634 2890 3680 tono
2945 3622 3237 3682 intensum,
3291 3626 3347 3673 et
3394 3623 3594 3687 quarta
3644 3611 3812 3684 specie

2239 3723 2493 3793 diapente
2541 3717 2828 3774 remissum
2881 3713 3120 3769 tetrardo
3167 3718 3416 3779 aptamus
3447 3722 3461 3762 :
3495 3707 3629 3776 quia
3659 3704 3810 3775 ipsius

2243 3811 2572 3885 principales
2611 3809 2829 3864 chordae.
2870 3805 2912 3860 ι)
2948 3813 3005 3859 et
3036 3803 3078 3858 ϐ
3108 3803 3140 3856 d
3170 3811 3223 3856 et
3249 3818 3283 3872 ε
3320 3799 3468 3854 illum
3506 3797 3811 3855 coniiciunt.

2244 3906 2336 3977 qui
2369 3903 2560 3958 modus
2591 3909 2647 3956 et
2673 3896 2986 3953 authentice
3013 3903 3069 3950 et
3100 3892 3382 3963 plagaliter
3402 3889 3741 3959 dignoscitur
3765 3887 3811 3940 in

2243 3997 2555 4066 Antiphona
2575 4009 2590 4047 :
2615 3991 2672 4047 Si
2697 4007 2812 4046 vere
2825 3989 3039 4059 fratres.
3072 3985 3231 4041 Multi
3246 3984 3484 4040 veniunt.
3515 3979 3812 4038 Notandum

2246 4097 2354 4155 est,
2383 4087 2526 4157 quod
2554 4100 2675 4140 cum
2711 4083 2942 4153 quisque
2973 4089 3250 4150 troporum
3283 4077 3335 4130 in
3362 4074 3582 4146 propria
3627 4070 3816 4129 chorda

2247 4181 2560 4236 stt'culorum
2590 4193 2743 4231 auten
2781 4173 3000 4238 habeat,
3048 4179 3238 4242 utpote
3277 4177 3464 4239 protus
3495 4169 3547 4222 in
3590 4181 3623 4221 τι
3671 4165 3816 4220 tritus

2251 4273 2303 4327 in
2336 4287 2367 4327 c
2403 4269 2672 4326 tetrardus
2700 4267 2754 4322 in
2789 4264 2822 4319 d
2861 4263 3010 4323 solus
3053 4261 3312 4316 deuterus
3337 4257 3654 4313 saeculorum
3681 4269 3817 4310 amen

2249 4373 2470 4434 propter
2497 4355 2962 4429 imperl’ectionem
2984 4351 3258 4409 semitonii
3282 4369 3310 4404 κ
3336 4333 3378 4444 ὴ
3407 4348 3668 4405 transfert
3696 4347 3746 4402 in
3771 4358 3816 4398 c.

2253 4456 2442 4511 Nullus
2465 4464 2646 4508 autem
2675 4449 2974 4521 snbjugalis
3003 4463 3126 4503 cum
3150 4461 3249 4502 suo
3274 4439 3533 4514 magistro
3562 4442 3617 4496 in
3648 4439 3816 4495 eadem

569 4556 809 4613 secundo
835 4557 901 4627 ῃ,
931 4572 979 4612 e.
1010 4556 1196 4611 Tritus
1221 4556 1272 4610 in
1296 4554 1464 4624 priori
1493 4552 1652 4608 habet
1676 4551 1717 4606 C
1747 4551 1785 4603 F
1822 4551 1872 4603 in
1911 4549 2148 4603 secundo
2179 4559 2225 4616 ι)
2255 4548 2432 4602 littera
2451 4544 2765 4600 sa‘culorum
2791 4559 2944 4596 amen
2966 4539 3216 4605 collocat,
3234 4537 3326 4592 sed
3349 4549 3565 4605 semper
3585 4531 3816 4591 inferius.

569 4668 600 4705 (ι
636 4649 659 4704 i‘
696 4649 966 4704 tetrardus
1022 4649 1074 4702 in
1125 4646 1294 4718 priori
1340 4645 1503 4701 habet
1553 4644 1595 4700 D
1631 4652 1684 4698 ct
1718 4641 1758 4697 Ο
1804 4643 1858 4696 in
1913 4639 2151 4695 secundo

567 4742 683 4797 det
709 4758 762 4812 g.

642 4830 960 4902 Subjugales
997 4830 1048 4884 iu
1099 4828 1353 4898 gravibus
1409 4824 1786 4896 priacipantur
1812 4863 1826 4887 ,
1863 4823 1932 4875 ab
1973 4818 2151 4875 excrl.

571 4923 809 4978 lentibus
853 4919 1242 4984 excluduntur,
1301 4918 1356 4972 in
1402 4916 1652 4972 ﬁnalibus
1693 4924 1746 4968 et
1785 4913 2156 4983 superioribus

572 5013 995 5068 communicant.
1037 5011 1247 5068 Graves
1280 5019 1336 5064 et
1357 5010 1664 5079 superiores
1710 5005 2065 5076 subjugalium
2098 5005 2157 5058 ﬁ—

573 5105 724 5159 nalcs
749 5114 802 5159 ct
826 5103 1154 5159 excellentes
1185 5102 1386 5156 limites
1412 5109 1540 5155 sunt
1569 5099 2026 5154 authenticorum.
2055 5094 2157 5150 Te-

573 5197 926 5253 trachordum
959 5196 1199 5268 gravium
1229 5204 1313 5250 est
1342 5193 1698 5265 gravissimus
1723 5190 2006 5246 cantilena:
2038 5189 2160 5243 des-

571 5305 790 5345 census.
831 5289 1262 5344 Tetraciiordum
1296 5286 1534 5341 ﬁualium
1564 5294 1651 5339 est
1681 5281 1928 5338 melodiae
1959 5277 2155 5336 exitus.

575 5380 1007 5438 Tetrachordum
1039 5379 1377 5448 superiorum
1406 5378 1499 5433 dat
1524 5376 1677 5430 initia
1708 5372 2157 5437 diﬁerentiarum,

579 5474 738 5529 idest
766 5472 1080 5526 meatorum
1128 5485 1310 5533 amen,
1359 5468 1629 5538 excipitur
1653 5467 1970 5520 satculorum
2009 5478 2159 5515 amen

577 5562 800 5618 secundi
830 5563 962 5616 toni.
993 5561 1420 5617 Tetrachordum
1443 5557 1819 5615 excellentium
1848 5566 1936 5611 est
1963 5553 2164 5608 altissi-

571 5659 700 5711 lInus
730 5653 1012 5708 cantilena:
1034 5667 1308 5709 ascensus.

651 5745 966 5801 Authentici
985 5745 1311 5814 inzﬁnalibus
1334 5745 1711 5800 terminantur.
1732 5744 1784 5796 in
1797 5739 2166 5809 superioribus

582 5837 910 5906 mediantur,
941 5846 995 5896 et
1019 5852 1114 5907 per
1135 5837 1451 5897 strculorum
1475 5852 1624 5894 unica
1654 5835 1964 5901 initiantur,
1996 5835 2046 5888 in
2074 5848 2168 5890 ex—

2258 4650 2446 4711 utpote
2476 4647 2666 4710 protus
2706 4638 2760 4691 in
2797 4650 2827 4689 a
2861 4634 2972 4689 sola
3014 4629 3130 4700 eius
3169 4630 3327 4702 plaga
3359 4629 3413 4682 in
3445 4624 3470 4680 ί
3498 4629 3747 4681 deuterus
3769 4620 3818 4675 in

2255 4749 2288 4788 c
2313 4731 2468 4802 plaga
2491 4728 2606 4798 ejus
2643 4727 2696 4781 in
2727 4743 2757 4780 a
2803 4725 2964 4779 tritus
2995 4723 3048 4777 in
3074 4738 3103 4776 c
3129 4720 3286 4791 plaga
3315 4716 3432 4786 ejus
3471 4717 3525 4772 in
3563 4729 3596 4769 a
3641 4719 3818 4768 tetrar-

2258 4833 2360 4879 dus
2391 4822 2539 4877 solus
2567 4820 2600 4874 d
2623 4819 2776 4890 plaga
2805 4817 2922 4886 ejus
2950 4816 3002 4869 in
3030 4830 3081 4868 (ε.

2329 4914 2602 4982 Quaeritur
2632 4911 2699 4966 de
2739 4907 2921 4977 specie
2966 4906 3248 4976 diapason,
3298 4915 3417 4971 qua:
3442 4907 3531 4954 est
3563 4912 3594 4950 a
3623 4897 3666 4950 ι)
3703 4894 3752 4948 in
3790 4891 3819 4943 (1

2258 5023 2380 5063 cum
2413 5006 2482 5060 sit
2506 5015 2610 5058 tam
2636 5009 2813 5071 proto,
2850 5013 3011 5068 quam
3049 4995 3290 5050 tetrardo
3321 4988 3645 5052 communis,
3669 4995 3821 5054 quare

2261 5117 2366 5155 non
2399 5111 2586 5160 unum,
2611 5092 2703 5150 sed
2735 5093 2870 5148 duos
2900 5090 3088 5144 modos
3121 5087 3342 5141 efﬁciat.
3369 5082 3524 5152 Quod
3561 5081 3637 5134 ita
3676 5073 3821 5130 solvi-

2263 5199 2368 5253 tur,
2396 5196 2585 5257 protus
2609 5186 2772 5240 habet
2803 5182 2964 5236 ﬁnem
2997 5182 3050 5234 in
3081 5179 3122 5231 D
3165 5177 3397 5232 mediam
3438 5169 3819 5229 distinctionem

2265 5283 2317 5336 in
2351 5295 2381 5333 a
2419 5277 2639 5332 tetrardi
2671 5273 2979 5344 subiugales
3010 5273 3175 5326 habet
3208 5279 3318 5322 tam
3355 5267 3514 5320 ﬁnem
3542 5276 3699 5334 quam
3725 5270 3823 5312 me-

2263 5370 2405 5423 diam
2453 5364 2854 5421 distinctionem
2917 5363 2970 5417 in
3017 5361 3061 5415 G
3111 5367 3302 5432 protus
3345 5371 3475 5412 vero
3519 5365 3735 5408 versans
3771 5347 3817 5400 in

2264 5457 2824 5520 subdistinctionibus,
2851 5455 3151 5523 mediisque
3177 5447 3632 5510 distinctionibus,
3654 5450 3706 5497 et
3729 5438 3819 5494 line

2252 5552 2410 5606 circa
2448 5566 2473 5601 a
2515 5549 2598 5601 vel
2645 5547 2686 5602 D
2726 5547 3001 5617 propriam
3032 5558 3248 5614 quoque
3291 5541 3626 5596 diatessaron
3649 5542 3703 5589 et
3725 5530 3821 5617 diaf

2266 5650 2427 5713 pentc
2451 5641 2686 5711 speciem
2713 5616 3050 5708 frequentat;
3079 5633 3379 5702 subjugalis
3409 5639 3586 5685 autem
3620 5616 3815 5679 tetrardi
3871 5631 3876 5634 '

2267 5738 2376 5792 suis
2397 5749 2612 5806 quoque
2635 5734 2918 5804 speciebus
2945 5733 3184 5786 intentus
3206 5743 3303 5798 per
3329 5726 3468 5790 cola,
3496 5731 3550 5777 et
3574 5720 3814 5806 wmmala

2271 5828 2504 5892 maxime
2527 5804 2684 5881 "circa
2736 5824 2780 5882 (ἦ
2826 5837 3084 5888 versans,
3119 5820 3364 5898 diversos
3397 5813 3618 5872 omnino
3651 5804 3815 5865 modo!
