3944 6388
252 405 364 470 tu.

1044 404 1378 474 QUOMODO
1417 408 1506 464 DE
1538 405 2011 465 ARITHMETICA
2049 403 2390 463 PROCEDIT
2423 405 2716 465 'MUSICA.

3422 413 3528 470 ΗΞ

249 517 519 582 efﬁciunt,
550 526 739 590 protus
784 517 982 588 saepius
1011 519 1368 589 intendendo,
1403 523 1675 579 tctrardus
1718 539 1846 579 vero
1873 542 1920 599 Α
1950 522 2395 581 se-semiditonus
2420 533 2520 586 est,
2555 534 2650 580 aut
2677 525 2914 580 ditonus.
2953 524 3143 582 Omnis
3166 543 3265 582 vox
3281 531 3347 586 ad
3363 549 3528 603 quar-

252 610 451 680 saepius
481 609 829 666 remittendo.

324 699 452 754 Sola
483 699 665 755 littera
701 700 746 755 D
786 702 840 755 in
879 701 1247 758 monochordo
1278 704 1363 760 bis
1394 704 1712 775 principalis
1731 714 1837 774 est,

249 801 340 846 est
367 793 516 847 enim
544 794 684 863 proti
701 794 887 848 eadem
906 796 1438 867 principalis.'lpsius
1470 799 1614 854 enim
1639 800 1839 855 diates-

247 900 420 940 saron
457 900 489 939 a
516 895 570 940 et
611 885 646 940 d
685 887 1173 943 circumscribitur.
1235 891 1326 946 Est
1367 891 1530 948 etiam
1569 895 1757 949 eadem
1793 895 1836 948 D

244 976 499 1046 ejusdem
527 978 669 1048 proti
702 979 990 1035 cantilenae
1020 981 1214 1037 linalis.
1245 983 1450 1039 Littera
1482 986 1593 1054 ipsa
1623 986 1656 1040 d
1688 988 1865 1072 prin;

242 1067 441 1136 cipalis
467 1077 550 1122 est
600 1070 846 1124 tetrardi.
879 1071 983 1125 Per
1027 1071 1194 1140 ipsam
1229 1075 1374 1128 enim
1403 1086 1459 1130 ct
1499 1091 1598 1145 per
1627 1079 1838 1147 specia-

243 1157 354 1211 lem
388 1173 542 1213 suam
585 1175 618 1229 g
655 1157 770 1227 ejus
796 1160 1132 1218 diatesseron
1170 1165 1654 1222 circumscribitur.
1685 1167 1837 1223 Unde

239 1247 442 1315 eadem
468 1259 664 1318 quarta
693 1251 1031 1308 diatessaron
1075 1255 1291 1325 species
1322 1258 1466 1327 preti
1495 1268 1581 1314 est
1628 1268 1834 1314 tantum

241 1337 302 1391 in
332 1336 530 1404 forma,
555 1341 772 1410 propria
803 1351 986 1398 autem
1019 1347 1268 1412 tetrardi,
1299 1348 1427 1419 quia
1471 1349 1590 1420 ejus
1635 1350 1838 1421 princi-

240 1427 464 1497 palibus
510 1431 730 1488 chordis
784 1433 818 1488 d
860 1443 913 1490 et
957 1450 992 1505 ε
1030 1437 1320 1497 clauditur.
1388 1441 1486 1498 Est
1531 1444 1838 1500 communis

238 1519 442 1574 eadem
465 1522 528 1585 ι),
551 1522 678 1592 quia
700 1534 782 1579 est
806 1526 994 1582 ultima
1019 1529 1266 1596 gravium
1293 1541 1349 1587 et
1371 1535 1545 1603 prima
1570 1534 1832 1589 linalium.

240 1609 346 1664 Est
387 1621 444 1665 et
472 1613 599 1668 linis
639 1617 816 1686 proli,
860 1627 917 1672 et
960 1621 1314 1691 gravissimus
1370 1626 1594 1680 tetrardi
1640 1625 1684 1679 D
1740 1643 1838 1696 per

237 1701 586 1759 diatessaron
610 1705 924 1765 descensus.
954 1710 1158 1767 Littera
1183 1716 1434 1784 superius
1471 1717 1504 1772 d
1536 1719 1836 1774 altissimus

235 1802 327 1846 est
379 1795 526 1862 proti
555 1811 835 1876 ascensus
864 1816 928 1857 ac
971 1805 1193 1860 tetrardi
1224 1807 1538 1862 sa’culorum
1581 1827 1755 1876 amen,
1783 1819 1836 1865 ct

248 1884 443 1940 ultima
473 1896 556 1943 est
581 1893 947 1960 superiorum,
972 1906 1028 1952 et
1048 1900 1218 1969 prima
1248 1900 1649 1957 excellentium.

223 1987 230 2014 ι
312 1977 507 2036 Omnis
548 1997 647 2038 vox
698 1985 766 2039 ad
809 1987 910 2042 sibi
961 1989 1196 2045 vicinam
1235 1993 1492 2062 ctjusum
1523 1995 1608 2050 vel
1639 2010 1824 2050 susum

232 2071 594 2130 scmitonium
631 2085 715 2132 est
738 2087 830 2133 aut
867 2088 1048 2148 tonus,
1075 2084 1254 2139 omnis
1289 2101 1387 2140 vox
1429 2086 1498 2140 ad
1549 2087 1764 2141 tertiam
1794 2104 1824 2141 a

1942 627 2051 670 tam
2078 632 2107 670 a
2135 631 2217 680 se,
2256 616 2592 672 diatessaron
2613 627 2714 683 est,
2748 617 2987 688 exceptis
3013 618 3051 671 Ρ
3078 629 3130 674 et
3165 620 3212 688 ﬂ
3239 623 3523 690 quadrato.

1940 708 2128 764 Omnis
2157 724 2256 762 vox
2289 708 2353 762 ad
2405 709 2650 778 quintam
2679 724 2708 763 a
2737 724 2798 764 se
2845 709 3098 779 diapente
3123 722 3227 778 est,
3278 717 3525 785 exet-ptis

1941 799 2324 855 Bethctf.

2012 890 2201 948 Omnis
2227 900 2423 945 cantus
2454 907 2559 946 una
2592 890 2676 947 vel
2708 891 2917 949 duabus
2942 893 3165 949 vocibus
3213 894 3352 949 infra
3394 896 3528 951 {ina-

1940 982 2043 1038 lem
2075 983 2410 1037 descendens
2445 991 2500 1037 et
2538 997 2702 1054 super
2736 985 2986 1054 diapente
3011 985 3246 1055 aliquam
3289 986 3370 1040 vel
3409 1004 3524 1042 om-

1941 1089 2036 1128 nes
2065 1089 2190 1128 snas
2218 1090 2380 1130 voces
2409 1074 2453 1128 si
2490 1073 2748 1144 attigerit,
2797 1075 3093 1129 authentici
3145 1077 3268 1130 erit.
3322 1075 3512 1133 Omnis

1939 1174 2150 1223 cantus,
2193 1164 2282 1234 qui
2332 1181 2404 1217 tv.
2461 1165 2573 1218 sive
2621 1179 2651 1217 ν
2702 1164 2923 1218 vocibus
2979 1164 3118 1218 infra
3171 1165 3384 1220 finalem
3426 1165 3521 1222 de-

1938 1256 2302 1320 scenderit,et
2326 1255 2459 1310 nihil
2489 1269 2654 1325 super
2679 1255 2929 1325 diapente
2957 1255 3223 1326 tetigerit,
3257 1253 3540 1326 subiuga-:-

1938 1349 2005 1404 lis
2030 1350 2154 1402 erit.
2178 1348 2367 1404 Omnis
2396 1357 2612 1414 cantus,
2661 1347 2751 1417 qui
2809 1347 2968 1416 plene
3009 1346 3273 1417 plagalem
3304 1348 3522 1418 deposi-

1945 1439 2144 1494 tionem
2179 1438 2468 1505 habuerit,
2510 1439 2553 1493 si
2587 1455 2751 1507 super
2780 1439 3033 1508 diapente
3073 1456 3232 1492 unum
3278 1440 3360 1494 vel
3394 1441 3526 1495 duas

1939 1545 2102 1584 voces
2134 1529 2389 1600 tetigerit,
2432 1528 2726 1598 subjugalis
2767 1529 2889 1584 erit.
2921 1528 3113 1584 Omnis
3138 1539 3333 1584 cantus
3382 1529 3522 1584 infra

1940 1620 2153 1675 ﬁnalem
2185 1637 2345 1675 unam
2377 1636 2561 1676 vocem
2606 1621 2832 1680 habens.
2867 1629 2921 1676 et
2942 1635 3105 1690 supra
3135 1620 3388 1692 diapente
3416 1638 3524 1678 non

1935 1714 2156 1778 vadens,
2187 1713 2480 1786 subjugalis
2519 1715 2644 1769 crit.
2677 1714 2867 1769 Omnis
2905 1723 3096 1768 cantus
3135 1714 3186 1766 in
3226 1729 3268 1783 vq
3299 1715 3526 1770 vocilms

1940 1819 2146 1864 tantum
2199 1823 2258 1864 se
2287 1808 2572 1864 continens
2601 1817 2776 1880 potest
2825 1822 2948 1862 esse
2977 1806 3306 1871 communis,
3357 1808 3449 1862 sed
3473 1808 3523 1862 ei

1862 1906 1904 1963 Β
1937 1901 2225 1963 tribuatur,
2257 1899 2414 1969 cujus
2447 1896 2783 1968 frequentior
2826 1895 3078 1952 habetur.
3109 1892 3299 1949 Omnis
3330 1904 3524 1950 cantus

1936 1993 2003 2046 ad
2049 2007 2080 2044 v
2129 1991 2291 2046 voces
2339 2006 2447 2044 non
2483 1985 2796 2061 pertingens
2841 2003 2942 2058 pro
2981 1985 3064 2042 sui
3114 1986 3523 2057 imperfectione

1935 2083 2242 2156 subjugalis
2269 2084 2398 2139 erit.

1505 2200 1582 2255 De
1611 2200 1901 2256 inventione
1926 2214 2261 2270 synemenon.

1104 2317 1225 2372 Vult
1251 2319 1321 2373 ita
1345 2333 1673 2391 synemcnon
1705 2332 1896 2371 vocum
1927 2315 2166 2386 gravitas
2196 2322 2258 2368 ut
2281 2327 2532 2376 acumen,

1096 2415 1223 2469 Illud
1253 2418 1320 2470 ab
1349 2417 1449 2470 hac
1479 2415 1677 2484 duplici
1705 2413 1903 2484 poterit
1926 2413 2134 2467 ratione
2157 2409 2398 2481 probari.

1094 2513 1334 2585 Respicit
1369 2525 1624 2569 octavum
1662 2512 1787 2582 quia
1813 2511 2017 2582 qumvis
2050 2509 2241 2566 vocula
2272 2521 2498 2562 nervum

1107 2609 1230 2665 Vult
1252 2625 1468 2682 quoque
1496 2624 1829 2681 synemenon
1863 2621 2120 2662 resonare
2149 2620 2306 2658 suum
2333 2603 2593 2673 diapason

1098 2710 1159 2765 Et
1186 2709 1402 2779 propria
1432 2709 1613 2777 specie
1640 2717 1746 2762 stat
1774 2707 2004 2776 quisque
2032 2713 2216 2773 tropus
2245 2701 2496 2770 diapente

1096 2802 1400 2858 Authentns
1424 2814 1609 2870 supra,
1635 2797 1874 2854 lateralis
1904 2798 2067 2852 habet
2086 2810 2216 2851 suus
2247 2792 2412 2848 infra.

1098 2898 1226 2954 Vult
1250 2907 1437 2969 protus
1464 2914 1531 2954 ex
1561 2898 1760 2968 prima,
1783 2896 2006 2951 deutrus
2035 2902 2288 2950 constare
2319 2889 2581 2955 secunda,

1094 2996 1309 3055 Tertius
1335 3012 1398 3053 ex
1433 2997 1560 3051 trita
1590 2996 1794 3065 specie,
1824 3003 2052 3065 quartus
2074 3007 2290 3062 quoque
2319 2998 2538 3060 quarta.

1091 3095 1228 3151 Ecce
1255 3095 1396 3165 prnti
1435 3094 1612 3149 deutri
1650 3092 1889 3146 lateralis
1916 3092 2043 3146 item
2072 3104 2288 3159 quoque
2321 3086 2458 3141 triti.

1096 3189 1240 3245 More
1266 3206 1364 3246 suo
1393 3189 1508 3261 jam
1539 3205 1644 3245 non
1685 3188 1840 3244 lieret
1871 3189 1972 3242 nisi
2009 3202 2106 3257 per
2133 3196 2490 3256 synemenon.

1096 3287 1149 3343 Id
1179 3296 1370 3343 cantus
1393 3287 1546 3343 multi
1574 3287 1882 3342 solidabunt
1907 3282 2249 3354 Gregoriani.

1093 3385 1618 3456 lmperitat‘chordis
1642 3386 1831 3457 primis
1860 3393 2050 3453 protus
2079 3383 2132 3436 in
2167 3376 2529 3437 tetrachordis

1088 3481 1309 3538 Scilicet
1332 3484 1375 3537 Α
1401 3483 1442 3538 D
1469 3482 1516 3538 G
1541 3498 1661 3552 qua:
1684 3481 2038 3548 designantur
2058 3486 2113 3532 et
2144 3493 2174 3532 a
2198 3475 2252 3531 d.

1098 3574 1264 3632 Stans
1289 3576 1464 3646 prima
1495 3575 1675 3646 specie
1704 3575 2040 3629 diatessaron
2070 3580 2125 3626 et
2149 3571 2422 3639 diapente.

1093 3672 1183 3728 Sic
1217 3672 1686 3728 tetrachordorum
1717 3686 1878 3726 voces
1898 3669 2060 3724 habet
2086 3667 2222 3723 ordo
2256 3675 2531 3732 troporum

1093 3769 1212 3824 Stat
1238 3769 1445 3824 deutris
1466 3769 1711 3835 deutrns,
1741 3769 1866 3838 quia
1893 3765 2114 3822 vocibus
2143 3773 2200 3819 ut
2229 3760 2512 3834 speciebus

1095 3865 1250 3922 Sicut
1274 3865 1470 3936 cuique
1501 3865 1661 3921 datur
1692 3866 1862 3922 series
1891 3881 2012 3928 sua,
2045 3864 2123 3919 sic
2152 3862 2416 3916 variatur.

1501 3989 1576 4044 De
1604 3988 1872 4060 speciebus
1897 3987 2250 4041 diatessaron.

1097 4087 1167 4144 Se
1189 4088 1438 4160 diapente
1460 4096 1652 4158 quater
1683 4087 1880 4149 variat,
1910 4085 2251 4139 diatessaron
2276 4090 2336 4136 ut
2364 4091 2467 4146 ter,

1089 4182 1210 4238 Stat
1238 4192 1432 4238 natura
1458 4183 1632 4238 tribus
1658 4183 1997 4238 diatessaron
2033 4181 2084 4235 in
2113 4179 2418 4250 speciebus.

1153 4272 1422 4329 Limmate
1449 4275 1621 4345 prima
1654 4282 1781 4330 tono
1802 4283 2017 4330 constat
2044 4274 2301 4342 utrinque
2330 4271 2460 4326 dato

1087 4365 1296 4422 Limma
1330 4365 1566 4421 secunda
1599 4367 1764 4430 tonis,
1789 4366 2067 4436 postponit
2097 4363 2328 4420 formula
2366 4363 2528 4420 binis.

1164 4456 1349 4514 Tertia
1373 4456 1558 4511 limma
1589 4465 1745 4512 tonos
1774 4455 2004 4513 collocat
2035 4464 2161 4509 ante
2185 4456 2339 4510 duos.

2691 4266 2806 4321 AD

2701 4357 2808 4412 BE

2685 4446 2790 4506 rC

2865 4355 3223 4410 diatessaron.

1540 4569 1616 4622 De
1652 4569 1918 4639 speciebus
1957 4568 2218 4636 diapente.

1079 4662 1220 4719 Sunt
1248 4662 1321 4717 ita
1350 4659 1618 4716 distincta:
1645 4659 1856 4729 species
1885 4674 2020 4728 quas
2055 4653 2164 4712 fert
2193 4656 2446 4727 diapente

1157 4757 1342 4814 Prima
1373 4756 1434 4811 ﬁt
1457 4771 1526 4812 ex
1553 4755 1762 4820 ditono,
1791 4754 2054 4820 limmate,
2079 4753 2255 4824 deque
2282 4763 2408 4807 tono
2442 4781 2466 4794 ο
2505 4758 2563 4804 ιιι
2590 4765 2618 4803 a
2649 4760 2684 4805 Γ
2709 4747 2776 4802 ad
2816 4748 2879 4802 D.

1088 4890 1165 4946 Ex
1196 4889 1397 4944 tritono
1427 4887 1620 4942 deutra
1647 4899 1770 4939 cum
1801 4885 2045 4940 limmate
2085 4884 2125 4954 ’ξ-
2161 4882 2316 4938 tertia
2348 4891 2554 4936 contra.

1155 4986 1381 5043 Constat
1407 4994 1602 5057 quarta
1627 4994 1774 5049 tono,
1808 4983 2050 5036 limmate
2079 4997 2202 5036 cum
2227 4979 2434 5034 ditono.
2462 4980 2502 5000 “

2591 4883 2610 4904 ο
2685 4864 2725 4934 -ξι
2753 4873 2813 4916 ut
2839 4861 2906 4915 ab
2924 4861 2972 4934 ξ
2995 4859 3059 4934 ad
3081 4877 3132 4934 ε’,
3162 4859 3207 4929 ω
3231 4863 3516 4917 mediante.

2685 4911 2711 4954 θ
2736 4911 2901 4988 aia;
2920 4911 2961 4986 ὲ
2992 4911 3056 4985 at
3081 4911 3146 4998 Ε.

2686 5005 2726 5025 ·⁹
2752 5015 2809 5059 ut
2833 5005 2899 5058 ah
2928 5004 2970 5058 Α
3000 5005 3066 5057 ad
3099 5006 3137 5060 ις
3163 5018 3346 5072 grave.

1455 5113 1526 5167 De
1561 5109 1966 5182 proprietatibus
1997 5119 2287 5178 troporum.

1087 5211 1350 5267 Nobilitas
1373 5211 1536 5280 primi
1563 5211 1716 5281 juvat
1745 5209 2134 5278 anfractusque
2164 5205 2384 5262 secundi

1081 5307 1271 5376 Quarti
1299 5306 1589 5378 garrulitas
1625 5305 1827 5376 placet,
1855 5313 1911 5359 et
1947 5314 2033 5358 tua
2064 5304 2186 5358 trite
2207 5301 2453 5370 voluptas

1411 5423 1513 5478 Ubi
1552 5424 1945 5478 tetraeliordunt
1985 5432 2032 5475 et
2073 5423 2361 5476 diezeuxis.

1099 5523 1173 5576 lix
1204 5523 1288 5576 his
1317 5522 1362 5576 D
1385 5520 1429 5575 G
1458 5522 1489 5575 (Ι
1523 5520 1868 5575 tetrachorda
1902 5526 2164 5572 notantur
2199 5517 2450 5586 utrinque

1092 5621 1237 5675 Inter
1259 5618 1303 5674 (ἱ
1334 5617 1493 5673 simul
1520 5617 1563 5671 Α
1596 5616 1863 5672 diezensis
1894 5614 1977 5669 his
2001 5621 2152 5684 patet
2176 5629 2304 5666 una.

1583 5712 1653 5766 De
1705 5709 1775 5765 Vl
1817 5711 2157 5781 symphomls.

1093 5809 1437 5881 Symphoniae
1461 5809 1664 5877 simpla:
1693 5816 1818 5861 sunt
1848 5815 1978 5872 tres,
2013 5805 2233 5858 lo'idem
2259 5818 2467 5872 φωτιοό
2488 5803 2687 5873 junctae
