3944 6420
509 411 608 466 m

1381 409 1631 464 ANNAL.
1673 407 2109 464 lllLDESllElM.
2139 408 2500 478 QUEDLINB.
2544 410 2922 469 WElSSEMB.

3664 418 3760 472 NB

510 535 670 595 angue
695 523 754 596 2)
802 539 832 579 a
875 524 1104 579 diversis
1156 523 1476 580 saeculorum
1519 539 1608 578 xvi
1653 531 1707 577 ct
1736 537 1846 576 xvu
1890 524 2085 578 scribis
2114 534 2159 592 Α
2190 527 2307 581 vico
2340 516 2662 590 Scliradino,
2694 536 2752 580 ut
2783 519 2896 598 ipse
2930 527 3231 598 proﬁtetur,
3255 531 3440 586 eodem
3484 549 3547 588 ex
3582 537 3761 591 codice

510 627 752 672 t-orrecto
774 626 827 672 et
855 618 1056 673 notulis
1077 630 1237 674 aucto
1259 619 1600 688 superstites,
1625 629 1654 672 a
1682 616 1951 673 Leibnitio
1981 621 2091 687 pri—

510 723 654 762 mum
712 708 765 762 in
807 706 907 762 SS.
956 705 1228 774 Brunsw.,
1290 718 1329 762 t.
1368 707 1432 772 11,
1482 709 1586 762 272
1631 725 1774 778 sqq.,
1809 708 1908 764 sub
1939 708 2092 762 titulo

510 798 763 852 Ciironici
801 797 1090 854 .Saxonum
1139 798 1656 870 Quetllinburgensis
1707 801 1855 861 editi,
1894 810 2002 855 tum
2061 817 2090 852 a

510 886 825 942 Menckenio
881 888 934 942 in
995 887 1094 942 SS.
1137 889 1363 955 Saxon.,
1407 900 1448 945 t.
1503 890 1726 955 111,170
1765 906 1912 961 sqq..
1966 907 2090 944 cum

510 977 930 1048 Ghronographo
962 978 1174 1033 Saxone
1204 978 1406 1042 collati,
1439 977 1550 1047 jam
1577 995 1706 1034 vero
1738 980 1787 1034 in
1818 995 1947 1036 usus
1991 995 2088 1035 no-

511 1079 656 1122 stros
683 1083 715 1120 a
741 1067 802 1121 ν.
841 1068 921 1122 Cl.
957 1068 1206 1124 Mauritio
1231 1069 1408 1138 Haupt
1447 1070 1854 1140 diligentissime
1894 1069 2092 1125 chluti

507 1169 654 1214 sunt.
695 1161 851 1216 Prior
875 1162 1053 1231 operis
1098 1178 1222 1232 pars
1249 1178 1419 1234 usque
1443 1179 1494 1219 a.
1531 1164 1636 1219 995
1666 1174 1720 1219 et
1765 1163 1991 1219 fortasse
2038 1178 2092 1218 a.

509 1251 650 1305 1000
682 1252 795 1322 (25)
827 1268 892 1308 ex
930 1255 1214 1310 annalibus
1241 1255 1798 1317 llalberstadeusibus,
1846 1255 1984 1310 Beda
2018 1254 2094 1309 De

507 1358 604 1398 sex
655 1346 948 1408 tetatilius,
988 1344 1172 1401 Gestis
1225 1362 1411 1416 regum
1464 1347 1819 1410 Francorum,
1867 1344 2095 1416 aliisque

510 1433 752 1490 fontibus
799 1435 1087 1506 incognitis
1132 1437 1393 1500 manavit,
1420 1436 1679 1492 adhibitis
1732 1435 1932 1506 passim
1969 1435 2095 1490 Ein-

509 1525 662 1580 hardi
710 1525 827 1580 Vita
857 1527 1060 1593 Caroli,
1086 1527 1250 1584 Poeta
1281 1527 1496 1583 Saxone
1525 1525 1662 1600 (24),
1694 1536 1748 1580 et
1793 1525 2094 1580 Annalibus

506 1617 876 1672 Alamannicis
909 1618 1022 1689 (25)
1068 1626 1124 1674 et
1153 1618 1513 1687 Augiensibus
1551 1618 1685 1688 (26),
1715 1617 1934 1672 insertis
1962 1633 2096 1687 quo-

505 1726 611 1780 que
630 1711 837 1764 notitiis
853 1711 1102 1782 genuinis
1129 1709 1390 1766 familiam
1411 1710 1677 1782 prtecipue
1700 1707 1956 1765 Ottonum
1973 1724 2097 1762 cou-

508 1800 879 1867 cernentibns,
901 1816 1038 1872 quas
1069 1811 1345 1857 auctorem
1369 1819 1398 1854 a
1432 1801 1688 1856 Mathilda
1719 1809 1771 1856 et
1800 1799 2095 1856 Adelheide

2194 615 2566 682 emendatam;
2597 616 2648 680 e)
2682 614 2919 672 Simonis
2961 617 3209 673 Schardii
3235 636 3286 674 a.
3322 621 3459 676 1566
3501 623 3592 678 Col.
3627 625 3762 678 inter

2193 705 2640 761 Germanicarum
2684 721 2863 761 rerum
2893 717 3124 777 quatuor
3151 711 3588 782 chronographos
3615 723 3670 767 et
3709 730 3760 769 a.

2196 798 2355 863 1574,
2380 809 2418 853 t.
2449 797 2492 862 1,
2521 798 2762 853 historici
2792 800 3011 868 operis;
3043 800 3098 870 d)
3139 799 3261 856 Joh.
3311 803 3523 858 Pistorii
3564 805 3617 858 in
3661 804 3761 859 SS.

2195 891 2379 946 Germ.
2427 905 2478 946 a.
2509 891 2666 956 1585,
2711 892 2800 946 fol.
2841 911 2860 943 ί
2894 908 2960 947 ex
2993 893 3132 947 libro
3173 895 3540 950 vetustissimo
3586 896 3764 950 multis

2195 979 2326 1035 locis
2371 981 2747 1046 emendatam;
2780 1001 2797 1033 υ
2829 984 2883 1052 e)
2919 983 3429 1053 Argentoratensem
3473 987 3600 1040 anni
3632 987 3763 1041 1609

2195 1069 2310 1136 fol.,
2342 1081 2396 1127 et
2417 1070 2458 1140 l‘)
2477 1071 2732 1128 Burcardi
2762 1072 2947 1128 Gotth.
2969 1071 3167 1128 Struvii
3193 1091 3240 1127 a.
3267 1075 3426 1142 1726,
3454 1076 3572 1142 fol.,
3594 1075 3761 1131 iuSS.

2193 1159 2376 1217 Germ.
2401 1160 2619 1217 Pistorii
2651 1172 2690 1216 t.
2722 1163 2784 1226 ll,
2805 1192 2875 1204 —
2896 1163 2980 1219 his
3009 1163 3264 1218 subsidiis
3289 1165 3454 1234 adjnti
3483 1182 3496 1217 :

2266 1254 2320 1324 1)
2346 1253 2407 1309 C.
2454 1254 2506 1309 in
2537 1254 2802 1309 tabulario
2835 1255 2982 1324 regio
3029 1254 3314 1309 Dresdensi
3352 1255 3588 1325 primum
3615 1269 3646 1310 a
3685 1269 3767 1309 me

2193 1347 2408 1405 evoluto
2438 1357 2550 1403 tum
2579 1363 2709 1404 vero
2735 1363 2765 1402 a
2794 1347 2858 1402 γ.
2892 1347 2960 1404 cl.
2992 1346 3265 1402 Ludovico
3284 1346 3474 1413 ﬂesse,
3502 1347 3768 1402 tabulario

2195 1439 2528 1495 screnissimi
2581 1438 2842 1508 principis
2903 1435 3477 1507 Schwarzburgensis,
3526 1437 3586 1491 in
3642 1451 3770 1492 usus

2197 1541 2411 1585 nostros
2438 1531 2733 1600 exscripta,
2758 1530 3046 1585 chartaceo
3082 1529 3262 1584 muli
3300 1543 3368 1582 xv
3401 1527 3660 1582 exeuntis
3690 1526 3771 1581 vel

2196 1636 2286 1675 xw
2320 1621 2579 1686 ineuntis,
2604 1621 2852 1693 quicum
2877 1620 3115 1676 editione
3139 1619 3380 1692 principe
3417 1633 3583 1689 quam
3609 1618 3776 1689 pluri-

2196 1729 2341 1768 nium
2365 1713 2637 1768 convenit.

2266 1800 2324 1870 2)
2353 1801 2599 1856 Εᾱίιίοηε
2627 1801 2868 1870 principe
2893 1815 2924 1854 a
2949 1799 3018 1858 cl.
3047 1799 3214 1855 [Iesse
3239 1798 3533 1869 exscripta.

509 1893 800 1949 abbatissis
814 1893 1839 1964 Quedlinburgensibusaccepisse,jam
1859 1891 2096 1960 Lappen—
2126 1877 2168 1936 Β
2265 1892 2320 1959 5)
2352 1891 2551 1948 Codice
2582 1892 2925 1948 bibliotheca:
2966 1892 3172 1948 ducalis
3214 1890 3504 1955 Gothanaa,
3545 1887 3771 1944 membr.

512 1983 733 2054 bergius
765 1984 938 2039 innuit
978 1985 1112 2055 (27).
1139 1984 1268 2051 Quin
1306 1984 1521 2053 quidem
1569 1998 1674 2038 una
1719 1998 1841 2038 cum
1872 1983 2095 2051 reliquis

510 2092 683 2145 usque
703 2077 770 2131 ad
793 2093 843 2130 a.
874 2077 1030 2141 1025,
1065 2078 1208 2132 inter
1227 2078 1528 2146 praecipuos
1549 2075 1790 2130 historiae
1817 2074 1933 2143 ejus
1961 2083 2095 2126 tem-

508 2167 654 2236 poris
679 2163 855 2222 fontes
875 2168 1142 2222 censenda
1167 2179 1312 2231 sunt,
1341 2174 1562 2221 auctore
1583 2180 1788 2228 cozevo,
1803 2172 2088 2234 prasente,

509 2267 563 2312 et
591 2258 864 2312 scribendi
898 2257 1112 2313 callido.
1161 2257 1308 2328 Opus
1338 2258 1477 2312 ultra
1510 2272 1561 2311 a.
1596 2256 1733 2312 1025
1777 2256 2120 2326 productum

509 2345 697 2411 fuisse,
741 2361 804 2402 ea
835 2362 955 2416 qum
981 2347 1052 2401 ibi
1091 2347 1156 2403 de
1181 2349 1417 2402 adventu
1452 2347 1713 2402 Beatricis
1741 2355 1794 2401 et
1825 2346 1890 2400 de
1915 2344 2095 2416 profe—

508 2435 682 2489 ctibus
712 2433 829 2504 ejus
872 2451 970 2506 per
998 2436 1205 2507 singula
1259 2445 1476 2492 aetatum
1509 2419 1840 2491 incrementa
1890 2448 2096 2489 metuo-

511 2534 723 2591 rautur,
748 2526 1012 2596 probant;
1046 2536 1100 2581 et
1124 2542 1258 2596 opus
1287 2528 1458 2581 media
1484 2528 1534 2582 in
1560 2528 1826 2582 sententia
1858 2526 2088 2591 desiuit;

507 2617 600 2672 sed
622 2632 721 2672 nec
748 2619 1169 2674 continuationis
1191 2619 1308 2689 ejus
1330 2635 1429 2674 nec
1458 2620 1654 2690 prioris
1678 2621 1847 2689 partis
1869 2619 2091 2688 vestigia

511 2709 566 2762 in
588 2709 877 2763 Chronieis
911 2709 1503 2779 Quedlinhurgensibus
1543 2708 1690 2764 Habe
1720 2710 1995 2764 Saxonum
2039 2718 2096 2762 et

511 2796 564 2850 iu
594 2796 919 2852 bibliotheca
961 2798 1124 2867 Regia
1161 2798 1453 2854 asservatis
1484 2799 1710 2867 reperiri
1753 2796 1939 2850 datum
1987 2807 2090 2850 est.

511 2887 691 2942 Editio
714 2887 888 2944 codici
922 2888 1209 2944 Dresdensi
1243 2889 1446 2953 innixa,
1479 2905 1582 2959 ope
1605 2898 1890 2945 auctorum
1920 2889 2011 2958 qui
2039 2901 2096 2944 ct

511 2978 737 3034 annales
791 2979 1274 3036 llallerstadenses
1313 2990 1367 3035 et
1418 2990 1638 3035 nostros
1668 2981 2090 3049 exscripserunt,

512 3071 831 3139 Tliietmari,
855 3072 1109 3128 Analistae
1129 3083 1186 3128 et
1208 3074 1615 3144 Chronographi
1644 3073 1893 3139 Saxonis,
1918 3088 2097 3129 emen-

511 3161 635 3218 data
662 3171 765 3218 est.

2196 1981 2370 2037 in-l‘ol.
2397 1999 2523 2040 saec.
2558 2000 2655 2048 xu,
2680 1985 2824 2038 circa
2858 1999 3059 2039 annum
3099 1984 3234 2039 1157
3264 1991 3519 2046 exarata,
3543 1982 3639 2052 qui
3672 1980 3773 2035 Ek-

2195 2070 2414 2127 kehardi
2448 2072 2797 2143 Uraugiensis
2841 2073 3136 2128 chronicon
3181 2087 3246 2128 ex
3292 2071 3570 2126 Latnberti
3610 2086 3776 2124 anna.

2196 2163 2334 2219 libus
2378 2165 2667 2220 adauctum
2697 2165 2934 2220 exhibet.
2964 2163 3210 2234 Scriptus
3239 2173 3320 2218 est
3351 2163 3403 2216 in
3446 2161 3778 2215 monasterio

2196 2253 2253 2306 S.
2287 2253 2430 2308 Petri
2462 2251 2823 2317 Erfurtensis,
2853 2262 3016 2322 atque
3054 2267 3160 2306 una
3205 2265 3327 2304 cum
3371 2249 3600 2319 reliquis
3629 2249 3776 2303 codi-

2195 2347 2349 2401 cibus
2375 2362 2438 2401 ex
2483 2347 2672 2400 eodem
2722 2344 3051 2400 monasterio
3093 2335 3369 2412 prognatis
3406 2341 3775 2394 additamenta

2196 2437 2439 2506 quaedam
2469 2434 2690 2490 exhibet
2735 2449 2765 2488 a
2797 2433 3028 2505 genuino
3071 2431 3338 2486 Lamberti
3383 2437 3533 2484 textu
3579 2429 3776 2489 aliena.

2195 2527 2289 2582 sed
2321 2543 2439 2596 quae
2470 2540 2898 2581 commemorare
2930 2539 2995 2580 eo
3018 2525 3187 2594 magis
3217 2537 3435 2577 necesse
3462 2529 3605 2584 erat,
3637 2521 3778 2588 quod

2194 2619 2333 2674 liber
2379 2620 2521 2674 haud
2568 2619 2708 2672 ultra
2757 2618 3146 2690 quinquaginta
3193 2632 3364 2671 annos
3419 2631 3449 2668 a
3499 2614 3778 2668 Lamberti

2194 2725 2310 2766 sevo
2356 2710 2578 2766 recedit.
2633 2710 2996 2764 Evolvendnm
3044 2709 3282 2764 codicem
3333 2704 3596 2776 ﬂagitanti
3649 2703 3776 2757 mihi

2195 2801 2424 2870 praebuit
2449 2800 2775 2855 liberalitate
2810 2809 2863 2853 et
2895 2799 3226 2854 humanitate
3262 2814 3365 2867 qua
3395 2797 3570 2851 claret
3601 2795 3672 2852 Υ.
3703 2795 3776 2848 ill.

2195 2891 2503 2947 Fridericus
2525 2878 2742 2948 Jacobs.
2771 2891 2850 2945 Ad
2882 2907 3040 2960 quem
3068 2905 3234 2960 prope
3261 2890 3550 2944 accedunt.

2263 2984 2319 3054 4)
2348 2985 2410 3038 C.
2443 2983 2574 3038 bibl.
2614 2982 2981 3037 universitatis
3007 2980 3374 3051 Gottingensis
3395 3020 3410 3044 ,
3443 2978 3573 3034 olim
3603 2980 3776 3034 Andr.

2195 3077 2403 3132 Erasmi
2450 3092 2480 3132 a
2527 3075 2754 3140 Seidcll,
2804 3083 2987 3143 postea
3037 3072 3340 3128 Salomonis
3395 3069 3672 3134 Semleri,
3716 3071 3780 3122 de

2198 3168 2420 3222 historia
2469 3167 2641 3238 patria
2677 3164 3027 3228 meritissimi,
3072 3165 3394 3218 chartaceus
3431 3158 3611 3214 in-fol.
3652 3174 3776 3213 sa‘c.

585 3254 826 3311 Pertinet
849 3256 937 3312 hic
962 3256 1123 3311 etiam
1153 3257 1300 3327 prior
1325 3273 1453 3327 pars
1481 3256 1766 3311 Annalium
1812 3257 2088 3312 Lambcrti
2121 3227 2163 3285 Ο
2198 3273 2265 3311 xv
2309 3258 2573 3311 exeuntis.
2609 3257 2670 3310 ν.
2704 3255 2772 3310 cl.
2802 3253 3036 3314 Beneke,
3064 3252 3402 3306 bibliotheca:
3430 3249 3779 3318 amplissima

509 3345 1104 3415 Aschafnaburgensis,
1139 3361 1207 3401 ex
1249 3346 1545 3401 Annalibus
1591 3345 2088 3411 Ilersfeldensibus,

516 3434 1071 3492 liildesheimeusilms
1099 3437 1212 3508 (28)
1237 3438 1465 3507 aliisque
1490 3439 1542 3492 in
1566 3436 1835 3506 Bajoaria,
1859 3437 2092 3492 fortasse

513 3526 719 3582 Patavii
752 3528 832 3584 vel
865 3529 1127 3600 Frisinga:
1155 3531 1373 3599 scriptis
1413 3530 1548 3599 (29),
1594 3546 1712 3599 qua:
1752 3541 1804 3584 et
1832 3529 1885 3583 in
1913 3529 2096 3583 Staiu-

514 3619 640 3675 delii
682 3619 952 3677 Chronico
976 3631 1031 3677 et
1073 3621 1213 3692 apud
1241 3623 1568 3677 Aventinum
1606 3631 1929 3686 occurrunt,
1961 3636 2092 3675 con-

515 3708 661 3764 ﬂata.
688 3710 1045 3779 Proponimus
1077 3728 1198 3768 eam
1227 3722 1350 3784 post
1387 3714 1652 3768 editiones
1677 3712 1982 3768 anteriores
2000 3740 2079 3782 -τ

516 3797 721 3853 scilicet
761 3801 814 3862 a)
841 3801 1136 3869 principem
1164 3816 1229 3854 ex
1271 3803 1454 3855 codice
1486 3800 1586 3855 PP.
1615 3801 2092 3871 Augustiuensiunt

518 3883 774 3957 Tubinga:
811 3903 842 3941 a
877 3888 1117 3960 Caspa'ro
1145 3889 1384 3945 Churrer
1413 3890 1666 3960 Tubingte
1689 3905 1738 3944 a.
1775 3889 1912 3944 1525
1939 3889 2093 3944 in-8°

515 3978 810 4048 vulgatam,
834 3991 996 4051 atque
1042 3981 1275 4052 Philippi
1309 3980 1737 4036 Melanchtlionis
1779 3979 2093 4050 praefatione

515 4080 766 4124 ornatam
785 4087 798 4137 ;
820 4071 874 4140 b)
899 4071 1294 4141 'l'ubiugenscut
1327 4072 1454 4126 anni
1490 4072 1643 4138 1555,
1666 4069 1840 4137 in-8°,
1863 4085 1892 4124 a
1919 4070 2090 4125 Ludo-

2198 3348 2456 3418 prtefecti,
2489 3347 2810 3403 liberalitate
2840 3346 2969 3399 mihi
2999 3343 3231 3398 oblatus.

2267 3439 2321 3511 5)
2342 3440 2400 3495 C.
2431 3440 2560 3495 bibl.
2583 3438 2954 3494 universitatis
2968 3432 3430 3505 Wirzburgensis,
3456 3429 3779 3485 chartaceus

2196 3533 2376 3587 in-fol.
2423 3547 2549 3587 szec.
2582 3546 2649 3586 xv
2679 3529 2926 3587 exeuntis
2966 3528 3049 3584 vel
3093 3542 3180 3581 xvi
3208 3538 3329 3582 cum
3361 3523 3522 3579 editis
3551 3521 3780 3577 collatus

2195 3639 2224 3676 a
2253 3622 2320 3676 cl.
2345 3621 2532 3685 ﬂesse,
2559 3620 2650 3692 qui
2679 3627 2733 3675 et

2267 3714 2320 3785 6)
2351 3713 2612 3768 Editionis
2657 3711 2972 3767 Pistorianze
3001 3707 3126 3762 anni
3175 3705 3312 3762 1585
3354 3702 3618 3760 lectiones
3647 3715 3776 3756 euo-

2197 3807 2353 3863 tavit.

2267 3898 2448 3953 Altera
2483 3894 2758 3951 Lamberti
2787 3908 2915 3966 pars
2963 3892 3107 3946 inter
3157 3888 3448 3960 scriptores
3492 3881 3680 3940 seculi
3727 3895 3778 3934 xi

2197 3988 2434 4042 sistenda
2457 3985 2582 4041 erit.

1684 4265 2003 4324 ANNALES
2041 4269 2696 4327 lliLDESHElMENSES.

589 4403 782 4474 Incipit
815 4395 954 4458 libet’
973 4405 1038 4460 de
1067 4406 1248 4461 ordine
1277 4416 1584 4478 temporum.
1633 4409 1857 4465 Brevem
1893 4419 2096 4480 tempo-

517 4511 638 4551 rum
685 4511 781 4566 per
823 4498 1203 4569 generationes
1242 4509 1295 4556 et
1333 4517 1496 4570 regna
1545 4503 1750 4571 pritnus
1793 4518 1857 4557 ex
1899 4504 2095 4559 nostris

512 4588 689 4645 Julius
718 4590 1008 4647 Africanus
1027 4633 1041 4657 ,
1071 4601 1272 4647 etc.....
1301 4609 1363 4648 ac
1389 4594 1553 4649 latere
1585 4595 1780 4649 lineam
1808 4611 2092 4650 annorum.

512 4677 685 4750 Cujus
737 4681 936 4737 indicio
981 4697 1189 4737 summa
1233 4690 1616 4754 prietentorum
1656 4694 1955 4754 temporum
2004 4699 2093 4739 co-

514 4781 822 4842 gnoscatur.

588 4862 695 4919 Sex
739 4865 927 4921 diebus
960 4880 1138 4922 rerum
1174 4869 1416 4924 omnium
1463 4877 1772 4923 creaturam
1817 4869 1956 4923 Deus
1988 4867 2098 4924 for-

516 4955 717 5020 mavit;
746 4956 920 5025 primo
947 4957 1055 5023 die,
1083 4965 1187 5012 etc.

513 5119 518 5124 ν
590 5046 894 5101 Antoninus
920 5047 1265 5102 Caracalla...
1300 5047 1549 5118 Neapolis
1580 5049 1852 5102 fundatur.

587 5135 923 5193 Theodosius
969 5155 1092 5194 cum
1140 5137 1411 5195 Archadio
1457 5149 1514 5196 et
1569 5138 1806 5195 Honorio
1861 5139 2097 5194 (iliis.....

519 5223 854 5294 Augustinus
879 5227 1092 5283 claruit.

511 5392 516 5395 '
590 5378 702 5451 (25)
740 5380 812 5434 lbi
838 5383 1058 5437 annales
1085 5383 1564 5439 llaihcrstadenses
1599 5400 1628 5438 a
1673 5384 1940 5440 monacho
1970 5384 2099 5440 Sas-

521 5452 754 5522 savvensi
776 5463 1013 5522 excerpti
1042 5457 1328 5517 desinunt;
1361 5464 1416 5508 et
1443 5456 1582 5509 hanc
1614 5455 1886 5508 annalium
1917 5455 2098 5521 Quod—

519 5518 954 5594 linburgensium'
975 5533 1178 5594 partem
1220 5525 1361 5580 haud
1410 5534 1533 5580 ante
1563 5540 1762 5578 annum
1799 5518 2103 5592 lOOfscrie

521 5592 909 5667 ptaAmufuisse,
935 5592 1016 5650 Cl.
1050 5593 1400 5667 Lappenberg
1438 5611 1505 5650 ex
1543 5596 1726 5667 verbis
1766 5611 1856 5648 rex
1885 5595 2096 5664 futurus

520 5675 572 5713 a.
733 5663 798 5736 de
818 5662 1068 5736 lleiurico
1095 5659 1141 5719 Il'
1165 5659 1394 5722 usitatis
1416 5666 1682 5736 probavit.

590 5729 707 5797 (24)
745 5731 812 5787 A.
844 5735 967 5797 802,
991 5736 1114 5791 805.

588 5802 705 5875 (es)
746 5803 829 5859 Ct.
861 5823 909 5860 a.
943 5805 1066 5876 8‘29,
1094 5806 1216 5875 860,
1246 5807 1368 5864 9n.

2268 4411 2704 4466 Anastasius.....
2733 4408 2958 4464 Boecius
2985 4406 3286 4463 consularis
3314 4405 3526 4463 claruit.

2270 4503 2517 4559 Tiberius
2543 4517 2713 4556 annos
2738 4501 2790 4556 6.
2823 4500 3159 4572 Langobardi
3193 4499 3360 4570 pulsis
3393 4498 3656 4552 Romanis
3680 4497 3782 4552 Ita.

2198 4593 2326 4647 liam
2355 4593 2571 4648 adeunt.
2616 4591 2776 4648 Gothi
2821 4591 2876 4644 in
2909 4590 3104 4660 Spania
3150 4588 3342 4643 bifarie
3375 4587 3560 4649 divisi,
3595 4597 3779 4640 mutua

2199 4684 2331 4739 cede
2355 4692 2654 4749 vastantur.
2705 4679 3140 4738 BENNOPOLIM
3177 4677 3556 4736 FUNDATUR
3581 4719 3595 4744 ,
3639 4676 3782 4732 ωι-

2203 4775 2592 4830 DENESHEIM
2629 4773 2919 4830 CIVITAS.

2275 4867 2682 4923 Mauricius.....
2709 4865 3000 4936 Gregorius
3026 4863 3274 4919 moritur.

2275 4958 2571 5012 Eraclonus
2597 4971 2721 5010 cum
2757 4964 2928 5010 matre
2971 4968 3068 5009 sua
3099 4952 3444 5006 Martina.....
3482 4947 3783 5004 Cenoliinm

2205 5049 2546 5104 Floriacense
2577 5045 2852 5100 fundatur.

2275 5139 2660 5195 Constantinus
2691 5137 2831 5190 ﬁlius
2860 5134 3056 5190 Eraclii
3088 5133 3332 5203 regnavit
3366 5145 3581 5185 menses
3610 5129 3663 5182 6.

2275 5228 2664 5284 Constantinus
2693 5223 3032 5281 Constantini
3079 5222 3220 5277 Illius
3259 5220 3505 5290 regnavit
3537 5235 3665 5272 ann.
3693 5217 3783 5268 27.

2273 5384 2386 5457 (26)
2519 5398 2570 5453 g.
2601 5397 2656 5457 ῃ.
2676 5381 2808 5457 829,
2837 5379 2965 5442 860,
2996 5375 3122 5443 872,
3145 5375 3270 5431 9l0.
3304 5372 3388 5429 Cf.
3422 5371 3660 5426 Annales
3686 5383 3787 5422 uo-

2204 5453 2348 5513 stros
2369 5453 2376 5456 ⁷
2399 5455 2478 5518 Vl,
2507 5471 2559 5521 p.
2594 5453 2719 5507 642.

2275 5527 2387 5596 (27)
2422 5525 2484 5596 V.
2515 5523 3008 5596 Annalesnostros,
3030 5525 3079 5596 _t.
3108 5515 3206 5581 Vl,
3244 5531 3297 5584 p.
3481 5511 3604 5596 (ξιξ.

2276 5580 2388 5665 (28)
2425 5595 2572 5661 Quos
2599 5602 2654 5647 et
2679 5593 2768 5646 ubi
2802 5580 3292 5665 Hcrsfeldensesgan.
3327 5584 3430 5639 975
3459 5591 3518 5665 et
3540 5580 3659 5665 pst
3697 5594 3783 5632 re-

2205 5652 2416 5737 linquit,
2435 5652 2952 5737 constantenusquc
2979 5658 3044 5714 ad
3070 5672 3121 5711 a.
3159 5655 3294 5711 1050
3317 5652 3596 5708 casei-ibit.

2281 5732 2390 5809 (29)
2422 5735 2535 5790 An.
2556 5732 2809 5789 974-985.
3563 5737 3566 5739 λ
