3944 6386
135 389 226 449 n9
966 358 1053 441 ετ
1089 380 1436 440 LAMBERTI
1479 341 2058 437 asottsrmnrnd.
2089 379 2266 434 PARS
2291 377 2514 434 rnion.

3269 353 3378 433 triti

137 477 392 554 Eugenius
432 492 569 548 papa
609 473 740 530 llorc
782 471 946 543 cmpit
983 491 1126 528 anno
1175 472 1510 528 Constantini
1555 471 1622 541 6_,
1658 480 1713 526 et
1741 481 1785 534 Α
1819 485 2096 524 manorum
2141 469 2442 540 principum
2483 477 2630 537 gesta
2679 478 2730 522 ct
2781 468 3092 538 pontiﬁcum
3137 470 3394 529 Romanae

137 578 241 646 ipse
287 573 425 629 sedit
471 587 602 626 ann.
628 569 683 624 ἓξ
715 585 788 623 m.
821 568 886 631 9,
921 569 972 622 d.
1005 565 1096 621 24.
1136 566 1433 621 Vitalianus
1455 606 1470 631 ,
1501 575 1605 619 etc.
1636 594 1708 634 τ-

137 664 342 737 Sergius
387 659 531 719 sedit
576 676 703 714 ann.
752 658 856 725 15,
888 673 958 711 ιιι.
989 657 1021 712 8
1053 658 1104 711 d.
1146 657 1233 712 M.
1266 655 1553 726 Hucusque
1597 654 1706 710 lto-

366 831 679 893 ANNALES
729 827 1462 901 QUEDLINBURGENSES.

199 955 306 1030 (30)
337 953 522 1008 Prima
565 959 698 1006 aetas
744 949 812 1003 ab
836 949 1008 1003 Adam
1057 963 1226 1016 usque
1257 947 1322 1000 ad
1350 946 1492 1009 Noe,
1531 944 1707 1002 conti-

137 1060 257 1102 nens
303 1039 682 1114 generationes
713 1038 800 1101 10,
829 1051 997 1091 annos
1027 1051 1155 1090 vero
1201 1035 1359 1090 1656.
1406 1033 1536 1102 Quae
1593 1042 1705 1088 tota

139 1136 284 1209 periit
310 1133 540 1196 diluvio,
565 1131 704 1186 sicut
744 1128 1024 1184 infantiam
1055 1143 1300 1198 mergere
1322 1127 1459 1182 solet
1487 1127 1704 1182 oblivio.

200 1224 442 1282 Secunda
477 1239 508 1277 a
532 1221 644 1278 Noe
669 1237 838 1292 usque
863 1221 930 1274 ad
961 1221 1254 1285 Abraham,
1287 1220 1535 1275 similiter
1562 1237 1703 1276 coui-

139 1318 278 1389 plexa
334 1314 714 1386 generationes
761 1312 844 1373 10,
885 1326 1056 1366 annos
1104 1319 1284 1364 autem
1333 1310 1456 1365 Q92.
1491 1309 1546 1365 In
1602 1327 1707 1382 qua

141 1415 283 1462 atate
312 1404 494 1474 lingua
539 1411 621 1457 est
649 1401 872 1457 Hebraea
924 1401 1164 1456 inventa.
1196 1401 1237 1453 A
1285 1399 1522 1468 puericia
1553 1415 1708 1454 nam-

143 1509 234 1564 que
258 1494 418 1548 homo
467 1491 659 1561 incipit
688 1490 832 1562 loqui
876 1505 1036 1546 nosse
1082 1499 1202 1560 post
1231 1489 1551 1554 infantiam,
1587 1507 1708 1558 qua;

144 1583 254 1638 inde
299 1596 495 1637 nomen
536 1581 768 1650 accepit,
816 1580 943 1649 quia
988 1578 1113 1647 fari,
1165 1581 1218 1635 id
1267 1589 1352 1635 est
1391 1580 1558 1651 loqui,
1602 1597 1708 1634 tton

144 1681 322 1744 potest.

1813 561 2055 617 accclesie
2084 561 2476 617 enarraviuius.
2508 559 2766 632 Pippinus
2813 561 2950 629 dux,
2981 561 3120 618 (ilius
3165 564 3397 618 Al:5tll:l-

1816 651 1884 718 si,
1915 662 2020 707 etc.

2245 825 2590 883 L'AMBERTI
2636 827 2974 884 ANNALES.

1889 935 2002 1004 (30)
2049 934 2227 989 Prima
2260 944 2392 991 aetas
2422 936 2489 990 ab
2515 937 2688 991 Adam
2719 953 2890 1006 usque
2939 938 3005 991 ad
3038 936 3177 1000 Noe,
3229 938 3402 995 conti-

1818 1043 1953 1083 nens
1997 1027 2371 1098 generationes
2405 1027 2490 1090 l0,
2521 1044 2691 1084 annos
2738 1045 2864 1083 vero
2914 1029 3067 1084 1656.
3118 1029 3246 1096 Qua:
3292 1040 3400 1084 tota

1819 1118 1978 1188 periit
2005 1117 2227 1184 diluvio,
2257 1118 2399 1172 sicut
2428 1117 2708 1172 infantiam
2743 1133 2987 1188 mergere
3017 1119 3153 1173 solet
3181 1120 3399 1174 oblivio.

1891 1208 2140 1264 Secunda
2183 1225 2213 1262 a
2241 1207 2354 1263 Noe
2395 1223 2564 1278 usque
2591 1209 2658 1263 ad
2693 1209 2998 1271 Abraham,
3027 1210 3404 1278 generationes

1818 1299 2073 1353 similiter
2118 1297 2397 1368 complexa
2448 1298 2536 1363 10,
2581 1313 2752 1351 annos
2799 1308 2980 1352 autem
3027 1298 3152 1352 292.
3195 1297 3250 1352 lit
3297 1314 3402 1367 qua

1816 1388 2121 1457 Linguarum
2151 1387 2289 1441 facta
2319 1397 2401 1442 cst
2421 1387 2635 1442 divisio.
2657 1387 2702 1440 A
2724 1387 2953 1456 pueritia
2985 1402 3218 1456 namque
3244 1387 3404 1440 homo

1814 1481 2000 1550 incépit
2048 1479 2192 1550 loqui
2246 1493 2403 1548 posse
2451 1487 2574 1549 post
2625 1477 2941 1542 infantiam,
2999 1494 3121 1549 qua:
3166 1487 3220 1531 et
3279 1478 3405 1532 inde

1813 1587 2010 1627 nomen
2062 1571 2290 1642 accepit,
2337 1571 2464 1640 quia
2512 1569 2649 1635 fari,
2700 1569 2753 1624 id
2797 1579 2880 1624 est
2927 1569 3073 1640 loqui
3100 1567 3252 1652 (56),
3299 1584 3404 1623 non

1813 1673 2012 1735 potest.
3221 1676 3228 1682 ‘

202 1787 556 1860 Tertiagtas
601 1785 671 1842 ab
716 1786 988 1860 Abi-aliam
1020 1801 1190 1860 usque
1223 1786 1290 1843 ad
1320 1787 1520 1860 Dauid,
1548 1805 1710 1860 sene-
1744 1764 1788 1822 Β
1887 1778 2071 1834 Tertia
2101 1779 2170 1832 ab
2199 1777 2472 1832 Abraham
2503 1792 2676 1847 usque
2702 1775 2768 1831 ad
2789 1776 2981 1843 David,
3015 1777 3404 1848 generationes

146 1859 359 1913 rationes
386 1857 477 1922 N,
506 1872 678 1912 annos
711 1873 843 1912 vero
868 1858 973 1913 942
1015 1857 1315 1914 continens.
1371 1859 1436 1913 Et
1479 1857 1603 1922 quia
1642 1862 1710 1915 ab

148 1929 490 1999 adolescentia
523 1928 712 1997 incipit
759 1929 919 1999 homo
948 1943 1106 1998 posse
1136 1943 1423 1999 generare,
1463 1928 1712 1985 Matheus

148 1999 206 2051 ai)
229 1997 497 2052 Abraham
530 1997 961 2066 generationum’
988 1997 1217 2067 sumpsit
1263 1999 1567 2054 exordium.
1610 2001 1711 2068 Qui

150 2068 247 2136 (51)
273 2069 432 2149 etiam
471 2078 631 2149 pater
673 2068 962 2122 multarum
991 2070 1230 2149 gentium
1257 2069 1583 2126 constitutus
1608 2080 1710 2136 est,

148 2140 376 2207 quoniam
405 2148 674 2192 mutatum
705 2154 902 2194 nomen
934 2140 1162 2209 accepit.

207 2227 396 2294 Quarta
410 2230 527 2299 (52)
544 2239 717 2285 mtasa
733 2230 900 2288 David
913 2246 1084 2301 usque
1099 2233 1165 2287 ad
1184 2231 1712 2303 transmigrationem

150 2315 418 2381 Babilonis,
457 2313 904 2389 generationibus
933 2335 1086 2391 teque
1110 2319 1263 2390 juxta
1293 2322 1590 2378 Mattheum
1626 2324 1714 2388 M,

151 2409 286 2464 annis
333 2419 515 2466 autem
569 2410 674 2466 184
719 2423 1002 2482 porrecta,
1035 2429 1065 2468 a
1105 2429 1209 2484 qua
1243 2431 1431 2486 regum
1473 2425 1713 2487 tempora

152 2512 405 2571 ceperunt.
434 2501 504 2556 ΑΞ
517 2514 601 2558 tas
625 2503 768 2558 enim
789 2502 1043 2573 juvenilis
1071 2520 1238 2577 regno
1261 2518 1346 2562 est
1370 2508 1584 2564 habilis.

213 2675 394 2742 Quinta
426 2676 626 2732 deinde
667 2694 836 2747 usque
883 2683 949 2734 ad
998 2679 1288 2735 adventum
1337 2681 1635 2740 Salvatoris
1665 2685 1715 2739 in

155 2780 322 2830 carne,
361 2777 413 2821 et
459 2768 492 2839 ii
518 2782 583 2822 sa
636 2769 1078 2836 generationibus
1126 2770 1192 2823 H
1241 2781 1520 2839 porrecta,
1565 2779 1719 2829 annis

156 2865 311 2912 autem
337 2858 438 2913 586
465 2867 714 2924 extenta,
746 2859 798 2913 in
828 2875 931 2929 qua
949 2901 963 2926 ,
991 2869 1048 2914 ut
1077 2872 1358 2915 senectute
1380 2863 1528 2933 gravi
1555 2862 1714 2929 fessa,

157 2951 292 3006 malis
319 2954 688 3008 crebrioribus
714 2954 870 3024 plebs
902 2954 1125 3010 llebrasa
1157 2965 1469 3025 quaSsatur.

217 3043 388 3110 Sexta,
436 3061 564 3116 qua:
609 3063 752 3101 nunc
791 3048 986 3118 agitur,
1017 3048 1159 3103 nulla
1190 3051 1598 3119 generationum
1634 3048 1714 3104 vel

159 3143 431 3204 temporum
463 3138 612 3192 serie
649 3148 830 3202 certa,
873 3140 965 3194 sed
1003 3149 1062 3194 ut
1094 3151 1226 3194 aetas
1275 3139 1548 3210 decrepita
1604 3140 1717 3210 ipsa
1750 3130 1784 3178 (’

161 3226 301 3280 totius
324 3228 484 3282 seculi
522 3236 696 3282 morte
729 3229 982 3284 ﬁnienda.
1005 3229 1196 3284 Secuta
1223 3229 1358 3301 (33),
1381 3231 1523 3300 quod
1551 3246 1608 3286 se
1639 3248 1722 3286 se-

159 3327 383 3385 quantur.
411 3320 756 3375 Abeuntibus
781 3321 923 3375 enim
951 3322 1072 3376 aliis
1097 3321 1200 3376 alia
1236 3323 1550 3387 succedunt,
1584 3338 1723 3392 quo-

160 3422 260 3463 rum
289 3409 548 3467 decursus
581 3425 679 3481 per
705 3412 1083 3480 generationes
1116 3421 1172 3466 et
1207 3426 1373 3482 regna
1405 3412 1479 3466 ita
1526 3411 1721 3467 inscri-

162 3499 305 3555 bitur.
1106 3556 1107 3559 η

218 3588 383 3646 Prima
428 3593 641 3648 aetasin
687 3592 910 3646 exordio
960 3592 1042 3646 sui
1097 3591 1338 3647 continet
1393 3593 1721 3648 creationem

162 3684 344 3739 mundi.
376 3686 560 3740 Primo
581 3685 726 3739 enim
764 3686 849 3740 die
873 3685 1014 3739 Deus
1055 3685 1107 3738 in
1159 3682 1294 3738 lucis
1335 3684 1551 3738 nomine
1591 3699 1724 3738 con-

165 3774 276 3830 didit
305 3777 541 3847 angelos.
587 3777 837 3833 Secundo
892 3777 946 3831 in
998 3775 1322 3830 ﬁrmamenti
1370 3775 1727 3845 appellatione

164 3870 343 3923 creavit
359 3871 548 3926 caelos.
568 3869 750 3926 Tertio
772 3871 824 3924 in
847 3870 1190 3926 discretionis
1213 3869 1472 3924 vocabulo
1493 3869 1727 3936 speciem

165 3973 400 4030 aquarum
430 3974 486 4020 et
519 3975 694 4019 terrm.
749 3965 953 4031 Quarto
1007 3963 1292 4018 luminaria
1341 3962 1482 4017 cmli.
1528 3961 1728 4028 Quinto

169 4050 432 4108 animantia
461 4071 532 4110 ex
569 4055 746 4125 aquis.
797 4053 964 4110 Sexto
1019 4053 1315 4108 animantia
1364 4068 1428 4108 ex
1478 4063 1620 4107 terra
1673 4059 1730 4107 et

168 4140 437 4210 hominem,
459 4161 624 4216 quem
656 4145 941 4217 appellavit
967 4146 1156 4198 Adam.

225 4235 382 4290 Adam
399 4237 514 4308 (54)
539 4253 680 4290 anno
707 4237 807 4291 150
830 4237 1013 4306 genuit
1038 4236 1189 4300 Seth,
1210 4235 1303 4306 qui
1327 4243 1447 4306 post
1471 4233 1604 4288 Abel
1631 4251 1729 4288 tta-

171 4327 244 4376 tus
264 4335 358 4388 est,
382 4342 412 4380 a
431 4342 541 4396 quo
566 4327 659 4380 lilii
680 4327 793 4381 Dei.
825 4326 954 4381 Seth
975 4343 1116 4381 anno
1134 4326 1236 4381 105
1252 4327 1434 4396 genuit
1453 4326 1616 4390 Enos,
1637 4326 1730 4395 qui

171 4411 314 4480 cmpit
342 4415 592 4470 invocare
622 4430 817 4470 nomen
853 4417 1080 4470 Domini.
1115 4417 1257 4470 Enos
1283 4432 1424 4470 anno
1450 4415 1520 4470 90
1547 4417 1732 4486 genuit

173 4498 370 4558 Cainan.
403 4505 606 4560 Cainan
635 4521 776 4560 anno
805 4505 872 4560 70
897 4506 1078 4576 genuit
1109 4506 1408 4570 Malalehcl,
1437 4507 1528 4575 qui
1562 4507 1731 4560 inter-

174 4603 394 4660 pretatur
417 4596 675 4666 plantatio
713 4597 944 4651 Domini.
972 4595 1250 4652 Malaleliel
1292 4612 1432 4650 anno
1461 4597 1531 4650 62
1549 4596 1734 4667 genuit

175 4682 356 4742 Jareth.
370 4687 554 4744 Jaretli
570 4706 709 4746 anno
727 4689 824 4744 l62
837 4693 1021 4762 genuit
1037 4691 1236 4748 linoch.
1254 4691 1405 4744 Hunc
1422 4689 1534 4761 (55)
1551 4688 1733 4743 Enoch

178 4777 406 4833 nonnulla
436 4779 938 4852 divina‘scripsisse
977 4780 1112 4835 Juda
1157 4780 1399 4851 apostolo
1444 4789 1736 4835 attestante

179 4870 534 4936 comperimus.
565 4871 747 4926 Enoch
776 4887 917 4926 anno
939 4871 1007 4926 65
1029 4873 1211 4943 genuit
1237 4871 1583 4937 Matusalcm;
1618 4879 1738 4941 post

179 4955 313 5024 cujus
350 4971 524 5016 ortum
576 4962 866 5016 translatus
908 4972 991 5017 est
1041 4979 1070 5015 a
1123 4962 1372 5017 Domino.
1423 4961 1737 5016 Matusaletn

182 5056 308 5101 anno
348 5051 442 5105 187
486 5055 670 5120 genuit
719 5053 971 5108 Lamech.
1014 5052 1277 5124 Gigantes
1328 5053 1436 5106 nati
1491 5060 1637 5114 sunt,
1686 5058 1740 5105 et

184 5143 545 5213 concupiscunt
570 5145 664 5200 ﬁlii
697 5145 790 5200 Dei
827 5145 964 5200 ﬁlias
995 5144 1294 5200 hominum.
1331 5143 1564 5200 Lamech
1597 5157 1739 5198 anno

190 5351 349 5476 “(31)
379 5354 555 5413 Prima
583 5361 951 5415 -—-e-.rordium
993 5375 1060 5415 ex
1103 5359 1244 5415 Beda
1293 5359 1362 5414 de
1411 5357 1741 5428 temporibus

254 5493 354 5572 (ξυμ)
381 5496 568 5572 Qui:-
596 5502 790 5572 accepit
812 5517 876 5556 ex
906 5488 1048 5556 Beda
1086 5500 1153 5556 de
1197 5510 1499 5572 temporum
1531 5500 1743 5556 ratione

193 5573 234 5610 (ι.
261 5563 428 5641 (de
459 5569 522 5623 Vl
545 5581 632 5625 eet.
667 5563 896 5641 mundi).

258 5633 357 5713 (ἓξ)
389 5637 588 5713 Quarta
609 5671 679 5683 υ-
704 5633 936 5711 finienda
962 5656 1026 5696 ex
1057 5640 1196 5696 Beda
1230 5641 1294 5697 de
1325 5650 1488 5713 temp.

198 5703 580 5838 5815;).Secula
606 5742 674 5752 —
703 5703 978 5782 appellarit
1006 5713 1172 5767 Adam
1204 5726 1270 5768 ex
1301 5703 1502 5769 Iside-ro
1530 5728 1640 5770 orr'.
1675 5711 1738 5769 γ.

1816 1869 1903 1936 id,
1935 1883 2106 1924 annos
2131 1885 2345 1940 quoque
2373 1868 2479 1924 942
2509 1869 2816 1924 continens.
2861 1867 2927 1922 Et
2970 1867 3095 1937 quia
3125 1866 3193 1921 ab
3224 1865 3404 1920 adole.

1815 1961 2021 2015 scentia
2075 1959 2260 2030 incipit
2303 1961 2463 2015 homo
2497 1974 2656 2030 posse
2705 1972 2990 2029 generare,
3045 1957 3291 2012 Matheus
3336 1958 3404 2011 ab

1815 2049 2090 2104 Abraham
2119 2049 2528 2121 generationum
2555 2047 2668 2120 (57)
2707 2046 2936 2118 sumpsit
2964 2047 3270 2103 exordium.

1889 2229 2000 2300 (3'2)
2033 2228 2236 2296 Quarta
2287 2248 2315 2286 a
2348 2230 2516 2285 David
2547 2246 2716 2299 usque
2763 2232 2830 2284 ad
2870 2229 3401 2302 lransmigrationcnt

1817 2318 2127 2389 Babylonis,
2158 2321 2781 2390 generationibttsieque
2819 2317 2975 2387 juxta
3005 2319 3276 2374 Matheum
3318 2321 3400 2380 H.

1817 2412 1974 2466 annis
2003 2420 2184 2467 autem
2220 2411 2325 2468 485
2359 2423 2630 2482 porrecta.
2665 2412 2740 2490 De
2767 2412 2884 2484 (58)
2915 2429 3020 2484 qua
3053 2429 3237 2484 regum
3271 2423 3405 2490 tem.

1817 2513 1947 2570 pora
1995 2511 2306 2572 coeperunt,
2353 2504 2482 2575 quia
2534 2504 2767 2576 dignitas
2811 2501 3064 2573 juvenilis
3112 2495 3291 2578 regno

1819 2597 2017 2654 habilis

1901 2681 2094 2748 Quinta
2135 2681 2329 2736 deinde
2373 2696 2543 2753 usque
2586 2681 2653 2736 ad
2689 2682 2974 2737 adventum
3019 2683 3316 2740 Salvatoris
3358 2685 3409 2739 in

1831 2787 2022 2838 carne,
2061 2773 2496 2842 generationibus
2530 2781 2584 2827 et
2622 2774 2735 2843 ipsa
2777 2773 2878 2839 14,
2920 2791 3082 2844 porro
3116 2775 3273 2829 annis
3311 2759 3447 2831 588'

1830 2873 2066 2918 extenta.
2101 2863 2156 2917 In
2187 2878 2313 2932 qua.
2346 2873 2402 2916 ut
2431 2864 2579 2934 gravi
2609 2874 2887 2919 senet-tute
2919 2863 3083 2932 fessa,
3116 2867 3268 2921 malis
3300 2851 3415 2942 cret-

1831 2955 2099 3011 brioribus
2136 2956 2283 3026 plebs
2310 2954 2534 3010 llcbraza
2574 2969 2882 3024 quassatur.

1904 3048 2097 3112 Sexta,
2132 3062 2253 3114 quae
2293 3062 2434 3101 nunc
2475 3049 2670 3116 agitur,
2705 3048 2848 3100 nulla
2885 3057 3294 3117 generationttm
3331 3049 3416 3112 γιι
3498 3033 3507 3039 ’

1835 3146 2132 3208 temporum
2176 3137 2318 3191 serie
2361 3147 2544 3200 certa,
2583 3135 2676 3191 sed
2721 3147 2777 3190 ιιι
2811 3147 2944 3194 aetas
2993 3138 3262 3208 decrepita
3302 3140 3416 3209 ipa

1835 3227 1998 3281 totius
2035 3228 2199 3283 seculi
2244 3238 2417 3282 morte
2454 3227 2706 3281 ﬁnienda.
2750 3229 2936 3282 Secula
2970 3230 3082 3302 (33)
3113 3233 3421 3300 generatio-

1836 3319 1991 3371 nibus
2011 3327 2282 3373 constant.
2310 3318 2436 3373 Inde
2457 3319 2711 3373 dicuntur
2727 3321 2905 3374 secula
2919 3362 2931 3384 ,
2949 3323 3089 3388 quod
3103 3337 3162 3374 se
3182 3304 3413 3390 sequan;

1837 3419 1942 3459 tur.
1976 3408 2306 3462 Abeuntibus
2335 3407 2477 3462 enim
2522 3409 2641 3463 aliis
2681 3409 2782 3462 alia
2817 3411 3140 3473 succedunt,
3186 3428 3415 3479 quorum

1836 3499 1868 3552 d
1904 3513 2094 3552 cursus
2129 3511 2226 3568 per
2252 3499 2630 3569 generationes
2660 3509 2714 3554 et
2744 3516 2906 3570 regna
2936 3501 3006 3553 ita
3034 3501 3308 3554 seribintr.

1891 3579 2086 3644 Prima
2134 3599 2266 3645 aetas
2312 3591 2553 3645 continet
2603 3592 2929 3647 creationem
2978 3592 3183 3646 mundi.
3236 3591 3418 3646 Piimo

1835 3681 1978 3735 enim
2019 3680 2108 3737 die
2155 3680 2295 3736 Deus
2348 3681 2399 3734 in
2449 3681 2584 3736 lucis
2633 3681 2850 3736 nomine
2901 3683 3138 3736 condidit
3176 3669 3415 3752 angelos.

1837 3773 2087 3828 Secundo
2131 3773 2183 3826 in
2224 3772 2552 3828 ﬁrmamenti
2591 3772 2945 3842 apptllaticne
2990 3774 3191 3828 creavit
3230 3767 3414 3826 cmlos.

1837 3865 2020 3921 Tertio
2066 3866 2118 3920 in
2167 3864 2510 3920 discretionis
2557 3865 2821 3920 vocabulo
2869 3865 3104 3935 speciem
3153 3880 3419 3932 aquarum

1835 3969 1891 4014 et
1920 3969 2095 4014 terrae.
2128 3958 2333 4027 Quarto
2373 3958 2661 4013 luminaria
2696 3959 2841 4016 (ια-ιι.
2884 3959 3084 4026 Quinto
3118 3959 3418 4013 animantia

1836 4069 1902 4108 cx
1931 4069 2086 4123 aqua.
2118 4053 2284 4109 Sexto
2307 4053 2600 4108 animantia
2629 4068 2693 4108 ex
2726 4063 2958 4114 tcrra,et
2990 4053 3222 4122 prinutm
3249 4051 3419 4105 homi-

1831 4160 1956 4200 nem
1984 4145 2182 4199 Adam.

1900 4236 2071 4290 Adam
2106 4236 2209 4292 150
2237 4251 2379 4291 anno
2415 4235 2600 4306 genuit
2627 4232 2778 4299 Seth,
2814 4249 2841 4288 a
2869 4248 2977 4303 quo
3005 4231 3100 4287 lilii
3140 4230 3256 4287 Dei.
3284 4229 3419 4287 Seth

1834 4343 1978 4382 anno
2022 4327 2124 4383 105
2167 4329 2355 4399 genuit
2388 4328 2554 4392 Enos,
2583 4327 2676 4396 qui
2719 4325 2882 4394 ctepit
2926 4326 3179 4379 invocare
3223 4340 3418 4377 nomen

1838 4417 2070 4473 Domini.
2105 4418 2249 4472 Enos
2276 4433 2420 4472 anno
2455 4416 2525 4471 90
2559 4416 2741 4487 genuit
2769 4415 2995 4470 Cainan.
3035 4413 3237 4466 Cainan
3276 4426 3427 4465 anno

1835 4510 1902 4564 70
1929 4509 2116 4580 genuit
2141 4507 2440 4574 Malalehel,
2474 4508 2563 4576 qui
2597 4508 2986 4576 interpretatur
3018 4503 3281 4575 plantatio
3317 4501 3422 4556 Do-

1836 4599 1990 4653 mini.
2021 4597 2300 4653 Malalcliel
2328 4614 2474 4654 anno
2504 4596 2575 4650 72
2602 4598 2787 4667 genuit
2814 4594 3023 4650 Jaretb.
3052 4593 3242 4648 Jareth
3277 4608 3424 4646 anno

1837 4690 1940 4745 169.
1967 4689 2153 4760 genuit
2180 4689 2385 4744 Enoch.
2427 4687 2583 4742 Hune
2613 4686 2725 4757 (55)
2767 4685 3020 4739 nonnulla
3062 4685 3240 4738 divina
3287 4684 3426 4736 scri-

1835 4779 2010 4850 psisse
2050 4777 2186 4834 Juda
2231 4778 2476 4849 apostolo
2527 4784 2755 4831 testante
2805 4775 3187 4844 comperimus.
3233 4773 3423 4827 Enoch

1840 4885 1981 4925 anno
2013 4869 2080 4924 65
2109 4869 2292 4940 genuit
2322 4866 2671 4933 Matusalam;
2703 4875 2823 4938 post
2853 4865 3007 4935 cujus
3036 4875 3215 4918 ortum
3246 4874 3417 4917 trans-

1841 4963 1981 5017 latus
2001 4970 2084 5018 est
2110 4976 2140 5016 a
2172 4961 2296 5016 Deo.
2322 4959 2637 5015 Matusalam
2666 4973 2806 5014 anno
2831 4958 2928 5013 187
2951 4958 3135 5028 genuit
3164 4955 3424 5009 Laniech.

1839 5055 2100 5126 Gigantes
2143 5055 2256 5108 nati
2301 5061 2446 5109 sunt.
2481 5052 2547 5106 Et
2584 5052 2977 5122 concupierunt
3012 5049 3107 5101 lilii
3138 5047 3231 5101 Dei
3263 5047 3314 5101 id
3342 5056 3426 5100 est

1841 5145 1995 5214 Seth,
2026 5145 2164 5201 ﬁlias
2187 5145 2488 5210 hominum,
2519 5145 2570 5200 id
2599 5153 2683 5199 cst
2709 5142 2863 5197 Cain.
2891 5138 3126 5195 Lamecb
3155 5154 3296 5193 anno
3324 5137 3430 5193 182

1914 5362 2029 5434 (54)
2070 5362 2201 5430 Quae
2239 5362 2379 5432 apud
2415 5371 2704 5432 utrumque
2739 5368 3041 5430 sequuntur
3068 5375 3136 5414 ex
3179 5357 3322 5413 Beda
3361 5353 3430 5412 de

1845 5443 2076 5502 tempur.
2104 5442 2160 5488 et
2187 5433 2393 5487 Isidoro
2420 5435 2607 5487 hausta
2641 5442 2783 5485 stitit.
2845 5499 2867 5502 Δ
2942 5501 2945 5502 ν
3329 5493 3331 5496 ι

1914 5499 2028 5576 (55)
2071 5502 2318 5576 Ηιιποτ-
2345 5505 2687 5571 comperimus
2740 5518 2804 5556 ex
2843 5499 2986 5576 Beda
3026 5502 3093 5557 de
3134 5499 3198 5557 Vl
3234 5506 3381 5555 attat.
3403 5535 3429 5566 ο

1846 5573 2015 5645 quem
2049 5576 2212 5628 etiam
2241 5575 2293 5626 in
2330 5575 2682 5642 sequentibus
2711 5573 3004 5645 consuluit.
3407 5581 3411 5589 '

1918 5644 2034 5714 (56)
2063 5645 2291 5714 Additur
2317 5659 2348 5696 a
2373 5658 2532 5696 manu
2561 5645 2831 5696 recentiori
2859 5647 2904 5698 1.
2929 5642 2964 5696 4

1921 5713 2032 5785 (57)
2060 5713 2124 5785 G.
2151 5714 2350 5768 Christi
2383 5715 2654 5767 recentiori
2683 5730 2840 5766 manu
2867 5715 2992 5785 edd.
3010 5713 3070 5769 ι.

1943 5718 2008 5769 57
2060 5718 2124 5769 G.
2151 5718 2350 5768 Christi
2383 5718 2654 5767 recentiori
2683 5730 2840 5766 manu
2867 5718 3070 5769 mldJ.

1943 5718 2035 5855 38;
2063 5784 2120 5841 In
2149 5798 2255 5854 qua
2289 5797 2475 5854 regum
2509 5793 2825 5854 tempestate
2855 5783 2998 5854 dign.
3032 5785 3086 5839 1.
