3918 5326
190 161 288 217 455

268 248 270 250 ’
424 271 742 328 ANNALES
768 268 1508 339 QUEDLINBURGENSES.

1069 153 1156 208 ET
1187 150 1538 208 LAMBERTI
1577 150 2154 206 ASCHAFN‘ABURG.
2200 150 2381 207 PARS
2418 151 2647 208 PRIOR.

3343 164 3445 219 454

2261 268 2611 324 ιΑΜΒΕιιτι
2640 269 2980 326 ANNALES.

188 384 321 429 tores
365 370 616 441 instituit.
643 364 1021 434 'Temporibus
1049 364 1162 441 (id)
1215 363 1428 417 Romuli
1466 361 1754 441 accidet-nat
1783 369 1828 428 Α
1861 369 1966 415 tur.
2013 360 2265 416 Joathaut
2308 365 2464 418 annis
2502 365 2588 418 16.
2634 365 2851 430 llzaias,
2883 366 3020 422 Osee
3051 377 3106 422 et
3131 371 3282 424 Johel
3326 390 3450 441 pro-

189 443 304 500 solis
347 439 606 499 defectio,
639 430 815 507 quanr
842 445 990 489 certa
1033 435 1113 488 sui
1145 449 1336 507 cursus
1377 434 1583 507 ratione
1628 430 1755 507 ech:

186 525 315 568 clam
357 510 607 578 imperita
656 502 900 578 [esciens
938 506 1254 578 nuutitudo,
1307 503 1513 578 meritis
1540 502 1758 555 Ronnili

185 573 472 643 tribuebat,
493 580 644 649 quasi
677 591 828 649 vero,
861 576 903 630 si
946 576 1120 649 luetus
1143 574 1230 630 ille
1256 574 1385 649 solis
1412 573 1620 634 fuisset,
1655 589 1758 649 non

187 653 349 722 magis
391 643 525 704 ideo
548 648 694 722 credi
725 647 967 722 deberet
1000 645 1231 722 occisus,
1257 645 1565 722 ipsumque
1585 643 1760 697 scelus

187 714 462 776 aversione
501 719 661 774 etiam
706 718 882 770 diurni
917 716 1134 769 luminis
1179 716 1490 778 indicatum,
1523 714 1663 767 sicut
1705 729 1761 765 re.

189 808 301 846 vera
329 791 531 844 factum
559 797 664 853 est,
691 803 810 840 cum
849 787 1109 841 Dominus
1143 785 1435 839 cruciﬁxus
1462 795 1544 838 est
1569 785 1762 837 crude-

187 864 328 915 litate
358 871 526 930 atque
555 859 830 926 impietate
859 854 1187 930 intimorum,
1215 870 1378 924 quam
1409 854 1540 908 solis
1569 857 1765 930 obscu-

187 924 451 986 rationenf
475 945 578 983 non
607 924 673 982 ex
705 927 968 982 canonico
1005 927 1242 979 siderum
1277 941 1437 978 cursu
1477 924 1761 988 accidisse,

185 1004 306 1056 satis
343 1001 585 1055 ostendit
632 999 773 1067 quod
826 1007 952 1052 tunc
995 1006 1138 1051 esset
1185 994 1758 1067 paschaJudzeorum.

183 1072 305 1126 Nam
343 1071 502 1140 plena
548 1065 670 1122 luna
701 1067 997 1140 sulcnniter
1039 1069 1236 1140 agitur,
1270 1065 1535 1140 regularis
1578 1073 1762 1140 autem

180 1139 302 1196 solis
331 1135 567 1194 defectio
597 1155 700 1191 non
729 1138 830 1192 nisi
864 1137 1002 1190 lunze
1041 1136 1304 1205 contingit
1333 1135 1577 1190 exordio.
1611 1137 1764 1188 l’atet

182 1212 435 1282 profecto,
467 1219 529 1262 ut
555 1210 645 1263 alii
670 1210 963 1282 scriptores
985 1207 1208 1282 addunt,
1239 1222 1334 1275 per
1361 1206 1596 1282 subitam
1629 1215 1762 1282 tem-

183 1275 434 1352 pestatem
471 1289 638 1350 atque
689 1275 819 1352 solis
851 1278 1286 1332 obscurationem
1323 1277 1499 1352 _c:edi_s
1539 1275 1764 1352 et_l'aci-

184 1345 319 1406 noris
347 1355 467 1419 ejus
503 1345 772 1413 secretum
797 1351 1002 1419 justum
1041 1349 1429 1419 commeruisse
1459 1345 1760 1419 interitum.

184 1422 234 1476 lu
264 1414 465 1476 Christi
496 1435 626 1474 vero
663 1414 835 1475 morte
876 1419 1045 1487 ipsius
1089 1417 1219 1471 solis
1253 1417 1522 1471 defectum
1570 1414 1760 1487 claruit

184 1492 417 1547 elementi
454 1505 580 1545 esse
627 1490 850 1555 luctum,
880 1485 992 1560 quo
1034 1502 1133 1542 suo
1170 1488 1406 1542 creatori
1443 1487 1640 1542 merito
1666 1485 1764 1540 ba-

178 1562 306 1628 huit,
322 1561 648 1618 'condolere.
671 1623 675 1625 _
1348 1591 1354 1594 -

243 1653 517 1708 Hanasses
553 1653 708 1707 annis
746 1651 834 1705 55.
860 1650 1029 1705 Numa
1060 1651 1193 1706 duos
1218 1665 1433 1706 menses
1461 1650 1679 1720 adjecit,
1704 1657 1760 1705 et

1861 453 2243 523 phetaverunt,
2274 465 2327 510 et
2365 455 2627 511 Romulus
2659 460 2921 513 nascitur.
2961 460 3143 515 Achaz
3174 466 3329 518 annis
3359 469 3445 520 16.

1863 545 2032 599 Roma
2096 547 2375 611 conditur,
2424 557 2479 602 et
2534 547 2695 602 Israel
2752 552 2806 604 in
2865 551 3048 606 Medos
3101 555 3447 610 transfertur.

1863 637 2125 693 Ezechias
2153 639 2311 695 annis
2353 639 2442 696 29.
2496 640 2756 697 Romulus
2797 642 2899 698 100
2935 654 3214 701 senatores
3245 649 3450 704 consti-

1867 728 1983 782 tuit.

1935 1643 2210 1699 Manasses
2241 1643 2396 1699 annis
2425 1643 2514 1698 55.
2541 1642 2710 1699 Numa
2734 1643 2868 1698 duos
2894 1657 3108 1699 menses
3147 1644 3362 1716 adjecit,
3391 1651 3450 1702 et

186 1745 637 1818 sybyllaclaruit.
668 1746 843 1800 Αωοη
872 1744 1028 1798 annis
1058 1745 1115 1798 2.
1149 1743 1353 1798 Tullius
1383 1743 1435 1796 in
1461 1757 1519 1796 re
1545 1742 1756 1813 publica
1791 1736 1833 1795 Β
1863 1733 2047 1790 Sibilla
2080 1735 2262 1790 Samia
2286 1735 2499 1792 claruit.
2527 1738 2757 1792 Ammon
2788 1735 2950 1792 annis’
2989 1737 3045 1792 2.
3078 1737 3264 1792 Tullus
3305 1739 3356 1792 in
3389 1754 3450 1794 re

186 1851 388 1892 censum
419 1838 622 1907 exegit.
650 1835 827 1891 Josias
882 1835 1041 1890 annis
1076 1834 1139 1889 51
1175 1834 1308 1906 (45).
1338 1834 1535 1890 Thales
1575 1835 1759 1905 physi-

167 1941 271 1981 cus
297 1927 512 1985 claruit.
541 1925 798 1982 Joachim
821 1925 977 1980 annis
1004 1924 1091 1979 11.
1124 1923 1296 1993 Hujus
1329 1938 1470 1978 anno
1494 1925 1549 1978 5.
1582 1923 1762 1978 Nabu-

186 2021 498 2085 chdouosor,
528 2019 622 2089 qui
655 2017 768 2089 (46)
796 2019 827 2072 7
849 2019 1006 2072 annis
1043 2018 1185 2072 inter
1217 2016 1362 2073 feras
1391 2031 1576 2072 amens
1603 2017 1760 2072 habi-

191 2112 329 2175 tavit,
358 2109 787 2178 cepitJudazam.
816 2108 1116 2165 Sedecbias
1149 2109 1306 2164 annis
1355 2110 1442 2164 11.
1479 2108 1760 2179 Templum

187 2206 527 2277 Jerosolymis
555 2207 834 2258 incensum
861 2213 967 2259 est.

242 2301 368 2352 Sunt
410 2307 598 2352 autem
628 2296 695 2351 ab
717 2296 925 2366 origine
968 2295 1151 2349 mundi
1189 2309 1359 2363 usque
1380 2293 1446 2348 ad
1469 2293 1758 2363 terminum

188 2392 322 2461 regni
349 2389 576 2445 Judacei
604 2389 730 2442 anni
758 2388 920 2459 5565.

245 2481 432 2555 Quinta
461 2490 598 2536 aetas
635 2473 870 2535 continet
909 2494 1079 2533 annos
1105 2478 1230 2534 589.
1278 2477 1624 2534 Hebraeorum
1669 2494 1760 2535 ca-

187 2573 385 2643 ptivitas
430 2572 597 2628 annis
626 2570 928 2626 70.1udith
978 2573 1204 2626 historia
1251 2572 1611 2627 conscribitur
1657 2573 1758 2626 sub

188 2665 307 2734 (47)
328 2666 571 2720 secundo
599 2661 1074 2726 Nabucbdouosor,
1100 2663 1190 2733 qui
1219 2662 1325 2716 alio
1353 2663 1569 2718 nomine
1595 2661 1757 2717 Cam-

187 2753 311 2810 bises
330 2763 582 2809 vocatur.
607 2753 721 2809 Non
754 2755 897 2808 enim
931 2753 1028 2808 fuit
1069 2753 1157 2807 ille
1187 2768 1414 2823 magnus
1434 2751 1754 2807 Nabuchdo-

189 2863 350 2914 nosor,
387 2850 478 2920 qui
532 2848 928 2919 Jerosolymam
965 2849 1129 2918 cepit,
1177 2848 1300 2917 quia
1345 2856 1468 2918 post
1510 2831 1792 2903 eversam.

185 2937 466 2997 Jerusalem
495 2955 616 2994 non
635 2939 863 3010 amplius
885 2954 1044 3008 quam
1070 2938 1142 2992 25
1173 2954 1344 2994 annos
1373 2939 1526 2992 vixit.
1566 2937 1758 2992 Darius

188 3027 313 3083 ﬁlius
339 3029 608 3101 Histaspis
638 3030 796 3085 annis
837 3030 925 3085 56.
968 3028 1135 3099 Hujus
1178 3031 1417 3086 secundo
1444 3045 1587 3084 anno
1617 3039 1755 3083 tem-

187 3119 314 3188 plum
349 3087 744 3191 Hierosolymis
786 3087 1140 3186 construitur,
1186 3119 1354 3173 ﬁnitis
1381 3118 1450 3172 70
1475 3119 1631 3173 annis
1659 3116 1754 3171 Ju-
1784 3087 1829 3150 C

188 3209 335 3265 daica:
378 3210 736 3281 captivitatis.
787 3209 1035 3265 Secundo
1081 3209 1192 3280 (48)
1251 3224 1394 3263 anno
1426 3208 1569 3262 Darii
1616 3207 1756 3277 apud

186 3298 440 3358 Romanos
477 3303 746 3371 septimus
794 3317 824 3355 a
864 3301 1094 3356 Romulo
1132 3301 1458 3371 Tarquinius
1495 3303 1758 3370 superbus

189 3393 427 3462 regnabat
445 3392 518 3446 27
553 3405 746 3452 annos.
792 3407 857 3446 ac
882 3390 1075 3446 deinde
1108 3389 1494 3458 rempublicam
1529 3404 1628 3459 per
1657 3403 1757 3442 an-

187 3498 274 3538 nos
300 3484 398 3538 464
427 3497 606 3554 usque
631 3484 696 3538 ad
723 3481 921 3537 Iulium
947 3481 1219 3538 Caesarem
1257 3481 1506 3537 consules
1529 3480 1758 3535 admini-

1861 1824 2079 1894 publica
2107 1840 2326 1879 censum
2357 1826 2561 1895 exegit.
2589 1826 2766 1882 Josias
2797 1833 2956 1884 annis
2979 1829 3068 1885 51.
3100 1828 3298 1883 Thales
3330 1826 3447 1897 phi-

1862 1915 2260 1970 sicus'claruit.
2301 1915 2547 1972 Joacbim
2577 1919 2734 1974 annis
2782 1919 2869 1974 11.
2896 1919 3064 1990 Hujus
3109 1925 3268 1976 tertio
3306 1935 3450 1974 anno

1861 2007 2354 2066 Nabuchodonosor
2376 2012 2616 2067 Iudaeam
2647 2013 2809 2083 cepit.
2839 2014 3135 2068 Sedechias
3163 2015 3320 2067 annis
3357 2001 3446 2068 11.

1864 2097 2143 2170 Templum
2190 2101 2562 2157 Hierosolimis
2606 2103 2883 2158 incensum
2935 2114 3039 2160 est.
3079 2105 3322 2160 Fuerunt
3351 2120 3452 2159 au-

1863 2198 1969 2244 tem
2008 2192 2076 2245 ab
2110 2192 2320 2262 origine
2349 2195 2533 2248 mundi
2570 2209 2740 2264 usque
2781 2196 2850 2250 ad
2902 2198 3191 2251 terminum
3236 2198 3448 2253 .ludaici

1861 2282 2010 2353 regni
2038 2284 2167 2337 anni
2193 2284 2354 2338 5565.

1931 2475 2125 2547 Quinta
2150 2487 2280 2534 tetas
2303 2481 2541 2535 continet
2561 2496 2732 2536 annos
2753 2482 2877 2537 588.
2905 2482 3248 2539 llehrzeorum
3273 2485 3447 2555 capti-

1860 2571 2001 2624 vitas
2023 2571 2181 2624 annis
2219 2569 2518 2626 70.1udith
2560 2572 2784 2627 historia
2827 2575 3205 2628 conscribitur.
3253 2575 3450 2629 Darius

1861 2660 2019 2713 annis
2043 2661 2132 2714 56.
2166 2658 2334 2729 Hujus
2353 2663 2591 2716 secundo
2621 2679 2764 2717 anno
2797 2664 3048 2734 templmn
3079 2665 3448 2721 Hierosolimis

1859 2754 2214 2820 construitur,
2262 2754 2430 2808 ﬁnitis
2490 2754 2557 2810 70
2602 2757 2760 2812 annis
2805 2755 3044 2813 Judaicae
3095 2760 3446 2829 captivitatis.

1861 2845 2063 2898 Xerses
2100 2845 2256 2899 annis
2296 2845 2385 2910 21,
2425 2845 2730 2902 Herodotus
2769 2848 3235 2920 historiographus
3279 2865 3446 2920 agno-

1862 2938 2050 2993 scitur.
2077 2938 2401 2993 Artaxerses
2435 2940 2592 2993 annis
2618 2939 2709 2994 40.
2739 2940 2943 2996 Ezdras
2976 2941 3145 3012 legem
3173 2943 3447 2998 incensam

1861 3029 2156 3082 renovavit.
2189 3030 2256 3082 Et
2280 3028 2528 3084 Neemias
2575 3029 2907 3086 Hierusalem
2956 3035 3300 3088 restauravit.
3336 3034 3446 3088 Da-

1861 3123 1995 3185 rius,
2019 3122 2108 3190 qui
2140 3131 2195 3176 et
2215 3121 2444 3186 Nothus,
2471 3122 2628 3176 annis
2659 3121 2748 3176 19.
2778 3121 2902 3178 Haec
2945 3132 3078 3179 actas
3113 3123 3301 3187 habuit
3327 3121 3450 3180 Pla~

1862 3220 2064 3266 tonem.
2092 3213 2466 3277 Artarxeises,
2497 3213 2589 3284 qui
2619 3223 2675 3268 et
2702 3214 2901 3277 Ochus,
2949 3215 3105 3267 annis
3128 3215 3217 3269 26.
3252 3206 3446 3272 οθηιοέ

1862 3313 2044 3358 stenes
2092 3313 2147 3358 et
2198 3305 2505 3359 Aristotiles
2565 3305 2947 3374 praedicantur.
3017 3303 3256 3369 Xerses,
3311 3303 3448 3360 Ochi

1863 3393 2027 3460 ﬁlius,
2052 3394 2212 3450 annis
2235 3395 2290 3448 4.
2319 3394 2650 3450 Xenocrates
2674 3394 2888 3450 claruit.
2921 3395 3114 3451 Darius
3141 3396 3297 3451 annis
3321 3395 3373 3450 6.
3423 3397 3427 3402 ’

194 3583 504 3629 straverunt.
563 3571 772 3628 Xerxes
813 3573 967 3628 annis
1008 3573 1099 3628 21.
1141 3572 1444 3629 Herodotus
1499 3571 1964 3644 historiographus
2012 3574 2340 3644 agnoscitur.
2409 3573 2738 3628 Artaxerxes
2813 3573 2970 3628 annis
3032 3571 3138 3626 '40.
3207 3573 3376 3629 Esras

187 3663 338 3734 legem
361 3669 644 3720 incensam
682 3667 978 3727 renovavit.
1013 3675 1066 3721 et
1121 3665 1407 3720 Nehemias
1453 3663 1753 3719 Jerusalem
1773 3666 2118 3720 restauravit.
2155 3665 2370 3728 Darius,
2415 3665 2506 3733 qui
2549 3674 2604 3720 et
2651 3663 2877 3731 Nullius,
2909 3669 3066 3722 annis
3111 3668 3197 3722 l9.
3251 3668 3378 3724 llaec
3417 3677 3423 3682 '

187 3766 304 3810 actas
352 3756 547 3811 habuit
593 3755 892 3812 Platonem.
940 3759 1294 3822 Artaxerxes,
1334 3757 1423 3826 qui
1470 3765 1525 3810 et
1558 3755 1757 3820 Ochus,
1787 3759 1946 3814 annis
1973 3759 2064 3814 26.
2098 3759 2487 3814 Demosthenes
2533 3769 2586 3814 et
2632 3759 2953 3815 Aristoteles
2993 3761 3372 3831 prredicantur.

189 3843 394 3914 Xerxes,
450 3847 591 3904 Ochi
648 3847 809 3912 ﬁlius,
855 3847 1013 3923 annis
1058 3848 1114 3902 4.
1169 3847 1501 3902 Xenocrates
1548 3847 1759 3902 claruit.
1793 3849 1986 3906 Darius
2016 3849 2174 3904 annis
2202 3849 2255 3903 6.
2297 3850 2600 3906 Alexander
2625 3849 3014 3922 Jerosolymam
3061 3853 3220 3922 cepit.
3260 3852 3377 3909 Huc
3419 3851 3421 3854 ⁴

190 3955 342 4008 usque
372 3955 600 4012 regnum
631 3939 939 4004 Persarum,
969 3941 1164 3996 dehinc
1190 3939 1524 3996 Graecorum.
1621 3987 1627 3992 .

248 4032 549 4088 Alexander
574 4031 805 4101 Philippi
836 4030 1058 4086 Macedo
1095 4031 1253 4085 annis
1281 4029 1349 4084 l9.
1396 4029 1578 4084 Asiam
1620 4028 1760 4084 obti-

191 4121 307 4176 nuit.
341 4121 678 4189 Ptolomeus,
709 4118 844 4207 ἰτιεί
894 4119 1068 4191 ﬁlius,
1105 4119 1262 4175 annis
1304 4119 1392 4174 4ο.
1443 4117 1760 4174 Machabeo-

1934 4027 2243 4082 Alexander
2287 4024 2507 4080 Macedo
2556 4023 2712 4078 annis
2750 4022 2850 4086 12,
2903 4027 2992 4092 qul
3036 4021 3443 4078 "ierosolimam

1865 4101 2026 4168 cepit.
2061 4098 2176 4151 lluc
2211 4111 2380 4164 usque
2410 4112 2630 4168 regnum
2659 4095 2965 4168 Persarum,
2998 4094 3192 4168 dehinc
3222 4094 3445 4168 Graeco-

1867 4163 2006 4222 ruin.
2031 4163 2340 4222 Alexander
2363 4163 2503 4219 anno
2532 4166 2595 4218 5°
2626 4165 2807 4218 Asiam
2838 4163 3090 4217 obtinuit.
3119 4164 3441 4226 Ptolomeus,

192 4211 458 4314 liber
503 4211 714 4314 primus
752 4211 1024 4314 inchoat.-
1051 4210 1430 4314 Philadelphus
1471 4209 1634 4314 annis
1793 4251 1838 4309 Β
3119 4208 3447 4314 ᾖξξίιςιίζῖᾶζ

193 4300 319 4355 LXX
354 4303 683 4372 interpretes
718 4301 1032 4357 claruerunt
1071 4302 1202 4373 (49).
1247 4339 1263 4355 .
1307 4341 1322 4356 .
1362 4340 1377 4355 .
1416 4340 1430 4356 .
1471 4302 1765 4371 Evergetes

194 4391 333 4445 annis
351 4389 442 4444 29.
468 4389 670 4446 Brutus
699 4390 1014 4460 Hispaniam
1039 4391 1269 4461 subegit.
1302 4389 1458 4444 Soter
1489 4391 1646 4446 annis
1674 4391 1760 4445 17.

195 4479 416 4536 Thraces
443 4480 703 4535 Romanis
738 4480 1116 4550 subjiciuntur.
1160 4479 1332 4535 Varro
1359 4489 1414 4535 et
1447 4479 1637 4535 Cicero
1669 4497 1765 4535 na-

195 4581 423 4626 scuntur.
453 4571 756 4626 Alexander
803 4571 960 4624 annis
1009 4571 1095 4626 10.
1147 4570 1288 4626 Siria
1335 4587 1432 4643 per
1476 4569 1764 4626 Gabinium

197 4660 462 4730 subjicitur
487 4662 761 4718 Romanis.
796 4660 1118 4728 Ptolomeus,
1147 4663 1441 4732 CleOpatrze
1478 4662 1634 4724 ﬁlius,
1663 4678 1763 4715 an-

199 4753 271 4805 nis
296 4752 351 4808 S.
382 4752 651 4810 Salustius
686 4753 1154 4824 historiographus
1193 4755 1452 4809 nascitur.
1494 4754 1766 4808 Dionisius

199 4845 339 4899 annis
361 4843 449 4899 50.
480 4843 765 4915 Pompeius
806 4844 1049 4900 Iudaeam
1091 4846 1248 4915 cepit.
1295 4845 1575 4915 Cleopatra
1609 4846 1764 4899 annis

198 4929 245 4984 2.
274 4932 528 5006 Ᾱίεςριιιε
572 4935 828 4992 Romanis
871 4933 1144 4991 subditur.
1195 4933 1484 5007 llucusque
1541 4949 1764 5007 regnum

198 5023 520 5095 Grecorum,
547 5046 686 5086 nunc
719 5031 1103 5087 Romanorum.

266 5290 370 5326 (ιη
409 5292 731 5326 Τιηοηηυέιω.
879 5285 1070 5326 ΙιηΙηιῖι
1125 5292 1397 5326 ρΛηΑηιονρ
1440 5300 1486 5326 la
1545 5305 1606 5326 4n-
1657 5286 1762 5326 alin

1865 4302 2103 4364 choavit.
2157 4306 2534 4374 Philadelphus
2588 4307 2744 4358 annis
2793 4303 2880 4374 58.
2928 4302 3070 4374 LXX
3127 4302 3446 4374 interpretes

1865 4381 2197 4433 claruerunt.
2253 4372 2540 4446 Even-getes
2567 4445 2572 4446 ί
2601 4375 2754 4428 annis
2805 4373 2893 4427 26.
2923 4372 3447 4446 _Jes_us__sapientiar

1867 4449 2058 4503 librum
2091 4441 2420 4517 composuit:
2459 4445 2770 4517 Philopater
2808 4443 2967 4517 annis
3000 4443 3084 4496 l7.
3116 4441 3447 4517 Machang-

1867 4535 1985 4572 rum
2014 4519 2148 4572 liber
2184 4506 2450 4570 sccundus
2490 4506 2774 4569 inchoavit.
2807 4512 3114 4580 Epiphanes
3157 4511 3311 4564 annis
3350 4506 3445 4580 24.

1866 4589 2095 4642 Romani
2125 4588 2342 4642 Graecos
2393 4587 2764 4639 obtinuerunt.
2812 4579 3140 4636 Philometor
3169 4582 3324 4634 annis
3353 4579 3442 4633 55.

1868 4658 2020 4712 lluuc
2062 4658 2360 4712 Antiochus
2410 4669 2710 4724 superans,
2773 4652 2985 4708 Iudaeos
3029 4650 3323 4724 ξυνίῃ-58811.
3381 4650 3450 4703 Et

1868 4728 2050 4797 Scipio
2089 4729 2327 4782 Alricam
2375 4719 2522 4797 vicit.
2574 4726 2866 4797 Evcrgetes
2913 4719 3085 4797 almis
3114 4719 3211 4776 29.
3251 4719 3451 4797 Rrutus

1871 4790 2180 4868 Hispaniam
2213 4796 2448 4868 subegit.
2483 4796 2683 4868 Sother
2715 4790 2871 4850 annis
2905 4791 2992 4845 17.
3023 4790 3452 4868 TracesRoma-

1867 4862 2553 4941 nis'sulijicitintur.'Yarro
2579 4877 2632 4941 et
2654 4866 2842 4941 Cicero
2872 4870 3189 4941 nascuntur.
3223 4862 3455 4941 Alexan-

1868 4939 1964 4996 der
1995 4931 2150 4995 annis
2175 4941 2261 4997 10.
2297 4937 2442 5011 Siria
2473 4953 2570 5008 per
2594 4936 2880 4992 Gabinium
2933 4931 3452 5011 Romanis_subjici-

1871 5018 1974 5064 tur.
2008 5011 2337 5075 Ptolomeus,
2369 5002 2874 5078 Cleopatrm-lilius,
2908 5005 3064 5058 annis
3100 5005 3159 5078 8.
3191 5002 3456 5078 Salustius

1869 5071 2337 5154 historiographus
2372 5071 2632 5154 nascitur.
2678 5079 2946 5136 Dionisius
2992 5077 3156 5154 a_Imi_s
3182 5075 3274 5154 δὲ
3305 5071 3459 5154 ιδυμεῖ

1868 5153 2024 5218 peius
2071 5143 2307 5210 Judaeum
2355 5152 2520 5222 cepit.
2573 5151 2856 5223 Cleopatra
2906 5146 3065 5201 annis
3109 5147 3167 5203 2.
3213 5143 3462 5215 Egimus

1867 5296 1933 5326 ml
2012 5299 2065 5326 nl
2088 5291 2299 5326 ινῖιῐοιιιιο
2334 5291 2546 5326 Ινιιιεισι.
