3944 6382
507 341 613 398 iss
1369 334 1618 391 ANNAL.
1661 321 2095 387 tllLDESllElM.
2129 317 2493 395 omnum
2540 305 2922 380 u'tztssmtn.
3662 324 3749 382 iga

762 448 1082 508 ANNALES
1107 423 1840 516 QUEDLINBURCENSES.
2592 437 2942 493 LAMBERTI
2969 437 3309 493 ANNALES.

2124 544 2171 602 Α
2202 534 2460 590 Romanis
2498 535 2768 590 subditur.
2803 534 2918 588 Huc
2963 546 3132 603 usque
3176 549 3395 605 regnum
3445 532 3750 591 Grincorumv

2203 623 2350 661 nunc
2379 605 2768 660 Romanorum.

581 691 750 746 Julius
794 689 978 746 C3331"
1023 689 1182 746 ειηηίε
1231 688 1282 743 5-
1336 688 1432 742 “lc
1471 687 1677 757 immus
1727 682 2094 740 "lonarehiam
2275 699 2446 754 Julius
2492 696 2672 754 Caesar
2715 697 2870 751 annis
2911 696 2967 751 5.
3025 695 3122 751 llic
3167 712 3374 766 primus
3413 699 3753 755 monarchiazn

513 783 707 850 tenuit,
737 792 792 838 et
833 782 904 838 ab
941 782 1042 838 hoc
1079 796 1309 836 cresares
1347 779 1598 849 appellati
1643 787 1787 832 sunt.
1835 776 1918 830 Ab
1968 773 2100 830 orbe
2207 791 2403 855 ιοηυίι,
2438 799 2494 844 ει
2521 789 2588 844 ab
2617 790 2721 844 hoc
2743 804 2975 844 (mw-cs
3000 788 3249 859 appellari
3283 796 3429 844 ειηη,

512 875 732 930 condito
772 889 944 944 usque
991 875 1058 929 ad
1093 873 1280 928 urbem
1315 872 1610 938 conditam,
1660 869 1710 922 id
1741 877 1822 923 est
1850 867 2078 924 Romam

513 978 640 1023 sunt
668 969 792 1023 anni
840 968 1000 1025 4484.
1046 969 1127 1024 Ab
1169 969 1302 1024 urbe
1344 977 1524 1022 autem
1567 965 1782 1020 condita
1826 977 1994 1033 usque
2033 960 2099 1015 ad
2136 967 2470 1023 nativitatem
2513 967 2715 1024 Christi
2753 977 2879 1024 sunt
2925 969 3052 1025 anni
3079 967 3202 1036 715,
3241 984 3471 1042 quorum
3509 979 3699 1024 summa

514 1060 756 1131 quinque
788 1060 933 1114 milia
963 1059 1086 1115 199.

586 1152 913 1208 Octavianus
958 1153 1230 1222 Augustus
1277 1149 1432 1203 annis
1476 1146 1565 1202 56.
1614 1145 1782 1216 Hujus
1816 1158 1958 1198 anno
2008 1141 2102 1196 42⁸
2277 1140 2602 1197 Octaviauus
2633 1141 2792 1197 annis
2841 1141 2930 1197 56.
2976 1139 3149 1212 Hujus
3193 1157 3337 1198 anno
3389 1143 3482 1207 42.
3538 1146 3760 1204 Dominus

516 1243 776 1299 Dominus
803 1243 1064 1307 nascitur,
1091 1240 1373 1309 completis
1401 1239 1468 1293 ab
1496 1238 1668 1292 Adam
1698 1235 1854 1290 annis
1883 1233 2023 1289 4952
2050 1243 2107 1288 et
2208 1244 2390 1288 noster
2418 1233 2574 1289 Jesus
2597 1233 2846 1289 Christus
2883 1236 3145 1296 nascitur.
3184 1237 3470 1306 completis
3516 1238 3581 1293 ab
3616 1242 3758 1296 Adam

512 1335 668 1404 juxta
698 1337 834 1391 alios
866 1334 1024 1390 5l99.

2197 1322 2355 1393 juxta
2391 1323 2762 1378 Hierouiiuum
2795 1326 2952 1379 anuis
2982 1324 3142 1380 5199.

591 1426 838 1480 Tiberius
867 1425 1026 1479 annis
1052 1423 1143 1477 25.
1177 1422 1346 1491 Hujus
1391 1438 1534 1477 anno
1574 1421 1664 1476 17°
1693 1419 1952 1474 Dominus
1979 1433 2104 1473 cru-
2279 1416 2526 1470 Tiberius
2550 1415 2824 1486 Augustus
2853 1417 3008 1471 annis
3052 1417 3141 1471 25.
3179 1417 3347 1484 Hujus
3392 1434 3536 1473 anno
3568 1421 3647 1483 18,
3677 1422 3760 1476 θοι

519 1518 776 1588 cingitur.
2209 1507 2388 1564 minus
2418 1517 2604 1564 noster
2635 1507 2791 1563 Jesus
2816 1508 3062 1564 Christus
3099 1511 3391 1565 crucitixus
3419 1521 3522 1565 est.

596 1610 758 1665 Caius
781 1608 940 1665 annis
965 1609 1021 1664 4.
1051 1607 1297 1663 Matheus
1325 1605 1662 1676 evangelium
1693 1604 1933 1674 scripsit.
2196 1669 2200 1673 _
2279 1599 2444 1655 Gaius
2469 1601 2626 1656 annis
2655 1599 2708 1655 4.
2741 1596 2990 1657 Matheus
3020 1600 3358 1673 evangelium
3390 1604 3624 1674 scripsit.

591 1698 845 1754 Claudius
871 1698 1029 1753 annis
1056 1698 1142 1752 14.
1175 1695 1365 1752 Petrus
1388 1704 1442 1750 et
1462 1694 1660 1750 Paulus
1691 1695 1938 1759 Romam,
1969 1693 2110 1748 Mar-
2279 1690 2535 1746 Claudius
2583 1692 2741 1747 annis
2788 1693 2876 1746 11.
2925 1691 3120 1747 Petrus
3166 1692 3393 1748 Romam
3419 1733 3434 1759 ,
3489 1703 3543 1751 et
3583 1695 3763 1752 Marcus

512 1802 620 1842 cus
644 1786 1025 1842 Alexandriam
1053 1786 1209 1856 petit.
2206 1781 2592 1838 Alexandriam
2621 1783 2914 1854 petierunt.

513 1911 516 1916 -
593 1877 735 1932 Nero
768 1879 926 1933 annis
953 1877 1015 1932 14
1053 1893 1224 1949 paene.
1268 1875 1463 1933 Petrus
1489 1887 1542 1932 et
1568 1875 1764 1931 Paulus
1808 1874 1955 1932 cruci
2000 1874 2112 1946 gla-
2283 1873 2427 1930 Nero
2455 1873 2613 1930 anuis
2643 1876 2751 1931 11⁸.
2789 1870 2980 1932 Petrus
3007 1883 3063 1933 et
3099 1871 3295 1934 Paulus
3324 1879 3475 1936 cruci
3521 1880 3763 1952 gladioque

519 1969 720 2040 (lioque
752 1969 1060 2024 traduntur.
2214 1965 2398 2020 traditi
2430 1975 2555 2022 sunt
2575 1966 2711 2038 (51).

512 2109 514 2114 λ
604 2061 964 2130 Vespasianus
1003 2061 1161 2118 annis
1191 2060 1276 2116 10.
1317 2061 1488 2132 Hujus
1533 2075 1675 2115 anno
1700 2062 1936 2116 secundo
1961 2059 2114 2114 Titus
2288 2054 2649 2126 Vespasianus
2692 2058 2851 2113 anuis
2880 2058 2964 2113 10.
2996 2057 3166 2128 Hujus
3205 2074 3349 2116 anno
3381 2061 3614 2116 secundo
3642 2061 3766 2117 Titus

524 2147 916 2223 Jerosolymam
973 2151 1275 2217 subvertit,
1323 2152 1578 2223 templum
1626 2152 1742 2206 solo
1800 2151 2109 2221 prostravit,
2215 2146 2628 2203 “ierosolimam
2658 2149 2943 2213 subvertit,
2975 2151 3232 2219 templum
3283 2150 3400 2204 solo
3445 2153 3646 2216 stravit,
3670 2163 3766 2220 post

526 2250 650 2312 post
673 2259 844 2298 annos
870 2243 1058 2313 primae
1099 2242 1473 2298 aedificationis
1506 2242 1661 2307 1089,
1692 2242 1983 2298 Dominica:
2020 2256 2117 2296 au-
2218 2255 2388 2294 annos
2438 2240 2626 2310 primm
2671 2240 3048 2296 tediiicationis
3093 2241 3252 2306 1189,
3292 2241 3586 2296 Dominica:
3619 2251 3769 2296 autem

526 2343 634 2387 tem
663 2333 1052 2388 incarnationis
1085 2333 1197 2389 71-.
1225 2334 1477 2410 colossus
1508 2334 1620 2406 (50)
1655 2334 1842 2390 Horum
1865 2335 2112 2406 erigitur,
2219 2332 2612 2388 incarnationis
2638 2333 2727 2386 71.

532 2427 738 2483 habens
773 2428 1072 2484 altitudinis
1095 2430 1257 2498 pedes
1285 2431 1405 2486 107.
2152 2421 2192 2479 Β

597 2517 752 2572 Titus
780 2518 938 2574 annis
961 2519 1015 2573 2.
1061 2519 1159 2574 llic
1191 2517 1455 2575 facundus
1493 2529 1547 2574 et
1586 2520 1706 2589 pius
1755 2520 1880 2584 fuit,
1935 2531 1991 2574 et
2036 2519 2121 2573 vir

523 2608 765 2664 omnium
796 2609 1054 2664 virtutum
1083 2624 1283 2680 genere
1313 2611 1594 2678 mirabilis,
1624 2612 1758 2666 adeo
1789 2620 1847 2666 ut
1886 2626 2040 2666 amor
2064 2621 2120 2666 et

528 2700 736 2755 deliciae
763 2700 982 2755 humani
1018 2702 1233 2772 generis
1259 2702 1550 2758 diceretur.

2291 2554 2446 2608 Titus
2484 2553 2640 2608 annis
2674 2553 2728 2610 2.
2762 2553 2856 2609 Hic
2889 2552 3151 2610 facundus
3175 2562 3230 2607 ct
3258 2552 3378 2626 pius
3415 2552 3534 2610 fuit.

599 2790 969 2857 Domiciauus,
1001 2791 1166 2846 frater
1210 2792 1340 2859 Titi,
1371 2794 1527 2848 annis
1556 2793 1639 2848 16.
1682 2793 1780 2850 Hic
1809 2791 2110 2849 Iohannem
2228 2829 2240 2837 -
2293 2793 2639 2851 Doniicianus
2675 2795 2834 2854 annis
2864 2794 2949 2850 16.
2999 2795 3238 2851 Joannes
3274 2795 3552 2866 apostolus
3595 2794 3641 2848 in
3683 2790 3763 2847 Pa.

535 2880 924 2951 evangelistam
952 2881 1008 2936 in
1035 2881 1253 2936 fervens
1295 2883 1475 2938 oleum
1509 2885 1676 2948 misit,
1723 2899 1886 2955 quem
1931 2894 2115 2952 postea
2221 2886 2401 2941 thmos
2429 2887 2726 2956 relegatur.

532 2969 587 3023 in
613 2969 870 3025 Patlunos
896 2971 1124 3026 insulam
1150 2971 1312 3026 exilio
1339 2972 1613 3044 relegavit,
1647 2974 1735 3028 ubi
1780 2974 2112 3044 apocalipsin

530 3063 643 3117 Deo
674 3064 949 3118 revelante
975 3064 1247 3130 cognovit.
1278 3063 1423 3118 Idem
1461 3064 1808 3120 Domicianus
1857 3064 2112 3134 templum
2153 3061 2433 3118 Pantheon
2490 3063 2674 3118 Romae
2726 3062 2987 3128 aedificat,
3044 3063 3188 3132 quod
3237 3062 3547 3118 Bonifacius
3595 3074 3709 3130 papa

529 3161 720 3224 postea
774 3153 827 3207 in
893 3154 1098 3230 honore
1157 3163 1358 3210 sanctae
1389 3153 1569 3210 Mariae
1623 3171 1837 3225 semper
1898 3154 2116 3223 \irginis
2151 3157 2501 3225 omniumque
2523 3165 2755 3210 matrum
2785 3155 2986 3210 Christi
3017 3155 3377 3209 consecravit.

600 3242 776 3299 Nerva
807 3260 1007 3300 annum
1047 3246 1100 3310 1,
1152 3260 1366 3301 menses
1414 3245 1469 3311 4,
1527 3245 1642 3301 dies
1690 3248 1743 3303 8.
1792 3245 1892 3301 Hic
1935 3245 2110 3315 primo
2291 3246 2468 3301 Nerva
2496 3262 2638 3302 anno
2663 3262 2792 3300 uno.
2817 3244 3054 3300 Joonues
3075 3245 3347 3316 Ephesum
3376 3244 3535 3300 rediit
3555 3248 3604 3299 et
3627 3251 3759 3294 evan.

530 3335 712 3390 edicto
751 3350 851 3390 suo
883 3345 1108 3391 cunctos
1156 3335 1342 3391 exules
1394 3338 1707 3401 revocavit,
1755 3345 1812 3392 et.
1857 3335 2116 3406 quicquid
2222 3337 2420 3407 gelium
2450 3337 2692 3408 scripsit.

533 3425 881 3483 Domicianus
931 3427 1096 3496 Nero,
1141 3429 1232 3499 qui
1291 3438 1415 3484 ante
1459 3445 1581 3485 cum
1639 3439 1974 3500 regnaverat,
2025 3443 2119 3498 per

521 3505 907 3574 crudelitatem
933 3529 991 3576 et
1042 3522 1419 3592 petulantiam,
1467 3538 1574 3592 qua
1617 3523 1841 3576 nimium
1891 3521 2116 3584 exarsit,
2157 3526 2444 3582 statuerat,
2472 3518 2637 3572 totius
2684 3515 2864 3587 populi
2908 3525 3097 3587 rogatu
3124 3525 3180 3571 et
3225 3515 3456 3570 consilio
3482 3510 3707 3582 disrtipit.

540 3607 694 3664 Unde
714 3623 766 3665 et
786 3609 1063 3667 Iohannes
1093 3614 1370 3681 apostolus
1399 3614 1499 3667 hac
1533 3613 1771 3684 generali
1799 3612 2124 3683 indulgentia
2162 3613 2436 3677 liberatus,
2477 3612 2746 3680 Ephesqu
2800 3610 2980 3675 rediit,
3041 3617 3098 3663 et
3141 3609 3267 3678 quia
3310 3621 3619 3662 concussam
3661 3612 3708 3656 se

536 3700 762 3757 absente
809 3718 904 3772 per
940 3704 1222 3760 haereticos
1292 3705 1424 3759 vidit
1461 3704 1706 3760 eoilesia:
1749 3705 1930 3771 fidem,
1983 3703 2264 3760 confestim
2311 3704 2411 3759 hac
2461 3703 2785 3774 descriptam
2842 3701 2895 3756 in
2944 3698 3224 3771 evangelio
3274 3713 3376 3754 suo
3413 3698 3558 3754 verbi
3602 3694 3682 3750 Dei

535 3793 843 3848 mternitate
871 3794 1154 3848 stabilivit.

607 3879 874 3964 Trajauus
901 3883 1058 3972 annis
1086 3883 1166 3964 19..
1198 3881 1473 3965 .iolianncs
1503 3884 1778 3954 apostolus
1804 3884 2114 3972 “D‘S‘hannos

2124 3920 2125 3926 ‘
2154 3887 2199 3949 (ἶ
2301 3903 2566 3972 Trajanus
2592 3903 2750 3957 annis
2779 3901 2868 3957 19.
2909 3901 3130 3956 Simeon
3164 3900 3631 3954 Hierosoiizuorum
3665 3894 3756 3960 θρῖα

537 4091 868 4169 snlyuiorum
907 4092 1192 4160 episcopus
1227 4094 1329 4146 126
1373 4093 1551 4149 aetatis
1582 4091 1693 4149 suae
1727 4110 1871 4149 anno
1914 4097 2129 4148 craciti-
2229 4093 2350 4144 scit.

543 4169 709 4228 gilur.

610 4246 882 4301 Adrianus
903 4249 1059 4303 annis
1085 4249 1174 4303 20.
1219 4249 1318 4306 llic
1341 4250 1557 4306 Iudaeos
1602 4252 1790 4306 ultima
1830 4253 1974 4307 caede
2002 4266 2127 4322 per-
2306 4244 2572 4302 Adrianus
2600 4242 2757 4298 annis
2783 4241 2874 4297 21.
2906 4238 3097 4311 Aquila
3124 4239 3395 4309 interpres
3421 4238 3603 4293 oritur.

540 4337 772 4406 domuit,
817 4351 870 4394 et
913 4339 1304 4414 Jerosolymam
1349 4345 1595 4401 funditus
1637 4361 1883 4401 eversam
1931 4343 2131 4399 aratris
3345 4423 3372 4427 _
3530 4422 3542 4427 ,
3661 4416 3701 4427 ,,

524 4419 928 4504 ἐοιιῳῐειηογὶι,
959 4446 1018 4492 υι
1040 4439 1352 4508 impleretur
1373 4443 1518 4511 quod
1547 4441 1807 4511 scriptum
1837 4449 1920 4496 est
1945 4458 1958 4495 :
1987 4439 2114 4495 Sion

2156 4434 2308 4506 quasi
2328 4448 2455 4503 ager
2474 4429 2744 4492 arabitur;
2768 4425 2860 4497 qui
2891 4434 3076 4496 postea
3098 4425 3151 4478 in
3186 4424 3304 4480 loco
3334 4422 3604 4482 Calvarim,
3630 4417 3700 4470 uhi

541 4526 793 4582 Christus
821 4530 1110 4585 crueilixns
1130 4539 1234 4595 est,
1281 4531 1555 4588 civitatem
1583 4533 1904 4595 construxit,
1957 4545 2118 4601 quam
2158 4526 2338 4582 ablato
2375 4519 2727 4589 Jerosolymze
2773 4518 2994 4572 nomine
3045 4514 3250 4572 Heliam
3285 4517 3350 4570 de
3379 4530 3477 4569 suo
3523 4514 3708 4566 nomine

541 4617 722 4671 Vncari
759 4617 941 4685 jussit,
971 4620 1092 4689 quia
1129 4619 1304 4675 [Elius
1339 4622 1608 4678 Adrianus
1650 4621 1976 4684 vocabatur;
2034 4619 2127 4673 sed
2161 4613 2418 4682 antiquus
2450 4625 2578 4663 usus
2608 4607 2908 4677 prmvaluit.

616 4712 922 4766 Antoninus
970 4712 1097 4767 Pius
1146 4729 1270 4768 cum
1316 4714 1442 4769 filiis
1485 4714 1597 4769 suis
1630 4714 1849 4769 Aurelio
1877 4724 1930 4767 et
1957 4712 2114 4766 Lucio

2309 4703 2612 4760 Antoninus
2657 4700 2784 4756 Pius
2820 4699 2978 4753 annis
3001 4697 3092 4753 24.
3124 4695 3530 4752 Valentinianus
3568 4699 3618 4746 et
3645 4685 3757 4740 Har-

542 4803 702 4857 annis
729 4802 819 4856 22.
855 4803 952 4857 Hic
983 4805 1243 4874 herignus
1265 4822 1391 4876 erga
1431 4806 1760 4861 christianos
1785 4805 1904 4860 fuit.
1934 4803 2114 4859 Valen-

2124 4835 2127 4843 ι
2233 4796 2354 4850 cion
2389 4793 2612 4850 heretici
2641 4799 3033 4862 agnoscuntur.

546 4892 693 4945 tinus
719 4899 772 4944 et
796 4890 1032 4946 Marcion
1066 4905 1452 4962 agnoscuntur.

617 4980 688 5034 M.
734 4982 1041 5038 Antoninus
1097 4960 1267 5039 l’erns
1313 5001 1436 5039 cum
1481 4985 1651 5042 fratre
1699 4985 1869 5041 Lucio
1910 4983 2131 5040 Aurelio
2305 4966 2611 5024 Ᾱηῑοηῖηιιε
2635 4960 3757 5031 ηιῑηοτιιηιιῑε19οΜοηιειηιιεσεωίτιεωπη

546 5072 842 5130 Commodo
869 5076 1026 5130 annis
1071 5077 1152 5131 16.
1201 5076 1265 5132 Hi
1310 5079 1544 5149 primum
1594 5079 1716 5147 jure
1763 5093 1919 5147 aequo
1963 5079 2114 5148 impe'

2124 5106 2133 5116 .
2167 5135 2209 5149 ﬁ
2237 5072 2430 5118 auctor
2459 5062 2652 5117 oritur.

547 5165 691 5216 rium
722 5165 1255 5229 adininistravemnt,
1301 5185 1424 5223 cum
1460 5185 1630 5239 usque
1672 5170 1738 5224 ad
1784 5171 1887 5226 hoc
1924 5179 2136 5242 tempus

548 5251 745 5321 singuli
775 5256 986 5323 augusti
1027 5257 1247 5310 fuerint.

621 5338 949 5398 Commodus
968 5342 1152 5412 junior
1181 5347 1338 5402 annis
1355 5347 1441 5403 15.
1459 5344 1557 5405 Hic
1586 5350 1780 5406 colossi
1812 5352 1989 5424 capite
2007 5352 2133 5407 sub-
2311 5353 2906 5412 Commodusannis15.
2923 5340 3756 5425 Theodotioninterpmsappamit.

605 5487 1484 5584 :g‘59‘jAlanemtentibusQ.plura
1523 5518 1585 5584 ex
1631 5501 1774 5559 Beda
1826 5504 2002 5584 deAYl
2041 5514 2128 5584 aet.
2245 5575 2279 5584 Α
2312 5503 2426 5584 (51)
2474 5477 2632 5584 Aridi:
2678 5524 2707 5584 ί
2745 5512 2996 5567 Lucanus
3055 5522 3107 5568 et
3163 5503 3758 5584 Josephusrctaruemllf‘

547 5558 1050 5638 aliisquefontibus
1100 5558 1277 5637 addit?
1322 5558 1656 5630 'Lambertus
1689 5558 1844 5632 vero
1892 5558 2131 5631 Annales
2238 5558 2644 5634 Galbam—Piso
2678 5558 2708 5633 ³1
2737 5558 3107 5638 ιῖέῆξέζυιῖέ
3130 5558 3759 5638 οξξίὖῆδίὶιιόἶέεεωεηο

549 5629 960 5706 Hersfeldeuses
993 5649 1236 5707 repetere
1261 5629 1526 5699 videtur.
1638 5629 1644 5630 ί
1749 5629 1764 5632 ⁷
1814 5629 1825 5631 ⁷
1945 5629 1971 5631 ’γ
2239 5629 3036 5771 aes:lliicéevi‘psuniwo'ceidil:
3062 5629 3620 5711 viieiii'Jé'a'iiiéIiés;
3648 5643 3758 5695 111³1³⁸

2243 5732 2335 5772 occ
2367 5728 2436 5771 ,ιι
2513 5722 2850 5789 espasianus.
3666 5763 3668 5766 ν
