3944 6384
135 314 234 373 ‘57

368 428 694 487 ANNALES
729 426 1467 498 QUEDLINBURGENSES.

950 311 1040 369 ΕΤ
1078 312 1431 371 LAMBERTI
1476 312 2055 372 ASCHAFNABURG.
2096 314 2279 389 PARS
2316 315 2546 376 PRIOR.

3283 327 3390 386 £58

2254 430 2605 490 LAMBERTI
2645 434 2964 493 ANNALES

130 526 263 589 tato,
288 540 396 581 suae
426 516 682 597 imaginis
723 531 886 593 caput
924 523 976 579 ei
1016 521 1184 594 jussit
1208 522 1432 594 imponi.
1462 520 1709 579 Theodo—
1733 525 1786 587 Α
1879 520 2057 577 Allius
2085 522 2342 578 Pertinax
2373 538 2576 580 annum
2604 525 2653 580 1.
2694 525 2839 582 Nihil
2868 528 3109 587 historia:
3135 530 3318 590 habet.

128 616 240 670 cion
270 616 545 685 interpres
583 613 832 671 habetur.

186 705 362 764 Elius
402 744 418 761 .
460 744 481 764 .
525 746 542 761 .
583 744 601 763 .

190 836 205 851 .
244 836 258 850 .
301 835 318 851 .
361 835 377 850 .
420 795 680 853 Pertinax
708 796 869 852 annis
907 795 995 852 18.
1043 794 1403 867 Symmachus
1432 795 1703 867 interpres

124 889 372 945 habetur.

183 979 489 1036 Antoninus
523 977 809 1036 Caracalla
840 977 996 1034 annis
1025 978 1076 1033 7.
1112 976 1316 1046 Quinta
1353 975 1524 1033 editio
1551 974 1704 1034 Jeru-

121 1070 276 1127 salem
311 1071 614 1127 invenitur.

180 1161 450 1217 Macrinus
473 1177 620 1218 anno
643 1176 770 1218 uno.
804 1160 877 1215 Μ.
907 1159 1162 1216 Aurelius
1199 1159 1508 1216 Antoninus
1542 1161 1699 1217 annis

64 1326 69 1331 θ
121 1255 169 1310 1.
194 1253 351 1310 Sexta
382 1256 559 1311 editio
600 1254 845 1327 Nicopoli
878 1256 1172 1326 reperitur,
1210 1265 1267 1311 et
1314 1254 1583 1312 Sabellius
1612 1257 1697 1313 in-

119 1345 232 1399 felix
252 1346 519 1400 exoritur.

178 1434 424 1488 Aurelius
442 1433 757 1490 Alexander
781 1436 940 1491 annis
963 1435 1051 1491 15.
1074 1434 1338 1507 Origenes
1352 1435 1695 1493 Alexandria:

118 1526 215 1582 imo
244 1537 356 1581 toto
380 1528 518 1582 orbe
540 1528 725 1583 clarus
747 1528 999 1584 habetur.

177 1617 500 1693 Maximinus
526 1619 689 1676 annis
713 1620 767 1675 5.
797 1620 894 1677 llic
921 1621 1269 1693 persequitur
1304 1622 1655 1681 christianos.

176 1794 477 1854 Gordianus
499 1798 664 1856 annis
685 1799 739 1855 6.
769 1799 1041 1858 Fabianus
1061 1802 1346 1874 episcopus
1373 1802 1560 1860 Romae
1583 1804 1693 1860 cla-

118 1888 229 1943 ruit.

177 1979 444 2052 Philippus
470 1997 597 2038 cum
621 1980 872 2055 Philippo
902 1984 1013 2041 tilio
1051 1986 1210 2043 annis
1240 1988 1296 2043 8.
1339 1986 1441 2044 Hic
1480 1989 1690 2059 primus

121 2068 424 2127 christianus
449 2072 756 2144 imperator
785 2073 907 2141 fuit,
932 2087 989 2133 et
1023 2077 1165 2132 tilias
1193 2076 1310 2146 eius
1344 2078 1616 2135 similiter.

1876 786 2113 844 Severus
2151 787 2408 845 Pertinax
2455 791 2614 848 annis
2659 795 2746 851 18.
2798 795 3085 854 Simachus
3116 796 3391 871 interpres

1803 880 2138 948 agnoscitur.

1870 969 2140 1026 Antonius
2184 933 2460 1030 Caracalla
2486 977 2645 1034 annis
2677 979 2730 1032 7.
2763 979 2960 1047 Quinta
3000 981 3167 1039 editio
3199 982 3391 1040 Hieru-

1804 1059 1971 1115 salem
1996 1062 2291 1118 invenitur.

1871 1151 2148 1210 Macrinus
2180 1172 2323 1212 anno
2351 1173 2457 1213 uno
2479 1158 2563 1214 vel
2594 1159 2810 1217 Marcus
2830 1161 3086 1222 Aurelius
3118 1165 3386 1224 Antonius

1799 1246 1956 1301 annis
1981 1247 2035 1301 4.
2069 1247 2237 1303 Sexta
2264 1250 2434 1306 editio
2479 1250 2723 1324 Nicopoli
2778 1258 3072 1327 reperitur.
3101 1269 3158 1316 et
3200 1261 3388 1318 Sabel-

1797 1337 1903 1393 lius
1929 1338 2112 1394 infelix
2135 1341 2330 1397 oritur.

1867 1430 2177 1486 Alexander
2224 1434 2382 1490 annis
2429 1436 2516 1494 15.
2567 1438 2827 1511 Origenes
2878 1442 3224 1502 Alexandriae
3272 1448 3385 1504 ela-

1797 1519 1925 1574 ruit.

1866 1611 2227 1671 Maximianus
2250 1616 2335 1672 vcl
2360 1616 2626 1677 Maximus
2651 1624 2808 1680 annis
2835 1627 2888 1681 5.
2921 1624 3020 1682 Hic
3065 1640 3383 1700 persecutus

1793 1713 1877 1759 est
1906 1707 2218 1762 cristianos.

1863 1795 2169 1854 Gordianus
2187 1800 2345 1858 annis
2368 1803 2423 1858 7.
2452 1803 2727 1863 Fabianus
2748 1808 3035 1885 episcopus
3062 1813 3246 1872 Roma:
3272 1817 3385 1874 cla-

1718 1907 1769 1966 Β
1795 1888 1928 1946 ruit.

1863 1980 2142 2054 Philippus
2177 1987 2335 2043 annis
2363 1988 2414 2042 7.
2450 1988 2549 2045 llic
2590 1991 2798 2063 primus
2841 1995 3140 2067 imperator
3166 2001 3383 2058 cristia-

1793 2089 1895 2129 nus
1927 2074 2047 2131 fuit.

179 2161 361 2217 Decius
391 2165 559 2220 annis
582 2165 637 2219 5.
685 2166 785 2221 llic
813 2181 937 2222 cum
965 2169 1156 2225 ambos
1186 2169 1482 2242 Philippos,
1511 2171 1690 2227 senio-

119 2265 215 2305 rem
253 2251 452 2321 Romze,
478 2252 760 2322 iuniorem
784 2255 1013 2314 Veronae
1054 2259 1362 2327 occidisset,
1406 2261 1476 2317 ob
1504 2262 1689 2318 odium

116 2356 279 2398 eorum
312 2347 751 2414 persecutionem
786 2349 840 2404 in
889 2350 1217 2408 christianos
1270 2363 1470 2411 movet.
1519 2356 1690 2412 Anto-

1868 2165 2064 2222 Decius
2088 2184 2231 2226 anno
2258 2171 2308 2225 1.
2333 2172 2605 2229 Antonius
2634 2179 2936 2235 monachus
2961 2182 3158 2239 oritur.

1862 2255 2141 2314 Gallienus
2179 2269 2234 2315 et
2261 2260 2407 2318 ﬁlius
2437 2264 2556 2335 ejus
2581 2263 2910 2326 Volusianus
2949 2275 3108 2330 annis
3163 2276 3221 2332 2.
3276 2276 3381 2334 No-

1792 2348 2008 2404 vatiana
2033 2351 2241 2409 heresis
2267 2356 2459 2410 oritur.

118 2434 221 2491 nius
244 2440 544 2495 monachus
567 2440 617 2495 in
641 2440 877 2513 Egypto
900 2444 1114 2500 claruit.

176 2516 344 2588 Gallus
368 2542 425 2590 et
454 2533 789 2593 Volusianus
819 2538 983 2594 annis
1010 2539 1064 2595 2.
1112 2539 1416 2599 Novatiana
1464 2543 1689 2602 haeresis

119 2618 289 2676 oritur.

181 2708 480 2773 Valerianus
515 2732 641 2772 cum
666 2718 913 2776 Gallieno
938 2723 1096 2779 annis
1112 2724 1198 2780 l5.
1215 2725 1315 2797 Hic
1339 2727 1681 2797 Valerianus,

121 2795 167 2851 in
190 2801 500 2863 christianos
535 2811 915 2878 persecutione
954 2826 1250 2882 commota,
1280 2820 1465 2877 statim
1496 2838 1528 2877 a
1582 2825 1682 2879 Sa-

122 2903 234 2957 pore
256 2890 545 2952 Persarum
568 2914 696 2970 rege
720 2903 938 2972 capitur
963 2923 976 2959 :
1007 2906 1189 2978 ibique
1217 2908 1689 2970 luminibusorha-

122 2985 214 3043 tus,
255 2986 512 3043 servitute
564 2990 860 3049 miserabili
909 3000 1271 3067 consenescit,
1311 3018 1471 3073 quem
1518 3008 1684 3063 etiam

124 3082 277 3125 secum
305 3091 633 3149 quocunque
655 3086 916 3155 pergebat
954 3088 1182 3156 ducens,
1208 3093 1547 3162 adinjnriam
1573 3099 1686 3156 Ro.

124 3172 369 3221 manorum
422 3171 547 3226 solo
595 3183 750 3230 tenus
801 3176 1120 3235 inclinatum
1166 3185 1395 3254 pedibus
1442 3191 1680 3260 calcans,

125 3254 336 3311 ascendit
364 3259 427 3330 jn
453 3276 686 3332 equum.

119 3338 293 3409 judicio
318 3352 568 3423 territus,
597 3373 783 3426 pacem
803 3360 1128 3422 Christianis
1157 3370 1351 3425 reddit.

178 3433 409 3532 Claudius
456 3462 639 3504 annos
677 3451 734 3505 2.
766 3451 872 3508 lste
911 3453 1120 3513 Gothos
1144 3459 1257 3530 jam
1291 3479 1387 3532 per
1413 3481 1585 3524 annos
1612 3470 1680 3524 15

123 3518 344 3585 llliricum
386 3534 874 3614 Macedoniamque
898 3518 1182 3606 vastantes
1211 3518 1433 3624 superat
1476 3568 1530 3614 et
1578 3577 1677 3616 ex-

121 3615 266 3682 pellit.

176 3708 478 3776 Aurelianus
510 3734 684 3777 annos
725 3722 777 3779 5.
810 3725 910 3783 Hic
938 3730 1104 3786 etiam
1144 3738 1491 3809 persequitur
1530 3742 1677 3810 chri-

118 3798 310 3862 stianos.

176 3891 374 3961 Tacitus
398 3918 618 3961 menses
644 3907 696 3963 6.
731 3909 850 3978 Quo
870 3914 1012 3982 apud
1044 3914 1275 3973 Pontum
1297 3921 1497 3989 occiso,
1527 3927 1672 3982 obti-

119 3984 217 4089 guit
246 3987 527 4053 Flavianus
575 3999 861 4070 imperium
912 4006 1103 4064 diebus
1147 4009 1256 4078 88,
1305 4023 1360 4069 et
1403 3984 1494 4072 sic.
1530 4021 1672 4089 apud

118 4071 350 4141 Tharsum
384 4089 732 4150 interficitur.

173 4167 360 4234 Probus
386 4183 545 4238 annis
568 4183 620 4239 6.
645 4184 1051 4248 Manicheorum
1075 4195 1300 4253 haresis
1342 4211 1534 4259 exorta
1561 4215 1669 4270 est.

170 4259 325 4321 Carus
352 4285 472 4327 curn
507 4273 635 4331 filiis
664 4276 863 4335 Carino
913 4292 968 4338 et
1015 4283 1345 4345 Numeriano
1392 4308 1566 4352 annos
1609 4298 1665 4352 2.

114 4346 201 4407 lste
223 4357 282 4413 de
306 4358 484 4421 Persis
517 4367 894 4440 triumphavit.

170 4464 514 4533 Diocletianus
539 4495 662 4536 cum
691 4480 957 4541 Herculeo
972 4486 1317 4561 Maximiano,
1344 4513 1504 4568 quem
1534 4500 1663 4558 olim

112 4551 193 4652 sibi
218 4567 631 4625 commilitonem
656 4585 963 4632 consortem
1002 4578 1212 4650 imperii
1247 4584 1465 4652 fecerat,
1493 4606 1665 4649 annos

110 4640 182 4698 90.
206 4648 285 4707 lsti
311 4656 504 4716 divinis
533 4662 690 4719 libris
718 4668 946 4733 exustis,
975 4664 1183 4728 'vastari
1205 4676 1659 4755 ecclesias,aﬂligi

114 4741 161 4787 et
206 4740 422 4804 interfici
453 4751 783 4811 christianos
811 4757 1129 4831 jusserunt;
1157 4763 1228 4819 20
1277 4778 1456 4825 autem
1506 4740 1659 4844 regni

109 4827 178 4882 sui
203 4847 334 4891 anno
358 4839 729 4903 Diocletianus
771 4848 1118 4921 Nicomedia},
1152 4857 1511 4919 Maximianus
1551 4865 1662 4922 Me—

110 4918 276 5026 άξοιθιιῖ
307 4949 596 5008 purpuram
645 4944 1045 5015 deposuerunt,
1090 4961 1146 5007 et
1190 4956 1457 5026 privatam
1489 4962 1656 5018 vitam

110 5008 371 5122 elfgeruat.
411 5029 663 5087 Attamen
696 5044 873 5106 coepta
918 5042 1085 5095 semel
1132 5008 1436 5112 persecutio
1488 5068 1658 5122 usque

784 5102 796 5106 -
1133 5102 1145 5112 -
1418 5102 1427 5104 ‘
1493 5102 1656 5122 ""l"'

108 5102 167 5157 ad
185 5113 455 5178 septimum
476 5119 815 5180 Constantini
847 5143 1047 5185 annum
1074 5130 1288 5192 fervere
1326 5155 1429 5193 non
1461 5152 1656 5197 cessat.

161 5196 515 5276 Constantius,
548 5212 891 5273 Constantini
922 5231 1095 5291 pater,
1139 5227 1205 5280 17
1238 5228 1448 5299 imperii
1491 5248 1653 5303 anno,

107 5297 303 5385 summae
321 5307 747 5364 mansuetudinis
778 5319 831 5366 et
863 5312 1140 5372 civilitatis
1168 5320 1270 5385 vir,
1296 5321 1347 5374 in
1372 5319 1654 5381 Britannia

108 5375 604 5483 0hiitE?boraci..ﬂic
632 5412 755 5453 cum
782 5389 982 5458 multos
1003 5404 1227 5462 haberet
1257 5375 1311 5463 in
1338 5426 1434 5465 suo
1454 5411 1653 5483 palatio

108 5464 419 5559 ﬁbristianos,
453 5483 639 5542 volens
681 5490 914 5557 probare
955 5495 999 5549 si
1040 5507 1223 5552 essent
1253 5500 1353 5554 deo
1391 5516 1491 5556 suo
1529 5519 1653 5559 vere

110 5553 281 5655 fideles,
310 5572 557 5639 promisit
580 5553 752 5644 iis,'si
802 5598 831 5636 a
871 5583 977 5639 ﬁde
1007 5588 1343 5655 exciderent,
1378 5553 1653 5649 2.;

113 5645 229 5748 (iolla
246 5654 578 5733 largiturum,
627 5668 709 5723 sin
756 5681 960 5741 autem,
1014 5693 1204 5748 plenas
1249 5695 1309 5735 se
1351 5681 1648 5739 illaturum.

114 5733 345 5808 Quicum
403 5754 610 5814 videret
667 5733 1029 5831 quosdam'a.
1084 5733 1301 5829 Christo
1352 5733 1644 5843 defecisse,

367 5917 637 5983 Ριτιιοι.
681 5922 894 5990 CXLI.

730 3266 884 3331 Unde
922 3268 1202 3330 Gallienus
1256 3285 1366 3332 tam
1397 3278 1544 3337 claro
1588 3283 1680 3341 Dei
1710 3295 1753 3357 ρ
1786 3296 1940 3352 libris
1989 3300 2218 3367 exustis,

1865 2440 2187 2499 Valerianus
2232 2461 2354 2501 cum
2404 2447 2651 2506 Gallieno
2699 2457 2857 2513 annis
2904 2458 2956 2513 5.
2993 2460 3280 2531 Ciprianus
3324 2474 3381 2522 et

1790 2530 2074 2590 Cornelius
2092 2537 2340 2594 martirio
2370 2554 2725 2599 coronantur.

1860 2627 2119 2687 Claudius
2143 2633 2301 2688 annis
2325 2634 2375 2688 2.
2402 2634 2512 2692 Iste
2542 2637 2748 2698 Gothos
2772 2642 2841 2699 ab
2867 2644 3064 2702 lllirico
3094 2650 3320 2720 expulit.

1861 2742 2187 2801 Aurelianus
2212 2747 2367 2803 annis
2395 2748 2449 2805 5.
2480 2749 2578 2806 llic
2604 2752 2767 2809 etiam
2800 2768 3117 2827 persecutus
3155 2771 3239 2819 est
3272 2764 3377 2820 cri-

1791 2832 2024 2891 stianos.

1864 2926 2083 2986 Tacitus
2106 2947 2306 2989 annum
2331 2936 2382 2990 1.

1860 3017 2068 3077 Probus
2095 3025 2252 3080 annis
2277 3025 2331 3079 6.
2371 3026 2780 3087 Manicheorum
2806 3033 3019 3092 heresis
3040 3038 3238 3095 oritur.

1859 3111 2030 3167 Carus
2060 3116 2216 3171 annis
2236 3117 2293 3171 2.
2317 3117 2424 3173 Iste
2449 3119 2513 3175 de
2532 3120 2718 3179 Persis
2748 3124 3122 3196 triumphavit.

1861 3204 2227 3264 Diocletianus
2253 3219 2308 3264 et
2335 3209 2695 3269 Maximianus
2723 3218 2883 3272 annis
2917 3218 3007 3274 20.
3051 3219 3144 3277 Isti
3176 3222 3372 3281 divinis

2264 3304 2468 3359 vastari
2520 3304 2801 3377 ecclesias,
2848 3307 3009 3383 aliligi
3046 3320 3102 3367 et
3139 3312 3373 3372 interfici

1784 3388 2076 3447 cristianos
2104 3390 2407 3460 jusserunt.

1854 3503 2200 3572 Maximinus,
2233 3507 2374 3565 titius
2396 3510 2727 3581 Maximiani,
2753 3514 3009 3585 Severus,
3034 3528 3090 3575 et
3114 3518 3366 3580 Galerius

1782 3608 1984 3651 annum
2016 3599 2067 3652 1.

1852 3686 2241 3745 Constantinus
2284 3694 2443 3749 annis
2487 3695 2578 3751 51.
2617 3696 2783 3766 Cujus
2834 3698 2902 3755 16
2951 3716 3095 3758 anno
3159 3703 3365 3763 Nicena

1779 3777 2001 3834 sinodus
2038 3791 2419 3854 congregatur,
2453 3784 2740 3844 dominica:
2774 3790 3169 3850 incarnationis
3218 3812 3368 3853 anno

1777 3870 1905 3925 518.

1847 3982 2197 4043 Constantius
2216 3997 2272 4043 et
2306 3987 2574 4047 Constans
2598 3993 2859 4051 annis27.
2895 3997 3156 4069 Reliquiae
3176 4000 3356 4057 saneti

1774 4076 2005 4134 Andreae
2052 4082 2335 4152 sanctique
2367 4083 2528 4141 Lucae
2582 4090 3364 4160 evangelista-Constantino-

1774 4171 1939 4241 polim
1971 4176 2392 4247 transferuntur,
2423 4191 2480 4237 et
2503 4185 3171 4260 anthrOpomorphitarum
3205 4194 3364 4251 bere-

1772 4264 1849 4321 sis
1873 4267 2067 4325 oritur.
2097 4270 2363 4328 Peridem
2396 4283 2608 4346 tempus
2635 4278 2969 4340 Athanasius
3012 4292 3070 4340 et
3110 4286 3356 4342 Maximi-

1772 4366 1894 4425 nus,
1926 4358 2283 4418 Treverorum
2308 4367 2770 4441 archiepiscopus,
2799 4384 2963 4445 atque
3002 4375 3239 4435 Hilarius
3268 4381 3362 4437 do-

1770 4450 1944 4505 ctrina
1971 4463 2031 4506 et
2058 4452 2162 4508 ﬁde
2188 4454 2321 4510 clari
2352 4458 2713 4517 habebantur.

1838 4559 2086 4619 Julianus
2113 4560 2273 4621 annis
2300 4568 2356 4622 2.
2387 4569 2487 4625 llic
2515 4586 2580 4626 ex
2594 4576 2860 4632 monacho
2879 4593 3123 4651 paganus
3145 4580 3344 4648 factus,

1693 4643 1742 4702 D
1767 4652 2057 4710 eristianos
2080 4667 2397 4726 persecutus
2428 4668 2530 4717 est.
2598 4720 2602 4724 Α

1833 4762 2093 4821 Jovianus
2124 4783 2269 4824 anno
2300 4769 2349 4824 1.
2379 4769 2487 4827 lste
2521 4787 2643 4828 cum
2675 4776 2823 4831 omni
2850 4779 3095 4837 exercitu
3127 4782 3350 4838 cristia-

1762 4873 1864 4913 nus
1891 4858 2146 4914 efficitur.

1838 4968 2245 5029 Valentinianus
2289 4976 2447 5032 annis
2491 4979 2578 5045 11,
2629 4938 2718 5050 qui
2758 4997 2787 5037 a
2817 4981 3032 5041 Juliano
3067 4984 3135 5041 ob
3178 4987 3340 5044 fidem

1761 5062 1965 5118 Christi
2002 5065 2194 5121 militia
2244 5066 2420 5127 fuerat
2468 5073 2729 5142 privatus.
2782 5076 2850 5130 Et
2900 5077 3062 5133 Gethi
3111 5079 3340 5135 heretici

1761 5154 1890 5210 facti
1916 5166 2063 5211 sunt.

1831 5270 2123 5328 Gratianus
2146 5289 2267 5329 cum
2291 5272 2459 5330 fratre
2499 5277 2880 5333 Valentiniano
2903 5280 3063 5336 annis
3111 5281 3166 5337 6.
3215 5282 3346 5337 Ant-

1758 5365 1972 5421 brosius
1998 5376 2053 5422 et
2083 5366 2348 5425 Martinus
2376 5371 2613 5441 episcopi
2640 5372 2978 5431 claruerunt.

1832 5475 2242 5534 Valentinianus
2281 5496 2402 5535 cum
2436 5480 2740 5538 Theodosio
2793 5485 2950 5542 annis
2993 5486 3049 5542 9.
3096 5486 3343 5547 Ηίθεοιή-

1759 5584 1879 5624 ιηυε
1912 5571 1965 5625 in
1995 5570 2265 5627 Bethleem
2294 5582 2404 5629 toto
2436 5576 2637 5631 mundo
2657 5576 2873 5633 claruit.
3089 5573 3099 5590 ”

1830 5686 2164 5744 Theodosius
2185 5688 2341 5744 anuis
2372 5690 2460 5745 11.
2491 5676 2723 5750 Sanctus
2746 5692 2984 5751 Joannes
3014 5696 3334 5756 anachorita

1758 5780 1975 5837 claruit.

2776 5944 2852 6015 15
