3944 6400
601 366 714 432 159

860 508 1179 568 ANNALES
1210 509 1946 579 QUEDLINBUBGENSES.

1412 371 1688 431 'ANNAL.
1720 338 2179 440 ιιιιῡέεηεικη
2218 369 2609 442 QUEDLINB.,
2658 371 3040 433 WEISSEMB.

3736 387 3814 449 ιω

2716 513 3065 570 LAMBERTI
3091 513 3427 575 ANNALES.

605 622 870 695 quosdam
898 622 1203 678 immobiles
1232 624 1623 694 permansisse,
1655 633 2037 694 permanentes
2067 637 2189 678 mu-
2219 625 2267 687 Α
2366 621 2671 680 Arehadius
2726 638 2849 680 cum
2904 624 3076 682 fratre
3117 625 3358 684 Honorio
3407 631 3564 688 annis
3609 633 3673 691 13
3708 634 3813 711 (ω).

604 718 828 773 neribus
859 716 1079 772 donavit
1105 715 1320 785 sibique
1349 718 1553 772 amicos
1575 725 1631 771 et
1654 716 1995 772 consiliarios
2024 715 2185 771 fecit:

606 802 921 864 deﬁcientes
943 821 1075 865 vero
1102 806 1495 862 contumeliose
1523 806 1592 863 de
1613 807 1816 879 palatio
1848 806 2071 877 expulit,
2107 806 2190 861 di-

606 917 735 958 cens
760 917 818 957 se
863 902 969 956 illis
1003 916 1277 970 nunquam
1307 900 1641 955 crediturum
1673 900 1764 971 qui
1814 901 1915 956 deo
1943 914 2043 954 suo
2068 897 2190 953 inii-

605 992 753 1047 tleles
774 999 978 1047 essent.
1005 991 1179 1045 lnhac
1211 999 1531 1060 tempestate
1559 990 1809 1046 Galerius
1831 989 2190 1045 Maximianus

605 1095 731 1135 cum
761 1079 1082 1136 Constantio
1113 1081 1408 1151 imperator
1444 1089 1530 1135 est
1572 1079 1768 1135 factus.
1804 1079 2017 1136 Mortuo
2059 1094 2190 1135 vero

606 1169 949 1236 Constantio,
980 1170 1303 1228 Maximinus
1325 1180 1381 1226 et
1405 1170 1642 1228 Severus
1677 1187 1707 1226 a
1736 1170 1954 1228 Galerio
1980 1188 2124 1227 anno
2159 1173 2184 1227 1

606 1279 840 1319 οωεεινρε
869 1263 1268 1319 ereantur.-Ab
1299 1279 1443 1318 anno
1475 1265 1871 1334 persecutionis
1899 1265 1934 1318 4
1974 1264 2193 1322 Maxen-

580 1356 735 1427 .tius,
770 1356 1017 1411 Herculei
1047 1355 1359 1410 Maximiani
1389 1355 1552 1421 ﬁlius,
1586 1356 1770 1411 Romze
1798 1365 2060 1428 angustus
2098 1372 2193 1427 ap:

572 1445 857 1514 pellatur.
902 1444 1165 1512 Licinius,
1215 1444 1550 1501 Constantia;
1594 1447 1801 1502 sororis
1846 1445 2190 1502 Constantini

607 1538 711 1607 vir,
743 1538 967 1595 Carnuti
998 1539 1295 1611 imperator
1316 1547 1554 1594 creatur.

682 1742 1073 1800 Constantinus
1104 1760 1257 1812 vero,
1303 1743 1609 1801 Constantii
1662 1757 1730 1799 ex
1756 1742 2054 1798 concubina
2087 1740 2194 1797 He-

606 1836 731 1893 lena
766 1836 936 1903 ﬁlius,
974 1838 1029 1894 in
1060 1838 1341 1893 Britannia
1370 1837 1548 1893 factus
1586 1836 1908 1907 imperator,
1947 1835 2195 1906 regnavit

607 1929 770 1986 annis
797 1930 872 1985 50
911 1939 968 1986 et
1010 1932 1290 1988 mensibus
1336 1930 1422 1986 l0.
1456 1930 1560 1999 Qui
1602 1931 1783 1987 occiso
1814 1928 2086 1984 Maxentio
2129 1937 2186 1984 et

609 2020 800 2094 fugato
842 2022 1070 2087 Licinio,
1122 2023 1269 2080 solus
1322 2022 1692 2078 monarchiam
1742 2021 1932 2076 tenuit.
1983 2019 2082 2076 Hic
2125 2020 2194 2075 de

609 2123 963 2185 persecutore
993 2115 1329 2171 christianos
1372 2115 1533 2169 beato
1573 2113 1837 2169 Silvestro
1884 2113 2196 2182 baptisante

613 2207 865 2273 eﬂ‘ectus,
890 2209 1180 2265 fabricavit
1216 2210 1271 2264 in
1311 2224 1412 2264 suo
1444 2208 1647 2278 palatio
1675 2206 1803 2263 Iesu
1830 2206 2048 2263 Christo
2069 2222 2196 2262 san-

609 2308 809 2371 ctoque
834 2300 1085 2372 baptista:
1135 2299 1368 2356 Iohanni
1398 2299 1703 2364 basilicam,
1732 2314 1894 2369 quam
1923 2298 2196 2370 appellant

605 2409 672 2450 ex
697 2410 795 2450 suo
816 2394 1034 2451 nomine
1047 2393 1574 2450 Constantinianam.
1595 2392 1831 2447 Alteram
1858 2391 2017 2447 beato
2032 2391 2196 2448 Petro

609 2496 664 2543 et
687 2486 855 2543 Paulo
896 2487 949 2542 in
993 2486 1194 2557 templo
1241 2486 1530 2557 Apollinis,
1582 2494 1938 2556 utrorumque
1968 2500 2197 2557 corpora

611 2579 1055 2637 circumfundens
1091 2595 1221 2636 aere
1254 2595 1425 2652 cypro
1472 2579 1714 2650 quinque
1770 2577 1939 2650 pedes
1981 2593 2192 2650 grosso.

616 2667 810 2724 Multas
833 2684 1050 2740 quoque
1087 2668 1224 2725 alias
1267 2669 1453 2725 Romze
1482 2678 1809 2725 construens
1857 2668 2116 2724 ecclesias
2140 2675 2198 2724 et

600 2763 989 2834 baptisterium
1055 2765 1194 2820 miro
1251 2779 1415 2835 opere
1459 2764 1661 2820 factum
1694 2804 1710 2829 ,
1757 2763 1982 2820 tradidit
2021 2764 2196 2835 ipsam
2262 2772 2267 2777 ‘

611 2863 802 2910 sancto
851 2854 1012 2910 Petro
1055 2855 1334 2910 civitatem
1387 2872 1509 2911 cum
1556 2856 1856 2910 innumeris
1889 2855 2196 2925 possessio-

613 2946 963 3016 nihuslaliis,
1006 2946 1206 3016 jubeus
1251 2964 1349 3018 per
1396 2965 1612 3003 onmem
1662 2949 1921 3005 mundum
1970 2956 2195 3004 cunctos
2254 2942 2259 2945 ⁷

612 3037 899 3109 episcopos
927 3040 1000 3092 ita
1035 3054 1133 3108 pro
1163 3040 1339 3108 rapite
1395 3039 1599 3095 habere
1626 3039 1933 3095 Romanum
1975 3039 2195 3111 pontiﬁ-

611 3147 751 3196 cem,
798 3132 943 3186 sicut
998 3147 1151 3202 reges
1197 3141 1516 3203 emtermque
1560 3141 1856 3203 potestates
1905 3133 2196 3203 imperato-

608 3234 748 3276 rem.
781 3220 935 3277 Tnnc
984 3221 1037 3276 in
1066 3222 1331 3299 orientem
1363 3224 1654 3289 transiens,
1704 3224 1786 3279 sui
1842 3224 2076 3280 nominis
2103 3239 2194 3278 ur-

610 3310 736 3365 bem
791 3311 844 3365 in
876 3311 1099 3367 'l‘hratia
1141 3313 1371 3385 'regione
1419 3315 1743 3381 construxit,
1798 3329 1920 3370 eam
1959 3314 2191 3369 Romani

2290 712 2566 771 Iohannes
2607 716 2977 774 Crisostomus
3021 728 3077 774 et
3104 720 3434 792 Augustinus
3477 725 3702 800 episcopi
3732 732 3817 788 cla-

2293 815 2545 860 ruerunt.

2360 894 2633 953 Honorius
2669 911 2793 952 cum
2815 897 3122 956 Theodosio
3157 900 3366 959 minore
3400 904 3555 961 annis
3586 906 3821 981 i5.Cyril-

2291 984 2375 1041 lus
2402 986 2744 1043 Alexandriae
2773 990 3061 1060 episcopus
3091 991 3307 1048 claruit.

2294 1158 2298 1163 ἢ
2363 1080 2696 1164 Theodosius
2719 1084 3190 1161 minor,Archadii
3214 1087 3377 1155 ﬁlius,
3397 1091 3554 1144 annis
3574 1090 3656 1146 26.
3684 1092 3818 1165 Ephe-

2292 1170 2412 1226 sina
2439 1171 2661 1228 sinodus
2705 1172 3016 1230 Nestorium
3050 1192 3174 1232 cum
3214 1179 3329 1234 suis
3372 1178 3669 1237 fautoribus
3699 1183 3819 1240 Pela-

2293 1263 2470 1333 gianis
2498 1264 2745 1332 damnat,
2779 1266 2883 1322 sub
2906 1265 3185 1323 Celestino
3213 1282 3350 1339 papa

2369 1375 2679 1434 Marcianus
2724 1380 2883 1436 annis
2924 1382 2980 1435 7.
3014 1381 3419 1441 Calcedonense
3464 1387 3824 1445 conciliumsub

2297 1465 2479 1523 Leone
2502 1483 2640 1539 papa
2680 1469 2784 1525 630
2804 1478 3024 1542 patrum
3056 1473 3256 1546 agitur.

2362 1556 2473 1614 Leo
2505 1558 2681 1628 major
2704 1576 2829 1616 cum
2861 1561 3043 1620 Leone
3069 1565 3279 1622 minore
3309 1567 3471 1623 annis
3503 1569 3589 1624 l7.
3623 1567 3824 1643 Egiptus

2293 1649 2362 1706 ab
2381 1663 2570 1704 errore
2597 1650 2845 1707 Dioscori
2872 1652 3162 1709 liberatur.

2366 1740 2550 1796 Zenon
2582 1742 2741 1797 anuis
2777 1743 2862 1797 l7.
2893 1742 3104 1815 Corpus
3132 1746 3394 1804 Barnaba:
3435 1751 3659 1823 apostoli
3706 1769 3823 1824 repe-

2297 1829 2457 1897 ritur,
2489 1840 2546 1887 et
2578 1833 2962 1904 azephalorum
2985 1835 3202 1892 heresis
3222 1839 3423 1895 oritur.

2225 2001 2269 2062 B
2368 1921 2694 1980 Anastasius
2745 1922 2816 1978 26
2866 1925 3416 2000 αηηίεηΡυΙεθιιιίιιε
3461 1933 3827 2004 ep.scopuscla-

2298 2012 2430 2062 ruit.
3174 2014 3188 2032 ⁸

2298 2012 2430 2067 ruit.
3174 2014 3188 2032 '

2370 2103 2620 2160 Justinus
2670 2106 2848 2178 major
2898 2107 3059 2164 annis
3111 2108 3166 2165 9.
3217 2109 3620 2183 Azephalorum
3667 2113 3827 2171 heresis

2297 2196 2600 2251 abdicatur.
3013 2192 3017 2196 ’
3314 2213 3319 2217 '

2367 2285 2713 2344 Iustinianus
2741 2289 2900 2345 annis
2925 2289 3015 2346 39.
3052 2288 3223 2361 Hujus
3257 2304 3421 2350 sexto
3481 2310 3621 2352 anno
3668 2295 3828 2369 primus

2260 2383 2265 2388 ’
2303 2378 2496 2450 cyclus
2545 2379 2775 2437 Dionisii
2819 2379 3118 2451 inchoavit,
3146 2384 3432 2442 dominica:
3493 2386 3828 2443 incarnationis

2296 2484 2442 2526 anno
2466 2469 2595 2527 552.

2365 2550 2613 2620 Iustinus
2649 2559 2842 2621 minor
2882 2565 3042 2623 annis
3079 2565 3144 2622 ll.
3178 2566 3425 2625 Armenii
3480 2567 3633 2625 ﬁdem
3672 2566 3828 2625 Christi

2297 2666 2674 2727 susceperunt.

2372 2745 2626 2803 Tiberius
2681 2747 2839 2806 annis
2884 2747 2940 2805 6.
2996 2747 3386 2822 Erminigildus
3440 2767 3541 2808 rex
3583 2748 3826 2807 Gothorum

2299 2837 2542 2893 martirio
2562 2848 2823 2895 coronato
2832 2855 2877 2895 r.

2368 2926 2664 2986 Mauricius
2698 2932 2858 2987 annis
2879 2930 2971 2987 2i.
2994 2930 3292 3005 Gregorius
3334 2947 3480 3004 papa
3524 2930 3824 3003 Augustinum

2296 3020 2769 3093 archiepiscopum
2798 3038 2926 3079 cum
2954 3023 3242 3079 monachis
3265 3022 3604 3078 Britanniam
3632 3020 3771 3082 misit,
3785 3024 3829 3069 ut

2295 3113 2444 3186 genti
2473 3110 2775 3185 Anglorum
2806 3115 3032 3170 verbum
3063 3116 3160 3171 Dei
3192 3113 3649 3186 evangelizarent,
3691 3106 3825 3166 domi-

2296 3204 2432 3260 nicae
2466 3205 2861 3261 incarnationis
2892 3221 3034 3261 anno
3061 3205 3191 3262 596.

2365 3294 2542 3350 Focas
2561 3295 2722 3351 annis
2747 3295 2803 3350 8.
2828 3294 3271 3367 Angli-Saxones
3296 3294 3458 3350 ﬁdem
3481 3290 3671 3349 Christi
3693 3300 3829 3345 susce-

610 3403 799 3459 sedem
836 3404 1048 3476 imperii
1111 3407 1380 3477 totiusque
1432 3404 1669 3462 Orientis
1717 3417 1879 3479 caput
1915 3421 2033 3464 esse
2062 3423 2193 3475 con-
2220 3365 2513 3479 (ἶρθξυηιο

608 3493 808 3559 stituit,
838 3494 993 3564 cujus
1018 3495 1193 3557 etiam
1214 3497 1482 3552 industria
1506 3498 1730 3554 sinodus
1758 3498 1957 3556 Nicena
1982 3500 2195 3556 decimo

606 3584 964 3644 Calend.Iul.
997 3589 1085 3644 die
1109 3589 1428 3646 collectione
1468 3590 1572 3648 5l8
1599 3602 1812 3662 patrum
1861 3594 2193 3661 celebratur,

607 3693 751 3735 anno
774 3680 1062 3737 dominica:
1080 3680 1480 3737 incarnationis
1494 3683 1623 3740 .518.

679 3888 896 3945 Mortuo
925 3887 1307 3956 Constantino,
1340 3897 1452 3944 tres
1487 3886 1580 3942 ﬁlii
1635 3884 1739 3953 sui,
1769 3886 2189 3953 Constantinus,
2262 3953 2267 3957 ρ

606 3981 882 4038 Constans
933 3988 989 4034 et
1029 3979 1424 4044 Constantius,
1472 3979 1830 4048 imperatores
1881 3986 2141 4032 creantur
2177 3994 2192 4044 ;

612 4070 884 4128 defunctis
923 4084 1054 4125 vero
1099 4070 1340 4133 duobus,
1394 4070 1542 4125 solus
1583 4069 1935 4125 Constantius
1979 4084 2198 4125 monar-

599 4163 793 4218 ‘chiam
838 4161 1097 4228 obtinuit,
1132 4162 1294 4232 impie
1343 4161 1613 4216 Arrianus
1656 4159 1900 4216 eﬁectus.
1951 4160 2199 4225 Maximi-

609 4266 716 4309 nus
742 4249 1088 4307 Trevireusis
1137 4252 1424 4320 episcopus
1455 4250 1637 4308 clarus
1696 4252 1943 4307 habetur.
1990 4251 2199 4306 Antho-

610 4342 737 4397 nius
764 4330 1065 4397 monachus
1120 4339 1242 4396 105.
1291 4341 1469 4397 aetatis
1521 4354 1632 4396 suae
1675 4355 1821 4395 anno
1871 4340 1926 4396 in
1977 4340 2200 4395 heremo

606 4433 862 4489 moritur.
1250 4484 1253 4489 .
1504 4431 1507 4435 ⁴

684 4630 935 4688 Julianus
970 4633 1127 4688 annis
1151 4631 1188 4686 2
1209 4642 1265 4688 et
1287 4631 1567 4687 mensibus
1579 4630 1639 4686 8.
1669 4631 1769 4686 Hie
1792 4644 1861 4685 ex
1885 4629 2190 4685 christiano

582 4740 852 4798 paganus
877 4724 1126 4793 eﬁ'ectus,
1159 4724 1503 4797 persequitur
1527 4721 1820 4779 crudeliter
1847 4720 2197 4777 christianos.

674 4920 999 4979 Iovinianus
1028 4936 1171 4977 anno
1198 4920 1316 4977 fere
1336 4936 1445 4976 uno
1468 4918 1735 4991 regnavit.
1766 4916 1871 4973 Iste
1897 4932 2018 4972 eum
2047 4914 2195 4972 omni

605 5013 854 5069 exercitu
889 5012 1221 5069 christianus
1267 5011 1521 5076 efﬁcitur,
1554 5010 1650 5065 sed
1674 5009 1792 5081 ejus
1821 5008 1909 5080 pia
1961 5006 2196 5077 lataque

605 5102 871 5174 principia
905 5117 1051 5159 mors
1078 5103 1367 5158 immatura
1393 5099 1657 5171 corrupit.

683 5784 800 5860 (52)
837 5783 999 5840 Addit
1030 5800 1047 5840 :
1076 5782 1175 5842 Hic
1201 5796 1357 5842 sacra
1378 5795 1502 5840 ossa
1531 5776 1800 5835 Samuelis
1823 5774 2084 5849 prophete
2112 5774 2193 5831 'de

2366 3475 2615 3532 Eraclius
2659 3477 2819 3533 annis
2862 3477 2955 3535 36.
3005 3476 3178 3533 Iudaei
3227 3476 3281 3533 in
3331 3474 3595 3547 Hispania
3636 3466 3829 3528 cristiani

2297 3568 2424 3624 facti
2447 3566 2594 3626 sunt.

2369 3663 2671 3719 Eraclonas
2700 3678 2824 3718 eum
2859 3672 3037 3720 matre
3082 3678 3180 3719 sua
3207 3660 3438 3717 Martina
3472 3658 3629 3715 annis
3654 3656 3703 3712 2.
3744 3651 3830 3709 Pir-

2300 3770 2396 3810 rus
2442 3756 2608 3827 regiae
2634 3756 2786 3812 urbis
2831 3757 3118 3827 episcopus
3158 3770 3190 3811 a
3218 3754 3512 3811 Theodoro
3557 3765 3682 3823 papa
3712 3746 3830 3803 dam-

2300 3860 2485 3903 natur.

2370 3958 2781 4029 Constantinus,
2835 3961 3033 4018 Eraclii
3080 3960 3248 4028 ﬁlius,
3298 3975 3520 4016 menses
3556 3958 3607 4013 6.
3652 3951 3825 4011 Paulus.

2299 4047 2441 4105 Pirri
2469 4067 2773 4119 successor,
2788 4052 2860 4107 ob
2878 4053 3108 4109 eandem
3130 4066 3385 4109 vesanam
3406 4049 3699 4107 doctrinam
3718 4043 3832 4100 dam-

2302 4154 2464 4199 natus
2490 4152 2594 4199 CSl.

2373 4257 2788 4323 Constantinus,
2841 4256 3187 4313 Constantini
3241 4257 3384 4313 ﬁlius
3443 4254 3600 4311 annis
3638 4250 3713 4306 Π.
3759 4243 3830 4300 llic

2301 4360 2510 4408 sextam
2544 4351 2796 4407 siuodum
2824 4354 3196 4423 congregavit.
3248 4349 3414 4420 Cujus
3444 4358 3629 4420 rogatu
3667 4339 3830 4412 Agatho

2301 4460 2438 4516 papa
2470 4445 2617 4499 misit
2647 4446 2699 4498 in
2730 4444 2935 4515 regiam
2960 4444 3149 4497 urbem
3189 4443 3394 4513 legatos
3420 4456 3572 4505 suos,
3604 4438 3653 4492 in
3678 4429 3831 4503 quibus

2302 4532 2401 4588 fuit
2428 4533 2725 4601 Iohannes,
2753 4532 3012 4590 Romanae
3041 4532 3285 4588 ecclesia:
3314 4540 3444 4586 tunc
3467 4531 3724 4587 diaconus.
3752 4530 3831 4573 0°“

2306 4628 2467 4700 longe
2497 4636 2615 4698 post
2639 4628 2948 4699 episcopus,
2981 4643 3077 4698 pro
3103 4627 3435 4682 adunatione
3466 4622 3698 4681 facienda
3735 4626 3829 4670 san-

2229 4722 2277 4781 D
2304 4729 2404 4776 cla:
2444 4719 2704 4775 ecclesiae.
2738 4718 2863 4773 Haec
2904 4706 3058 4773 sexta
3104 4718 3330 4775 sinodus
3360 4704 3830 4779 Constantinopolim

2305 4820 2424 4867 acta
2479 4819 2585 4866 est.
2634 4808 2737 4867 Ubi
2784 4807 3059 4866 aﬁ‘ucrunt
3105 4810 3347 4881 episcopi
3390 4809 3517 4874 150,
3567 4798 3831 4891 praesidente

2304 4903 2536 4976 Georgio
2566 4902 2879 4973 patriarcha
2913 4904 3064 4959 urbis
3088 4900 3271 4973 regite,
3309 4910 3366 4955 et
3413 4894 3679 4952 Machario
3718 4883 3831 4940 urbis

2302 4996 2630 5062 Antiochiae,
2668 5007 2725 5052 et
2770 4996 3004 5052 convicti
3037 5001 3185 5057 sunt,
3218 4993 3308 5062 qui
3341 5007 3503 5046 unam
3549 4985 3831 5041 voluntatem

2304 5099 2360 5145 et
2385 5090 2758 5163 operationem
2789 5090 3105 5145 astruebant
3135 5086 3189 5140 in
3222 5085 3463 5150 Christo,
3523 5079 3727 5135 falsassc
3762 5080 3831 5136 ιη·

2309 5193 2451 5237 trum
2484 5183 2878 5238 catholicorum
2901 5182 3046 5238 dicta
3072 5179 3427 5252 perplurima.
3496 5215 3501 5220 ε
3741 5246 3810 5258 m

2383 5264 2725 5348 Tagobertus
2755 5270 2847 5332 rex
2871 5264 3204 5328 Francorum
3236 5266 3615 5325 monasterium
3637 5258 3703 5353 in

2266 5432 2273 5443 μ
2309 5334 2585 5424 ῑεηὺιῖισςιί
2607 5365 2915 5422 construxit
2935 5378 3079 5421 anno
3118 5359 3334 5417 Domini
3364 5358 3486 5450 635.
3508 5349 3653 5426 regni
3672 5342 3743 5403 sui
3760 5334 3827 5396 35.

2310 5458 2426 5515 Huc
2454 5474 2626 5528 usque
2652 5456 2817 5513 Beda.

2664 5590 3148 5663 (Continuationem
3171 5544 3229 5645 υ..
3251 5588 3355 5644 col.
3385 5583 3537 5655 £66.)

2228 5770 2412 5831 Iudaea
2436 5766 2711 5825 transtulit
2731 5768 2786 5825 in
2817 5767 3087 5827 Traciam.
