3944 6452
152 398 237 456 tst
434 416 435 419 γ
1016 403 1107 460 ετ
1131 402 1486 463 mansuri
1520 403 2097 465 ASCllAFNABURG.
2138 406 2318 464 rans
2356 394 2580 464 mea.
3280 397 3389 453 ιω

1216 541 1541 600 ANNALES
1567 544 2300 619 QUEDLINBURGENSES.

215 650 603 706 Valentinianus
627 664 754 705 cum
786 649 955 708 fratre
986 653 1215 711 Valente
1270 672 1444 715 annos
1489 658 1553 713 ll.
1597 659 1981 717 Valentiniano
2018 676 2151 732 ergo
2194 661 2246 716 in
2286 660 2392 715 ﬁde
2434 655 2699 715 catholica
2730 653 2966 710 ﬁdeliter
3010 656 3388 724 permanente,

152 741 301 797 frater
323 755 447 795 suus
479 739 673 795 Valens
696 742 768 796 ab
793 742 1039 801 Eudoxio
1064 745 1298 802 Arriano
1322 749 1574 820 episcopo
1624 754 2010 822 rebaptisatus,
2046 751 2373 808 christianos
2431 748 2798 820 persequitur,
2828 746 2884 801 in
2933 753 3142 800 tantum
3189 749 3251 798 ut
3278 754 3391 798 sum

154 832 403 903 potestatis
429 833 646 887 decreto
682 835 978 890 monachos
1005 837 1260 905 militare,
1297 841 1657 911 nolentesque
1682 843 1915 899 fustibus
1937 842 2155 912 iuberet
2205 840 2456 895 interfici.
2488 839 2601 895 lloc
2632 848 2877 907 tempore
2905 850 3039 908 gens
3083 832 3388 893 Hunorum.

151 923 229 977 diu
252 923 530 978 inaccessis
557 922 766 981 Seclitsa
802 927 1097 994 montibus,
1120 932 1404 1001 repentina
1425 934 1578 989 rabie
1608 934 1815 1004 percita
1840 934 2047 989 exarsit
2077 934 2131 988 in
2175 931 2402 996 Gothos,
2431 944 2636 1000 eosque
2665 927 2899 999 sparsim
2924 924 3300 989 conturbatos,
3321 919 3393 975 ab

152 1015 363 1084 antiquis
389 1017 603 1073 sedibus
628 1018 771 1074 ult-ra
803 1019 1105 1079 Danubium
1152 1025 1384 1096 expulit.
1414 1026 1514 1094 Qui
1546 1043 1578 1082 a
1607 1027 1833 1085 Valente
1875 1029 2205 1100 imperatore
2255 1026 2374 1081 sine
2425 1037 2702 1079 armorum
2755 1019 3095 1093 depositione
3129 1014 3392 1087 suscepti,

153 1122 262 1162 mox
287 1105 425 1163 fame
444 1123 539 1177 per
558 1111 845 1166 avaritiam
878 1113 1022 1169 illius
1058 1115 1130 1170 ad
1159 1116 1526 1171 rebellandum
1564 1118 1741 1173 coacti
1772 1126 1921 1182 sunt,
1959 1118 2211 1186 victoque
2249 1113 2595 1185 imperatoris
2643 1111 2907 1177 exercitu,
2958 1124 3057 1179 per
3100 1105 3394 1163 Thraciam

154 1196 516 1261 discurrentes,
542 1199 724 1253 omnia
749 1201 1010 1268 czedibus,
1040 1203 1330 1269 incendiis,
1360 1206 1678 1276 rapinisque
1728 1214 2032 1262 vastarunt.
2050 1190 2383 1260 ‘Ambrosius
2411 1212 2465 1259 et
2494 1202 2758 1258 Martinus
2792 1198 3035 1273 episcopi
3058 1197 3395 1259 claruerunt,

155 1295 199 1337 et
219 1284 362 1340 Gothi
388 1287 625 1344 hmretiei
651 1286 780 1345 facti
810 1292 1060 1346 sunt.Eo
1086 1292 1199 1365 (55)
1243 1302 1484 1363 tempore
1527 1310 1661 1366 gens
1688 1296 2117 1352 Alamannorum
2166 1310 2329 1367 prava
2369 1309 2433 1349 ac
2483 1293 2721 1364 pessima
2772 1290 3176 1347 rebellaverant
3202 1293 3396 1343 contra

157 1376 562 1437 Valentinianum
592 1383 998 1454 imperatorem.
1040 1385 1142 1455 Qui
1171 1388 1298 1444 victi
1327 1389 1396 1444 ab
1422 1405 1507 1453 eo,
1544 1405 1707 1461 super
1728 1389 2031 1446 Danubium
2075 1388 2301 1445 ﬂuvium
2348 1387 2627 1459 fugerunt,
2664 1392 2721 1440 et
2747 1383 3097 1439 intraverunt
3129 1376 3397 1434 Meotidas

156 1472 367 1541 paludes.
416 1474 561 1531 Dixit
614 1488 795 1533 autem
844 1480 1180 1551 imperator:
1234 1483 1546 1556 Quicunque
1596 1484 1823 1555 potuerit
1867 1484 2089 1539 introire
2116 1485 2170 1539 in
2200 1482 2594 1554 paludcaistas,
2632 1487 2682 1534 et
2720 1486 2923 1548 gentem
2972 1474 3131 1529 istam
3181 1485 3401 1542 prauam

157 1566 359 1636 ejecerit,
382 1572 665 1626 concedam
688 1574 763 1628 eis
808 1576 1005 1631 tributa
1047 1577 1272 1645 donaria
1303 1579 1458 1633 annis
1490 1578 1578 1634 l0.
1611 1579 1765 1647 Quod
1792 1579 2079 1634 audientes
2106 1575 2348 1645 Troiani,
2380 1574 2471 1644 qui
2503 1572 2743 1644 reliquiae
2771 1565 3255 1666 erant-exercitus
3274 1563 3398 1666 ,Διι-

156 1659 335 1716 tenoris
363 1660 618 1733 fugientis
642 1665 708 1720 de
743 1664 927 1737 Troia,
955 1677 1011 1722 et
1031 1683 1156 1724 eum
1187 1670 1339 1740 sequi
1372 1686 1478 1725 non
1509 1671 1777 1738 valentes,
1828 1669 1896 1724 l2
1925 1669 2071 1724 milia
2101 1667 2327 1740 ingrcssi
2360 1665 2623 1725 Meotidas
2669 1661 2916 1733 paludes,
2942 1657 3101 1729 juxta
3131 1657 3398 1712 terminos

156 1747 423 1808 Pannonia:
448 1754 859 1811 :edilicaverunt
879 1759 1157 1815 civitatem
1188 1761 1407 1818 nomine
1437 1760 1822 1827 Sicambriam,
1850 1760 2342 1830 habitaveruntque
2366 1757 2478 1813 illic
2501 1754 2686 1811 multis
2715 1753 2893 1818 annis,
2920 1752 3093 1808 donec
3111 1753 3405 1804 creverunt

158 1841 422 1913 ingentem
451 1861 725 1916 magnant.
760 1847 993 1920 ingressi
1019 1859 1243 1921 propter
1288 1852 1665 1909 remissionem
1692 1851 2016 1907 decennium
2067 1849 2392 1905 tributorum
2444 1855 2571 1919 post
2610 1844 2962 1908 Alamannos,
3013 1837 3406 1896 interfecerunt

159 1948 256 1989 eos.
282 1933 425 1991 Tunc
456 1938 752 2007 appellavit
774 1940 895 1996 illos
921 1939 1191 2011 Trojanos
1221 1942 1637 1999 Valentinianus
1667 1943 1968 2013 imperator
1996 1940 2177 1995 Attica
2203 1941 2381 2011 lingua
2412 1938 2673 2001 Francos,
2695 1935 2798 1990 hoc
2933 1932 3099 1995 feros,
3137 1944 3183 2033 an
3198 1926 3401 2033 duritia

160 2029 229 2084 vel
252 2030 464 2086 audacia
492 2032 676 2109 cordis
723 2050 935 2090 eorum.
961 2034 1156 2092 Postea
1195 2038 1403 2109 egressi
1427 2053 1457 2092 a
1488 2036 1816 2102 Sicambria,
1858 2043 2127 2092 venerunt
2166 2034 2220 2089 in
2266 2030 2615 2089 Germaniam
2664 2027 2819 2098 juxta
2852 2025 3100 2081 Rhenum
3150 2021 3403 2083 ﬂuvium.

160 2120 393 2179 habentes
419 2104 585 2196 supbr
612 2141 671 2181 se
698 2125 837 2183 duos
867 2128 1162 2201 principes,
1192 2104 1468 2185 Priamum
1498 2139 1554 2187 et
1575 2131 1929 2185 Antenorem.
1965 2128 2066 2196 Qui
2093 2126 2427 2184 rebellantes
2452 2132 2643 2180 contra
2680 2121 2978 2185 Romanos,
3001 2119 3131 2175 victi
3162 2124 3290 2173 sunt
3334 2114 3404 2170 ab

159 2212 444 2273 Aristarcho
472 2212 722 2289 principe
745 2222 952 2278 militia:
978 2231 1034 2279 et
1064 2224 1271 2279 tributo
1301 2223 1555 2293 subjecti,
1578 2224 1775 2280 occisis
1826 2224 2072 2293 utrisque
2111 2219 2382 2292 praedictis
2406 2217 2761 2290 principibus.
2814 2212 3027 2268 Mortuo
3053 2219 3237 2266 autem
3262 2206 3407 2264 Sun-

121 2351 128 2357 .
159 2324 279 2365 none
302 2310 406 2382 (54)
437 2312 550 2368 ﬁlio
574 2314 889 2382 Antenoris,
916 2324 972 2371 et
1001 2316 1366 2374 Marchomire
1392 2318 1508 2373 filio
1558 2317 1784 2383 Priami,
1820 2316 1914 2388 qui
1963 2330 2127 2385 super
2148 2313 2395 2369 Francos
2424 2308 2694 2366 defunctis
2740 2305 2991 2378 patribus
3017 2312 3406 2375 regnaverunt,

161 2401 409 2473 elegerunt
428 2405 830 2463 Faramundum
864 2408 1202 2467 Marcomiris
1228 2412 1415 2477 ﬁlium,
1447 2423 1500 2469 et
1524 2412 1874 2468 elevaverunt
1894 2426 2017 2465 eum
2041 2424 2206 2479 super
2234 2423 2294 2463 se
2317 2421 2498 2478 regem
2528 2403 2801 2461 crinitum.
2839 2399 3049 2456 Exhinc
3072 2397 3269 2453 Franci
3299 2396 3409 2453 cri-

162 2497 283 2552 nitos
302 2514 448 2571 reges
476 2501 684 2558 habere
706 2515 992 2574 cmperunt
1022 2521 1191 2576 uSQue
1220 2506 1285 2561 ad
1326 2505 1654 2561 llildericum
1700 2522 1900 2577 regem,
1935 2503 2090 2574 cujus
2119 2502 2402 2573 Pippinus,
2443 2497 2620 2570 magni
2651 2494 2855 2591 Caroli,
3014 2489 3411 2591 llic‘lOPﬂO‘Eus

161 2586 441 2655 vacabatur,
472 2598 651 2661 pater,
682 2606 906 2663 regnum
936 2595 1099 2650 simul
1137 2611 1261 2651 cum
1314 2596 1532 2652 nomine
1578 2596 1776 2667 rapuit.
1825 2595 2032 2649 Mortuo
2062 2593 2428 2655 Faramundo,
2469 2588 2716 2661 regnavit
2744 2585 2991 2644 Chlodio.
3041 2579 3409 2639 PostClodio-

162 2688 266 2728 netn
288 2675 590 2751 Meroingus
618 2680 753 2753 (55),
786 2697 817 2737 a
846 2698 955 2754 quo
983 2682 1179 2739 Franci
1235 2683 1494 2755 Meroingi
1544 2684 1722 2740 vocati
1778 2693 1922 2740 sunt.
1972 2683 2099 2739 Post
2138 2682 2473 2750 Meroingum
2504 2679 2663 2771 iﬁlius
2706 2693 2837 2733 suus
2885 2674 3224 2738 Heldcricus,
3256 2677 3412 2771 pater

162 2763 420 2824 Clilodovei
449 2770 596 2840 regis
643 2772 836 2839 incliti,
867 2775 1134 2846 regnavit.
1170 2774 1270 2831 llic
1318 2775 1657 2832 Chlodoveus
1683 2790 1713 2829 a
1744 2776 1905 2830 beato
1955 2773 2202 2846 Remigio
2247 2773 2453 2842 primus
2482 2770 2816 2825 Francorum
2858 2778 3220 2838 regum'cum
3258 2763 3410 2815 omni

164 2863 373 2917 exercitu
404 2864 729 2934 baptisatus,
756 2867 963 2938 expulit
990 2868 1237 2937 Egidium
1269 2868 1547 2925 consulem
1575 2868 1902 2932 Romanum,
1955 2865 2233 2935 ﬁliumque
2264 2863 2379 2933 ejus
2408 2861 2679 2932 Siagrinm
2727 2858 2947 2923 occidit,
2995 2855 3222 2923 tulitque
3268 2851 3412 2908 Mar-

160 2952 290 3006 tiano
315 2952 635 3024 imperatori
662 2957 923 3028 quidquid
956 2958 1182 3014 Romani
1215 2959 1359 3016 intra
1391 2959 1641 3015 Rhenum
1666 2970 1721 3016 et
1746 2960 1993 3029 Ligerem
2036 2957 2230 3013 ﬂuvios
2260 2955 2627 3028 possidebant.
2680 2952 2805 3008 Post
2842 2958 3075 3007 mortem
3115 2945 3416 3003 Chludovei

160 3049 366 3107 quatuor
392 3043 482 3099 ﬁlii
508 3044 631 3113 ejus
658 3060 886 3115 regnum
916 3045 1197 3116 ejuslnter
1220 3064 1279 3104 se
1328 3050 1627 3105 diviserunt
1651 3050 1959 3120 aequaliter,
2000 3050 2052 3104 id
2082 3058 2166 3104 est
2191 3047 2596 3106 Chlodomirus.
2638 3043 2991 3107 llildibcrtus,
3025 3041 3336 3106 L0tharius,
3360 3045 3419 3093 et

162 3129 294 3204 llugo
316 3134 707 3205 Tlteodoricus,
734 3138 801 3193 de
829 3140 1130 3195 concubina
1155 3141 1387 3211 genitus,
1419 3141 1535 3211 qui,
1582 3141 1707 3195 data
1756 3149 1899 3196 terra
1934 3140 2335 3211 Thuringorum
2382 3137 2617 3191 maxima
2642 3150 2708 3189 ex
2741 3144 2895 3205 parte
2941 3132 3276 3197 Saxonibus,
3319 3129 3415 3201 qui

166 3234 510 3280 remanserant
540 3226 579 3279 Τ
586 3227 848 3297 huringos
875 3228 1037 3300 regiis
1062 3229 1358 3285 territoriis
1384 3229 1515 3285 fecit
1546 3231 1864 3287 tributarios
1898 3232 1949 3285 in
1979 3231 2178 3301 porcis.
2216 3229 2428 3285 Mortuo
2456 3227 2811 3286 Theoderico.
2846 3226 3089 3297 regnavit
3137 3223 3414 3279 Tlteober-

167 3325 255 3370 tus.
278 3314 400 3371 Post
443 3317 598 3372 illum
639 3317 1005 3375 Theobaldus.
1041 3319 1252 3376 Mortuo
1298 3321 1633 3388 Theobaldo,
1686 3323 1933 3394 regnavit
1974 3321 2287 3376 Lotharius.
2349 3320 2479 3375 Post
2527 3322 2674 3374 hunc
2716 3318 3057 3389 Helpericus.
3111 3316 3242 3373 Post
3271 3321 3415 3370 hunc

168 3396 424 3461 Lotharius
445 3416 608 3477 pater
629 3408 919 3480 Dagoberti
949 3410 1113 3481 regis.
1146 3410 1246 3467 Hic
1292 3411 1606 3470 Lotharius.
1630 3415 1814 3468 occiso
1843 3413 2132 3467 itrrtholdo
2159 3411 2296 3467 duce
2342 3411 2645 3476 Saxonum,
2694 3417 2751 3464 et
2778 3416 3070 3480 pervagata
3094 3407 3241 3463 omni
3269 3417 3415 3463 terra

163 3505 347 3561 eorum,
371 3498 578 3553 nullum
610 3500 885 3556 hominem
913 3490 1214 3575 longiorem
1245 3503 1300 3558 in
1351 3519 1414 3559 ea
1442 3492 1714 3559 viventem
1755 3504 1996 3573 reliquit,
2027 3518 2190 3572 quam
2217 3502 2428 3572 gladius
2467 3516 2598 3556 suus
2636 3499 2835 3564 fuerat,
2864 3513 3026 3569 quem
3079 3504 3290 3567 spatam
3313 3508 3415 3549 vo-

166 3597 289 3642 cant.
319 3590 534 3649 Mortuo
559 3593 884 3664 Dagoberto,
916 3597 1164 3668 regnavit
1196 3606 1318 3668 post
1354 3612 1478 3652 eum
1510 3597 1654 3652 ﬁlius
1693 3596 1810 3666 ejus
1831 3597 2148 3668 Sigobertus
2167 3605 2223 3650 et
2249 3594 2571 3650 Clodovens.
2593 3592 2721 3648 Post
2743 3590 3071 3647 Clodoveum
3098 3587 3413 3645 Lotharius.

166 3674 274 3735 Post
291 3697 407 3738 eum
432 3684 636 3741 fratres
653 3685 771 3755 ejus
794 3687 1166 3744 Theodoricus
1186 3697 1241 3743 et
1270 3687 1596 3744 Hildericus.
1622 3688 1757 3743 Erat
1784 3688 1928 3744 enim
1962 3689 2075 3757 ipse
2113 3686 2417 3741 liildericus
2464 3684 2597 3740 levis
2626 3683 2814 3748 nimis,
2845 3682 2948 3739 sub
2990 3679 3417 3750 cujus-tempore

164 3768 416 3844 Pippinus,
448 3779 596 3835 ﬁlius
621 3780 860 3852 Ansgisi,
892 3783 1063 3850 major
1090 3783 1282 3838 domus
1311 3791 1449 3838 erat.
1484 3782 1613 3837 Post
1639 3783 1783 3837 hunc
1812 3780 2342 3836 administrationem
2393 3777 2529 3833 aula:
2557 3776 2808 3841 Carolus,
2855 3774 3001 3831 ﬁlius
3034 3772 3175 3844 ejus,
3221 3787 3418 3842 procu-

167 3863 318 3919 rabat.
346 3866 460 3936 Quo
490 3878 731 3937 mortuo,
757 3872 947 3929 ultimo
988 3873 1390 3947 Mcroingorum
1419 3874 1693 3930 llilderico
1733 3889 1903 3944 regno
1925 3873 2159 3939 sublato,
2185 3872 2468 3944 Pippinus,
2488 3869 2670 3927 Caroli
2694 3868 2859 3937 ﬁlius,
2890 3869 3110 3925 decreto
3134 3865 3415 3923 Zachariae

164 3967 294 4022 papa:
312 3973 376 4013 ex
403 3960 650 4029 palatino
675 3963 873 4018 comite
904 3964 957 4019 in
981 3979 1164 4036 regem
1197 3965 1417 4037 ungitur
1445 3982 1461 4031 ;
1488 3966 1578 4035 qui
1608 3967 1794 4036 genuit
1820 3964 2074 4023 Carolum
2100 3966 2372 4036 Magnum.

222 4042 340 4103 Post
367 4047 805 4108 Valentinianum
832 4052 1125 4110 Gratianus
1162 4055 1463 4125 imperator
1486 4054 1645 4110 annis
1666 4055 1699 4111 6
1734 4055 2001 4128 regnavit,
2024 4071 2148 4112 cum
2174 4053 2555 4112 Valentiniano
2584 4052 2774 4110 fratre.

224 4137 627 4197 Valentinianus
655 4161 779 4200 cum
807 4145 1111 4202 Theodosio
1137 4148 1297 4203 annis
1320 4147 1376 4203 9.

225 4227 556 4291 Theodosius
579 4253 703 4293 eum
731 4237 963 4294 Arcadio
987 4238 1097 4294 ﬁlio
1127 4240 1286 4295 annis
1310 4240 1397 4295 ll.
1431 4237 1782 4313 Hieronymus

1860 4240 2088 4297 rcsbitcr
2119 4241 2259 4313 apud
2284 4237 2601 4309 Bethlebem
2629 4250 2794 4308 super
2842 4247 3033 4291 omnes
3061 4229 3417 4300 historiogra-

164 4320 280 4391 pbos
303 4327 522 4384 enituit.
1118 4368 1131 4381 -
2903 4418 2916 4424 _
3112 4415 3133 4424 _
3204 4414 3262 4424 ν.
3403 4412 3417 4424 .

224 4414 500 4486 Arcadius,
530 4420 675 4479 ﬁlius
703 4422 1016 4490 Theodosii,
1036 4440 1159 4480 cum
1191 4424 1363 4482 fratre
1412 4424 1653 4483 Honorio
1684 4426 1842 4483 annis
1871 4427 1957 4483 15.
2002 4425 2273 4482 Honorius
2311 4439 2433 4480 cum
2492 4422 2798 4480 Theodosio
2844 4418 3078 4486 minore,
3110 4414 3296 4473 fratris
3335 4414 3418 4468 Sui

164 4500 360 4563 Arcadii
391 4509 527 4574 ﬁlio,
561 4512 721 4568 annis
747 4512 831 4567 12.
857 4512 1108 4571 Alaricus
1136 4530 1234 4570 rex
1257 4502 1562 4572 Gothorum
1594 4516 1822 4573 Romam
1854 4518 2090 4582 invasit;
2142 4525 2198 4571 et
2225 4517 2460 4586 septimo
2501 4514 2723 4571 Honorii
2756 4513 3038 4586 regnantis
3067 4525 3212 4566 anno
3260 4520 3420 4563 reve-

166 4589 433 4656 lavitDeus
457 4601 705 4659 Luciano
750 4605 1058 4676 presbitero
1080 4608 1374 4663 venerabili
1400 4623 1630 4679 corpora
1681 4617 2017 4673 sanctorum,
2042 4608 2218 4663 sancti
2250 4607 2511 4678 Stephani
2543 4606 2985 4677 protomartyris,
3013 4612 3070 4659 et
3095 4598 3416 4658 Gamaliclis

163 4685 245 4752 qui
279 4688 467 4746 doctor
488 4692 722 4761 apostoli
745 4693 896 4748 Pauli
918 4703 1059 4761 erat,
1090 4704 1147 4751 et
1176 4696 1271 4751 ﬁlii
1293 4695 1412 4766 ejus
1430 4697 1672 4764 Abihon,
1703 4708 1758 4752 et
1786 4697 2089 4764 Nieodemi,
2132 4699 2224 4768 qui
2263 4699 2415 4754 venit
2452 4699 2520 4752 ad
2558 4697 2745 4754 Jesum
2791 4705 2952 4751 nocte
2979 4695 3216 4765 primum
3245 4709 3262 4758 ;
3298 4705 3420 4762 quae

160 4770 419 4837 Iohannes
442 4780 976 4856 Hierosolymitanus
1002 4787 1291 4858 episcopus
1319 4789 1373 4843 in
1412 4797 1657 4844 sanctam
1685 4803 1809 4844 cum
1844 4790 2085 4844 maximo
2114 4791 2325 4845 honore
2370 4789 2651 4845 transtulit
2694 4787 2982 4844 ecclesiam
3024 4786 3179 4842 Sion.
3227 4782 3421 4839 Hiero-

161 4864 326 4927 nimus
349 4876 618 4944 presbiter
643 4877 739 4932 12°
770 4877 993 4935 Honorii
1014 4895 1158 4936 anno
1195 4880 1337 4952 apud
1364 4880 1680 4938 Bethlehem
1705 4881 1861 4949 obiit,
1894 4882 2251 4938 anno‘aatatis
2276 4898 2391 4939 suae
2416 4882 2505 4938 9|.
2704 4948 2710 4953 _

227 4957 555 5020 Theodosius
576 4966 779 5032 minor,
804 4969 1025 5025 Arcadii
1058 4956 1218 5034 filius,
1264 4970 1421 5027 annis
1448 4970 1538 5027 26.
1586 4971 1784 5044 August

1862 4988 1944 5038 ns,
1969 4971 2346 5044 Hypponensis
2383 4972 2672 5043 cpiscopus
2709 4980 2764 5029 et
2801 4979 3004 5028 sanctae
3041 4969 3283 5029 ecclesia:
3321 4968 3419 5023 do-

161 5055 270 5105 ctor
293 5053 547 5119 eximius.
569 5057 725 5113 obiit.
757 5059 928 5129 Hujus
948 5059 1238 5117 Theodosii
1272 5071 1515 5134 tempore
1552 5062 1715 5120 Bleda
1743 5073 1799 5120 et
1812 5062 1979 5120 Attila
2003 5063 2203 5122 fratres
2225 5064 2278 5121 in
2303 5064 2475 5122 lluuis
2508 5072 2871 5138 regnaverunt
2891 5074 2945 5120 et
2968 5064 3225 5121 llliricmn
3249 5061 3421 5119 Thra-

163 5140 396 5214 ciamque
425 5148 734 5219 depopulati
765 5161 912 5207 sunt.
1618 5221 1623 5225 .

226 5235 521 5298 Martianus
546 5260 668 5300 cum
704 5245 1107 5312 Valentiniano,
1132 5247 1388 5303 Placidire
1416 5248 1548 5315 ﬁlio,
1590 5265 1763 5307 annos
1806 5252 1860 5306 7.
1899 5249 2069 5322 Angli.
2098 5258 2298 5306 terram
2350 5266 2511 5322 quam
2565 5265 2709 5305 nunc
2762 5248 2896 5305 Dani
2945 5246 3225 5318 possident
3251 5243 3417 5300 relinc

162 5318 396 5396 quentes,
421 5349 548 5390 cum
576 5351 701 5407 rege
729 5353 830 5391 suo
860 5335 1150 5409 Anglingo,
1180 5337 1447 5392 invitante
1474 5348 1530 5394 et
1566 5341 1903 5396 conducente
1944 5318 2038 5397 eos
2090 5357 2219 5414 rege
2265 5318 2610 5412 Ver-tigerno,
2641 5348 2833 5397 contra
2882 5339 3075 5396 Scotos
3129 5349 3185 5395 et
3241 5337 3420 5394 Pictos

164 5412 482 5480 Britanniam
511 5436 719 5496 petunt.
748 5427 1144 5486 Calcedonensc
1171 5429 1457 5485 concilium
1486 5432 1586 5487 sub
1620 5431 1801 5490 Leone
1835 5450 1973 5505 papa
2002 5412 2361 5492 collocatione
2389 5434 2493 5492 630
2518 5445 2733 5506 patrum
2758 5435 2958 5507 agitur.
2991 5432 3201 5492 Mortuo
3229 5433 3419 5501 Blcda,

224 5615 334 5755 ἔδει)
374 5618 507 5687 Quae
527 5632 851 5693 sequuntur,
871 5640 938 5681 ex
966 5624 1147 5683 Gestis
1176 5643 1362 5698 regum
1399 5629 1737 5685 Francorum
1781 5625 2071 5685 ﬂuxerunt.

248 5686 335 5755 54)
374 5693 449 5745 ita
474 5696 698 5749 correxi.
726 5693 996 5751 Surmone
1020 5714 1068 5751 c.

248 5686 335 5755 54)
374 5686 449 5745 ita
474 5686 698 5749 correxi.
726 5686 996 5751 Surmone
1020 5714 1068 5751 c.

227 5755 337 5831 (55)
375 5762 461 5833 “ita
506 5766 712 5821 correxi
770 5766 855 5821 hic
909 5777 956 5823 et
1005 5769 1059 5822 in
1108 5768 1466 5841 sequentibus.
1502 5769 1788 5841 blerongus
1811 5788 1856 5824 c.
