3944 6392
569 337 718 413 ,ωε
1431 348 1684 415 ausae.
1727 349 2126 413 Inmensum

2253 351 2622 422 )UEDLINB.,
2668 349 3046 410 WEISSEMB.
3462 436 3471 445 .
3722 346 3810 411 illi

1699 482 2024 542 ANNALES
2064 485 2781 571 QUEDLINBURGENSES

611 585 777 679 Attila
816 588 934 660 ejus
957 591 1126 650 frater
1154 608 1368 650 omnem
1393 613 1531 667 pene
1552 597 1784 655 Galliam
1809 602 2128 668 devastavit,
2159 620 2268 674 quo
2293 621 2481 675 usque,
2507 606 2618 661 Deo
2646 606 2943 671 annuente,
2978 620 3074 676 per
3095 604 3342 678 Egidium
3369 607 3481 679 (56)
3520 611 3815 679 patritiumet

612 678 1061 749 Thurismedum,
1086 682 1370 741 Remensis
1399 686 1512 758 (57)
1539 689 1780 745 civitatis
1809 693 2108 763 principem
2162 695 2477 760 Gethicum,
2507 696 2725 768 fugatus
2769 707 2875 753 est.
2922 700 2998 753 lio
3029 709 3271 769 tempore
3316 678 3653 756 Ermanricus
3693 718 3816 772 super

611 785 802 830 omnes
829 773 1038 831 Gothos
1062 778 1328 848 regnavit,
1356 782 1594 837 astutior
1622 783 1675 837 in
1713 784 1854 847 dolo,
1887 784 2091 857 largior
2134 788 2187 842 in
2224 789 2396 855 dono,
2428 790 2520 859 qui
2569 798 2690 859 post
2727 799 2953 844 mortem
3006 789 3268 845 Friderici
3298 791 3443 844 unici
3493 790 3584 845 lilii
3628 792 3716 856 sui,
3743 809 3814 848 sua

611 877 918 937 perpetrata
935 869 1046 943 (58)
1062 871 1356 939 voluntate,
1376 876 1647 944 patrueles
1666 892 1796 932 suos
1819 878 2126 936 Embricam
2148 890 2202 935 et
2226 881 2448 936 Fritlam
2471 881 2584 952 (59)
2600 882 2839 952 patibulo
2862 884 3161 953 suspendit.
3187 882 3578 939 Theodericum
3600 885 3815 951 similiter,

612 963 910 1030 patruelem
935 980 1112 1031 suum,
1141 967 1514 1025 instimulante
1539 971 1787 1027 Odoacro
1816 974 2058 1043 patruele
2087 990 2205 1039 suo,
2236 975 2302 1030 de
2334 975 2540 1030 Verona
2565 975 2775 1045 pulsum
2803 977 2945 1046 apud
2968 975 3192 1032 Attilam
3215 976 3436 1032 exulare
3464 978 3647 1048 coegit.
3673 977 3817 1033 Aetius

614 1053 899 1121 patricius,
935 1071 1129 1129 magna
1167 1058 1522 1115 occidentalis
1570 1062 1646 1116 rei
1699 1062 1928 1133 publica:
1953 1064 2102 1119 Salus
2130 1074 2185 1120 et
2216 1066 2328 1135 regi
2365 1066 2547 1121 Attilae
2587 1067 2751 1122 etiam
2784 1075 2992 1132 terror,
3024 1081 3056 1122 a
3091 1050 3473 1124 Valentiniano
3495 1066 3693 1138 iuniore
3712 1069 3817 1125 occi-

615 1146 780 1203 ditur.
808 1147 945 1205 Cum
968 1165 1077 1221 quo
1101 1149 1422 1222 Hesperium
1445 1153 1642 1209 cecidit
1669 1169 1913 1225 regnum,
1950 1168 2128 1225 neque
2152 1155 2416 1212 hactenus
2437 1156 2606 1212 valuit
2631 1156 2859 1212 relevari
2895 1156 3031 1229 (60).

688 1236 803 1294 Leo
821 1239 996 1321 major
1018 1241 1176 1297 annis
1206 1242 1291 1296 l7.
1325 1242 1587 1314 Egyptius
1611 1257 1800 1299 errore
1830 1244 2071 1300 Dioscori
2097 1245 2279 1300 latrat.

678 1330 792 1387 Leo
816 1332 995 1389 minor
1013 1349 1215 1390 annum
1249 1336 1299 1390 l.

678 1424 865 1485 Zenon
886 1441 1059 1483 annos
1086 1429 1171 1482 l7.
1213 1427 1481 1494 Odoacar,
1518 1444 1611 1485 rex
1636 1430 1959 1496 Gothorum,
1987 1430 2215 1487 Romam
2241 1432 2496 1487 obtinuit.

677 1518 1004 1575 Anastasius
1032 1535 1207 1577 annos
1232 1521 1322 1576 27.
1356 1521 1674 1591 Fulgentius
1701 1524 1987 1593 episcopus
2016 1524 2362 1593 praedicatur.
2403 1524 2710 1581 Ermanrici
2747 1528 2890 1598 regis
2926 1528 3251 1594 Gothorum,
3285 1543 3313 1582 a
3354 1527 3613 1583 fratribus
3644 1525 3817 1582 llemido

607 1616 663 1664 et
695 1607 869 1666 Serila
912 1619 970 1666 et
1002 1611 1306 1679 Adaccaro,
1342 1629 1572 1685 quorum
1612 1624 1819 1686 patrem
1868 1616 2235 1681 interfecerat,
2267 1617 2564 1687 amputatis
2610 1619 2860 1674 manibus
2899 1628 2954 1674 et
2999 1619 3227 1689 pedibus
3275 1620 3525 1689 turpiter,
3576 1618 3646 1672 uti
3673 1619 3817 1687 dignus

612 1709 755 1767 erat,
781 1703 986 1759 occisie
1018 1704 1154 1775 (Gl),
1179 1705 1452 1777 Amulung
1490 1705 1793 1761 Theoderic
1822 1706 2046 1771 dicitur;
2081 1721 2316 1776 proavus
2352 1723 2484 1762 suus
2534 1708 2694 1761 Amnl
2741 1710 3054 1775 vocabatur,
3089 1711 3179 1779 qui
3211 1708 3516 1765 Gothorum
3565 1709 3818 1780 potissimus

612 1792 959 1848 censebatur.
986 1793 1052 1848 Et
1081 1795 1186 1850 iste
1215 1795 1319 1849 fuit
1340 1794 1597 1852 Thideric
1632 1798 1699 1852 de
1730 1797 1924 1860 Beroe,
1958 1800 2024 1853 de
2054 1814 2161 1868 quo
2186 1800 2480 1855 cantabant
2501 1800 2687 1854 rustici
2712 1800 2865 1856 olim.
2898 1801 3266 1857 Theodericus
3296 1802 3479 1856 Attila:
3505 1802 3639 1871 regis
3661 1799 3813 1854 anxiho

610 1882 668 1936 in
707 1894 933 1953 regnum
964 1883 1267 1941 Gothorum
1305 1887 1579 1953 reductus,
1602 1904 1758 1944 suum
1786 1891 2084 1960 patruelem
2108 1892 2415 1947 Odoacrum
2449 1893 2501 1947 in
2534 1893 2790 1949 Ravenna
2823 1897 3043 1951 civitate
3071 1906 3461 1967 expugnatum,
3489 1894 3815 1950 interveniente

608 1973 803 2043 Attila,
830 1994 897 2033 ne
924 1980 1286 2048 occideretur,
1316 1983 1481 2037 exilio
1512 1984 1850 2053 deputatum,
1873 1986 2062 2055 paucis
2083 1986 2393 2058 villisjuxta
2442 1986 2825 2043 conﬂucntiam
2854 1990 3024 2046 Albim
3051 2000 3104 2045 et
3150 1989 3289 2045 Salre
3325 1989 3601 2045 ﬂuminum
3629 1988 3815 2044 donavit.

607 2068 932 2126 Anastasius
978 2081 1160 2129 autem
1207 2075 1521 2144 imperator,
1549 2075 1823 2130 haereticis
1845 2075 2058 2141 favens,
2089 2077 2315 2133 fulmine
2340 2079 2568 2134 interiit.

679 2160 929 2220 Justinus
957 2166 1117 2221 annis
1142 2165 1195 2221 9.
1232 2166 1606 2223 Theodericus
1633 2167 1805 2222 Roma
1832 2169 2057 2238 potitus,
2089 2180 2335 2225 sanctum
2360 2170 2668 2228 Iohannem
2692 2172 2997 2227 Romanum
3036 2172 3347 2242 pontiﬁcem
3380 2171 3435 2226 in
3478 2170 3710 2225 Ravenna
3733 2182 3818 2223 caro

604 2270 736 2311 cere
765 2264 993 2321 lentum,
1021 2256 1089 2312 ad
1122 2268 1351 2314 mortem
1379 2274 1551 2331 usque
1574 2260 1899 2331 perducens,
1946 2261 2239 2331 praeclaros
2278 2278 2494 2334 quoque
2537 2264 2791 2320 consules
2838 2265 3228 2336 Symmachum
3274 2274 3330 2319 et
3367 2264 3608 2319 Beelium
3651 2262 3816 2319 occidit.

600 2347 724 2420 Ipse
743 2365 876 2405 vero
905 2350 1306 2418 Theodericus,
1341 2350 1429 2407 98.
1475 2352 1561 2408 die
1588 2362 1872 2423 postquam
1912 2353 2190 2410 Johannes
2242 2370 2381 2426 papa
2429 2354 2717 2413 defunctus
2760 2365 2866 2421 est,
2922 2358 3205 2412 subitanea
3257 2367 3440 2411 morte
3489 2356 3700 2420 interiit;
3745 2370 3817 2409 cu-

598 2440 692 2510 ius
721 2457 949 2513 regnum
980 2456 1153 2513 nepos
1182 2459 1315 2500 suus
1341 2443 1687 2500 Athalaricus
1734 2446 1992 2515 suscepit.
2025 2445 2226 2501 Eodem
2260 2455 2504 2516 tempore
2532 2456 2754 2502 sanctus
2797 2446 3120 2502 Benedictus
3150 2445 3205 2500 in
3250 2454 3439 2500 monte
3483 2443 3692 2499 Cassiue
3714 2441 3819 2495 velut

600 2534 685 2594 sel
710 2535 954 2593 emicuit.

671 2625 1015 2685 Justinianus
1040 2628 1337 2699 imperator
1363 2632 1521 2685 annis
1559 2629 1649 2685 39.
1687 2629 1856 2699 Hujus
1885 2629 1918 2685 6
1944 2646 2089 2687 anno
2113 2632 2305 2703 quinta
2346 2634 2587 2705 synodus
2617 2632 2947 2687 celebratur.
2987 2632 3204 2686 Primus
3252 2632 3497 2703 Dionysii
3533 2629 3739 2686 circulus
3768 2628 3820 2681 in-

602 2719 769 2775 choat
805 2735 950 2776 anno
975 2722 1263 2777 dominicae
1287 2722 1679 2777 incarnationis
1700 2722 1825 2784 552,
1861 2732 1916 2777 et
1949 2724 2121 2779 codex
2150 2723 2523 2780 Justiniancus
2563 2725 2631 2779 de
2672 2725 2881 2796 legibus
2924 2725 3173 2779 Romano
3218 2725 3334 2779 orhi
3371 2724 3718 2795 premulgatus
3743 2729 3818 2773 est.

602 2809 807 2868 Eodem
833 2826 976 2868 anno
1001 2811 1154 2883 llngo
1182 2811 1553 2869 Theodericus
1589 2829 1704 2879 rex,
1730 2814 2026 2870 Ghledovei
2055 2816 2198 2885 regis
2224 2817 2369 2871 ﬁlius
2411 2828 2483 2871 ex
2506 2816 2807 2872 concubina
2838 2826 3030 2882 natus,
3072 2832 3195 2870 cum
3244 2815 3385 2885 patri
3443 2812 3753 2868 successisset
3782 2808 3819 2861 in

611 2918 866 2975 regnum,
895 2903 965 2959 ad
990 2903 1314 2959 electionem
1339 2920 1493 2960 suam
1523 2903 1894 2959 Irminfridum
1923 2921 2107 2975 regem
2133 2907 2536 2977 Tlturingorum
2567 2908 2865 2971 honoriﬁce
2888 2907 3156 2961 invitavit.
3206 2905 3358 2976 llugn
3386 2903 3727 2959 Theodericus
3750 2900 3821 2951 iste

600 2996 829 3062 dicitur,
859 2996 912 3053 id
935 2996 1303 3061 estFrancus,
1328 2997 1454 3067 quia
1479 2996 1605 3051 olim
1646 3012 1835 3051 omnes
1859 2997 2051 3052 Franci
2088 2998 2344 3069 llugones
2389 3000 2726 3054 vocabantur
2777 3015 2805 3052 a
2854 3014 2953 3053 suo
2999 2998 3239 3068 quodam
3292 2999 3432 3050 duce
3485 2995 3705 3065 llugone.
3748 2989 3821 3058 Qui

605 3090 861 3160 quamvis
887 3091 1088 3145 nothus
1116 3096 1284 3155 esset,
1324 3104 1356 3143 a
1400 3098 1555 3160 patre
1581 3088 1891 3144 Chledoveo
1918 3099 2139 3158 propter
2166 3089 2486 3159 sapientiam
2517 3099 2570 3143 et
2597 3090 2969 3143 fortitudinem
3000 3089 3103 3142 sibi
3142 3088 3404 3142 divinitus
3434 3086 3667 3142 collatam
3702 3094 3820 3137 caue

603 3184 685 3237 ris
715 3180 842 3237 filiis
864 3182 979 3238 suis
1005 3182 1125 3252 plus
1148 3181 1402 3246 dilectus,
1426 3197 1525 3237 suo
1542 3182 1697 3250 jussu
1728 3183 2002 3250 totiusque
2026 3181 2211 3251 populi
2238 3197 2508 3237 consensu
2541 3183 2683 3236 inter
2710 3182 2910 3237 fratres
2942 3197 3073 3237 suos
3119 3182 3346 3244 nobiles,
3390 3182 3441 3235 id
3474 3190 3553 3236 est
3598 3175 3816 3235 Cledemi-

601 3290 749 3341 rum,
777 3274 1172 3340 Hildebertum,
1200 3283 1255 3329 et
1280 3274 1620 3339 Lotharium,
1643 3274 1908 3344 :cqualem
1954 3275 2106 3344 regni
2154 3282 2362 3342 partem
2395 3275 2656 3344 suscepit.
2699 3274 2863 3345 Cujus
2900 3276 3039 3345 parti
3091 3290 3213 3328 cum
3254 3273 3556 3344 Thuringia
3602 3272 3820 3330 cessisset.

600 3360 973 3433 lrminfridus,
998 3382 1165 3439 gener
1186 3365 1324 3436 ejus,
1356 3367 1574 3423 hortatu
1622 3368 1808 3421 uxoris
1836 3381 1948 3421 suae
1972 3366 2317 3437 Amelhurga:
2374 3367 2750 3423 invitationem
2805 3370 2948 3439 regis
2988 3371 3215 3439 respuit,
3246 3370 3459 3433 dicens,
3489 3366 3821 3422 Theodericum

603 3460 795 3516 uxoris
819 3476 961 3527 suae,
985 3475 1106 3531 quae
1133 3476 1289 3517 soror
1310 3469 1430 3515 erat
1458 3460 1804 3527 Theoderici,
1822 3462 2013 3530 ,petius
2034 3476 2153 3516 esse
2170 3460 2368 3516 debere
2389 3477 2638 3525 servum,
2667 3478 2829 3532 quam
2861 3463 2962 3517 sibi
2996 3464 3079 3516 vel
3120 3464 3242 3518 aliis
3267 3478 3451 3531 regem
3476 3463 3556 3517 vel
3579 3460 3817 3516 deiniuum.

620 3552 1080 3623 Veniat.primum,
1110 3556 1248 3613 dixit
1281 3558 1347 3613 ad
1371 3557 1652 3620 nuncium,
1680 3556 1852 3626 ferens
1879 3573 2056 3610 aecum
2084 3555 2423 3624 multiformis
2448 3558 2682 3626 pecuuiw
2724 3557 3014 3622 cumulum,
3058 3567 3113 3610 ut
3159 3566 3295 3611 emat
3347 3557 3417 3610 ob
3464 3571 3618 3609 uxore
3641 3569 3750 3615 mea,
3774 3549 3820 3601 ab

607 3660 831 3721 utroque
874 3660 1090 3720 parente
1124 3648 1305 3714 nobili,
1353 3664 1434 3703 me
1464 3647 1700 3718 jubaute,
1746 3646 2003 3701 libertatis
2033 3656 2423 3703 testamentum.
2483 3646 2602 3713 Quo
2659 3661 2952 3715 responso,
2988 3646 3226 3700 unanimi
3277 3645 3608 3701 Francorum
3658 3641 3811 3697 lurore.

614 3748 924 3796 commotus
950 3738 1354 3803 Theodericus,
1388 3738 1728 3794 remandavit
1754 3738 1802 3791 ei
1835 3738 2023 3792 dicens
2054 3752 2066 3789 :
2110 3734 2350 3801 Veniam,
2380 3747 2433 3790 ut
2454 3736 2684 3805 jttssisti.
2718 3735 2787 3789 Et
2817 3739 2863 3791 si
2890 3754 3079 3790 aurum
3122 3739 3250 3790 mihi
3300 3753 3406 3791 non
3456 3731 3714 3803 stt/fecerit,
3753 3740 3821 3795 pro

614 3831 852 3887 libertate
879 3849 997 3887 mea
1024 3831 1413 3902 Tlturingerum
1439 3829 1872 3900 Francorumque
1908 3829 2081 3898 capita
2109 3828 2201 3881 tibi
2233 3826 2346 3899 (6'2)
2385 3828 2522 3881 dabo
2568 3844 2783 3882 numero
2835 3828 3244 3897 inexplicabilia.
3307 3827 3609 3895 Statimque
3645 3818 3821 3875 collecto

618 3924 889 3991 exercitu,
917 3924 1069 3978 venit
1095 3924 1148 3979 in
1182 3922 1457 3992 regionem
1487 3920 1752 3979 Maerstem
1778 3918 1888 3991 (65)
1924 3927 2188 3982 vocatam,
2213 3928 2266 3971 et
2296 3916 2664 3971 lrminfritlum
2692 3917 2803 3973 illic
2826 3917 2926 3972 sibi
2953 3917 3092 3971 bello
3129 3926 3508 3973 occurrentem
3546 3911 3691 3967 multa
3714 3902 3820 3961 unde

618 4025 841 4069 suorum
865 4015 996 4070 vicit
1023 4024 1079 4070 et
1107 4014 1335 4086 fugavit.
1367 4012 1539 4081 Quem
1580 4012 1857 4067 insecutus
1884 4024 2056 4079 usque
2081 4008 2149 4062 ad
2185 4006 2488 4064 Ovaccram
2521 4006 2779 4074 ﬂuvium,
2811 4007 2963 4075 juxta
3014 4008 3196 4062 villam
3242 4006 3427 4061 Arhen
3478 4004 3584 4075 (6i)
3630 4006 3821 4090 vocatam

616 4101 859 4158 maxime
887 4103 1074 4173 praalio
1119 4102 1284 4168 fudit;
1322 4103 1519 4172 illoque
1550 4102 1758 4170 fugato,
1792 4109 2016 4170 prepter
2045 4115 2268 4153 suorum
2302 4113 2487 4153 casum
2520 4110 2573 4154 ct
2599 4101 2896 4154 viventium
2928 4099 3149 4154 vulnera
3190 4098 3428 4169 amplius
3458 4112 3576 4152 cum
3622 4098 3817 4163 ρετςείιυι

617 4193 851 4260 destitit,
876 4176 1043 4265 seque
1067 4196 1138 4251 ob
1165 4195 1505 4250 curationem
1533 4192 1832 4248 dolentium
1875 4192 2094 4246 statutis
2140 4190 2413 4245 munierat
2436 4192 2654 4247 castris.
2700 4191 2943 4246 Audiens
2978 4202 3160 4246 autem
3194 4189 3582 4251 Theodericus,
3613 4185 3819 4238 Saxones

621 4300 855 4356 quorum
877 4285 991 4355 jam
1018 4285 1278 4342 fortitudo
1308 4302 1407 4358 per
1429 4293 1600 4339 totum
1628 4299 1766 4354 pene
1795 4282 2179 4353 divulgabatur
2209 4282 2493 4348 mundum,
2535 4282 2587 4335 in
2618 4282 2736 4336 loco
2778 4282 3054 4337 lladalaen
3088 4283 3233 4336 dicto
3277 4280 3615 4351 applicuisse,
3636 4275 3679 4326 in
3703 4279 3819 4323 suum

616 4393 713 4435 eos
742 4380 1066 4435 convocavit
1096 4381 1381 4448 auxilium,
1414 4379 1741 4452 promittens
1764 4378 1842 4433 eis
1862 4392 1986 4432 cum
2013 4391 2111 4430 suo
2138 4390 2472 4445 suorumque
2525 4374 2593 4428 12
2638 4377 3101 4431 nobilissimorum
3125 4374 3461 4444 juramento,
3490 4371 3531 4425 si
3580 4361 3821 4452 Thurini?”

615 4472 718 4528 sibi
747 4471 1104 4530 adversantes
1131 4473 1431 4539 vincerent,
1472 4487 1690 4527 omnem
1722 4470 1828 4525 illis
1872 4484 2061 4523 eorum
2110 4476 2311 4522 terram
2343 4468 2617 4532 daturum,
2643 4484 2814 4538 usque
2837 4469 2903 4523 ad
2930 4466 3315 4523 continentiam
3346 4465 3488 4520 Salat
3516 4472 3567 4518 et
3596 4451 3821 4515 Unslradm

614 4561 927 4620 ﬂuviorum.
961 4564 1065 4633 Qui
1088 4564 1221 4621 nihil
1250 4572 1547 4629 morantes,
1575 4570 1843 4618 venerunt
1883 4560 1951 4614 ad
1990 4574 2135 4624 eum,
2166 4567 2221 4612 et
2261 4569 2651 4628 persequentes
2681 4560 3075 4626 lrminfridmn,
3113 4564 3491 4630 pugnaverunt
3533 4562 3697 4609 contra
3730 4553 3820 4640 euut

610 4668 781 4723 super
813 4652 1120 4710 Unstradan
1144 4652 1387 4717 ﬂuvium,
1424 4662 1740 4724 tantamque
1770 4650 2172 4720 Thuringorum
2199 4659 2437 4719 stragem
2467 4650 2575 4704 illic
2598 4650 2896 4715 dederunt,
2924 4660 2983 4705 ut
3018 4652 3134 4721 ipse
3160 4650 3355 4704 ﬂuvius
3379 4661 3561 4703 eorum
3603 4639 3821 4695 cadaveﬁ‘

615 4747 723 4804 bus
749 4748 1009 4819 repletus,
1042 4759 1260 4820 pontem
1290 4749 1398 4805 illis
1428 4749 1715 4819 praeberet.
1746 4744 2089 4801 lrminfridus
2114 4753 2296 4798 autem
2323 4759 2446 4798 cum
2476 4759 2646 4799 uxore
2679 4755 2735 4799 et
2779 4744 2928 4812 filiis,
2955 4754 3011 4799 et
3047 4759 3154 4800 uno
3203 4744 3375 4798 milite
3418 4741 3591 4808 lringo
3630 4725 3819 4820 ηοιηίηέ»

619 4851 778 4912 capta
807 4857 837 4896 a
867 4819 1178 4899 Saxonibus
1208 4852 1369 4899 noctu
1402 4842 1622 4897 civitate
1666 4839 1960 4908 Schidinga
1989 4852 2095 4906 qua
2137 4850 2197 4890 se
2228 4835 2595 4900 cencluserat,
2642 4837 2733 4891 vix
2762 4837 2959 4892 evasit.
3019 4834 3171 4891 Tunc
3220 4832 3604 4892 Theodericus,
3648 4819 3819 4912 θςςθιθω

622 4910 878 5001 consilio,
905 4934 1206 4990 victoribus
1237 4933 1462 4989 tradidit
1490 4931 1798 4988 Saxonibus
1816 4944 2037 4984 onmem
2071 4937 2275 4983 terram
2309 4928 2735 5001 Thuringorum,
2765 4938 2993 5001 excepta
3036 4945 3199 5002 quam
3225 4927 3430 4983 Louvia
3462 4922 3570 4997 ((35)
3598 4925 3646 4972 et
3686 4910 3819 4966 Ηωτιι

692 5065 805 5138 (56)
846 5062 980 5138 L_ege
1009 5064 1308 5138 Egeticum,
1334 5065 1374 5118 i.
1406 5081 1454 5118 ε.
1492 5061 1720 5138 Aetium.
1760 5131 1771 5138 _
1928 5130 1939 5138 _
1995 5129 2038 5138 η
2105 5130 2118 5138 _
2321 5126 2333 5138 .

692 5129 1164 5207 (57)_Légemlum
1225 5131 1806 5207 videtur_:l_‘9l_e_sensis
1859 5130 1939 5185 vel
1993 5129 2383 5185 Narbonensis.

684 5201 999 5281 tanta.
1030 5212 1400 5281 perpetrata"!
1434 5201 1692 5281 ιβιιὲΝο
1856 5272 1875 5281 -
2126 5270 2140 5281 .
2207 5269 2219 5281 .

1441 5201 1692 5281 ιβηὲΝ·
1856 5272 1875 5281 -
2126 5270 2140 5281 .
2207 5264 2355 5281 .,..
2456 5280 2461 5281 ,
2872 5279 2899 5281 η
2964 5263 2998 5281 ,.

693 5244 1760 5350 “(333'u'ériuti§6§§"1iié"755?;Z81?“
1816 5272 1887 5329 cf.
1943 5269 2221 5329 Wilhelmi

2263 5264 2473 5321 Grimm
2514 5264 2685 5321 nostri
2713 5263 2909 5323 librum
2941 5263 3027 5321 die
3054 5262 3300 5320 deutsche
3330 5258 3644 5327 Heldensagr
3669 5265 3712 5322 ιι.
3736 5244 3802 5312 19,

618 5360 779 5403 seen.

589 5362 810 5488 νηίξὲὖ)
853 5415 975 5488 ῌςιες
999 5433 1065 5473 ex
1097 5416 1241 5473 libre
1275 5425 1487 5488 antea.
1538 5414 1637 5471 801
1689 5415 1895 5486 scripto
1951 5415 2231 5484 desumpta
2266 5420 2387 5464 esse
2414 5405 2687 5462 videntur.

716 5486 806 5544 61)
841 5486 928 5543 Cf.
958 5487 1249 5544 Iordanem
1283 5505 1335 5543 c.
1366 5487 1460 5542 24.

714 5557 805 5615 σε)
847 5558 914 5613 Et
935 5574 1078 5613 corr.
1113 5559 1207 5615 tibi
1234 5576 1392 5613 manu
1415 5558 1651 5613 secunda
1681 5576 1732 5613 c.

712 5626 803 5699 65)
846 5627 1026 5699 Pages
1056 5629 1109 5685 in
1142 5645 1252 5699 quo
1274 5629 1594 5684 Hannovera
1624 5630 1837 5685 civitas.

712 5696 804 5827 64;
842 5696 1135 5755 Annalium
1162 5696 1399 5783 Drbeim,
1431 5699 1684 5783 Herheim
1700 5718 1731 5783 ;.
1749 5700 1820 5769 cf.
1851 5715 1903 5751 a.
1931 5696 2054 5753 780.

712 5768 782 5827 65
843 5768 1051 5827 Montes
1093 5770 1494 5827 Thurinaorum
1542 5770 1923 5827 meridionales
1960 5784 2054 5824 ess

781 5492 806 5844 ἒ

843 5768 1051 5827 Montes
1093 5770 1494 5842 Thuringorum
1542 5768 1923 5828 meridionales
1960 5784 2083 5824 esse
2125 5770 2393 5827 videntur.
