3944 6382
535 331 626 389 171

745 440 907 498 ANN.
952 439 1319 510 QUEDLINB.
1534 514 1535 517 γ

596 532 725 588 753.
768 530 1077 603 Stephanus
1116 545 1251 601 papa
1282 530 1350 585 ad
1396 530 1575 601 Pippi-

1346 327 1601 386 ANNAL.
1628 330 2068 387 HILDESIIEIM.
2114 331 2500 400 QUEDLINB.,
2540 325 2951 400 WEISSEME,

1791 440 1950 496 ΛΝΝ.
1994 442 2529 501 WEISSEMBUBG.

1720 512 1844 581 755.
1889 514 2196 583 Stephanus
2229 530 2367 584 papa
2410 518 2477 570 ad
2517 516 2697 587 Pippi-

3691 344 3773 401 i7!

2912 445 3259 504 LAMBERTI
3289 449 3628 510 ANNALES.

2840 539 2966 594 755.
3008 538 3318 611 Stephanus
3342 558 3485 614 papa
3534 547 3599 601 ad
3628 547 3779 619 Pippi-

532 640 664 681 num
694 623 750 679 in
783 623 1067 695 Franciam
1097 622 1355 703 veniens,
1388 621 1576 677 defen-
1649 622 1775 661 “um
1831 607 2088 708 νςξῑίξέηδτ

2223 607 2508 664 Ἑηείοηθῐη
2560 610 2699 680 Dem
2772 643 2899 683 num
2928 631 3191 697 veniens,
3243 632 3615 690 defensionem
3652 640 3780 708 petiit

532 719 740 774 sionem
797 716 933 788 petit
1000 696 1191 770 contra
1249 712 1577 770 llaistulfum
1650 707 1844 753 εοηιτα
1876 697 2081 753 ﬂuis“)!

872 716 933 770 ιῖι
1000 696 1191 770 contra
1249 712 1577 770 llaislulfum
1650 707 1844 753 contra
1876 697 2201 753 Haistolfum
2227 714 2429 770 regem.

532 823 741 881 regem.

606 898 731 953 754.
773 895 1084 968 Stephanus
1112 911 1248 967 papa
1279 896 1414 951 duos
1444 894 1581 949 ﬁlios

1723 875 1847 932 754.
1889 877 2200 948 Stephanus
2224 894 2361 949 papa
2391 878 2529 935 duos
2560 878 2698 935 ﬁlios
2728 914 2732 919 -

535 990 787 1063 Pippini,
834 956 1086 1047 Cirrolum
1113 956 1197 1043 ’ρι’
1225 988 1580 1044 Caroloman-
1653 956 1888 1063 Ρίιάιξίιξί,
1920 970 2092 1024 Kaml'

1134 956 1197 1043 ρι’
1225 988 1580 1044 Caroloman-
1653 956 1888 1038 Pippini,
1920 970 2180 1024 Karolum
2202 980 2257 1025 et
2279 971 2691 1039 Karlmannum,

534 1103 688 1154 num,
721 1087 878 1141 unxit
908 1086 961 1140 in
994 1100 1172 1155 reges.

606 1179 733 1234 755.
773 1175 1086 1232 Bonifacius
1136 1173 1582 1244 archiepisc0pus

536 1286 637 1343 pro
686 1268 889 1326 Christi
924 1266 1147 1324 nomine
1192 1267 1458 1338 martyrio
1492 1281 1586 1321 co-

536 1366 785 1423 ronatur,
812 1355 900 1412 cui
931 1354 1051 1410 Lull
1080 1353 1371 1411 successit.

609 1445 733 1501 756.

609 1536 740 1594 757.
777 1534 993 1607 Organa
1024 1541 1293 1590 venerunt
1328 1534 1382 1590 in
1415 1534 1585 1591 Fran-

532 1628 705 1684 ciam.
1326 1639 1330 1643 '

609 1717 732 1774 758.
771 1719 1034 1791 Pippinus
1079 1718 1389 1776 Saxonibus
1426 1736 1586 1791 supe-

539 1811 678 1867 ratis
722 1796 986 1867 tributum
1035 1811 1316 1882 imposuit,
1366 1820 1427 1866 ut
1481 1812 1586 1868 500

538 1916 711 1972 equos
736 1902 967 1974 singulis
1001 1901 1276 1958 solverent
1305 1902 1483 1957 annis.

608 1994 735 2050 759.

610 2084 739 2140 760.
778 2082 1043 2156 Pippinus
1123 2084 1177 2140 in
1230 2083 1585 2141 Wasconiam

538 2174 708 2231 venit.
923 2234 929 2240 ,

611 2266 707 2322 761
721 2307 736 2322 .
781 2266 905 2322 762.
947 2267 1071 2322 765.

612 2357 749 2421 764.,
779 2357 962 2416 Hiems
987 2358 1231 2431 grandis.

637 2609 734 2665 7.65

620 2763 746 2820 766'.

617 2914 745 2969 767.

615 3004 741 3061 768.
785 3004 1044 3076 Pippinus
1129 3020 1222 3061 rex
1300 3006 1591 3077 acquisivit

543 3090 762 3149 otnnem
794 3087 1009 3149 partem
1032 3077 1358 3149 Aquitanire,
1390 3089 1447 3132 et
1480 3078 1590 3133 Wi-

543 3147 719 3201 farius
740 3147 823 3200 est
850 3148 1187 3201 interfectus.
1220 3148 1421 3202 Eodem
1447 3163 1590 3202 anno

542 3216 809 3287 Pippinus
830 3232 923 3272 rex
972 3228 1249 3273 revertens
1272 3220 1340 3273 ab
1368 3219 1594 3287 Aquita-

545 3288 638 3359 nia
668 3290 734 3342 ad
760 3299 1004 3343 sanctum
1061 3288 1374 3359 Dionysium
1408 3290 1441 3344 8
1471 3289 1588 3342 Kal.

545 3356 742 3414 Octob.
768 3359 922 3421 obiit,
955 3360 1079 3413 filiis
1106 3356 1218 3414 suis
1244 3361 1594 3415 Caroloman-

546 3443 621 3500 no
664 3438 720 3483 et
766 3431 981 3496 Carolo,
1032 3431 1123 3500 qui
1179 3433 1594 3497 cognominatur

546 3499 797 3571 Magnus,
838 3499 1065 3574 regnum
1098 3501 1428 3572 relinquens.

616 3593 743 3650 769.

618 3688 745 3745 770.
788 3690 903 3747 Hoc
930 3706 1075 3746 anno
1100 3691 1392 3757 Berthrad,
1420 3702 1596 3748 mater

545 3780 752 3849 Caroli,
798 3783 966 3838 ﬁliam
1016 3784 1281 3840 Desiderii
1334 3787 1478 3858 regis
1526 3788 1594 3841 de

539 3877 697 3934 Italia
726 3881 951 3935 adduxit
982 3881 1033 3934 in
1066 3881 1377 3936 Franciam.

614 3968 739 4022 771.
780 3968 1218 4025 Carolomannus
1272 3970 1442 4025 frater
1492 3969 1596 4026 Cr..-

547 4057 647 4113 roli
675 4058 831 4122 obiit,
859 4075 1086 4129 regnum
1122 4061 1438 4133 relinquens
1481 4061 1595 4116 fra-

546 4148 619 4203 tri
660 4163 760 4203 suo
786 4147 980 4204 Carolo
1013 4148 1226 4221 Magno.

616 4236 738 4292 772.
779 4237 1009 4295 Carolus
1042 4239 1094 4293 in
1132 4240 1370 4296 Saxonia
1401 4241 1595 4297 Heres-

543 4334 683 4406 burg
730 4346 1021 4407 expugnat,
1062 4345 1117 4392 et
1154 4336 1339 4392 fanum
1383 4355 1595 4406 eortnn,

545 4431 690 4506 quod
727 4438 951 4486 vocatur
992 4432 1266 4501 lrminsul,
1310 4434 1593 4490 subvertit.

617 4517 742 4582 775.
781 4518 1009 4576 Carolus
1056 4520 1316 4577 inritatus
1362 4521 1430 4576 ab
1484 4521 1595 4576 Ha-

550 4610 745 4667 driano
798 4627 970 4683 papa,
1025 4613 1232 4668 Italiam
1291 4614 1598 4686 ingrediens

546 4701 880 4757 Desiderium
899 4718 1078 4773 regem
1103 4704 1154 4759 in
1177 4703 1337 4777 Papia
1360 4707 1591 4762 obsedit.

617 4788 741 4843 774.
778 4789 1006 4846 Carolus
1050 4790 1275 4862 Papiam
1319 4795 1488 4864 cepit,
1541 4803 1596 4850 et

543 4884 886 4941 Desiderium
951 4900 1132 4958 regem
1191 4888 1244 4942 in
1306 4888 1592 4945 Franciam

545 4975 720 5032 duxit.
751 4975 952 5032 Eodem
978 4966 1123 5032 anno
1153 4977 1399 5034 Saxones
1420 4980 1595 5035 eccle-

548 5072 684 5127 siam
716 5074 768 5129 in
799 5073 1124 5140 Fridislare,
1166 5090 1327 5145 quam
1377 5087 1598 5132 sanctus

546 5161 862 5220 Bonifacius
899 5166 1188 5222 aediﬁcavit
1222 5174 1275 5221 et
1304 5166 1594 5233 dedicavit,

550 5256 711 5327 lignis
735 5269 791 5316 et
819 5261 942 5333 igne
980 5262 1265 5332 implentes
1307 5261 1599 5320 incendere

549 5347 839 5415 volebant;
865 5353 959 5408 sed
992 5353 1211 5409 minime
1235 5353 1501 5413 valebant.

624 5443 1013 5519 7,75._Carolus
1059 5447 1290 5519 Sibuer
1334 5447 1501 5519 cepit,
1546 5458 1603 5504 et

545 5514 701 5589 juxta
748 5515 1122 5574 Bruncsberéb
1173 5514 1417 5575 Saxones
1463 5519 1600 5575 bello

630 5689 742 5760 (8|)
783 5690 871 5745 W.
901 5692 973 5747 ef.
1004 5694 1145 5749 Ann.
1176 5693 1502 5751 Weissemb.
1538 5694 1639 5749 SS.
1672 5694 1735 5747 T.
1766 5694 1803 5758 l,

1652 1059 1809 1113 unxit
1839 1061 1891 1114 in
1926 1076 2106 1131 reges.

1724 1151 1848 1206 755.
1894 1153 2131 1210 Sanctus
2158 1154 2471 1212 Bonifacius
2493 1168 2698 1231 marty-

1655 1241 1738 1297 rio
1764 1256 2081 1299 coronatur.

1731 1426 1856 1483 756.

1731 1520 1857 1574 757.
1896 1520 2171 1592 Organum
2226 1525 2374 1578 venit
2424 1525 2476 1580 in
2526 1526 2704 1580 Fran-

1661 1610 1814 1667 tiam.

1731 1704 1855 1760 758.
1897 1705 2155 1776 Pippinus
2190 1708 2503 1766 Saxonibus
2539 1726 2701 1781 supe-

1661 1798 1793 1853 ratis
1851 1798 2110 1855 tribtttum
2163 1803 2450 1873 imposuit,
2500 1812 2560 1857 ut
2598 1804 2704 1860 ’500

1656 1904 1827 1960 equos
1859 1890 2087 1962 singulis
2109 1892 2267 1948 annis
2297 1894 2629 1964 persolvant.

1730 1984 1856 2039 759.

1732 2072 1857 2128 760.

1728 2257 1823 2312 76l
1838 2299 1850 2311 .
1894 2258 2017 2313 762.
2061 2261 2184 2318 765.
2538 2320 2543 2323 ς

1734 2349 1856 2405 764.
1900 2350 2159 2425 Pippinus
2182 2369 2277 2409 rex
2301 2370 2553 2425 magnum
2578 2371 2707 2411 con-

1658 2431 1877 2498 ventum
1910 2423 2179 2498 babuitin
2227 2423 2537 2498 Carisiago;
2580 2427 2707 2482 fuit-

1659 2506 1764 2560 que
1794 2492 2057 2549 hibernus
2081 2497 2272 2550 durus.

1740 2562 1865 2617 765.
1907 2563 2260 2641 Ruotgangns
2280 2570 2568 2641 episcopus
2590 2586 2708 2626 cor—
2771 2592 2778 2601 ’

1666 2648 1797 2704 pora
1834 2646 2146 2704 sanctorum
2189 2637 2484 2704 Gordiani,
2531 2641 2708 2697 Nalm-

1667 2703 1742 2757 ris
1772 2714 1826 2757 et
1856 2703 2066 2759 Nazarii
2091 2707 2157 2760 de
2184 2707 2357 2765 Roma
2381 2713 2623 2767 adduxit.

1739 2774 1862 2829 766.
1905 2776 2048 2832 Victi
2080 2788 2206 2834 sunt
2253 2780 2430 2838 Sclavi
2459 2800 2489 2837 a
2538 2783 2709 2839 Fran-

1667 2844 1765 2900 eis.

1737 2915 1860 2970 767.

1736 3005 1861 3063 768.
1924 3016 2185 3080 Pippinus
2249 3030 2345 3071 rex
2420 3016 2714 3086 adquisivit

1663 3094 2012 3166 Aquitaniam
2061 3110 2251 3157 totam.
2317 3104 2519 3160 Eodem
2569 3122 2713 3163 anno

1665 3188 1928 3261 Pippinus
1966 3208 2061 3247 rex
2094 3195 2163 3249 ab
2203 3195 2496 3266 Aquitania
2529 3215 2713 3255 rever-

1670 3286 1789 3334 tens
1847 3283 1913 3333 ad
1985 3291 2235 3336 sanctum
2292 3284 2628 3354 Dionisium,
2678 3289 2711 3344 8

1664 3369 1785 3424 Kal.
1819 3369 1940 3426 Oct.
1972 3373 2129 3440 obiit,
2159 3373 2325 3430 Karlo
2352 3387 2407 3432 et
2432 3377 2713 3436 Karlman-

1667 3478 1736 3519 no
1766 3479 1991 3536 regnum
2020 3466 2355 3539 relinquens.

1741 3622 1867 3678 769.

1738 3714 1863 3768 770.
1903 3714 2100 3771 Berhta
2126 3719 2309 3788 regina
2340 3722 2488 3777 venit
2517 3723 2582 3778 de
2610 3722 2716 3778 ita-

1669 3798 1770 3866 lia,
1803 3810 1858 3855 et
1907 3801 2171 3858 Desiderii
2220 3808 2363 3877 regis
2405 3810 2570 3867 ﬁliam
2622 3813 2717 3868 atl-

1667 3888 1821 3943 duxit
1851 3890 1902 3945 in
1932 3890 2243 3949 Franciam.

1740 3980 1861 4035 771.
1928 3982 2329 4044 Karlomannns
2378 4007 2470 4047 rex
2527 3994 2714 4051 defun—

1667 4075 1788 4122 ctus
1843 4078 1927 4123 est
1967 4071 2100 4140 (81).
2147 4072 2510 4135 Karlmannus
2555 4086 2709 4151 obiit,

1668 4158 1824 4215 fratri
1862 4161 2025 4219 Karlo
2057 4182 2280 4236 regnum
2322 4171 2656 4244 relinquens.

1740 4253 1863 4307 77:2.
1906 4254 2136 4312 Karolus
2177 4258 2228 4312 in
2274 4258 2509 4318 Saxonia
2553 4266 2713 4325 Eres—

1669 4323 1812 4407 bnrg-
1832 4330 2178 4407 expugnavit,
2207 4337 2268 4407 et_
2289 4330 2470 4407 fanum
2501 4323 2711 4407 eorum,

1669 4397 2178 4521 qluodnvocabatur
2249 4400 2542 4472 lrminsul,
2616 4397 2712 4467 de:-

1671 4481 1696 4519 δ
1726 4482 1840 4520 ruxr
1874 4508 1887 4521 .

1671 4481 1887 4521 Sll‘llel.

1741 4557 1862 4612 775.
1905 4559 2136 4617 Karolus
2180 4562 2248 4618 ab
2294 4562 2535 4623 Adriano
2576 4587 2712 4644 papa

1668 4646 1895 4702 Romam
1917 4658 2160 4717 vocatus,
2175 4652 2382 4709 Italiam
2406 4657 2713 4727 ingrediens

1667 4751 1846 4805 regem
1860 4738 2191 4795 Desiderium
2213 4741 2266 4796 in
2292 4742 2454 4815 Papia
2478 4748 2706 4808 obseJit.

1737 4824 1858 4878 774.
1901 4824 2127 4881 Karolus
2176 4825 2397 4899 Papiam
2444 4838 2609 4905 cepit,
2658 4849 2711 4895 et

1668 4913 2005 4972 Desiderium
2066 4932 2244 4990 regem
2303 4922 2354 4976 in
2427 4924 2709 4986 Franciam

1668 5011 1839 5067 duxit.
1872 5012 2072 5067 Eodem
2099 5029 2241 5070 anno
2274 5017 2518 5076 Saxones
2547 5028 2721 5082 eccle-

1669 5105 1805 5159 siam
1854 5104 1908 5159 in
1955 5104 2262 5165 Frideslare
2299 5110 2462 5182 lignis
2495 5124 2549 5169 et
2596 5118 2718 5189 igne

1673 5195 1958 5267 implentes
1994 5198 2283 5259 incendere
2317 5206 2598 5274 volebant;
2623 5212 2715 5266 sed

1673 5293 1894 5349 minime
1921 5293 2191 5351 valebant.

1745 5470 1869 5524 773.

1837 5695 2041 5763 p.1ll.

2772 731 2960 778 contra
2997 723 3320 782 ﬂaistnlfum
3360 743 3568 799 regem.

2838 885 2964 941 754.
3034 886 3340 957 Stephanus
3383 903 3525 959 papa
3575 889 3697 947 duo:
3736 893 3782 949 ti-

2768 976 2868 1034 lios
2892 979 3107 1050 Pippini
3144 979 3404 1035 Karolum
3435 992 3491 1035 et
3531 980 3781 1038 Karhnaa—

2769 1082 2894 1121 num
2922 1068 3080 1122 uinxit
3105 1068 3156 1122 in
3184 1083 3360 1139 reges.

2839 1156 2962 1211 755.
3006 1156 3243 1213 Sanctus
3271 1156 3586 1213 Bonifacius
3611 1172 3783 1234 marty-

2771 1246 2854 1301 rio
2882 1255 3184 1302 coronatur
3221 1262 3364 1302 anno
3420 1250 3783 1323 peregrinatio-

2771 1335 2856 1390 nis
2893 1350 3005 1389 sure
3041 1334 3162 1391 λίθον.

2844 1425 2970 1480 756.

2846 1518 2949 1574 757
2991 1517 3163 1590 (756).
3190 1516 3409 1591 Organa
3435 1522 3663 1592 primum
3686 1524 3786 1579 mis.

2777 1622 2835 1662 sa
2867 1618 2993 1661 sunt
3025 1608 3252 1678 Pippino
3279 1610 3345 1663 de
3368 1608 3606 1665 Graecia.

2847 1699 2970 1754 758.
3011 1700 3270 1770 Pippinus
3320 1686 3628 1758 Saxonibus
3653 1718 3785 1772 snpe-

2776 1793 2912 1848 ratis
2954 1794 3218 1848 tributum
3265 1793 3560 1865 imposuit,
3605 1803 3659 1848 ut
3701 1794 3785 1849 300

2775 1898 2947 1956 equos
2976 1883 3200 1956 singulis
3225 1886 3382 1941 annis
3425 1884 3781 1956 persolverent.

2847 1976 2974 2031 759.

2847 2067 2975 2123 760.

2720 2218 2740 2246 ²
2849 2250 2969 2305 761.
3013 2250 3136 2304 762.
3176 2249 3302 2306 763.

2850 2342 2979 2415 764.
3020 2342 3282 2415 Pippinus
3308 2357 3568 2415 magnum
3593 2358 3784 2415 conven-

2780 2422 2894 2486 tum
2926 2414 3117 2486 habuit
3165 2415 3220 2486 in
3251 2414 3568 2486 Carisiago;
3612 2414 3782 2486 fuitque

2778 2485 2970 2556 byexns
2999 2484 3312 2556 durissima.

2850 2556 2974 2610 765.
3019 2555 3373 2627 Buotgangus
3399 2556 3672 2627 episcopus
3687 2569 3784 2610 cor-

2780 2642 2909 2698 pora
2943 2636 3254 2698 sanctorum
3285 2625 3566 2698 Gorgonii,
3596 2627 3785 2682 Naboris

2781 2695 2837 2752 et
2865 2696 3083 2758 Nazarii
3109 2697 3175 2750 de
3203 2695 3376 2751 Roma
3407 2695 3636 2751 advexit.

2855 2767 2979 2822 766.
3023 2767 3165 2823 Victi
3195 2776 3321 2821 sunt
3376 2767 3556 2822 Sclavi
3591 2768 3640 2822 in
3663 2764 3778 2821 Wei-

2763 2838 3065 2893 'dahaburc
3096 2837 3207 2909 (82)
3236 2853 3266 2891 a
3289 2837 3541 2894 Francis.

2854 2927 2979 2982 767.

2855 3018 2979 3073 768.
3047 3016 3309 3088 Pippinus
3378 3032 3475 3072 rex
3541 3014 3782 3089 acquisivit

2784 3109 3132 3181 Equitatiiam
3163 3116 3359 3175 totam,
3400 3120 3457 3166 et
3487 3110 3604 3166 inde
3636 3122 3785 3163 rever-

2786 3212 2909 3257 tens
2948 3203 3015 3257 ad
3067 3210 3317 3257 sanctum
3370 3202 3702 3273 Dionysium,
3739 3197 3783 3252 8.

2784 3288 2904 3347 Kal.
2931 3288 3188 3344 Octobris
3208 3288 3369 3355 obiit,
3406 3288 3603 3344 Karolo
3626 3298 3784 3357 magno

2784 3388 2837 3437 et
2864 3380 3196 3436 Karlmanno
3235 3394 3466 3452 regnum
3498 3380 3785 3452 relinquens.

2859 3649 2981 3705 769.

2859 3743 2982 3799 770.
3024 3744 3224 3801 Berhta
3254 3744 3444 3817 regina
3474 3742 3613 3799 venit
3634 3736 3785 3795 dell:-

2788 3839 2859 3896 lia
2881 3881 2895 3905 ,
2930 3849 2987 3897 et
3028 3840 3494 3913 Desideriircgis
3533 3837 3681 3893 ﬁliam
3710 3829 3787 3884 ad-

2787 3933 2940 3988 duxit
2974 3933 3027 3988 in
3054 3933 3373 3988 Franciam.

2856 4022 2983 4078 771.
3044 4024 3419 4082 Karlmannus
3468 4024 3620 4088 obiit,
3660 4012 3786 4074 fratri

2786 4115 2987 4173 Karolo
3016 4133 3246 4189 regnum
3277 4119 3604 4189 relinquens.

2861 4268 2983 4324 772.
3024 4269 3257 4326 Karolus
3296 4270 3348 4325 in
3401 4268 3625 4327 Saxouia
3657 4263 3781 4318 Etes-

2788 4364 2924 4437 burg
2958 4366 3305 4437 expugnavit,
3355 4374 3411 4421 et
3457 4366 3648 4426 fanum,
3672 4354 3785 4429 quod

2786 4459 3082 4514 vocabatur
3102 4459 3374 4524 lrminsul,
3403 4454 3671 4513 destruxit.

2857 4557 2981 4613 773.
3020 4556 3252 4612 Karolus
3293 4558 3363 4611 ab
3413 4555 3637 4611 Adriano
3675 4559 3781 4617 papa

2787 4642 3078 4709 invitatus,
3146 4642 3483 4698 Desiderium
3543 4649 3698 4707 regem
3740 4631 3781 4683 in

2784 4732 2949 4804 Papia
2980 4732 3207 4788 obsedit.

2855 4855 2976 4909 774.
3020 4853 3250 4909 Karolus
3296 4852 3513 4924 Papiam
3541 4845 3708 4939 cepit,
3736 4849 3779 4892 et

2791 4941 3129 4997 Desiderinm
3190 4954 3374 5010 regem
3441 4940 3493 4993 in
3540 4934 3778 5010 Franciatu

2789 5026 2960 5082 duxit.
2991 5025 3192 5080 Eodem
3221 5009 3361 5080 anno
3393 5024 3620 5080 Saxones
3643 5009 3779 5070 eccle-

2788 5120 2923 5175 siam
2971 5119 3026 5174 in
3076 5116 3371 5173 Friteslare
3415 5114 3567 5187 lignis
3597 5117 3645 5165 et
3683 5104 3778 5173 isne

2791 5210 3075 5280 implentes
3106 5209 3398 5265 incendere
3427 5205 3678 5264 volebant;
3703 5192 3777 5249 sed

2793 5300 3018 5356 minime
3047 5299 3320 5357 valebant.

2866 5480 2990 5537 775.

624 5762 738 5830 (8?)
780 5761 859 5821 An
891 5777 1116 5819 castrum
1153 5767 1290 5837 quod
1321 5764 1450 5818 urbs
1500 5764 1746 5819 Wivlouis
1784 5761 1961 5835 postea
1992 5775 2225 5829 t'ocalur,
2257 5780 2415 5833 prope
2448 5767 2794 5834 conﬂuentem
2829 5764 2969 5822 Sala'
2992 5778 3036 5824 et
3066 5766 3413 5831 (instruoth
