3944 6382
513 283 621 340 I73

725 397 886 453 ANN.
928 396 1289 467 QUEDLINB-

577 490 704 547 786.
742 489 967 546 Carolus
989 491 1228 560 perrexit
1245 491 1295 544 in
1321 490 1546 556 Italiam,

509 571 565 618 et
591 563 715 616 inde
739 561 982 614 Romam.
1004 561 1231 627 Eclipsis
1251 560 1380 614 solis
1405 562 1546 615 facta

510 640 595 688 est
629 631 697 684 15
741 630 962 686 Calcnd.
1005 630 1256 686 Octobris
1305 632 1373 686 ab
1418 633 1548 686 hora

509 701 614 755 diei
631 705 800 770 prima
815 717 984 770 usque.
997 702 1061 754 atl
1082 703 1266 755 horam
1280 700 1544 770 quintam.

509 771 670 826 Multa
691 771 853 825 etiam
880 770 1183 824 referuntur
1197 772 1342 840 signa
1358 772 1546 824 eodem

510 852 752 909 tempore
781 842 1113 909 apparuisse.
1153 841 1373 910 Signum
1405 841 1547 894 enim

510 911 688 991 crucis
714 911 775 991 in-
792 911 1124 991 vestimeittis
1145 911 1438 991 hominum
1455 926 1548 991 ap-

509 981 709 1051 paruit.
754 980 874 1034 Lull
921 981 1360 1051 archiepiscopus
1391 980 1546 1044 obiit,

509 1052 598 1107 cui
626 1051 905 1106 Richolfus
932 1051 1209 1106 successit.

581 1139 703 1194 787.
735 1137 962 1196 Carolus
993 1154 1206 1194 onmem
1240 1154 1377 1209 pene
1399 1136 1552 1192 Cala-

508 1233 685 1289 briam
719 1242 880 1302 atque
925 1229 1174 1302 Apuliam
1206 1230 1259 1285 in
1293 1231 1549 1286 ditionem

507 1323 769 1394 suscepit.

581 1415 708 1471 788.
766 1414 992 1470 Carolus
1036 1429 1130 1484 per
1171 1411 1552 1484 Alamanniam

547 1485 756 1540 ervenit
817 1486 884 1539 ad
931 1483 1064 1539 lines
1116 1483 1442 1553 Bajovarize,
1499 1491 1556 1553 et

547 1501 756 1540 ervenit
817 1501 884 1539 au
931 1501 1064 1539 lines
1116 1501 1442 1553 uajovartze,
1499 1501 1556 1536 et

506 1501 722 1611 gassilo
779 1559 887 1609 dux
932 1553 1300 1622 Bajoariorum
1335 1555 1402 1606 ob
1435 1552 1556 1606 inli-

509 1626 786 1680 delitatem
819 1626 886 1680 de
919 1625 1225 1694 principatu
1257 1623 1479 1694 eiicitur
1501 1631 1557 1677 et

508 1704 842 1758 tonsoratur,
885 1691 941 1750 et
990 1691 1198 1749 Thiath
1242 1691 1383 1747 [ilius
1437 1691 1554 1760 eius

507 1767 780 1829 similiter,
805 1775 1031 1837 uterque
1059 1764 1302 1837 monachi
1334 1763 1480 1837 facti.

579 1837 685 1892 789
733 1833 958 1890 Carolus
999 1845 1210 1906 gentem
1261 1833 1552 1906 Vulzorum

511 1906 745 1977 subegit,
774 1909 864 1976 qui
901 1906 1082 1977 Lutiei
1109 1913 1390 1970 vocantur,
1421 1905 1552 1977 duo-

508 1975 805 2102 ];uss'upcr
847 1977 1017 2032 Albia:
1059 1975 1256 2030 [lumen
1297 1975 1551 2046 pontibus

536 2057 694 2102 actis.

536 2048 694 2102 'aetis.

584 2116 706 2170 790.
758 2115 1020 2171 Palatium
1053 2115 1366 2171 Wormatia:
1411 2114 1551 2185 ignis

509 2187 866 2257 consumpsit.

580 2256 704 2312 791.
739 2256 966 2313 Carolus
997 2256 1320 2321 Avarorum,
1372 2257 1424 2311 id
1467 2263 1552 2312 est

509 2327 811 2399 Hunorum,
845 2335 1060 2397 gentem
1110 2328 1340 2399 subegit.
1367 2327 1548 2399 'Caro.

508 2398 593 2452 lus
617 2399 1059 2468 habuitquatuor
1101 2399 1238 2453 filios
1255 2398 1275 2453 '1
1316 2398 1551 2468 primum

508 2469 787 2539 Carolum,
817 2467 1102 2539 Pippinum
1149 2467 1328 2538 regem
1361 2468 1550 2532 Italiae,

507 2538 922 2609 Luothowicum
977 2555 1158 2609 regem
1225 2539 1549 2609 Aquitaniae,

509 2607 812 2679 Drogonem
861 2607 1112 2663 Metensis
1150 2607 1395 2664 ecclesia:
1433 2611 1550 2678 epi-

508 2678 754 2748 scopum.
782 2678 887 2734 lstc
915 2693 1046 2734 vero
1086 2679 1344 2748 Ptppinus
1375 2679 1466 2748 qui
1497 2681 1551 2734 in

511 2750 1074 2821 eumpconjuraverat,
1103 2749 1242 2804 ﬁlius
1269 2749 1409 2804 illius
1434 2758 1552 2821 erat

511 2819 577 2889 {le
606 2819 823 2874 obscuri
855 2821 1070 2889 generis
1101 2828 1292 2888 matre,
1332 2835 1437 2876 non
1465 2819 1553 2875 ille

509 2887 771 2959 Pippinus
799 2887 914 2944 rei.

582 2977 709 3033 792.
752 2976 1067 3047 Conjuratio
1105 2979 1316 3050 Pippini
1359 2988 1548 3036 contra

473 3074 720 3140 'patrem
778 3085 934 3125 suum
980 3070 1232 3126 Carolum
1277 3086 1375 3141 per
1416 3071 1551 3126 Far-

514 3160 722 3216 dulfum
770 3161 1042 3232 publicata
1079 3171 1202 3229 est;
1242 3162 1385 3217 unde
1434 3162 1549 3234 ipse

509 3250 770 3322 Pippinus
799 3261 1046 3308 attonsus
1076 3253 1128 3308 in
1159 3253 1551 3308 monasterium

511 3342 837 3409 recluditur,
873 3344 1162 3413 exterique
1211 3357 1424 3410 omnes,
1460 3343 1546 3398 alii

509 3433 757 3489 decollati
788 3475 802 3498 ,
852 3433 943 3487 alii
997 3433 1237 3503 patibulo
1300 3435 1548 3506 suspensi

507 3533 656 3579 sunt.
712 3523 778 3578 Et
824 3522 1082 3581 Fardoll‘o
1149 3525 1548 3580 commendavit

507 3615 899 3671 monasterium
942 3615 1114 3670 sancti
1164 3614 1404 3686 Dionysii
1448 3629 1548 3686 pro

507 3706 969 3762 remuneratione.

580 3795 704 3852 795.
737 3795 982 3851 Saxones
1018 3794 1213 3850 iterum
1246 3792 1547 3852 rebellave-

507 3876 660 3930 ruut,
688 3867 1004 3922 deficientes
1035 3881 1064 3919 a
1097 3865 1222 3919 lide.

581 3937 704 3992 794.
737 3937 970 3991 Περι-θεῖε
1016 3935 1288 3990 Feliciana
1314 3935 1549 4006 synodo

509 4008 652 4077 apud
681 4007 1038 4062 Franeonfort
1068 4005 1248 4077 habita
1294 4005 1547 4060 damnata

508 4075 613 4131 est.
647 4077 872 4131 Vastrad
901 4077 1084 4146 regina
1109 4075 1242 4146 obiit
1267 4092 1280 4141 ;
1317 4092 1414 4145 pro
1443 4092 1549 4146 qua

509 4162 608 4202 rex
639 4145 999 4217 Liudgartlam
1035 4146 1086 4200 in
1113 4145 1418 4217 conjugium
1452 4145 1552 4201 duo

509 4219 608 4272 xit.
645 4217 710 4270 Et
767 4216 1076 4285 atquivoeus
1114 4216 1244 4286 iejns
1295 4219 1553 4286 pugnavit

510 4298 700 4343 contra
737 4287 986 4343 Saxones
1021 4289 1074 4341 in
1105 4285 1478 4342 Sinadevelde.

581 4376 704 4431 795.
731 4374 958 4431 Carolus
982 4376 1034 4430 in
1057 4373 1410 4431 Bardenwick
1431 4392 1552 4432 cum

508 4467 750 4524 exercitu
783 4467 949 4522 venit.
999 4506 1001 4509 -

582 4555 1047 4611 796.11adrianus
1093 4570 1230 4626 papa
1275 4555 1552 4614 Romanus

509 4627 666 4689 obiit,
711 4628 793 4682 cui
825 4626 933 4681 Leo
980 4628 1262 4682 successit.
1296 4628 1358 4682 Et
1387 4629 1552 4685 Caro-

512 4698 602 4753 lus
636 4696 928 4753 Saxoniam
962 4708 1158 4752 vastat.

583 4769 707 4824 797.
736 4768 963 4823 Carolus
997 4768 1192 4823 iterum
1232 4783 1355 4823 cum
1387 4785 1550 4825 exer-

512 4839 624 4911 citu
654 4839 947 4911 Saxoniain
996 4838 1219 4911 invadit,
1277 4846 1552 4911 totamque

514 4910 746 4966 hiemem
782 4910 834 4964 in
867 4908 1146 4963 lierestelli
1169 4907 1335 4963 ducit.

586 4979 710 5034 798.
741 4979 964 5034 Carolus
1011 4978 1364 5050 Nordclingos
1413 4979 1548 5050 (89),

513 5047 810 5118 legatorum
873 5064 1094 5103 suorum
1151 5047 1548 5118 interfectOres,

514 5119 680 5175 multa
711 5120 855 5190 caede
886 5120 1198 5190 prostravit.

587 5190 710 5244 799.
742 5189 852 5244 Leo
888 5189 1028 5260 papa
1077 5190 1258 5260 lingua
1307 5197 1550 5246 truncata

513 5267 572 5330 et
599 5269 830 5314 emeatus
857 5276 885 5312 a
908 5259 1171 5315 Remanis
1191 5269 1246 5314 et
1267 5259 1333 5314 tle
1365 5263 1543 5330 ponti-

516 5327 678 5402 ﬁcatu
723 5331 969 5402 ejectus,
996 5331 1184 5385 videns
1232 5339 1293 5402 et
1333 5327 1558 5400 loquens

514 5401 666 5456 venit
699 5399 781 5456 .ad
817 5399 1068 5457 Carolum
1127 5402 1180 5456 in
1226 5399 1554 5471 Saxon’iam,

611 5602 702 5745 89;
744 5600 876 5674 Lege
917 5601 1258 5658 Norillindns.

611 5674 680 5729 90
734 5673 801 5745 _C.
826 5675 900 5745 All.
935 5689 980 5745 s.
1005 5674 1188 5728 desunt
1219 5675 1252 5726 2

611 5673 701 5729 90)
740 5673 900 5728 c.*u.
935 5689 978 5728 s.
1005 5674 1188 5728 desunt
1219 5675 1271 5727 2.

587 5743 700 5816 (91)
733 5743 790 5796 1...
814 5743 924 5798 [nec
951 5744 1132 5799 desunt
1163 5746 1216 5797 2.

1345 286 1595 342 ΛΝΝΑΙ...
1640 283 2073 342 HILDESIIEIM.
2101 283 2486 352 QUEDLINB.,
2527 281 2905 341 WEISSEMB.

1769 399 1808 452 A
1821 398 1858 451 Ν
1871 397 1930 452 Ν.
1959 395 2488 454 WEISSEMBURG.

1688 487 1809 540 786.
1853 487 2086 540 Sanetus
2140 485 2324 539 Lullus
2387 483 2656 553 archiepi-

1615 593 1808 649 scopus
1833 578 1986 642 obiit,
2017 587 2071 632 et
2097 576 2328 632 Karolus
2358 576 2424 630 ad
2450 574 2658 629 Italiam

1616 671 1792 735 venit;
1821 668 1984 722 multa
2007 683 2222 738 quoque
2245 667 2358 720 visa
2384 675 2507 721 sunt
2532 681 2656 736 pro-

1617 761 1779 831 digia.
1806 759 2027 830 S’gnum
2055 757 2196 814 enim
2224 758 2400 814 crucis
2422 758 2472 811 in
2496 758 2658 812 vesti-

1618 849 1815 901 mentis
1843 846 2116 900 hominum
2147 844 2419 914 apparuit,
2441 854 2494 897 et
2525 860 2653 899 san-

1619 940 1738 1013 guis
1768 934 1833 995 de
1855 937 1992 992 caelo
2018 945 2268 1005 terraque
2290 935 2558 1008 proﬂuxit.

1694 1101 1816 1156 787.
1853 1101 2085 1156 Karolus
2131 1101 2360 1155 Romam
2415 1097 2659 1164 veniens,

1623 1172 1984 1226 Beneventum
2017 1171 2287 1240 profectus
2323 1177 2439 1232 est,
2466 1183 2662 1240 mona-

1625 1243 1846 1296 sterium
1875 1239 2045 1296 sancti
2098 1239 2368 1295 Benedicti
2411 1239 2580 1305 adiit;
2607 1248 2663 1294 et

1624 1315 1841 1382 eclipsis
1869 1313 1996 1368 solis
2025 1311 2169 1368 facta
2198 1318 2303 1367 est.

1697 1403 1818 1460 788.

1697 1859 1826 1917 789.’
1882 1859 2114 1920 Karolus
2173 1860 2388 1933 subegit
2446 1872 2660 1935 gentem

1626 1949 1948 2005 Wilzorum.

1694 2113 1818 2171 790.

1691 2265 1787 2321 791
1822 2265 1993 2339 (790).
2034 2269 2265 2326 Karoms
2314 2274 2557 2343 perrexit
2599 2275 2656 2331 in

1622 2357 1978 2414 Pannoniam.
1996 2360 2167 2434 (791.)
2191 2363 2420 2421 Karolus
2445 2367 2658 2438 subegit

1625 2460 1841 2520 gentem
1869 2453 2192 2511 Avarorutn.

1693 2979 1814 3036 792.
1859 2979 2174 3054 Conjuratio
2217 2987 2428 3063 Pippitti
2473 3007 2659 3056 contra

1618 3080 1830 3140 patrem
1860 3090 2015 3130 suum
2036 3117 2050 3142 ,
2079 3094 2198 3149 quae
2229 3097 2328 3152 per
2355 3084 2656 3146 Faldolfum

1621 3165 1895 3233 publicata
1941 3180 2063 3238 est;
2105 3175 2246 3229 unde
2286 3185 2340 3231 et
2397 3178 2660 3251 Pippinus

1623 3264 1872 3315 attonsus
1902 3261 1953 3316 in
1983 3267 2366 3323 monasterium
2396 3271 2652 3342 mittitur,

1624 3346 1900 3417 ceterique
1937 3363 2128 3405 omnes
2153 3354 2371 3422 perditi,
2422 3359 2512 3414 alii
2563 3362 2659 3417 dc-

1621 3435 1822 3502 collati,
1851 3438 1940 3493 alii
1983 3445 2230 3512 suspensi
2277 3447 2664 3508 miserabiliter

1619 3538 1748 3583 sunt
1775 3533 1994 3598 mortui,
2039 3542 2095 3588 et
2135 3534 2236 3606 ipsi
2287 3536 2662 3598 Fardalfoda-

1623 3632 1738 3680 tum
1800 3636 1886 3684 est
1945 3631 2230 3688 ccnobium
2297 3639 2470 3694 sancti
2541 3641 2663 3699 Dio-

1622 3720 1773 3775 nisii.

1691 3811 1814 3866 795.

1689 3943 1813 4000 794.

1697 4375 1820 4432 795.
1850 4377 2122 4436 Adrianus
2143 4396 2278 4453 papa
2309 4384 2444 4442 obiit
2473 4387 2525 4443 in
2565 4404 2664 4444 na-

1626 4469 1832 4526 tivitate
1855 4471 2086 4527 Domini.

1694 4561 1818 4616 796.

1697 4774 1817 4830 797.

1693 4985 1816 5043 798.

1691 5185 1818 5242 799.
1845 5186 1956 5244 Leo
1997 5204 2133 5261 papa
2183 5190 2365 5263 lingua
2413 5207 2661 5257 truncata

1626 5266 1922 5339 etcecatus
1966 5271 2022 5314 et
2070 5263 2504 5339 de_pontiﬁcatu
2557 5271 2662 5339 eje-

1628 5336 1772 5403 ctus,
1818 5330 2009 5403 videns
2039 5330 2376 5403 _et__loquens
2402 5340 2455 5395 in
2487 5330 2659 5398 Sax'o-

1629 5401 2053 5476 niam_v_enit_ad
2082 5401 2371 5476 _Karolum,
2400 5411 2450 5465 in
2485 5411 2659 5469 locum

1631 5471 1722 5542 qui
1749 5471 1945 5527 dicitur
1969 5471 2259 5530 Heristelli.

2874 394 3218 452 LAMBERTI
3257 396 3599 457 ANNALES.

2802 479 2926 535 786.
2967 482 3194 537 Sanctus
3210 482 3392 540 Lnllus
3411 487 3748 559 archiepisco.

2731 585 2830 640 pus
2859 571 3014 637 obiit,
3049 574 3134 628 cui
3168 575 3278 646 (90)
3320 576 3607 636 Richolfus
3640 599 3748 641 suc-

2730 662 2914 730 cessit,
2939 674 2992 717 et
3013 663 3249 722 Karolus.
3267 666 3332 722 ad
3363 666 3574 726 Italiam
3601 675 3747 730 venit.

2730 751 2890 808 Multa
2932 770 3145 825 quoque
3174 758 3291 812 visa
3335 770 3469 815 sunt
3508 766 3746 837 prodigia.

2729 841 2952 912 Signum
2975 845 3116 899 enim
3144 847 3321 902 crucis
3351 849 3406 901 in
3439 851 3751 912 vestimentis

2727 929 3005 986 hominum
3051 936 3312 1003 apparuit,
3365 947 3420 991 et
3471 942 3680 1010 sangtﬁs
3724 960 3750 999 e

2733 1021 2870 1076 cmlo
2900 1029 3150 1092 terraque
3179 1023 3456 1093 proﬂuxit.

2805 1107 2926 1161 787.
2961 1106 3192 1162 Karulus
3235 1109 3478 1180 _Romam
3529 1114 3748 1180 veniens,

2733 1174 3098 1232 Beneventum
3125 1178 3401 1248 prolectus
3429 1190 3536 1245 est,
3564 1194 3614 1236 et
3655 1174 3751 1237 mo;

2735 1249 3028 1301 nasterium
3076 1251 3246 1303 sancti
3284 1250 3567 1306 Benedicti
3617 1255 3747 1308 adiit.

2733 1315 2801 1370 Et
2837 1317 2949 1389 (91)
2979 1319 3194 1391 eclipsis
3223 1319 3364 1375 facta
3395 1332 3481 1376 est
3510 1323 3654 1378 solis.

2804 1406 2926 1465 788.

2807 1851 2932 1909 789.
2999 1853 3229 1914 Karolus
3290 1859 3508 1932 subegit
3562 1873 3746 1934 gentem

2738 1939 3057 2001 Wilzorum.

2803 2125 2927 2184 790.

2796 2276 2892 2332 791
2935 2277 3102 2350 (790).
3149 2279 3382 2337 Karolus
3435 2287 3664 2354 perrexit
3703 2288 3748 2342 in

2730 2364 3088 2424 Pannoniam.
3137 2370 3309 2443 (791).
3357 2373 3585 2431 Karolus
3642 2377 3747 2431 sub-

2733 2457 2844 2528 egit
2890 2467 3104 2528 gentem
3159 2465 3485 2519 Avarorum.
3547 2466 3609 2520 Et
3643 2465 3743 2519 fun-

2738 2551 2862 2606 data
2892 2559 2975 2606 est
3016 2552 3242 2609 ecclesia
3285 2557 3464 2611 sancti
3517 2556 3748 2614 Bonifacii

2738 2642 2792 2697 in
2820 2640 3012 2698 Fultla.

2805 2995 2928 3054 792.
2970 2997 3284 3071 Conjuratio
3324 3001 3538 3074 Pippini
3582 3014 3742 3060 contra

2735 3094 2947 3157 patrem
2980 3104 3157 3156 suum,
3182 3106 3304 3160 quae
3337 3109 3440 3164 per
3466 3095 3742 3150 Fardoll’um

2732 3177 3008 3248 publicata
3037 3190 3138 3236 est.
3193 3181 3346 3239 Unde
3391 3185 3641 3257 Pippinns
3678 3194 3744 3240 at-

2740 3281 2930 3330 tonsus
2965 3274 3020 3330 in
3076 3281 3468 3336 monasterium
3525 3283 3742 3349 mittitur,

2737 3367 3010 3436 ceterique
3037 3383 3227 3425 omnes
3280 3373 3503 3440 perditi,
3555 3374 3637 3427 alii
3660 3374 3740 3428 de-

2739 3455 2944 3520 collati,
2969 3456 3060 3512 alii
3091 3464 3361 3529 suspensi,
3399 3464 3742 3518 miserabiliter

2738 3549 3107 3604 suntmortui.
3146 3550 3213 3605 Et
3253 3551 3356 3622 ipsi
3403 3553 3637 3609 Fardollo
3661 3553 3738 3606 da-

2741 3649 2853 3694 tum
2909 3650 2992 3696 est
3054 3643 3365 3700 emnobium
3424 3645 3588 3702 sancti
3641 3644 3740 3699 Dio-

2732 3733 2897 3804 nysii.

2803 3823 2926 3879 795.

2801 3955 2923 4013 794.
2945 3955 3180 4014 Hmresis
3194 3959 3468 4016 Feliciana
3485 3961 3737 4028 dampnata

2734 4055 2816 4103 est
2868 4047 2921 4102 in
2976 4049 3183 4120 synodo
3242 4049 3650 4114 Frankenel‘urt;
3692 4056 3736 4101 et

2734 4138 2988 4196 Vastrath
3013 4142 3196 4213 regina
3222 4144 3378 4199 obiit.

2803 4388 2930 4445 795.
2961 4389 3233 4446 Adrianus
3257 4407 3393 4463 papa
3423 4391 3551 4448 obiit
3576 4390 3621 4444 in
3658 4401 3743 4441 ηε·-

2733 4481 2943 4537 tivitate
2973 4481 3209 4537 Domini.

2807 4574 2908 4630 796
2931 4575 3063 4648 (92).

2808 4786 2930 4842 797.

2809 4997 2929 5054 798.
2964 4997 3207 5054 Balthart
3233 5001 3402 5058 abbas
3445 4995 3728 5056 llervelden-

2736 5087 2810 5143 sis
2839 5085 2993 5141 obiit.

2806 5183 2934 5238 799.
2960 5183 3069 5238 Leo
3095 5199 3254 5258 papa,
3282 5185 3471 5258 lingua
3493 5185 3724 5257 truncam.

2737 5264 3042 5308 excaecatus
3087 5265 3144 5308 et
3192 5257 3258 5311 de
3299 5257 3618 5324 pontiﬁcalIL
3635 5260 3723 5315 ele‘

2737 5333 2880 5388 ctus,
2905 5326 3098 5379 videns
3127 5333 3180 5379 et
3224 5319 3447 5392 loquens
3493 5328 3540 5380 in
3583 5319 3721 5392 Fran-

2735 5394 2874 5448 ciam
2909 5395 3054 5449 venit
3080 5395 3147 5448 ad
3175 5391 3451 5462 Karolum,
3495 5397 3543 5450 in
3581 5391 3721 5444 locum

2736 5465 2828 5535 qui
2862 5465 3063 5520 dicitur
3084 5466 3386 5524 l‘leristelle.

2274 5613 2387 5690 (9?)
2419 5615 2479 5670 L.
2533 5618 2917 5678 Monasterium
2966 5624 3138 5679 sancti
3177 5623 3368 5680 Albani
3400 5617 3640 5690 iloguntie

2207 5679 2463 5742 fundatur
2503 5703 2531 5742 a
2568 5690 2814 5750 Richolfo
2847 5679 3337 5766 archiepisc0pois.
3370 5694 3468 5749 alia
3482 5679 3644 5745 inanti.
