3944 6380
511 313 621 372 483

732 450 1060 508 ANNALES
1091 409 1756 539 HlLDESHE!MENSES.

588 568 716 628 826.
762 569 920 624 Anno
971 568 1034 623 M
1086 567 1383 625 illndowici
1435 569 1720 625 lliltwinns
1767 571 1935 626 abbas
1979 583 2100 624 ossa

521 666 692 725 sancti
722 663 1027 719 Sebastiani
1061 663 1112 718 in
1135 662 1362 719 Galliam
1395 663 1687 718 transtulit.

591 755 716 811 827.
746 752 1091 822 Imperatoris
1105 769 1247 807 anno
1277 751 2104 818 15,etlncarnationisDomini-

521 860 603 903 ea:
642 844 770 910 827,
803 843 1090 899 Sarraeeni
1136 843 1272 900 fines
1308 843 1784 900 Barcinonensium
1815 852 1869 898 et
1895 843 2108 899 Gerun-

523 938 774 994 densium
809 946 1042 993 vastant.

598 1029 724 1084 828.

591 1121 718 1184 829.

596 1451 727 1509 850.

597 1626 693 1682 851
733 1625 1131 1684 [incarnationis
1153 1628 1468 1694 Dominiere,
1490 1637 1544 1685 et
1566 1629 1632 1686 l9
1654 1630 1798 1700 regni
1814 1628 2108 1698 Ludowici,

526 1714 641 1770 Bnn
675 1717 812 1772 abba
848 1716 1234 1784 ilerfeldensis,
1267 1727 1322 1774 et
1364 1718 1618 1775 Rabanus
1644 1719 1776 1774 abba
1805 1719 2111 1785 Fuldensis,

527 1805 939 1862 fundamentum
981 1808 1228 1863 ecclesia:
1253 1809 1427 1863 sancti
1452 1808 1715 1880 Wigberti
1743 1808 1923 1865 fodere
1957 1827 2113 1882 cepe-

527 1906 653 1950 runt
674 1896 726 1950 in
754 1896 786 1950 6
813 1896 887 1952 ld.
918 1896 1024 1952 Jul.
1055 1898 1106 1952 in
1145 1898 1180 1952 2
1208 1897 1363 1953 feria.

599 1988 724 2043 832.
785 1989 1106 2044 Ludowicus
1159 1989 1303 2044 filius
1356 1989 1698 2058 imperatoris
1759 2005 1900 2044 anno
1961 1991 2113 2059 regni

525 2077 644 2147 ejus
683 2079 753 2132 20
805 2079 1233 2149 conjurationem
1284 2079 1413 2134 fecit
1460 2092 1648 2135 contra
1703 2089 1910 2149 patrem
1956 2097 2112 2135 suum

528 2173 667 2242 apud
699 2171 1240 2243 Longobardonhcint
1272 2174 1442 2245 (105).

599 2263 724 2320 855.
762 2264 1004 2336 Regnum
1055 2266 1388 2323 Francorum
1420 2267 1487 2321 ad
1534 2266 1850 2322 Lotharinm
1881 2268 2117 2338 impera-

531 2363 703 2410 torem
728 2373 1049 2413 conversnm
1083 2367 1190 2412 est.

603 2448 728 2502 851.
795 2449 950 2504 Anno
1006 2449 1075 2503 22
1158 2449 1304 2522 regni
1365 2449 1685 2517 Lndowici,
1748 2450 2006 2522 Pippinus
2063 2461 2118 2506 et

533 2536 857 2593 Ludowicus
897 2538 1067 2594 frater
1096 2539 1214 2610 ejus
1259 2539 1612 2595 restituerunt
1642 2551 1850 2612 patrem
1874 2556 2028 2597 suum
2062 2542 2116 2595 in

534 2645 759 2702 regnum
786 2631 924 2702 ejus.

605 2725 733 2780 835.

609 2816 732 2873 856.

611 3013 738 3068 857.

612 3106 736 3170 858,
776 3107 923 3177 regni
979 3121 1107 3162 vero
1140 3107 1411 3163 Ludowici
1438 3107 1528 3171 26,
1586 3106 1780 3163 it'ernm
1819 3106 2122 3176 conjuratio

547 3201 686 3264 apud
722 3195 1116 3253 Franconofort
1137 3197 1409 3253 Lndowici
1431 3198 1690 3267 junioris;
1721 3206 1774 3254 et
1803 3213 2123 3254 conversum

544 3296 628 3341 est
659 3302 880 3356 regnum
909 3289 974 3340 ad
1014 3296 1221 3357 patrem
1237 3274 1385 3358 ejus.

619 3378 744 3443 839,
769 3379 1106 3448 imperatoris
1133 3396 1272 3434 anno
1297 3369 1388 3446 27,
1420 3391 1612 3436 ventus
1633 3381 1822 3452 ingens
1847 3381 2126 3436 innumera

548 3469 772 3524 tedificia
819 3471 1106 3537 subvertit,
1137 3480 1192 3526 et
1219 3472 1384 3526 multa
1414 3473 1645 3543 dampna
1691 3471 1880 3529 eï¬‚ecta
1923 3473 2127 3528 suntin

548 3559 585 3614 6
613 3559 744 3614 Non.
776 3560 1112 3616 Novembris.

623 3657 745 3713 810.
773 3658 1095 3713 Lndowiens
1119 3659 1413 3728 imperator
1443 3658 1774 3728 insequendo
1796 3657 1963 3713 filium
1985 3656 2134 3712 venit

553 3748 620 3802 ad
673 3747 1045 3802 llernlfesfeldi
1095 3748 1480 3803 monasterium
1533 3747 1586 3802 in
1645 3745 1678 3800 6
1744 3746 1867 3802 ldus
1913 3745 2130 3816 Aprilis,

553 3840 844 3908 statimque
872 3838 1060 3892 eodem
1103 3853 1244 3892 anno
1285 3839 1336 3892 in
1368 3837 1436 3892 i2
1479 3837 1596 3891 Kal.
1629 3836 1757 3892 Julii
1799 3837 1950 3901 obiit,
1983 3835 2134 3907 regni

554 3930 805 3984 videlicet
842 3929 1008 4000 ipsius
1045 3930 1135 3985 28.
1175 3929 1272 3984 Cui
1312 3929 1637 3985 Ludowicus
1677 3928 1817 3984 filius
1854 3929 1972 4000 ejus
2008 3943 2134 3984 suc-

557 4021 742 4074 cessit.

628 4114 748 4177 841,
788 4113 935 4182 regni
977 4129 1106 4168 vero
1140 4111 1412 4170 Lndowici
1436 4112 1670 4183 junioris
1712 4111 1769 4178 2,
1814 4111 2137 4167 Adalbertus

559 4217 742 4258 comes
770 4204 982 4257 occisus
1015 4213 1100 4257 est
1127 4221 1140 4256 :
1163 4213 1217 4258 et
1242 4203 1426 4258 infelix
1459 4203 1653 4258 bellum
1679 4202 1920 4258 Lotharii
1947 4210 2138 4258 contra

561 4291 759 4348 fratres
795 4308 920 4349 suos
947 4293 1291 4349 Ludowicum
1319 4305 1374 4350 et
1400 4295 1676 4350 Karolnm.

630 4383 756 4439 8&2.
799 4383 1070 4448 Rabanns,
1104 4385 1236 4440 abba
1268 4385 1548 4442 Fuldensis
1588 4387 1843 4451 coenobii,
1883 4387 2141 4457 expulsus

562 4475 630 4529 de
664 4476 1014 4542 monasterio,
1051 4485 1105 4531 et
1147 4475 1436 4532 Lotharius
1465 4479 1532 4532 de
1568 4495 1756 4549 regno,
1788 4494 1929 4533 anno
1969 4476 2142 4532 Ludo.

562 4567 684 4622 wici
719 4567 936 4639 (tet)...

633 4661 759 4718 845.
803 4662 913 4718 Hoc
941 4678 1083 4718 anno
1125 4661 1264 4719 facta
1288 4672 1371 4719 est
1408 4678 1510 4734 pax
1555 4661 1694 4717 inter
1722 4661 2061 4727 Letharinm,
2091 4671 2147 4717 et

565 4751 914 4809 Ludowieum
954 4767 1008 4810 et
1030 4755 1300 4817 Karolnm,
1338 4755 1536 4810 fratres
1562 4769 1708 4808 suos.

639 4845 765 4902 814.
826 4847 1115 4902 Lotharius
1172 4862 1268 4901 rex
1336 4863 1458 4901 cum
1513 4845 1869 4901 orientalibus
1923 4843 2148 4900 Francis

565 4939 714 4993 venit
763 4939 813 4993 in
863 4939 1168 5004 Sclaviam,
1223 4948 1279 4992 et
1324 4953 1513 4993 eorum
1563 4953 1743 5009 regem
1793 4935 2149 4992 Gestimnlum

569 5030 769 5084 occidit
803 5041 1123 5100 ceterosque
1153 5031 1256 5084 sibi
1281 5029 1509 5097 subegit.

643 5119 768 5174 845.
827 5119 942 5175 Hoc
996 5135 1139 5174 anno
1183 5119 1435 5175 monachi
1482 5119 1549 5174 de
1593 5117 1978 5174 Herolfesfelde
2027 5132 2149 5173 cum

571 5209 796 5282 OIgario
833 5213 1088 5283 episcopo
1120 5212 1454 5268 reconciliati
1487 5219 1636 5276 sunt,
1674 5221 1728 5267 et
1771 5211 1960 5265 eodem
2011 5224 2153 5264 anno

576 5301 904 5358 Ludowicus
948 5304 1095 5374 (l05)
1144 5305 1441 5374 imperator
1469 5304 1536 5358 ad
1572 5303 1712 5357 idem
1768 5300 2153 5358 monasterium

578 5397 731 5451 venit
780 5396 832 5450 in
862 5397 897 5450 2
938 5395 1056 5450 Kal.
1101 5395 1445 5462 Novembris,
1480 5405 1534 5450 et
1576 5394 1855 5465 privilegia
1894 5402 1948 5449 et
1976 5391 2155 5447 muni-

580 5493 722 5542 tates
761 5485 1045 5542 monachis
1068 5487 1290 5542 donavit
1326 5495 1381 5542 et
1406 5484 1584 5558 sigillo
1611 5485 1858 5542 mintivit.

647 5624 799 5692 (105)
831 5621 1252 5694 Lampertheim.
1283 5623 1382 5679 SS.
1409 5622 1472 5678 Î¤.
1498 5623 1537 5677 l.
1570 5621 1693 5676 Â£23.

682 5697 802 5767 104)
845 5696 908 5767 ll.
939 5697 1369 5767 numerusdecat.

682 5697 802 5767 101)
845 5697 908 5751 ll.
939 5713 1185 5750 numerus
1210 5697 1369 5750 deest.

650 5697 801 5841 E105)
842 5766 1137 5839 Legendum
1190 5765 1547 5822 Hludowicus.
1612 5762 1711 5816 Hic
1771 5762 1915 5815 locus
1971 5760 2042 5812 ita
2085 5759 2156 5813 ri-

1371 318 1629 378 ANNAL.
1669 319 2107 379 lllLDESllEIM.
2151 322 2544 392 QUEDLINB.,
2585 323 2970 382 WEISSEMB.

3657 326 3740 385 181

2464 457 2788 515 nNNALES
2825 455 3557 527 QUEDLINBURGENSES.

2273 568 2380 625 826

2274 746 2398 802 827.
2427 747 2791 820 llildegrimus
2817 749 3104 821 episcopus
3133 750 3278 823 (106)
3304 751 3490 808 senior
3507 751 3650 808 obiit.
3667 753 3747 810 Cui

2207 837 2576 910 Thiatgrimus
2609 841 2890 896 successit.

2274 1036 2400 1094 828.

2277 1130 2405 1186 829.
2451 1130 2696 1188 Pretiosa
2740 1146 2969 1203 corpora
3008 1131 3179 1188 sancti
3210 1131 3458 1188 Vâ€™atentis
3485 1140 3539 1187 et
3571 1131 3750 1191 Senesii

2209 1219 2264 1276 in
2293 1219 2534 1293 Angeam
2562 1221 2794 1277 insulam
2820 1231 3085 1278 venerunt
3114 1221 3148 1277 5
3181 1222 3258 1277 id.
3287 1221 3514 1292 Aprilis.

2400 1330 2886 1420 PARS
3016 1330 3754 1422 ALTERA

2278 1457 2406 1513 850.
2446 1458 2752 1515 Ludovicus
2780 1459 3077 1530 imperator
3104 1460 3384 1531 depositus
3426 1467 3512 1515 est
3553 1461 3615 1515 de
3646 1459 3755 1514 solio

2210 1571 2241 1612 a
2263 1553 2411 1644 filiis,
2432 1555 2567 1623 suis,
2597 1553 2872 1622 Lothario,
2908 1555 3197 1622 Ludovico,
3223 1554 3442 1610 Carolo.

2281 1647 2408 1703 851.

2288 1992 2415 2048 852.
2440 1989 2758 2064 Conjuratio
2793 1989 3049 2048 Ludovici
3078 2001 3267 2046 contra
3295 1999 3507 2062 patnem
3547 2003 3698 2044 suum.

2287 2270 2412 2326 855.
2464 2271 2705 2341 Regnum
2741 2270 3070 2326 Francorum
3101 2268 3168 2324 ad
3207 2268 3526 2324 Lotharium
3565 2267 3762 2336 impera-

2219 2370 2393 2416 torem
2414 2377 2677 2416 conversu
2686 2377 2735 2415 11]
2758 2370 2860 2416 est.

2289 2453 2415 2509 854.
2450 2454 2706 2524 Pippinus
2724 2461 2779 2508 et
2797 2451 3124 2516 Ludovicus,
3151 2449 3318 2506 frater
3333 2448 3474 2520 ejus,
3499 2449 3549 2504 in
3574 2458 3761 2518 regnum

2218 2542 2335 2600 eius
2361 2545 2711 2602 restituerunt
2751 2553 2960 2616 patrem
2997 2558 3175 2599 suum.

2290 2725 2416 2781 855.

2291 2818 2417 2875 856.

2294 3023 2420 3076 857.

2295 3114 2419 3169 858.
2453 3113 2585 3167 ltem
2629 3107 2930 3180 conjnratio
2961 3111 3098 3182 apud
3137 3108 3500 3167 Frankenfort
3527 3105 3768 3171 Ludovici,

2226 3214 2283 3260 et
2319 3219 2639 3259 conversum
2669 3213 2750 3259 est
2783 3219 3005 3273 regnum
3033 3205 3100 3258 ad
3126 3210 3336 3274 patrem
3365 3202 3502 3273 ejus.

2299 3393 2422 3449 859.
2452 3393 2658 3449 Ventus
2705 3393 2892 3464 ingens
2931 3393 3211 3446 innumera
3258 3389 3527 3446 subvertit
3560 3386 3769 3450 aedificia,

2230 3493 2285 3540 et
2310 3484 2476 3539 multa
2499 3485 2692 3539 damna
2721 3482 2909 3538 ellecta
2931 3491 3059 3538 sunt
3090 3483 3144 3538 in
3168 3482 3203 3536 4
3227 3480 3564 3538 Novembris.

2303 3659 2428 3716 840.
2455 3657 2762 3714 Ludovicus
2805 3657 3096 3727 imperator
3116 3653 3449 3726 insequendo
3475 3652 3630 3708 tilium
3656 3647 3772 3702 venit

2236 3748 2588 3804 llerolfesfeld
2634 3746 3020 3803 monasterium
3068 3746 3119 3800 in
3169 3744 3202 3800 6
3239 3745 3314 3799 Id.
3362 3743 3580 3815 Aprilis.
3610 3739 3769 3795 Statim

2235 3840 2423 3895 eodem
2452 3855 2593 3894 anno
2619 3840 2673 3893 in
2706 3838 2772 3892 l2
2821 3836 3042 3893 Calend.
3070 3835 3176 3891 Jul.
3201 3835 3356 3902 obiit,
3399 3835 3486 3891 cui
3514 3830 3771 3888 Ludovicus

2240 3933 2381 3987 filius
2428 3931 2544 4002 ejus
2586 3931 2866 3986 successit.
2917 3928 3290 4000 Thiatgrimus
3335 3927 3614 3998 episcopus
3657 3917 3772 3990 (106)

2237 4024 2393 4088 obiit,
2421 4025 2508 4079 cui
2541 4022 2766 4078 lleinmo
2789 4021 3074 4077 successit.
3215 4077 3218 4080 .

2311 4115 2436 4170 8M.
2463 4114 2785 4169 Adclbertus
2816 4127 2997 4168 comes
3036 4119 3119 4166 est
3143 4109 3388 4176 occisus;
3422 4117 3476 4165 et
3500 4105 3666 4163 infelix
3687 4097 3776 4156 bel-

2241 4206 2351 4260 lum
2377 4205 2581 4260 Lotarii
2608 4213 2796 4260 contra
2827 4202 3028 4258 fratres
3053 4217 3182 4258 suos
3206 4200 3538 4256 Ludovicum
3563 4204 3613 4252 et
3637 4192 3774 4248 Caroo

2243 4296 2352 4350 lum
2381 4295 2579 4351 factum
2619 4303 2722 4351 est.

2307 4388 2435 4444 842.
2478 4388 2757 4453 Rabonns,
2799 4385 3088 4440 Fuldensis
3119 4381 3358 4440 cmnobii
3405 4380 3587 4444 abbas,
3626 4367 3775 4444 expul-

2245 4497 2336 4536 sus
2366 4489 2450 4534 est
2477 4478 2544 4532 de
2570 4475 2924 4542 monasterio,
2957 4485 3013 4532 et
3042 4472 3335 4530 Lotharius
3357 4471 3424 4528 de
3449 4483 3625 4541 regno.

2317 4655 2441 4712 845.
2486 4652 2598 4709 lloc
2639 4668 2783 4707 anno
2811 4651 2952 4706 facta
2980 4659 3065 4707 est
3098 4665 3203 4721 pax
3232 4648 3376 4703 inter
3401 4640 3712 4702 Lotharium,
3732 4639 3775 4688 Î¹á½²

2247 4748 2578 4804 Ludovicum
2602 4757 2657 4801 et
2684 4744 2958 4809 Carolum,
3001 4742 3198 4798 fratres
3221 4756 3370 4797 suos.

2319 4839 2442 4894 841.
2459 4837 2755 4892 Lotharius
2767 4851 2858 4890 rex
2870 4849 2993 4890 cum
3005 4831 3359 4888 orientalibus
3374 4814 3774 4885 Francisveï¬‚ilin

2251 4929 2614 4993 Sclaviam,et
2639 4941 2816 4995 regem
2839 4940 3027 4979 eorum
3052 4921 3411 4978 Gestintulum
3429 4915 3632 4975 occidit,
3649 4916 3776 4963 caete-

2252 5037 2451 5091 rosqne
2473 5020 2574 5076 sibi
2592 5017 2823 5089 subegit.
2845 5015 3123 5071 Dedicatio
3142 5012 3385 5068 ecclesiae
3397 5023 3543 5065 nova:
3555 4996 3771 5059 Corbcix.

2322 5111 2449 5168 845.
2502 5109 2615 5164 Hoc
2667 5123 2810 5162 anno
2849 5105 3099 5161 monachi
3147 5105 3214 5158 de
3269 5094 3641 5156 Herolfesfelde
3680 5096 3774 5140 cum

2253 5204 2478 5260 Otkario
2505 5202 2764 5272 episcopo
2797 5195 3130 5254 reconciliati
3172 5201 3321 5249 sunt.
3357 5189 3468 5245 Hoc
3493 5187 3641 5272 etiam
3665 5184 3776 5272 ait"?

2253 5258 2560 5350 Ludovicus
2599 5258 2793 5345 rex'ad
2840 5288 2980 5342 idem
3025 5282 3410 5340 monasterium
3451 5275 3590 5333 venit
3619 5270 3650 5322 2

2257 5383 2600 5446 Novembris,
2641 5389 2697 5436 et
2724 5377 3006 5450 privilegia
3051 5385 3107 5430 et
3155 5373 3517 5430 immunitates
3545 5353 3777 5421 monachis

2259 5479 2504 5543 donavit,
2534 5485 2588 5530 et
2611 5490 2708 5530 suo
2736 5471 2912 5545 sigillo
2940 5469 3188 5525 munivit.

2263 5595 2760 5668 Î¹á¿‘Ï€Î¹Î¹Î¹Îµá¼ˆÎ·Î·Î±Î¹á½·Î´Ï…Îµ
2816 5605 3209 5661 ÏÎ¿Î½á½¸Îµá¼±ÎµÎ·Îµá½¶á½ºÎ¹Î·
3243 5601 3434 5659 ÎµÏ‰ÎµÏ…Î¹Î¿
3494 5590 3600 5650 xu
3633 5585 3772 5643 illam

2263 5698 2482 5823 Nilus)
2517 5747 2999 5830 llalberstmlcnsis.
