3944 6390
203 368 306 426 185

324 481 668 559 'ANNALes
702 503 1454 564 WEISSEMBURGENSES.

267 621 392 677 826.
436 621 776 677 llildewinus
818 637 941 680 ossa
978 625 1148 680 sancti
1195 625 1503 681 Sebastiani
1556 625 1609 679 in
1659 623 1786 680 Gal-

200 712 324 768 liam
357 713 664 767 transtulit.

264 805 395 861 827.

260 1089 388 1145 828.

259 1179 385 1237 829.

198 1378 1112 1472 GENUINA
1240 1382 1774 1472 A.830-973

257 1505 381 1564 850.

254 1681 379 1738 851.

254 2005 376 2061 852.
421 2005 741 2080 Conjuratio
768 2010 1042 2069 Ludowici
1071 2021 1259 2070 contra
1289 2023 1502 2085 patrem
1529 2032 1708 2073 suum.

253 2281 374 2336 855.
415 2283 668 2355 Regnum
698 2286 1033 2346 Francorum
1058 2292 1124 2348 ad
1154 2291 1476 2350 Lotharium
1515 2304 1600 2352 est
1632 2311 1770 2353 con-

189 2390 417 2433 versum.

252 2470 375 2527 854.
415 2471 683 2545 Pippinus
710 2486 766 2533 et
798 2477 1122 2536 Ludowicus
1143 2490 1351 2550 patrem
1377 2498 1535 2540 suum
1561 2485 1771 2542 consti-

190 2566 402 2618 tuerunt
429 2565 486 2620 in
521 2582 770 2637 regnum.

241 2721 361 2775 855.

240 2809 359 2867 856.

273 3031 360 3086 57.

405 3117 730 3188 Conjuratio
778 3119 1054 3176 Ludowici
1087 3121 1282 3176 iterum
1329 3123 1396 3177 ad
1447 3122 1764 3181 Francono-

186 3208 305 3275 furt,
340 3218 393 3265 et
420 3225 754 3267 conversum
781 3221 863 3266 est
896 3227 1120 3283 regnum
1154 3214 1221 3268 ad
1249 3223 1460 3283 patrem
1488 3214 1624 3284 ejus.

238 3392 354 3450 859.

247 3613 366 3670 840.
402 3615 735 3673 Ludowicus
755 3616 1050 3688 imperator
1072 3617 1404 3689 insequendo
1424 3618 1592 3675 illium
1612 3621 1734 3676 veni
1742 3631 1762 3677 t

188 3705 246 3760 ad
270 3705 634 3764 Hcrolfesfelt.

254 4069 370 4126 8H.
405 4068 701 4130 Lutharius
729 4068 950 4126 bellavit
973 4079 1159 4126 contra
1192 4071 1388 4128 fratres
1413 4086 1540 4128 suos
1583 4073 1759 4130 Ludo-

192 4159 352 4217 vicum
372 4176 424 4219 et
453 4164 698 4229 Kal-lum,
728 4174 783 4218 et
802 4163 1122 4219 Adelbertus
1146 4179 1327 4221 comes
1348 4167 1560 4242 occisus
1587 4176 1670 4223 est

253 4357 370 4412 842.
411 4358 632 4414 Lutheri
661 4359 915 4430 expulsus
944 4368 1027 4414 est
1053 4377 1081 4416 a
1116 4377 1298 4432 regno.

257 4639 371 4697 8-53.
413 4642 723 4714 Lutliarius,
763 4645 1086 4703 Ludowicus
1127 4658 1181 4704 et
1222 4650 1417 4707 Karlus
1445 4667 1632 4724 pacem
1675 4654 1756 4709 fc-

192 4743 388 4789 cerunt.

260 4822 378 4880 8M.
416 4827 708 4885 Lutharius
750 4846 844 4884 rex
893 4847 1071 4901 regem
1125 4833 1441 4892 Selat‘orttm
1481 4836 1754 4893 Gestimu-

193 4907 291 4967 lum
312 4919 525 4985 occidit,
551 4930 885 4991 caeterosquc
908 4924 1009 4978 sibi
1040 4925 1270 4995 subegit.

257 5089 374 5148 845.
410 5093 714 5153 Ludovicus
763 5099 1056 5170 imperator
1105 5103 1250 5157 venit
1293 5105 1358 5159 ad
1389 5104 1751 5172 Herolfesfelt,

195 5190 242 5234 et
273 5185 539 5260 privilegia
585 5195 867 5248 monachis
925 5195 1094 5261 dedit,
1143 5211 1352 5269 suoque
1412 5199 1588 5271 sigillo
1629 5218 1750 5258 mu-

195 5275 334 5332 nivit.

285 5691 396 5759 107)
437 5697 562 5754 "(PC
590 5704 772 5760 desunt
798 5706 851 5762 5.

285 5763 396 5844 1913)
435 5767 537 5844 yu.
569 5774 654 5830 die
667 5775 785 5844 julii
821 5778 875 5833 5.

288 5833 398 5908 l09)
431 5833 1155 5928 Otgarius‘arcbicpiscopus
1192 5859 1464 5916 transtulit
1497 5873 1747 5923 sanctum

840 345 928 427 Er
966 374 1311 433 unum“
1345 375 1918 438 ascmrmaunc.
1952 383 2130 441 rans
2164 387 2441 446 ALTERA
2479 392 2806 452 GENUINA.

3355 403 3464 460 486

2419 520 2765 579 LAMBERTI
2819 499 3156 587 ANNALES.

1959 627 2082 682 826.
2126 629 2412 689 lliltwinus
2441 651 2563 691 ossa
2594 648 2765 694 sancti
2796 638 3101 700 Sebastiani
3146 646 3198 702 in
3227 646 3459 711 Galliam

1890 721 2182 776 transtulit.

1956 810 2080 866 827.

1954 1087 2080 1143 828.

1953 1177 2077 1233 829.
2118 1178 2440 1240 Ludowicus
2486 1184 2781 1257 imperator
2825 1191 3106 1262 depositus
3154 1205 3292 1255 esta
3335 1198 3460 1259 filiis

1883 1267 1996 1322 suis
2025 1267 2306 1337 Lothario,
2333 1272 2622 1332 Ludowico
2646 1286 2702 1334 et
2735 1279 2953 1339 Karolo.

1948 1490 2074 1545 850.

1949 1689 2046 1745 851
2091 1691 2263 1765 (107).
2303 1693 2418 1749 Bun
2455 1704 2510 1751 et
2549 1695 2736 1752 Raban
2779 1699 3001 1758 abbates
3044 1699 3454 1762 fundamentum

1877 1781 2121 1838 ecclesia:
2143 1787 2316 1841 sancti
2346 1786 2610 1858 Wigberti
2641 1788 2896 1847 foderunt
2923 1794 2956 1848 6
2976 1795 3101 1851 ldus
3122 1796 3273 1869 (108)
3301 1797 3454 1866 Julii,

1877 1873 2108 1927 secunda
2133 1872 2289 1929 feria.

1946 2027 2069 2084 852.
2112 2029 2342 2102 [Corpus
2369 2035 2540 2090 sancti
2570 2035 2775 2093 Aurelii
2825 2039 2878 2094 in
2916 2039 3266 2098 Germaniam
3310 2044 3458 2100 dela-

1877 2123 1990 2172 tum
2033 2129 2155 2185 est,
2209 2133 2262 2175 et
2310 2123 2595 2197 Hirsaugia
2651 2127 2922 2203 fundata.]
2981 2133 3292 2204 Conjuratio
3347 2135 3455 2190 Lu-

1874 2207 2070 2286 dovvici
2107 2222 2298 2267 contra
2321 2224 2530 2284 patrem
2562 2234 2742 2274 suum.

1943 2301 2069 2356 855.
2109 2302 2355 2376 Regnum
2386 2306 2719 2365 Francorum
2759 2315 2826 2370 ad
2863 2313 3176 2372 Lotbarium
3204 2327 3288 2374 est
3317 2333 3454 2374 con-

1871 2406 2088 2448 versum
2099 2437 2110 2449 .

1941 2485 2066 2542 854.
2104 2487 2363 2562 Pippinus
2398 2503 2453 2550 et
2485 2496 2806 2557 Ludowicus
2844 2511 3058 2572 patrem
3103 2520 3260 2561 suum
3289 2508 3451 2564 resti-

1873 2584 2091 2634 tuerunt
2113 2581 2169 2637 in
2201 2597 2446 2657 regnum.

1927 2713 2054 2770 855.

1869 2819 1876 2845 ι
2084 2805 2360 2878 [Otgarius
2378 2808 2395 2876 (
2407 2807 2525 2886 l0?)
2541 2811 2916 2886 a_rchiep._ossa
2926 2812 2997 2886 _S.
3015 2813 3198 2869 Severi
3213 2814 3451 2886 episcopi

1870 2875 1970 2930 sibi
1990 2875 2165 2953 delata
2184 2875 2466 2953 transtulit
2489 2875 2540 2932 in
2567 2875 2908 2951 Erphéslurl,
2926 2875 3454 2953 Thuringim'civita-

1872 2956 2001 3012 tem,
2025 2949 2153 3003 etin
2182 2950 2294 3004 alto
2323 2949 2654 3007 monasterio
2685 2956 2925 3024 reposuit
2965 2955 3026 3010 11
3063 2949 3181 3009 Kal.
3210 2956 3343 3011 Nov.
3367 2960 3420 3013 5.
3427 2957 3449 3030 j

1927 3036 2050 3092 857.

1939 3127 2067 3183 858.
2105 3127 2422 3199 Conjuratio
2467 3127 2743 3186 Ludowici
2789 3130 2985 3187 iterum
3023 3133 3090 3188 ad
3136 3133 3449 3191 Francone-

1869 3220 2002 3286 furt,
2030 3231 2084 3275 et
2108 3236 2430 3276 conversum
2454 3229 2537 3276 est
2562 3237 2786 3293 regnum
2817 3224 2884 3278 ad
2909 3234 3118 3295 patrem
3145 3223 3281 3294 ejus.

1922 3399 2048 3456 859.

1935 3635 2060 3691 840.
2101 3636 2426 3693 Ludowieus
2466 3636 2797 3709 insequendo
2827 3639 2994 3694 filium
3040 3640 3188 3696 venit
3240 3641 3307 3698 ad
3345 3641 3451 3698 lle-

1867 3729 2133 3786 roll‘esfelt
2188 3733 2581 3788 monasterium
2625 3733 2656 3788 6
2692 3734 2816 3788 ldus
2857 3734 3078 3805 Aprilis.
3121 3735 3446 3792 Ludowicus

1868 3825 2163 3895 imperator
2204 3827 2373 3896 obiit;
2437 3828 2521 3883 cui
2588 3827 2730 3884 filius
2779 3827 2900 3898 ejus
2947 3829 3270 3886 Ludowicus
3321 3847 3447 3887 suc-

1864 3918 2049 3973 cessit.

1932 4072 2057 4128 8“.
2095 4073 2390 4130 Lutharius
2412 4075 2634 4132 bellavit
2664 4086 2851 4132 contra
2883 4075 3082 4133 fratres
3112 4094 3239 4134 suos
3266 4078 3446 4134 Ludo-

1859 4143 2056 4219 vvicum
2084 4155 2134 4219 et
2166 4145 2542 4219 liarolumLin
2573 4163 2680 4217 quo
2721 4149 2906 4219 prmlio
2939 4165 3074 4218 pene
3109 4152 3172 4203 ad
3205 4153 3449 4205 interne-

1861 4215 2074 4269 ciouem
2101 4216 2260 4269 deleti
2295 4229 2422 4271 sunt
2452 4215 2672 4284 Franci,
2718 4215 2772 4273 et
2805 4215 3098 4276 Lutliarius
3125 4221 3300 4276 victus
3323 4231 3440 4287 est;

1862 4287 1951 4340 ubi
1981 4295 2035 4339 et
2055 4287 2378 4342 Adelbertus
2409 4303 2594 4343 comes
2620 4291 2834 4345 occisus
2861 4299 2964 4344 est.

1931 4378 2057 4433 842.
2097 4379 2321 4434 Lutlieri
2350 4381 2610 4452 expulsus
2637 4391 2720 4439 est
2751 4399 2779 4437 a
2817 4400 3006 4456 regno,
3038 4393 3092 4440 et
3124 4385 3312 4441 Raban
3347 4387 3446 4442 ab-

1857 4471 1956 4528 bas
1982 4472 2047 4527 de
2073 4473 2426 4528 monasterio.

1928 4648 2053 4703 8l5.
2094 4649 2342 4715 Lutheri,
2388 4649 2728 4720 Ludovvieus,
2771 4661 2828 4708 et
2869 4653 3096 4709 Karolus
3133 4669 3321 4725 pacem
3365 4653 3446 4710 fe-

1857 4749 2069 4795 cerunt.

1926 4833 2054 4888 8M.
2095 4833 2515 4891 Luthariusrex
2574 4853 2755 4909 regem
2802 4837 3125 4895 Sclavorum
3158 4838 3435 4895 Gestimn-

1858 4924 1970 4981 lum
1997 4927 2216 4986 occidit.

1925 5109 2050 5165 845.
2090 5110 2412 5170 Ludowicus
2442 5116 2590 5171 venit
2615 5117 2681 5171 ad
2714 5116 3055 5172 llerolfcsfelt
3098 5117 3133 5171 2
3163 5115 3434 5172 Kalendas

1856 5177 2209 5257 Novembris,
2233 5187 2588 5257 etprivilegia
2620 5189 2897 5242 monachis
2939 5189 3086 5242 dedit
3119 5203 3322 5257 suoque
3355 5190 3431 5242 si-

1856 5250 1984 5328 gillo
2012 5250 2536 5328 mttnivit.‘.\lonaclii
2564 5273 2778 5328 qunque
2818 5258 3056 5328 ejusdem
3109 5250 3436 5313 Hervelden-

1855 5322 1937 5399 eis
1971 5326 2288 5399 monasterii
2324 5322 2659 5399 reconciliati
2690 5322 2818 5383 sunt
2846 5322 2970 5384 eum
3014 5327 3236 5399 Otgario
3261 5329 3438 5382 archi-

1855 5391 2110 5462 episcopo
2155 5396 2221 5449 de
2258 5396 2484 5451 decimis
2514 5397 2724 5468 frugum
2755 5408 2808 5453 et
2849 5391 3134 5469 porcorum
3175 5415 3241 5454 ex
3287 5407 3432 5454 terra

1856 5460 2259 5523 Thuringorum
2311 5481 2408 5523 uer
2441 5467 2626 5522 fideles
2675 5470 2877 5523 legatos
2923 5470 3106 5523 domni
3155 5468 3432 5523 Ludovici

1856 5467 2259 5532 Thuringorum
2310 5481 2408 5534 per
2441 5467 2626 5522 fideles
2675 5467 2877 5538 legatos
2923 5470 3106 5524 domni
3155 5468 3434 5524 Ludovici

1854 5530 2107 5602 Augusti,
2135 5535 2416 5606 episcopos
2438 5538 2584 5610 (HO)
2614 5540 2864 5594 videlicet
2891 5548 2946 5594 et
2982 5540 3260 5610 praesides.

1859 5728 2119 5787 Severum
2150 5733 2216 5789 ad
2238 5734 2562 5793 Franckfurt
2591 5738 2646 5792 ϐ.

1929 5803 1976 5874 (l
1992 5803 2076 5875 10)
2119 5803 2412 5878 Episcopos
2451 5810 2900 5868 monasteriorum
2930 5819 2983 5867 et
3010 5826 3094 5882 pr.
3133 5811 3201 5885 1.;
