3944 6382
500 297 604 355 837

795 425 1118 484 ANNALES
1165 427 1828 484 HILDESHEIMENSES.

571 539 700 598 8ι6.
751 540 1112 608 Ludowicus,
1173 543 1314 598 [ilius
1367 543 1684 608 Ludovvici,
1749 543 2084 599 Pannoniam

501 633 736 703 Subcgit,
760 641 814 686 et
845 632 1110 687 Bchemos
1139 634 1356 688 domum
1389 635 1602 690 rediens
1626 635 1876 689 vastavit.

575 804 702 860 847.
754 805 920 876 Otger
981 808 1425 881 archiepiscopus
1471 809 1636 874 obiit,
1699 809 1785 865 cui
1837 809 2089 864 [tabanus

510 894 678 951 abbas
705 895 991 952 Fuldensis
1016 899 1298 954 successit.

579 1066 703 1122 848.
747 1067 1072 1128 Ludovvicus
1102 1075 1243 1144 apud
1284 1075 1610 1146 Mogontiam
1641 1073 1828 1128 habito
1855 1070 2089 1126 concilio

517 1157 770 1225 siuodali,
816 1163 996 1234 ibique
1021 1164 1386 1222 Godescalcus
1420 1167 1695 1223 hereticus
1734 1165 2015 1220 convictus
2042 1170 2096 1217 et

508 1248 574 1302 da
602 1261 833 1318 npnalus
859 1268 960 1310 est.

570 1341 694 1395 849.

579 1429 700 1484 850.
743 1429 854 1486 Hoc
883 1448 1026 1488 anno
1057 1433 1090 1488 5
1139 1433 1257 1488 Kal.
1300 1433 1620 1490 Novembris
1660 1432 1891 1488 ecclesia
1923 1429 2097 1486 sancti

508 1519 778 1590 Wigterti
814 1524 962 1595 (lli)
1001 1527 1247 1582 dedicata
1299 1537 1384 1583 est
1430 1543 1461 1582 a
1506 1527 1754 1593 Rabano,
1798 1523 2100 1596 Mogontia-

511 1609 695 1664 censis
721 1612 968 1670 ecclesia:
1007 1617 1438 1689 archiepiscopo.

566 1698 666 1755 851

567 1781 674 1847 852

567 2083 696 2140 855.

576 2248 702 2309 εει.

591 2341 722 2399 855.
777 2335 1102 2395 Ludovvicus
1143 2348 1235 2388 rex
1286 2346 1409 2386 cum
1452 2343 1648 2398 magno
1691 2327 1934 2383 exercitu
1981 2342 2104 2397 pcr-

515 2415 658 2470 rexit
685 2421 874 2468 contra
908 2407 1194 2463 Itatzitlum
1236 2416 1416 2472 regem
1463 2399 1896 2472 lum-aliensium;
1937 2409 2106 2472 etco-

517 2467 651 2540 item
685 2467 828 2538 anno
865 2478 1098 2534 ecclesia
1129 2467 1529 2531 saneti'mliaui
1575 2474 1626 2525 in
1661 2470 1982 2537 Wirzeburg
2005 2467 2108 2520 ful-

521 2556 759 2611 minibus
800 2560 990 2606 exusta
1046 2560 1149 2602 est.
1210 2545 1508 2599 Lutharius
1564 2559 1655 2595 rex
1716 2551 1995 2594 tonsuram
2051 2548 2107 2596 et

520 2625 903 2681 monachicum
936 2619 1182 2674 habitum
1211 2615 1446 2683 suscepit
1479 2613 1798 2665 moriturus.

591 2719 718 2774 856.
759 2715 1017 2770 [tabanus
1052 2709 1495 2778 archiepiscopus
1527 2706 1691 2770 obiit;
1741 2704 1830 2759 cui
1875 2702 2106 2759 Karolus

520 2811 802 2868 successit.

593 2904 716 2959 857.
759 2898 987 2955 Karolus
1021 2895 1160 2969 apud
1207 2893 1533 2966 Mogontiam
1567 2906 1816 2961 magnam
1849 2888 2099 2945 sinodum

521 2993 892 3065 congregavit.
1345 3031 1356 3036 -

596 3085 721 3141 858.
781 3079 1106 3138 Ludovvicus
1153 3077 1318 3131 filium
1383 3088 1538 3130 suum
1588 3070 1936 3127 Ludowicum
1985 3083 2108 3124 cum

529 3191 726 3248 magno
757 3175 1000 3228 exercitu
1025 3169 1172 3226 misit
1204 3168 1271 3222 ad
1299 3165 1597 3221 Abotritos.

599 3350 726 3404 859.
769 3346 1118 3412 Ludovvicus,
1141 3342 1394 3408 Karolus,
1445 3350 1500 3396 et
1544 3338 1838 3411 Lutharius
1872 3353 1995 3393 cum
2024 3335 2116 3406 ju-

537 3449 784 3495 ramcnto
813 3439 1042 3494 invicem
1073 3451 1260 3508 pacem
1298 3434 1674 3488 ﬁrmaverunt.

769 3723 908 3785 Udo.
958 3719 1180 3782 Ernust,
1222 3714 1481 3783 Bernger,
1532 3708 1784 3773 comites,
1833 3714 1889 3762 et
1929 3703 2122 3759 Waldo

533 3821 670 3877 abba
700 3818 871 3891 (ιη),
906 3809 1206 3868 honoribus
1242 3804 1494 3876 depositi.

601 3975 724 4032 862.
765 3975 961 4030 Fames
990 3982 1182 4038 magna
1218 3973 1275 4020 et
1317 3961 1538 4018 morbus
1569 3960 1620 4015 in
1653 3956 1944 4014 Germania
1976 3965 2032 4010 et
2062 3956 2116 4010 in

537 4067 661 4122 aliis
701 4064 948 4134 partibus
971 4060 1222 4127 Europa}.

607 4156 732 4211 863.
777 4151 1005 4208 Karulus
1038 4145 1484 4216 archiepiscopus
1529 4139 1697 4206 obiit;
1749 4138 1834 4193 cui
1874 4137 2127 4193 Luithcr-

538 4256 628 4303 tus
660 4245 945 4301 successit.

611 4339 736 4396 86L.
778 4336 1104 4393 Ludowicus
1130 4349 1224 4388 rex
1250 4331 1585 4386 Francorum
1629 4325 1916 4381 Ratzidum
1944 4338 2148 4394 regem,

540 4429 940 4485 Marahensium
985 4427 1084 4480 sibi
1114 4424 1341 4493 subegit.

613 4519 738 4575 865.
783 4517 1137 4574 Subitancum
1170 4513 1428 4569 diluvium
1484 4519 1539 4566 et
1587 4507 1880 4564 vehemens
1923 4503 2127 4575 grando

541 4611 725 4684 {urges
753 4609 1062 4680 assumpsit.

608 4705 736 4760 866.

613 4800 742 4855 867.
783 4796 990 4854 Ventus
1043 4793 1234 4862 ingens
1277 4800 1399 4843 cum
1442 4781 1656 4839 turbine
1698 4778 1867 4835 multa
1915 4774 2129 4833 ediﬁcia

631 4890 765 4945 avit.

631 4901 765 4945 avit.

545 4901 744 5038 “r868.
788 4978 984 5034 Fames
1021 4971 1198 5027 valida
1232 4977 1288 5025 et
1313 4966 1608 5022 vehemens
1644 4970 1753 5018 tam
1783 4958 2130 5017 Germaniam

547 5088 713 5144 quam
751 5079 971 5126 ceteras
996 5065 1225 5133 Europae
1253 5056 1560 5133 provincias
1589 5053 1816 5110 nimium
1851 5051 2061 5105 amixit.

621 5163 746 5218 869.
784 5159 1008 5216 Lutheri
1051 5171 1148 5211 rex
1200 5169 1228 5208 a
1270 5151 1580 5224 Benevento
1620 5141 2019 5224 reversusugui
2066 5137 2136 5194 ob

550 5212 744 5289 iravtri's
777 5212 1240 5285 sui—discordiam
1284 5217 1570 5289 Ludowici
1604 5214 1863 5285 perrexit,
1910 5212 2137 5289 Itomam

550 5283 1042 5370 v_eﬁnit,‘ibiuueiab
1064 5297 1322 5370 Adriano
1365 5305 1505 5370 papa
1542 5283 1892 5370 dampnatus,
1917 5283 2138 5370 domum

551 5352 942 5429 r'éiiiéhél‘uiii
979 5352 1106 5426 ishis
1139 5381 1278 5436 pene
1325 5352 1578 5436 omnibus
1608 5352 1785 5436 periit.
1831 5354 1899 5436 Ιξι
1947 5352 2136 5436 eodem

559 5425 962 5505 amisi-hicat»,
995 5425 1130 5494 abba
1141 5425 1194 5491 Ἐ
1202 5431 1443 5491 uldensis
1465 5425 1824 5505 monasterii.
1838 5425 2138 5505 depositus,

553 5495 718 5571 eti;in
739 5495 1073 5568 verterabilis
1102 5518 1158 5564 et
1187 5506 1474 5577 religiosus
1503 5498 1745 5571 Sigihart
1778 5495 1986 5552 electus
2032 5500 2134 5547 est.

627 5639 776 5712 (Hi)
816 5635 1342 5712 llerolfesfeldensis.

626 5693 778 5784 (iis)
818 5693 1232 5768 svia'rzAiieusis
1255 5707 1324 5764 ad
1351 5704 1602 5762 Rhenum
1626 5716 1679 5757 ν.
1713 5697 1813 5757 ss.
1842 5696 1885 5755 1.
1918 5693 2044 5752 δτι.

1385 297 1637 356 ANNA‘L.
1679 297 2117 356 lllLDESllEIM.
2159 295 2550 367 QUEDLINB.,
2589 278 2975 352 WEISSEMB.

3656 299 3750 358 ‘88

2434 424 2754 481 ANNALES
2783 423 3523 494 QUEDLINBUBGENSES.

2259 543 2385 601 846.
2422 543 2729 600 Ludovicus
2776 560 2891 611 res,
2934 546 3076 600 filius
3117 544 3392 612 Ludovici,
3431 547 3754 608 Pannoniam

2189 636 2424 707 subegit,
2459 644 2512 690 et
2542 636 2805 692 Bohemos
2835 638 3052 692 domum
3078 638 3292 693 rediens
3322 641 3582 694 vastavit.

2261 809 2387 864 847.
2429 809 2596 866 Otker
2647 811 3086 882 archiepiscopus
3127 814 3300 876 obiit;
3345 813 3432 869 cui
3486 815 3758 883 Rabanus,

2193 901 2363 956 abbas
2393 902 2677 958 Fuldcnsis
2709 905 3048 971 monasterii,
3090 907 3373 961 successit.

2266 1076 2390 1132 848.
2431 1077 2739 1134 Ludovicus
2773 1096 2867 1135 rex
2896 1081 3036 1152 apud
3081 1080 3407 1153 Moguntiam
3450 1083 3618 1139 habet
3646 1099 3760 1139 con-

2199 1167 2384 1223 cilium
2438 1171 2738 1240 synodale,
2798 1172 2978 1245 ibique
3025 1173 3436 1229 Ghodeschalck
3495 1176 3763 1233 hzereticus

2195 1261 2479 1316 convictus
2509 1270 2589 1317 est
2618 1270 2673 1318 et
2700 1263 3010 1321 damnatus.

2267 1353 2392 1409 849.

2271 1448 2378 1504 850
2414 1449 2581 1521 (849).
2631 1445 2864 1510 Basilica
2916 1454 3088 1511 sancti
3141 1453 3408 1511 Wicberti
3451 1452 3764 1511 confessoris

2199 1541 2447 1598 dedicata
2475 1551 2578 1600 est.

2259 1713 2382 1769 85L

2277 1801 2402 1857 852.
2454 1800 2734 1857 inchoatio
2786 1800 3300 1859 Gandesheimensis
3359 1805 3679 1860 monasterii
3721 1804 3764 1859 in

2204 1892 2500 1964 antiquiori
2552 1892 2692 1959 loco,
2737 1902 2793 1949 et
2839 1893 3105 1949 adventus
3145 1903 3466 1950 sanctorum
3515 1894 3766 1949 confesso.

2203 1998 2325 2037 rum
2352 1983 2622 2039 Anastasii
2646 1993 2810 2054 atque
2839 1984 3161 2039 Innocentii.

2275 2073 2398 2129 855.
2462 2073 2670 2146 llaymo
2717 2075 3002 2145 cpiscopus
3053 2074 3218 2142 obiit;
3278 2075 3365 2130 cui
3420 2072 3767 2146 llildegrimus

2202 2165 2390 2236 junior
2417 2167 2702 2222 successit.

2265 2255 2393 2312 854.

2277 2349 2404 2405 855.
2445 2343 2686 2401 Ecclesia
2723 2341 2895 2396 sancti
2921 2339 3119 2394 Kiliani
3160 2339 3210 2392 in
3242 2337 3596 2408 Wirtzeburg
3617 2336 3770 2392 fulmi-

2208 2441 2368 2496 nibus
2393 2446 2584 2492 exusta
2608 2443 2710 2490 est.
2750 2433 3042 2487 Lotharius
3084 2447 3178 2486 rex
3205 2439 3491 2485 tonsuram
3531 2439 3585 2483 ct
3611 2443 3772 2484 mona-

2208 2533 2424 2589 chicum
2455 2528 2699 2584 habitum
2737 2524 2978 2595 suscepit
3007 2523 3322 2578 moriturus.

2279 2702 2407 2758 856.
2447 2700 2558 2755 Leo
2585 2715 2724 2770 papa
2751 2698 2904 2762 obiit,
2935 2705 2993 2752 et
3035 2695 3293 2750 Rabonus
3329 2693 3770 2765 archiepisc0pus,

2212 2796 2297 2850 cui
2329 2793 2556 2849 Carolus
2584 2791 2865 2854 successit.

2285 2888 2411 2943 857.
2465 2887 2690 2942 Carolus
2771 2885 3208 2956 archiepiscopus
3269 2884 3410 2954 apud
3478 2883 3772 2955 Moguntiam

2214 2995 2466 3049 magnam
2497 2981 2759 3051 synodum
2801 2978 3171 3048 congregavit.

2289 3071 2414 3130 858.
2471 3071 2780 3127 Ludovicus
2830 3071 2999 3124 ﬁlium
3060 3085 3218 3124 suum
3279 3068 3620 3125 Ludovicum
3672 3079 3773 3121 cum

2220 3179 2415 3234 magno
2437 3163 2680 3218 exercitu
2720 3162 2871 3217 misit
2899 3161 2965 3216 ad
3000 3160 3309 3215 Abodritos.

2292 3339 2416 3394 859.
2459 3338 2767 3394 Ludovicus
2810 3348 2858 3392 et
2887 3337 3115 3393 Carolus
3145 3348 3200 3391 et
3226 3335 3545 3400 Lotharius,
3576 3333 3660 3388 illii
3689 3330 3772 3385 Lo-

2222 3431 2384 3485 tharii
2434 3432 2618 3486 fratris
2661 3431 2777 3501 ejus
2812 3429 2982 3500 (115),
3039 3444 3161 3484 cum
3213 3428 3530 3497 juramento
3577 3424 3775 3479 invicem

2223 3536 2410 3592 pacem
2445 3521 2868 3575 afﬁrmaverunt.

2285 3613 2418 3758 ἓὲο.
2461 3613 2804 3684 Maginradus
2833 3614 3095 3669 heremita
3127 3611 3502 3668 martirizatus
3530 3619 3625 3666 est.

2367 3705 2414 3758 ι.

2325 3702 2414 3758 61.

2299 3951 2424 4008 862.
2465 3948 2662 4005 Fames
2692 3964 2883 4020 magna
2917 3957 2970 4004 et
3015 3948 3236 4003 morbus
3271 3947 3324 4002 in
3353 3945 3639 4003 Germania
3665 3952 3712 3996 et
3736 3943 3776 3995 iu

2227 4044 2349 4099 aliis
2373 4043 2616 4112 partibus
2651 4043 2899 4112 Europae.

2299 4134 2426 4190 863.
2469 4133 2696 4218 Garolus
2735 4131 3178 4202 archiepiscopus
3205 4129 3359 4184 obiit.
3391 4127 3493 4184 Cui
3517 4126 3772 4183 Lutbcrtus

2230 4229 2514 4286 successit.

2292 4319 2416 4376 864.

2306 4492 2430 4550 865.
2471 4491 2830 4546 Subitaneum
2870 4485 3132 4541 diluvium
3180 4495 3236 4540 et
3285 4484 3575 4539 vehemens
3604 4477 3775 4554 grando

2233 4586 2416 4657 fruges
2445 4581 2779 4652 absumpsit;
2817 4579 3116 4636 Anscarius
3146 4577 3432 4648 episcopus
3454 4577 3602 4633 obiit.

2303 4676 2430 4731 866.
2472 4673 2728 4729 Nicolaus
2755 4687 2888 4742 papa
2922 4669 3077 4725 obiit.
3641 4707 3645 4714 .

2306 4765 2432 4822 867.
2473 4765 2682 4819 Ventus
2722 4762 2918 4832 ingens
2964 4775 3090 4816 cum
3121 4758 3336 4814 turbine
3381 4757 3547 4814 multa
3584 4748 3774 4811 tediiicia

2236 4858 2448 4916 stravit.

2307 4950 2429 5006 868.
2473 4947 2667 5002 Fames
2692 4944 2866 4999 valida
2902 4952 2957 4998 et
3001 4943 3294 4997 vehemens
3335 4950 3442 4995 tam
3473 4931 3774 4996 Germaniam

2237 5059 2400 5115 quam
2429 5049 2655 5096 cretei-as
2692 5038 2918 5108 Europa:
2946 5034 3254 5106 provincias
3285 5033 3510 5087 nimium
3537 5025 3716 5085 aﬂlixit.

2308 5134 2432 5190 869.
2473 5129 2695 5186 Lutheri
2731 5143 2824 5181 rex
2869 5142 2898 5180 a
2937 5127 3246 5180 Benevento
3285 5138 3551 5186 reversus,
3595 5131 3690 5188 quo
3721 5110 3776 5165 ob

2241 5225 2424 5281 fratris
2479 5223 2561 5278 sui
2618 5219 2943 5276 discordiam
2994 5217 3249 5272 Ludovici
3293 5215 3551 5286 perrexit,
3587 5210 3773 5264 Romam

2239 5317 2409 5382 venit,
2452 5315 2633 5384 ibique
2661 5313 2730 5367 ab
2777 5311 3051 5365 Hadriano
3077 5323 3210 5377 papa
3255 5307 3558 5368 damnatus,
3594 5300 3774 5355 domum

2241 5409 2454 5464 rediens
2479 5421 2600 5461 cum
2631 5403 2743 5459 suis
2772 5416 2906 5472 pene
2936 5400 3188 5455 omnibus
3218 5397 3395 5467 periit.

2325 5667 2472 5741 (H5)
2513 5663 2564 5722 1.
2596 5681 2642 5721 c.
2677 5660 2976 5719 Hludowici
3011 5659 3314 5716 Germania:
3344 5657 3503 5732 regis.
