3944 6426
175 434 188 465 ε

173 433 255 487 501
631 467 637 474 .
811 423 896 477 ΕΤ
927 421 1275 479 LAMBERTI
1294 416 1746 475 ASCHAFNABU
1756 417 1866 473 ΒΟ.

1836 418 1866 472 ι.
1896 419 2074 476 PARS
2103 418 2382 476 ALTERA
2418 404 2757 477 cunmm“.
3286 421 3408 477 sos

364 538 672 598 ANNALES
701 534 1431 597 WEISSEMBURGENSES
1800 624 1816 635 .
2270 592 2273 593 ,
2323 534 2671 592 LAMBERTI
2698 536 3039 593 ANNALES.

233 654 347 711 959.
1967 643 2013 699 Ἰ.
2045 645 2367 704 Diothardus
2393 649 2575 706 senior
2594 649 2747 705 obiit.

228 1025 342 1095 95L
378 1039 655 1097 lleinricus
676 1054 772 1096 rex
796 1039 1071 1096 Abatritos
1099 1038 1333 1110 subegit.

1894 1021 2016 1079 951.
2048 1021 2333 1078 lieinricus
2358 1036 2452 1078 rex
2473 1021 2749 1080 Abotritos
2774 1021 3003 1093 subegit.

227 1249 342 1307 932.
372 1248 652 1306 lleinricus
672 1266 764 1307 rex
794 1251 895 1307 fuit
921 1252 974 1307 iu
1005 1250 1241 1307 Losicin.
1894 1243 2019 1299 939.
2044 1242 2210 1298 Diedo
2239 1242 2521 1312 episcopus
2548 1240 3071 1315 [Wirczeburgensis
3090 1241 3146 1296 5.
3165 1240 3220 1295 4.
3247 1238 3303 1296 5.
3326 1239 3408 1317 6.)

1824 1333 1989 1399 obiit;
2023 1334 2108 1388 cui
2138 1333 2483 1389 Burchardus
2510 1334 2680 1390 abbas
2718 1333 3094 1390 lierveidensis
3122 1334 3407 1389 successit.

227 1424 344 1482 955.
497 1511 501 1514 ν
1896 1423 2019 1479 955.
2053 1423 2332 1496 Megingoz
2362 1424 2530 1482 abbas
2559 1424 2935 1482 Herveidensis
2958 1424 3161 1482 electus
3188 1434 3292 1481 est.

229 1595 343 1652 954.
382 1595 667 1654 Heinricus
717 1612 810 1654 rex
863 1597 917 1653 in
972 1596 1264 1654 Wocronin
1308 1611 1431 1652 cum
1480 1595 1724 1652 exercitu

166 1681 273 1742 iuit.

1898 1612 2022 1670 954.
2058 1614 2344 1672 iieinricus
2382 1630 2478 1671 rex
2506 1616 2806 1673 Wucronin
2830 1634 2953 1675 cuin
2980 1619 3225 1677 exercitu
3258 1619 3375 1675 fuit.

229 1860 343 1916 955.
1902 1868 2027 1922 955.

229 1868 343 1916 955.
1939 1869 1967 1883 ’
2013 1907 2027 1922 .

226 1954 321 2011 956
341 1955 507 2025 (955).
540 1954 728 2028 Magna
749 1956 970 2012 sinodus
998 1955 1170 2010 fuitin
1195 1951 1497 2043 Erpesfurt.
1524 1949 1740 2043 Eodem.
2042 1959 2212 2031 (935).
2246 1963 2393 2035 (151)
2427 1964 2618 2038 Magna
2667 1970 2904 2039 synodus
2949 1968 3051 2025 fuit
3085 1970 3137 2025 in
3183 1970 3412 2042 Erphes-

171 2061 294 2101 anno
318 2046 600 2105 Heinricus
628 2065 723 2105 rex
766 2049 929 2115 obiit;
980 2049 1068 2105 cui
1115 2047 1257 2104 ﬁlius
1298 2046 1413 2117 ejus
1454 2042 1578 2101 Otto
1609 2042 1729 2098 suc-
1830 2047 1942 2104 fort
1991 2050 2162 2124 (152).
2199 2053 2397 2110 Eodem
2445 2073 2588 2114 anno
2638 2058 2921 2118 ileinricus
2965 2078 3063 2122 rex
3109 2063 3274 2132 obiit;
3328 2064 3429 2123 cui.

172 2139 330 2195 cessit.
1830 2137 1973 2197 ﬁlius
2000 2140 2116 2212 ejus
2145 2143 2273 2203 Otto
2302 2149 2583 2207 successit.

232 2810 326 2867 957
355 2811 531 2887 (956.)
558 2812 685 2870 Οιιο
707 2829 804 2870 rex
830 2814 933 2870 fuit
962 2816 1018 2871 in
1044 2815 1423 2885 Horoifcsfelt;
1455 2824 1511 2874 et
1550 2815 1731 2873 eccle-
1905 2820 2008 2875 957
2046 2817 2217 2891 (956).
2243 2818 2373 2875 Οιιο
2408 2831 2504 2874 rex
2537 2816 2641 2874 fuit
2671 2818 2726 2874 in
2757 2816 3166 2875 Herolfesfeide.
3210 2816 3418 2876 Eodem

174 2907 244 2964 sia
266 2911 424 2966 sancti
447 2910 718 2969 Bonifacii
743 2923 933 2971 exusta
958 2922 1060 2972 est.
1836 2921 1981 2964 anno
2010 2907 2238 2966 ecclesia
2266 2908 2441 2965 sancti
2466 2906 2732 2966 Bonifacii
2760 2919 2953 2966 exusta
2982 2917 3069 2966 est

238 3693 333 3752 958
361 3696 538 3767 (957).
570 3695 918 3754 Eberhardus
958 3713 1141 3754 comes
1189 3697 1528 3765 Heinricum,
1571 3698 1741 3756 tilium
1915 3702 2020 3759 958
2050 3697 2221 3772 (957).
2264 3696 2612 3753 Eberliardus
2659 3713 2843 3754 comes
2875 3696 3212 3763 lieinricum,
3261 3695 3435 3752 ﬁlium

181 3779 394 3841 Heinrici
419 3785 593 3857 regis,
619 3797 836 3860 captum
867 3786 1095 3859 proiecit
1119 3790 1172 3844 in
1203 3788 1439 3844 vincula.
1846 3790 2084 3847 lleinrici
2117 3789 2279 3859 regis,
2304 3797 2518 3859 captum
2552 3788 2781 3860 proiecit
2818 3791 2870 3844 in
2902 3788 3136 3844 vincula.

239 3875 337 3932 959
371 3878 549 3951 (958).
580 3880 848 3937 Eberhart
879 3891 935 3939 et
967 3881 1270 3954 Sigibertus
1296 3881 1466 3939 occisi
1495 3890 1640 3939 sunt.
1917 3882 2022 3938 959
2053 3879 2220 3954 (958).
2252 3882 2601 3938 Eberliardus
2637 3892 2690 3937 et
2727 3880 3052 3937 Gisilbertus
3078 3878 3245 3935 occisi
3277 3886 3428 3936 sunt.

1849 3972 2182 4030 Hil:!iberlus
2208 3975 2646 4047 archiepiscopus
2666 3971 3118 4046 Mogontiacensis
3146 3970 3304 4039 obiit,
3340 3969 3436 4028 cui

1847 4063 2162 4123 Fridericus
2184 4067 2470 4125 successit.
2580 4066 2585 4071 ’

237 4618 354 4675 940.
1915 4627 2038 4685 940.

235 4708 328 4768 9M
340 4753 358 4770 .

1918 4716 2044 4772 941.

202 5058 205 5059 ί
240 5077 361 5134 942.
776 5082 784 5088 ·

1930 5082 2057 5139 942.
2104 5080 2365 5137 Dedicata
2413 5085 2498 5133 est
2552 5074 2784 5133 ecclesia
2839 5070 3014 5129 sancti
3050 5065 3353 5125 Maximini
3385 5065 3443 5122 in

254 5251 377 5308 945.
403 5253 637 5312 Sinodus
664 5255 732 5313 ad
760 5254 1004 5311 Bunnam
1030 5262 1358 5328 congregata
1385 5261 1490 5310 est.
1861 5175 1883 5230 Ἰ

1861 5174 2135 5230 Treveris.

1932 5263 2059 5317 945.
2092 5261 2343 5335 Synodus
2370 5259 2438 5316 ad
2470 5258 2716 5315 Bonnam
2742 5263 3073 5329 congregata
3100 5261 3205 5310 est.

257 5344 382 5403 944.
1932 5354 2057 5409 944.

283 5780 436 5855 (451)
462 5781 927 5855 ᾼΒΟΟΟΟΧΧΧῩΙ.
956 5783 1011 5838 5.
1044 5784 1232 5855 reliqui
1259 5785 1366 5842 955
1388 5786 1627 5841 indicant
1667 5825 1681 5840 .
1882 5792 1883 5797 “

273 5850 417 5911 (152)
462 5853 515 5908 In
565 5871 669 5923 qua
719 5854 845 5913 Otto
899 5868 996 5911 rex
1046 5850 1250 5912 electus
1291 5858 1412 5927 (est.
1457 5856 1541 5913 Cf.
1594 5857 1773 5917 Vitam
1824 5856 1883 5913 S.
1926 5856 2222 5913 Matbildis.
