3944 6382
471 360 572 415 597

784 482 1120 546 ANNALES
1154 461 1817 539 mwns‘uemeases.

542 590 671 647 957.
704 594 986 651 Liudulfus
1015 597 1069 650 in
1091 594 1240 649 Italia
1264 603 1513 650 mortuus
1550 604 1661 659 est;
1713 602 1768 649 et
1811 592 1933 646 inde
1983 588 2051 643 ad

473 679 663 750 Μιθίζοη
680 687 810 741 tiam
844 694 1265 755 transportatus,
1296 694 1352 741 et
1395 686 1463 739 ad
1512 693 1758 740 sanctum
1787 683 2051 739 Albanum

469 780 554 826 εει
591 777 854 847 sepultus.
942 822 945 825 λ
1634 830 1639 833 .

552 866 677 922 958.
708 868 933 935 Signum
963 866 1143 921 crucis
1172 867 1224 920 in
1272 866 1611 921 vestimentis
1640 865 1921 920 hominum
1956 879 2053 934 ap-

480 959 685 1027 paruit,
715 959 823 1013 illis
848 960 940 1028 qui
969 959 1171 1013 derisui
1217 957 1347 1013 illud
1386 958 1679 1019 habebant,
1713 966 1939 1011 mortem
1982 955 2056 1009 in-

481 1050 698 1115 ferens;
733 1051 839 1106 illis
870 1058 1050 1105 autem
1083 1050 1174 1119 qui
1203 1050 1290 1119 pie
1326 1058 1382 1104 et
1406 1049 1654 1119 religiose
1680 1047 1810 1103 illud
1836 1060 2059 1101 venera-

482 1142 635 1206 baut,
662 1143 795 1197 nihil
819 1142 943 1196 mali
967 1142 1165 1196 intulit.

556 1234 680 1289 959.
720 1234 943 1306 Hagono
968 1234 1101 1289 abba
1133 1233 1352 1304 reliquit
1379 1234 1674 1289 dominium
1707 1232 1789 1288 sui
1815 1231 2059 1288 honoris.

554 1508 679 1563 960.
710 1509 985 1564 Venerunt
1012 1505 1174 1575 legati
1198 1503 1411 1559 Rusciaa
1442 1503 1617 1574 gentis
1658 1504 1725 1557 ad
1756 1516 1936 1573 regem
1964 1502 2060 1560 0t-

484 1610 687 1666 tonem,
730 1608 785 1653 et
814 1597 1089 1667 deprecati
1122 1604 1251 1649 sunt
1287 1610 1410 1650 eum
1450 1602 1508 1648 ut
1553 1594 1790 1665 aliquem
1835 1610 2060 1651 suorum

482 1693 860 1762 episcoporum
898 1692 1307 1756 transmitteret,
1342 1691 1433 1760 qui
1462 1691 1542 1745 eis
1574 1691 1886 1745 ostenderet
1915 1689 2059 1743 viam

482 1785 760 1851 veritatis;
793 1793 847 1839 et
870 1781 1099 1855 professi
1129 1791 1257 1838 sunt
1282 1798 1341 1838 se
1377 1782 1512 1837 velle
1543 1782 1797 1838 recedere
1826 1798 1856 1835 a
1891 1796 2059 1852 paga-

481 1875 608 1931 nico
634 1875 763 1941 ritu,
796 1884 850 1930 et
875 1875 1127 1945 accipere
1158 1874 1473 1946 religionem
1514 1873 1947 1929 Christianitatis.
1995 1872 2065 1927 Et

482 1965 571 2020 ille
630 1966 905 2022 consensit
957 1965 1323 2035 deprecationi
1372 1980 1557 2021 eorum
1587 2005 1603 2031 ,
1656 1973 1712 2019 et
1766 1962 2066 2018 transmisit

486 2057 840 2112 Adalbertum
872 2058 1185 2128 episcopum
1212 2057 1316 2111 fide
1343 2055 1703 2121 catholicum;
1748 2053 1929 2123 illique
1970 2067 2067 2123 per

484 2148 667 2201 omnia
715 2147 927 2201 mentiti
963 2158 1109 2211 sunt,
1142 2146 1283 2200 sicut
1321 2154 1507 2215 postea
1546 2152 1777 2200 eventus
1829 2142 1909 2196 rei
1938 2156 2068 2213 pro-

483 2238 651 2292 bavit.

558 2411 682 2466 961.
721 2412 831 2469 lsto
860 2427 1003 2468 anno
1043 2420 1310 2467 venerunt
1352 2412 1538 2467 nuncii
1580 2413 1647 2467 ad
1699 2428 1880 2485 regem
1913 2412 2067 2469 Otto-

486 2516 633 2566 ncm,
661 2509 715 2556 et
751 2512 1083 2557 vocaverunt
1109 2517 1233 2557 eum
1270 2502 1497 2557 Romam
1541 2502 1595 2557 in
1628 2501 1954 2571 adjutorium
1981 2501 2068 2558 Jo-

486 2593 682 2648 hannis
703 2608 872 2663 papae,
902 2603 960 2648 ut
981 2595 1257 2665 mitigaret
1286 2596 1632 2650 severitatem
1670 2596 1943 2650 Adallierti
1986 2611 2069 2650 re-

488 2684 589 2751 gis,
620 2699 782 2751 quam
811 2685 1057 2738 exercuit
1085 2699 1245 2753 super
1271 2685 1663 2739 monarchiam.

557 2771 660 2826 962
685 2770 854 2842 (961).
888 2772 1089 2842 llleque
1117 2774 1445 2843 apostolicus
1488 2782 1768 2844 gratanwr
1812 2790 1937 2829 cum
1978 2791 2073 2830 su-

486 2864 697 2931 Scepit,
728 2875 782 2919 et
830 2866 1126 2920 honorifice
1180 2866 1471 2921 collocavit
1524 2882 1688 2937 super
1746 2868 2066 2923 cathedram

487 2952 788 3021 augustalis
812 2954 1165 3023 principatus,
1192 2955 1452 3026 auxitque
1482 2971 1644 3027 super
1666 2972 1789 3011 eum
1815 2967 2071 3027 augusta-

487 3042 593 3097 lem
622 3044 1055 3111 benedictionem
1074 3088 1088 3112 ,
1121 3056 1180 3100 ut
1208 3047 1507 3118 imperator
1531 3060 1796 3118 angustus
1836 3063 2066 3103 vocare-

492 3144 583 3189 tur
618 3143 673 3190 et
711 3146 879 3193 esset.
916 3136 1085 3209 (962.)
1108 3137 1373 3194 Guntheri
1403 3139 1541 3194 abba
1588 3140 1754 3206 obiit;
1814 3140 1897 3194 cui
1950 3154 2067 3194 suc-

490 3228 657 3283 cessit
680 3227 980 3298 Egillolfus.

558 3320 682 3392 965.
722 3320 835 3376 Hoc
859 3337 1001 3376 anno
1017 3338 1270 3392 magnum
1293 3322 1532 3378 sinodale
1554 3325 1843 3379 concilium
1864 3323 2069 3378 factum

486 3400 568 3445 est
597 3391 768 3463 Itonia
807 3393 859 3446 in
899 3391 1128 3447 ecclesia
1160 3395 1331 3449 sancti
1363 3394 1540 3460 Petri;
1578 3394 1759 3463 ibique
1804 3394 2066 3463 praeside-

487 3466 580 3535 hat
619 3462 746 3535 Otto
789 3463 1085 3532 imperatur
1115 3474 1395 3533 angustus,
1427 3481 1551 3518 cum
1591 3462 1785 3535 magna
1833 3463 2073 3517 multitu-

487 3533 615 3605 dine
638 3533 1039 3605 episcoporum,
1077 3535 1354 3597 abbatum,
1386 3533 1798 3599 monachorum,
1831 3549 1893 3588 ac
1918 3535 2068 3605 (l6?)

489 3601 833 3674 clericorum.
866 3602 1085 3673 lllicque
1120 3605 1441 3674 Benedictus
1485 3620 1619 3674 papa
1653 3605 1721 3659 ab
1768 3601 2069 3674 apostolica

492 3674 621 3728 sede
653 3671 891 3740 dejectus
918 3671 1019 3736 est,
1049 3692 1113 3729 eo
1146 3676 1285 3744 quod
1319 3671 1515 3741 injusm
1553 3671 1848 3731 vindicavit
1903 3675 2072 3729 subli-

489 3744 732 3815 mitatem
759 3744 985 3799 Romani
1016 3746 1258 3815 imperii,
1283 3756 1337 3799 et
1362 3744 1635 3811 Adaldago
1665 3746 2074 3815 archiepiscopo

488 3814 834 3879 commissus,
862 3815 915 3868 in
948 3814 1353 3885 Saxoniamque
1394 3816 1679 3880 deductus,
1720 3814 1937 3883 illicque
1985 3815 2068 3885 vi-

493 3892 600 3935 tam
643 3885 835 3953 linivit.
886 3885 953 3942 Et
986 3887 1038 3939 in
1072 3886 1187 3953 ipso
1214 3884 1355 3939 anno
1383 3900 1513 3939 seva
1544 3885 1843 3938 mortalitas
1875 3884 2072 3938 invasit

490 3952 786 4007 exercitum
815 3952 1182 4022 imperatoris,
1213 3965 1270 4009 et
1316 3956 1369 4008 in
1419 3971 1481 4009 ea
1524 3956 1829 4017 lleinricus,
1882 3954 2065 4022 archi-

489 4023 777 4091 episcopus
818 4021 1120 4079 Trevericm
1150 4026 1389 4079 civitatis
1415 4066 1429 4090 ,
1480 4034 1535 4079 et
1580 4024 1686 4078 dux
1744 4021 2071 4079 Godefridus

492 4094 659 4164 vitam
694 4095 1072 4164 perdiderunt,
1113 4096 1391 4164 ceterique
1428 4111 1533 4149 non
1573 4096 1751 4163 pauci.

564 4162 690 4214 964.
729 4162 833 4217 lsto
863 4180 1004 4218 anno
1044 4162 1401 4235 Berengarius
1449 4180 1540 4219 rex
1575 4162 2071 4234 Langobardorum

495 4231 754 4307 obsessus
794 4236 846 4307 in
876 4244 1057 4295 monte
1085 4231 1256 4289 sancti
1302 4236 1515 4299 Leonis,
1548 4231 1733 4307 ibique
1783 4244 2075 4307 captusret

494 4315 619 4377 cum
649 4303 983 4377 vided‘uctus
1007 4321 1111 4358 una
1136 4321 1256 4360 cum
1297 4307 1478 4377 regina
1516 4303 1656 4374 ejus'
1678 4303 2072 4377 eobabitatrice

473 4369 656 4425 ‘Willa
704 4372 758 4447 in
812 4372 1113 4447 Bajoariam
1168 4377 1233 4429 ad
1291 4369 1571 4431 castellum
1604 4376 2068 4447 Bavenherg,rihi-

494 4444 981 4517 qtignovissimum
1014 4446 1152 4500 diem
1184 4448 1466 4516 prmsentis
1496 4449 1617 4502 vitm
1642 4447 1847 4501 dimisit
1889 4444 2065 4517 (165).

566 4512 690 4567 963.
749 4512 874 4587 Otto
925 4512 1219 4585 imperator
1267 4519 1333 4572 de
1381 4518 1754 4587 Langobardia
1804 4512 1953 4571 venit
2001 4512 2069 4570 ad

498 4579 912 4658 lfranconofort,
956 4579 1185 4641 etillum
1235 4603 1435 4642 annum
1485 4579 1751 4658 integrum
1798 4587 1851 4641 in
1902 4601 2069 4656 regno

498 4652 773 4732 sationum
808 4658 1432 4732 manebat,_intcrimque
1470 4652 1814 4732 omniassuos
1866 4652 2071 4732 aduna-

498 4724 572 4803 vit
601 4724 666 4778 ad
704 4734 989 4803 pacemet
1022 4728 1090 4781 ad
1134 4724 1505 4803 concordiam.
1554 4729 1620 4803 Et
1664 4728 1807 4781 Brun
1860 4728 2072 4803 archie-

500 4795 746 4864 piscopus
771 4795 1079 4867 Agrippina:
1100 4799 1355 4862 civitatis,
1387 4798 1556 4853 frater
1588 4799 1949 4868 imperatoris,
1992 4798 2071 4851 vi-

498 4872 605 4915 tam
642 4881 764 4918 cum
796 4881 929 4935 pace
963 4869 1156 4922 linivit.

563 4935 686 5009 966.
734 4935 933 5009 lterum
978 4938 1145 5009 tercia
1189 4938 1306 4994 vice
1334 4939 1467 4993 abiit
1494 4937 1618 4994 Otto
1667 4940 1961 5009 imperator
2006 4939 2072 4993 ad

494 5001 722 5079 italiam,
750 5016 803 5060 et
841 5008 962 5079 inde
1011 5008 1199 5063 adiens
1245 5009 1428 5063 limina
1474 5010 1644 5064 sancti
1676 5001 1844 5072 Petri,
1895 5010 2074 5079 ibique

497 5071 607 5150 Dc_o
635 5085 686 5128 et
706 5087 895 5131 sancto
919 5076 1080 5150 Petro
1114 5079 1486 5150 supplicando,
1514 5083 1809 5148 gratiarum
1832 5071 2073 5135 actiones

498 5143 756 5220 referens,
788 5162 852 5203 eo
890 5149 1031 5218 quod
1057 5143 1251 5206 cuncta
1299 5166 1425 5220 erga
1466 5143 1587 5206 etim
1617 5164 1874 5220 prospero
1911 5166 2073 5205 cursu

497 5218 814 5282 agebantur.

884 5325 1026 5365 anno
1062 5312 1359 5384 transmisit
1396 5312 1687 5381 imperator
1714 5314 1915 5382 legatos
1947 5328 2074 5368 suos

498 5374 564 5453 ad
597 5373 981 5457 Willihelmum
1030 5373 1515 5457 archiepiscopum,
1569 5392 1623 5437 et
1651 5386 1715 5436 ad
1761 5373 1892 5457 alios
1931 5385 2077 5453 prin-

497 5458 645 5522 cipes
680 5453 814 5516 ejus,
846 5458 904 5501 ut
928 5453 1200 5517 Uttonem,
1235 5453 1400 5505 lilium
1442 5469 1540 5506 suu
1569 5471 1596 5505 n
1636 5455 2076 5522 :eqnivocumque

498 5529 634 5582 PJUS,
694 5534 814 5571 cum
867 5522 1011 5574 omni
1075 5523 1236 5593 regali
1293 5525 1550 5594 dignitate
1605 5528 1962 5593 piovelterent
2009 5523 2075 5579 ad

572 5756 719 5826 (162)
756 5755 819 5810 ll.
847 5773 919 5812 ιιι.
954 5759 1388 5829 praepositorum,
1415 5758 1481 5813 cl.
1511 5758 1715 5814 Suzaw.

1357 368 1607 425 ANNAL.
1644 364 2076 423 HILDESHEIM.
2102 364 2467 433 QEUDLINB.
2501 364 2883 422 WEISSEMB.

3611 374 3715 430 503

2463 480 2781 536 ANNALES
2819 477 3554 547 QUEDLINBURGENSES.

2229 590 2350 646 957.
2410 591 2713 657 Liudolfits,
2774 593 2915 647 ﬁlius
2971 591 3184 647 Ottonis
3239 591 3405 662 regis,
3467 590 3519 645 in
3571 591 3723 647 Italia

2159 691 2402 739 mortuus
2431 695 2533 749 est,
2568 696 2624 739 et
2655 685 2778 740 inde
2821 686 2886 738 ad
2928 684 3257 753 Moguntiam
3306 692 3719 754 transportatus,

2159 777 2223 831 ad
2260 788 2509 832 sanctum
2540 778 2807 834 Albanum
2852 778 3092 847 sepultus
3128 786 3232 831 est.

2226 867 2349 923 958.
2392 867 2613 939 Signum
2655 870 2831 924 crucis
2871 869 2923 922 iu
2957 865 3291 922 vestimentis
3323 864 3600 919 hominum
3628 879 3726 935 ap-

2158 960 2359 1027 paruit,
2400 959 2505 1013 illis
2533 961 2622 1030 qtti
2653 960 2850 1015 derisui
2887 958 3014 1013 illud
3044 956 3336 1021 habebant,
3364 963 3595 1010 mortem
3636 956 3721 1008 in-

2158 1047 2368 1112 ferens;
2398 1049 2502 1103 illis
2524 1050 2614 1118 qui
2649 1051 2735 1120 pie
2757 1059 2811 1105 et
2846 1048 3094 1120 religiose
3141 1046 3269 1102 illud
3305 1045 3724 1112 venerabantur,

2159 1137 2289 1192 nihil
2317 1138 2442 1192 ntali
2481 1140 2678 1195 intulit.

2224 1225 2350 1282 959.

2233 1495 2356 1552 960.
2388 1495 2660 1551 Venerunt
2685 1496 2849 1567 legati
2876 1495 3088 1551 Ruscite
3115 1497 3290 1567 gentis
3332 1495 3398 1549 ad
3437 1511 3616 1565 regem
3642 1494 3736 1551 0t-

2163 1595 2367 1651 touem,
2407 1597 2463 1641 et
2491 1586 2763 1657 deprecati
2814 1597 2939 1641 sunt
2965 1601 3088 1642 eum
3134 1595 3194 1640 ut
3243 1586 3476 1655 aliquem
3509 1600 3733 1640 suorum

2162 1677 2535 1745 episcoporum
2565 1677 2973 1741 transmitteret,
3003 1677 3093 1746 qni
3126 1677 3207 1731 eis
3245 1677 3556 1731 ostenderet
3589 1677 3733 1728 viam

2163 1768 2435 1831 veritatis;
2470 1775 2526 1821 et
2572 1765 2796 1837 professi
2827 1776 2951 1822 sunt
2975 1783 3034 1823 se
3065 1766 3201 1822 velle
3229 1767 3484 1822 recedere
3506 1782 3535 1818 a
3560 1781 3728 1836 paga-

2164 1860 2360 1925 nismo,
2391 1868 2447 1913 et
2482 1860 2728 1929 accipere
2764 1874 2958 1914 nomen
2984 1869 3041 1915 et
3068 1860 3382 1931 religionem
3418 1859 3711 1914 christiani

2163 1954 2311 2009 tatis.
2343 1953 2408 2008 Et
2431 1953 2520 2008 ille
2543 1955 2818 2010 consensit
2856 1955 3221 2026 deprecationi
3245 1969 3457 2020 eorum,
3481 1965 3535 2008 et
3561 1963 3738 2009 trans-

2165 2043 2312 2097 misit
2347 2043 2698 2099 Adalbertum
2733 2046 3045 2116 episcopum
3088 2045 3193 2101 fide
3246 2044 3599 2100 catholicum.
3628 2043 3740 2098 Illi-

2163 2149 2271 2203 que
2305 2150 2401 2204 per
2420 2136 2601 2189 omnia
2630 2136 2843 2191 mentiti
2873 2146 3019 2200 sunt,
3051 2137 3192 2191 sicut
3221 2144 3407 2205 postea
3431 2134 3507 2187 rei
3540 2134 3740 2202 proba-

2165 2226 2241 2279 vit
2269 2235 2522 2292 ethus;
2554 2227 2680 2299 quia
2720 2241 2821 2283 nec
2862 2227 2951 2282 ille
2978 2228 3266 2297 prmdictus
3295 2226 3581 2296 episcOpus
3611 2237 3743 2279 eva-

2166 2316 2237 2372 sit
2258 2316 2456 2373 lethale
2477 2318 2778 2389 periculum
2806 2320 2874 2373 ab
2902 2320 3115 2375 insidiis
3135 2334 3344 2374 eorum.

2235 2406 2359 2462 961.
2393 2407 2671 2464 Venerunt
2716 2409 2898 2468 nuncii
2949 2408 3209 2466 Johannis
3256 2423 3431 2480 papm,
3483 2414 3747 2463 vocantes

2168 2494 2314 2550 illmn
2351 2497 2600 2555 Romam.

2224 2777 2329 2835 962

2228 3308 2357 3369 965.

2230 4151 2331 4207 966

2234 4946 2355 5001 966.

2235 5286 2357 5340 967.

2279 5738 2399 5811 165)
2432 5739 2585 5794 Anno
2610 5736 2733 5793 966.
