  <div class='ocr_page' id='page_1' title='image "/cluster/home/n/w/nwhite01/storage/ocr_20150623/141/hvd.32044015471790/260.png"; bbox 0 0 3944 6386; ppageno 0'>
   <div class='ocr_carea' id='block_1_1' title="bbox 191 374 3428 455">
    <p class='ocr_par' dir='ltr' id='par_1_1' title="bbox 191 374 3428 455">
     <span class='ocr_line' id='line_1_1' title="bbox 191 374 3428 455; baseline 0.008 -27"><span class='ocrx_word' id='word_1_1' title='bbox 191 374 289 429; x_wconf 71' lang='lat'><strong>509</strong></span> <span class='ocrx_word' id='word_1_2' title='bbox 909 379 996 433; x_wconf 83' lang='lat' dir='ltr'><strong>ET</strong></span> <span class='ocrx_word' id='word_1_3' title='bbox 1038 379 1382 435; x_wconf 74' lang='lat' dir='ltr'><strong>LAMBERTI</strong></span> <span class='ocrx_word' id='word_1_4' title='bbox 1430 381 2000 444; x_wconf 76' lang='lat' dir='ltr'><strong>ASCHAFNABURG.</strong></span> <span class='ocrx_word' id='word_1_5' title='bbox 2044 391 2220 449; x_wconf 79' lang='lat' dir='ltr'><strong>PARS</strong></span> <span class='ocrx_word' id='word_1_6' title='bbox 2259 392 2887 455; x_wconf 25' lang='lat' dir='ltr'><strong>ALTERA’GENUINA.</strong></span> <span class='ocrx_word' id='word_1_7' title='bbox 3324 401 3428 455; x_wconf 74' lang='lat' dir='ltr'><strong>5l0</strong></span> 
     </span>
    </p>
   </div>
   <div class='ocr_carea' id='block_1_2' title="bbox 370 490 3035 566">
    <p class='ocr_par' dir='ltr' id='par_1_2' title="bbox 370 490 3035 566">
     <span class='ocr_line' id='line_1_2' title="bbox 370 490 3035 566; baseline 0.008 -21"><span class='ocrx_word' id='word_1_8' title='bbox 370 490 692 564; x_wconf 72' lang='lat' dir='ltr'><strong>ANNALES</strong></span> <span class='ocrx_word' id='word_1_9' title='bbox 715 491 1463 551; x_wconf 79' lang='lat' dir='ltr'><strong>WEISSEMBURGENSES.</strong></span> <span class='ocrx_word' id='word_1_10' title='bbox 2179 490 2209 545; x_wconf 87' lang='grc'><strong>’-</strong></span> <span class='ocrx_word' id='word_1_11' title='bbox 2319 509 2669 565; x_wconf 76' lang='lat' dir='ltr'><strong>LAMBERTI</strong></span> <span class='ocrx_word' id='word_1_12' title='bbox 2698 496 3035 566; x_wconf 75' lang='lat' dir='ltr'><strong>ANNALES.</strong></span> 
     </span>
    </p>
   </div>
   <div class='ocr_carea' id='block_1_3' title="bbox 251 604 3429 693">
    <p class='ocr_par' dir='ltr' id='par_1_3' title="bbox 251 604 3429 693">
     <span class='ocr_line' id='line_1_3' title="bbox 251 604 3429 693; baseline 0.007 -33"><span class='ocrx_word' id='word_1_13' title='bbox 251 605 372 660; x_wconf 84' lang='lat'><strong>957.</strong></span> <span class='ocrx_word' id='word_1_14' title='bbox 421 604 688 661; x_wconf 86' lang='lat' dir='ltr'><strong>Liutoll&#39;us</strong></span> <span class='ocrx_word' id='word_1_15' title='bbox 720 606 773 660; x_wconf 91' lang='lat' dir='ltr'><strong>in</strong></span> <span class='ocrx_word' id='word_1_16' title='bbox 822 606 972 662; x_wconf 78' lang='lat' dir='ltr'><strong>Italia</strong></span> <span class='ocrx_word' id='word_1_17' title='bbox 1018 618 1102 665; x_wconf 90' lang='lat' dir='ltr'><strong>est</strong></span> <span class='ocrx_word' id='word_1_18' title='bbox 1149 619 1415 676; x_wconf 87' lang='lat' dir='ltr'><strong>mortuus,</strong></span> <span class='ocrx_word' id='word_1_19' title='bbox 1445 619 1499 665; x_wconf 89' lang='lat' dir='ltr'><strong>et</strong></span> <span class='ocrx_word' id='word_1_20' title='bbox 1533 611 1655 666; x_wconf 88' lang='lat' dir='ltr'><strong>inde</strong></span> <span class='ocrx_word' id='word_1_21' title='bbox 1693 612 1759 668; x_wconf 85' lang='lat' dir='ltr'><strong>ad</strong></span> <span class='ocrx_word' id='word_1_22' title='bbox 1844 628 1849 633; x_wconf 89' lang='lat'>&#39;</span> <span class='ocrx_word' id='word_1_23' title='bbox 1932 618 2054 673; x_wconf 85' lang='lat'><strong>957.</strong></span> <span class='ocrx_word' id='word_1_24' title='bbox 2086 620 2358 678; x_wconf 85' lang='lat' dir='ltr'><strong>Liudolt‘us</strong></span> <span class='ocrx_word' id='word_1_25' title='bbox 2402 624 2453 679; x_wconf 93' lang='lat' dir='ltr'><strong>in</strong></span> <span class='ocrx_word' id='word_1_26' title='bbox 2500 625 2646 679; x_wconf 89' lang='lat' dir='ltr'><strong>Italia</strong></span> <span class='ocrx_word' id='word_1_27' title='bbox 2684 634 2763 681; x_wconf 89' lang='lat' dir='ltr'><strong>est</strong></span> <span class='ocrx_word' id='word_1_28' title='bbox 2791 634 3061 693; x_wconf 85' lang='lat' dir='ltr'><strong>mortuus,</strong></span> <span class='ocrx_word' id='word_1_29' title='bbox 3103 632 3159 679; x_wconf 91' lang='lat' dir='ltr'><strong>et</strong></span> <span class='ocrx_word' id='word_1_30' title='bbox 3199 624 3322 680; x_wconf 77' lang='lat' dir='ltr'><strong>inde</strong></span> <span class='ocrx_word' id='word_1_31' title='bbox 3363 624 3429 681; x_wconf 87' lang='lat' dir='ltr'><strong>ad</strong></span> 
     </span>
    </p>
   </div>
   <div class='ocr_carea' id='block_1_4' title="bbox 187 695 3429 838">
    <p class='ocr_par' dir='ltr' id='par_1_4' title="bbox 187 695 3429 838">
     <span class='ocr_line' id='line_1_4' title="bbox 187 695 3429 837; baseline 0.006 -89"><span class='ocrx_word' id='word_1_32' title='bbox 187 695 510 837; x_wconf 49' lang='lat' dir='ltr'><strong>finguntiam</strong></span> <span class='ocrx_word' id='word_1_33' title='bbox 534 704 798 767; x_wconf 85' lang='lat' dir='ltr'><strong>portatus,</strong></span> <span class='ocrx_word' id='word_1_34' title='bbox 828 707 884 753; x_wconf 91' lang='lat' dir='ltr'><strong>et</strong></span> <span class='ocrx_word' id='word_1_35' title='bbox 916 699 982 754; x_wconf 86' lang='lat' dir='ltr'><strong>ad</strong></span> <span class='ocrx_word' id='word_1_36' title='bbox 1023 710 1268 756; x_wconf 91' lang='lat' dir='ltr'><strong>sanctum</strong></span> <span class='ocrx_word' id='word_1_37' title='bbox 1294 702 1558 758; x_wconf 81' lang='lat' dir='ltr'><strong>Albanum</strong></span> <span class='ocrx_word' id='word_1_38' title='bbox 1584 704 1760 774; x_wconf 87' lang='lat' dir='ltr'><strong>sepul-</strong></span> <span class='ocrx_word' id='word_1_39' title='bbox 1859 706 2179 777; x_wconf 79' lang='lat' dir='ltr'><strong>Mogontiam</strong></span> <span class='ocrx_word' id='word_1_40' title='bbox 2207 720 2469 780; x_wconf 89' lang='lat' dir='ltr'><strong>portatus,</strong></span> <span class='ocrx_word' id='word_1_41' title='bbox 2498 720 2552 767; x_wconf 89' lang='lat' dir='ltr'><strong>et</strong></span> <span class='ocrx_word' id='word_1_42' title='bbox 2582 714 2645 766; x_wconf 66' lang='lat' dir='ltr'><strong>aa]</strong></span> <span class='ocrx_word' id='word_1_43' title='bbox 2672 723 2915 768; x_wconf 86' lang='lat' dir='ltr'><strong>sanctum</strong></span> <span class='ocrx_word' id='word_1_44' title='bbox 2962 713 3223 768; x_wconf 86' lang='lat' dir='ltr'><strong>Albanum</strong></span> <span class='ocrx_word' id='word_1_45' title='bbox 3246 712 3429 783; x_wconf 84' lang='lat' dir='ltr'><strong>sepul-</strong></span> 
     </span>
     <span class='ocr_line' id='line_1_5' title="bbox 213 800 1943 838; baseline 0 0"><span class='ocrx_word' id='word_1_46' title='bbox 213 800 289 838; x_wconf 81' lang='lat' dir='ltr'><strong>llS.</strong></span> <span class='ocrx_word' id='word_1_47' title='bbox 1859 807 1943 838; x_wconf 71' lang='lat' dir='ltr'><strong>llic</strong></span> 
     </span>
    </p>
   </div>
   <div class='ocr_carea' id='block_1_5' title="bbox 276 807 2597 853">
    <p class='ocr_par' dir='ltr' id='par_1_5' title="bbox 276 807 2597 853">
     <span class='ocr_line' id='line_1_6' title="bbox 276 807 2597 853; baseline 0.009 -15"><span class='ocrx_word' id='word_1_48' title='bbox 276 825 289 838; x_wconf 89' lang='lat'><strong>.</strong></span> <span class='ocrx_word' id='word_1_49' title='bbox 1859 807 1965 853; x_wconf 87' lang='lat' dir='ltr'><strong>tus.</strong></span> <span class='ocrx_word' id='word_1_50' title='bbox 2594 842 2597 845; x_wconf 62' lang='grc' dir='ltr'><strong>ι</strong></span> 
     </span>
    </p>
   </div>
   <div class='ocr_carea' id='block_1_6' title="bbox 253 874 3255 966">
    <p class='ocr_par' dir='ltr' id='par_1_6' title="bbox 253 874 3255 966">
     <span class='ocr_line' id='line_1_7' title="bbox 253 874 3255 966; baseline 0.006 -35"><span class='ocrx_word' id='word_1_51' title='bbox 253 874 373 930; x_wconf 83' lang='lat'><strong>958.</strong></span> <span class='ocrx_word' id='word_1_52' title='bbox 406 875 631 947; x_wconf 83' lang='lat' dir='ltr'><strong>Signum</strong></span> <span class='ocrx_word' id='word_1_53' title='bbox 657 879 832 934; x_wconf 87' lang='lat' dir='ltr'><strong>crucis</strong></span> <span class='ocrx_word' id='word_1_54' title='bbox 857 879 910 933; x_wconf 87' lang='lat' dir='ltr'><strong>in</strong></span> <span class='ocrx_word' id='word_1_55' title='bbox 941 881 1276 941; x_wconf 73' lang='lat' dir='ltr'><strong>vestimentis</strong></span> <span class='ocrx_word' id='word_1_56' title='bbox 1312 884 1577 954; x_wconf 74' lang='lat' dir='ltr'><strong>apparuit.</strong></span> <span class='ocrx_word' id='word_1_57' title='bbox 1927 892 2050 948; x_wconf 80' lang='lat'><strong>958.</strong></span> <span class='ocrx_word' id='word_1_58' title='bbox 2091 892 2313 964; x_wconf 79' lang='lat' dir='ltr'><strong>Signum</strong></span> <span class='ocrx_word' id='word_1_59' title='bbox 2341 896 2519 950; x_wconf 90' lang='lat' dir='ltr'><strong>crucis</strong></span> <span class='ocrx_word' id='word_1_60' title='bbox 2547 896 2603 950; x_wconf 90' lang='lat' dir='ltr'><strong>in</strong></span> <span class='ocrx_word' id='word_1_61' title='bbox 2624 896 2959 951; x_wconf 81' lang='lat' dir='ltr'><strong>veStimentis</strong></span> <span class='ocrx_word' id='word_1_62' title='bbox 2986 896 3255 966; x_wconf 75' lang='lat' dir='ltr'><strong>apparuit.</strong></span> 
     </span>
    </p>
   </div>
   <div class='ocr_carea' id='block_1_7' title="bbox 252 1249 1809 1349">
    <p class='ocr_par' dir='ltr' id='par_1_7' title="bbox 252 1249 1647 1330">
     <span class='ocr_line' id='line_1_8' title="bbox 252 1249 1647 1330; baseline 0.014 -25"><span class='ocrx_word' id='word_1_63' title='bbox 252 1249 372 1308; x_wconf 85' lang='lat'><strong>959.</strong></span> <span class='ocrx_word' id='word_1_64' title='bbox 404 1251 725 1312; x_wconf 81' lang='lat' dir='ltr'><strong>Patrtarcha</strong></span> <span class='ocrx_word' id='word_1_65' title='bbox 753 1257 819 1312; x_wconf 90' lang='lat' dir='ltr'><strong>de</strong></span> <span class='ocrx_word' id='word_1_66' title='bbox 843 1258 1085 1330; x_wconf 78' lang='lat' dir='ltr'><strong>Aquileia</strong></span> <span class='ocrx_word' id='word_1_67' title='bbox 1114 1262 1256 1318; x_wconf 88' lang='lat' dir='ltr'><strong>venit</strong></span> <span class='ocrx_word' id='word_1_68' title='bbox 1287 1280 1339 1319; x_wconf 87' lang='lat' dir='ltr'><strong>tn</strong></span> <span class='ocrx_word' id='word_1_69' title='bbox 1374 1265 1647 1325; x_wconf 80' lang='lat' dir='ltr'><strong>ﬂertsfelt.</strong></span> 
     </span>
    </p>
   </div>
   <div class='ocr_carea' id='block_1_8' title="bbox 1872 1249 3429 1349">
    <p class='ocr_par' dir='ltr' id='par_1_8' title="bbox 1926 1274 3429 1349">
     <span class='ocr_line' id='line_1_9' title="bbox 1926 1274 3429 1349; baseline -0.005 -14"><span class='ocrx_word' id='word_1_70' title='bbox 1926 1279 2049 1335; x_wconf 83' lang='lat'><strong>959.</strong></span> <span class='ocrx_word' id='word_1_71' title='bbox 2079 1279 2317 1349; x_wconf 82' lang='lat' dir='ltr'><strong>llagano,</strong></span> <span class='ocrx_word' id='word_1_72' title='bbox 2337 1276 2501 1331; x_wconf 87' lang='lat' dir='ltr'><strong>abbas</strong></span> <span class='ocrx_word' id='word_1_73' title='bbox 2523 1274 2919 1338; x_wconf 85' lang='lat' dir='ltr'><strong>llerveldensis,</strong></span> <span class='ocrx_word' id='word_1_74' title='bbox 2946 1282 3262 1343; x_wconf 84' lang='lat' dir='ltr'><strong>potestatem</strong></span> <span class='ocrx_word' id='word_1_75' title='bbox 3280 1288 3429 1327; x_wconf 88' lang='lat' dir='ltr'><strong>suam</strong></span> 
     </span>
    </p>
   </div>
   <div class='ocr_carea' id='block_1_9' title="bbox 1856 1364 3429 1440">
    <p class='ocr_par' dir='ltr' id='par_1_9' title="bbox 1856 1364 3429 1440">
     <span class='ocr_line' id='line_1_10' title="bbox 1856 1364 3429 1440; baseline -0.005 -17"><span class='ocrx_word' id='word_1_76' title='bbox 1856 1370 2071 1440; x_wconf 87' lang='lat' dir='ltr'><strong>reliquit</strong></span> <span class='ocrx_word' id='word_1_77' title='bbox 2098 1370 2168 1424; x_wconf 92' lang='lat' dir='ltr'><strong>ob</strong></span> <span class='ocrx_word' id='word_1_78' title='bbox 2189 1367 2556 1423; x_wconf 79' lang='lat' dir='ltr'><strong>inﬁrmitatem</strong></span> <span class='ocrx_word' id='word_1_79' title='bbox 2585 1365 2829 1435; x_wconf 91' lang='lat' dir='ltr'><strong>corporis</strong></span> <span class='ocrx_word' id='word_1_80' title='bbox 2853 1364 2969 1430; x_wconf 89' lang='lat' dir='ltr'><strong>sui;</strong></span> <span class='ocrx_word' id='word_1_81' title='bbox 2999 1378 3172 1433; x_wconf 89' lang='lat' dir='ltr'><strong>eoque</strong></span> <span class='ocrx_word' id='word_1_82' title='bbox 3196 1364 3429 1427; x_wconf 76' lang='lat' dir='ltr'><strong>vivente,</strong></span> 
     </span>
    </p>
   </div>
   <div class='ocr_carea' id='block_1_10' title="bbox 1855 1454 2947 1523">
    <p class='ocr_par' dir='ltr' id='par_1_10' title="bbox 1855 1454 2947 1523">
     <span class='ocr_line' id='line_1_11' title="bbox 1855 1454 2947 1523; baseline -0.005 -10"><span class='ocrx_word' id='word_1_83' title='bbox 1855 1457 2165 1513; x_wconf 84' lang='lat' dir='ltr'><strong>Guntherus</strong></span> <span class='ocrx_word' id='word_1_84' title='bbox 2200 1457 2403 1512; x_wconf 87' lang='lat' dir='ltr'><strong>electus</strong></span> <span class='ocrx_word' id='word_1_85' title='bbox 2423 1464 2505 1511; x_wconf 88' lang='lat' dir='ltr'><strong>est</strong></span> <span class='ocrx_word' id='word_1_86' title='bbox 2534 1459 2585 1509; x_wconf 92' lang='lat' dir='ltr'><strong>in</strong></span> <span class='ocrx_word' id='word_1_87' title='bbox 2612 1455 2783 1509; x_wconf 87' lang='lat' dir='ltr'><strong>locum</strong></span> <span class='ocrx_word' id='word_1_88' title='bbox 2810 1454 2947 1523; x_wconf 85' lang='lat' dir='ltr'><strong>ejus.</strong></span> 
     </span>
    </p>
   </div>
   <div class='ocr_carea' id='block_1_11' title="bbox 1848 1544 3434 1619">
    <p class='ocr_par' dir='ltr' id='par_1_11' title="bbox 1848 1544 3434 1619">
     <span class='ocr_line' id='line_1_12' title="bbox 1848 1544 3434 1619; baseline -0.004 -14"><span class='ocrx_word' id='word_1_89' title='bbox 1848 1546 1849 1549; x_wconf 50' lang='grc'><em>“</em></span> <span class='ocrx_word' id='word_1_90' title='bbox 1926 1549 2049 1605; x_wconf 87' lang='grc'>960.</span> <span class='ocrx_word' id='word_1_91' title='bbox 2105 1549 2382 1604; x_wconf 73' lang='lat' dir='ltr'><strong>Venerunt</strong></span> <span class='ocrx_word' id='word_1_92' title='bbox 2428 1547 2586 1619; x_wconf 79' lang='lat' dir='ltr'><strong>legati</strong></span> <span class='ocrx_word' id='word_1_93' title='bbox 2642 1546 2855 1601; x_wconf 78' lang='lat' dir='ltr'><strong>Ruseim</strong></span> <span class='ocrx_word' id='word_1_94' title='bbox 2905 1545 3077 1615; x_wconf 82' lang='lat' dir='ltr'><strong>gentis</strong></span> <span class='ocrx_word' id='word_1_95' title='bbox 3130 1544 3197 1598; x_wconf 89' lang='lat' dir='ltr'><strong>ad</strong></span> <span class='ocrx_word' id='word_1_96' title='bbox 3251 1560 3434 1614; x_wconf 83' lang='lat' dir='ltr'><strong>regem</strong></span> 
     </span>
    </p>
   </div>
   <div class='ocr_carea' id='block_1_12' title="bbox 1816 1637 3434 1711">
    <p class='ocr_par' dir='ltr' id='par_1_12' title="bbox 1816 1637 3434 1711">
     <span class='ocr_line' id='line_1_13' title="bbox 1816 1637 3434 1711; baseline -0.005 -14"><span class='ocrx_word' id='word_1_97' title='bbox 1816 1643 2104 1697; x_wconf 79' lang='lat' dir='ltr'><strong>&#39;Ottonem</strong></span> <span class='ocrx_word' id='word_1_98' title='bbox 2156 1639 2327 1711; x_wconf 70' lang='grc'>(164),</span> <span class='ocrx_word' id='word_1_99' title='bbox 2383 1639 2753 1708; x_wconf 82' lang='lat' dir='ltr'><strong>deprecantes.</strong></span> <span class='ocrx_word' id='word_1_100' title='bbox 2820 1646 2879 1691; x_wconf 90' lang='lat' dir='ltr'><strong>ut</strong></span> <span class='ocrx_word' id='word_1_101' title='bbox 2930 1637 3163 1705; x_wconf 83' lang='lat' dir='ltr'><strong>aliquem</strong></span> <span class='ocrx_word' id='word_1_102' title='bbox 3213 1649 3434 1689; x_wconf 88' lang='lat' dir='ltr'><strong>suorum</strong></span> 
     </span>
    </p>
   </div>
   <div class='ocr_carea' id='block_1_13' title="bbox 1854 1714 3433 1801">
    <p class='ocr_par' dir='ltr' id='par_1_13' title="bbox 1854 1714 3433 1801">
     <span class='ocr_line' id='line_1_14' title="bbox 1854 1714 3433 1801; baseline -0.004 -16"><span class='ocrx_word' id='word_1_103' title='bbox 1854 1731 2228 1801; x_wconf 79' lang='lat' dir='ltr'><strong>episcoporum</strong></span> <span class='ocrx_word' id='word_1_104' title='bbox 2262 1714 2669 1796; x_wconf 72' lang='lat' dir='ltr'><strong>transmitteret,</strong></span> <span class='ocrx_word' id='word_1_105' title='bbox 2700 1730 2790 1801; x_wconf 90' lang='lat' dir='ltr'><strong>qui</strong></span> <span class='ocrx_word' id='word_1_106' title='bbox 2832 1731 3142 1785; x_wconf 87' lang='lat' dir='ltr'><strong>ostenderet</strong></span> <span class='ocrx_word' id='word_1_107' title='bbox 3181 1727 3261 1782; x_wconf 91' lang='lat' dir='ltr'><strong>eis</strong></span> <span class='ocrx_word' id='word_1_108' title='bbox 3289 1728 3433 1780; x_wconf 88' lang='lat' dir='ltr'><strong>viam</strong></span> 
     </span>
    </p>
   </div>
   <div class='ocr_carea' id='block_1_14' title="bbox 1856 1817 3435 1891">
    <p class='ocr_par' dir='ltr' id='par_1_14' title="bbox 1856 1817 3435 1891">
     <span class='ocr_line' id='line_1_15' title="bbox 1856 1817 3435 1891; baseline -0.003 -16"><span class='ocrx_word' id='word_1_109' title='bbox 1856 1825 2122 1878; x_wconf 74' lang='lat' dir='ltr'><strong>veritatis.</strong></span> <span class='ocrx_word' id='word_1_110' title='bbox 2158 1824 2257 1891; x_wconf 89' lang='lat' dir='ltr'><strong>Qui</strong></span> <span class='ocrx_word' id='word_1_111' title='bbox 2287 1823 2558 1879; x_wconf 87' lang='lat' dir='ltr'><strong>consensit</strong></span> <span class='ocrx_word' id='word_1_112' title='bbox 2584 1821 2947 1890; x_wconf 79' lang='lat' dir='ltr'><strong>deprecationi</strong></span> <span class='ocrx_word' id='word_1_113' title='bbox 2979 1835 3186 1883; x_wconf 89' lang='lat' dir='ltr'><strong>eorum,</strong></span> <span class='ocrx_word' id='word_1_114' title='bbox 3215 1817 3435 1872; x_wconf 79' lang='lat' dir='ltr'><strong>mittens</strong></span> 
     </span>
    </p>
   </div>
   <div class='ocr_carea' id='block_1_15' title="bbox 1857 1908 3435 1985">
    <p class='ocr_par' dir='ltr' id='par_1_15' title="bbox 1857 1908 3435 1985">
     <span class='ocr_line' id='line_1_16' title="bbox 1857 1908 3435 1985; baseline -0.005 -15"><span class='ocrx_word' id='word_1_115' title='bbox 1857 1917 2204 1971; x_wconf 83' lang='lat' dir='ltr'><strong>Adelbertum</strong></span> <span class='ocrx_word' id='word_1_116' title='bbox 2241 1919 2547 1985; x_wconf 90' lang='lat' dir='ltr'><strong>episcopum</strong></span> <span class='ocrx_word' id='word_1_117' title='bbox 2597 1912 2700 1968; x_wconf 88' lang='lat' dir='ltr'><strong>tide</strong></span> <span class='ocrx_word' id='word_1_118' title='bbox 2738 1912 3082 1977; x_wconf 89' lang='lat' dir='ltr'><strong>catholicum,</strong></span> <span class='ocrx_word' id='word_1_119' title='bbox 3132 1909 3224 1979; x_wconf 87' lang='lat' dir='ltr'><strong>qui</strong></span> <span class='ocrx_word' id='word_1_120' title='bbox 3270 1908 3435 1963; x_wconf 83' lang='lat' dir='ltr'><strong>etiam</strong></span> 
     </span>
    </p>
   </div>
   <div class='ocr_carea' id='block_1_16' title="bbox 1857 2006 2588 2061">
    <p class='ocr_par' dir='ltr' id='par_1_16' title="bbox 1857 2006 2588 2061">
     <span class='ocr_line' id='line_1_17' title="bbox 1857 2006 2588 2061; baseline -0.003 -2"><span class='ocrx_word' id='word_1_121' title='bbox 1857 2006 1946 2059; x_wconf 78' lang='lat' dir='ltr'><strong>vix</strong></span> <span class='ocrx_word' id='word_1_122' title='bbox 1968 2006 2138 2061; x_wconf 82' lang='lat' dir='ltr'><strong>evasit</strong></span> <span class='ocrx_word' id='word_1_123' title='bbox 2164 2020 2356 2059; x_wconf 89' lang='lat' dir='ltr'><strong>manus</strong></span> <span class='ocrx_word' id='word_1_124' title='bbox 2381 2019 2588 2058; x_wconf 90' lang='lat' dir='ltr'><strong>eorum.</strong></span> 
     </span>
    </p>
   </div>
   <div class='ocr_carea' id='block_1_17' title="bbox 238 1519 361 1577">
    <p class='ocr_par' dir='ltr' id='par_1_17' title="bbox 238 1519 361 1577">
     <span class='ocr_line' id='line_1_18' title="bbox 238 1519 361 1577; baseline 0.016 -2"><span class='ocrx_word' id='word_1_125' title='bbox 238 1519 361 1577; x_wconf 78' lang='lat'><strong>960.</strong></span> 
     </span>
    </p>
   </div>
   <div class='ocr_carea' id='block_1_18' title="bbox 252 2437 3431 2531">
    <p class='ocr_par' dir='ltr' id='par_1_18' title="bbox 252 2437 3431 2531">
     <span class='ocr_line' id='line_1_19' title="bbox 252 2437 3431 2531; baseline 0.003 -38"><span class='ocrx_word' id='word_1_126' title='bbox 252 2437 368 2493; x_wconf 77' lang='grc'>961.</span> <span class='ocrx_word' id='word_1_127' title='bbox 409 2438 685 2499; x_wconf 88' lang='lat' dir='ltr'><strong>Venerunt</strong></span> <span class='ocrx_word' id='word_1_128' title='bbox 729 2444 887 2516; x_wconf 84' lang='lat' dir='ltr'><strong>legati</strong></span> <span class='ocrx_word' id='word_1_129' title='bbox 936 2447 1117 2503; x_wconf 87' lang='lat' dir='ltr'><strong>domui</strong></span> <span class='ocrx_word' id='word_1_130' title='bbox 1166 2451 1445 2520; x_wconf 85' lang='lat' dir='ltr'><strong>apostolici</strong></span> <span class='ocrx_word' id='word_1_131' title='bbox 1477 2456 1541 2508; x_wconf 81' lang='lat' dir='ltr'><strong>ad</strong></span> <span class='ocrx_word' id='word_1_132' title='bbox 1575 2472 1753 2526; x_wconf 80' lang='lat' dir='ltr'><strong>regem</strong></span> <span class='ocrx_word' id='word_1_133' title='bbox 1930 2464 2049 2520; x_wconf 78' lang='lat'><strong>961.</strong></span> <span class='ocrx_word' id='word_1_134' title='bbox 2084 2462 2359 2516; x_wconf 73' lang='lat' dir='ltr'><strong>Venerunt</strong></span> <span class='ocrx_word' id='word_1_135' title='bbox 2402 2459 2563 2531; x_wconf 76' lang='lat' dir='ltr'><strong>legali</strong></span> <span class='ocrx_word' id='word_1_136' title='bbox 2600 2456 2780 2512; x_wconf 86' lang='lat' dir='ltr'><strong>domni</strong></span> <span class='ocrx_word' id='word_1_137' title='bbox 2819 2454 3097 2526; x_wconf 86' lang='lat' dir='ltr'><strong>apostolici</strong></span> <span class='ocrx_word' id='word_1_138' title='bbox 3141 2453 3207 2508; x_wconf 88' lang='lat' dir='ltr'><strong>ad</strong></span> <span class='ocrx_word' id='word_1_139' title='bbox 3253 2465 3431 2521; x_wconf 86' lang='lat' dir='ltr'><strong>regem</strong></span> 
     </span>
    </p>
   </div>
   <div class='ocr_carea' id='block_1_19' title="bbox 190 2528 1747 2638">
    <p class='ocr_par' dir='ltr' id='par_1_19' title="bbox 190 2528 1747 2631">
     <span class='ocr_line' id='line_1_20' title="bbox 190 2528 1747 2631; baseline 0.013 -47"><span class='ocrx_word' id='word_1_140' title='bbox 190 2528 448 2631; x_wconf 76' lang='lat' dir='ltr'><strong>Ottonem,</strong></span> <span class='ocrx_word' id='word_1_141' title='bbox 505 2544 560 2591; x_wconf 86' lang='lat' dir='ltr'><strong>et</strong></span> <span class='ocrx_word' id='word_1_142' title='bbox 608 2550 933 2609; x_wconf 78' lang='lat' dir='ltr'><strong>rogaverunt</strong></span> <span class='ocrx_word' id='word_1_143' title='bbox 978 2557 1102 2597; x_wconf 90' lang='lat' dir='ltr'><strong>eum</strong></span> <span class='ocrx_word' id='word_1_144' title='bbox 1158 2543 1381 2601; x_wconf 80' lang='lat' dir='ltr'><strong>Romam</strong></span> <span class='ocrx_word' id='word_1_145' title='bbox 1426 2563 1648 2619; x_wconf 77' lang='lat' dir='ltr'><strong>pergere</strong></span> <span class='ocrx_word' id='word_1_146' title='bbox 1699 2552 1747 2605; x_wconf 89' lang='lat' dir='ltr'><strong>in</strong></span> 
     </span>
    </p>
   </div>
   <div class='ocr_carea' id='block_1_20' title="bbox 1878 2528 3435 2638">
    <p class='ocr_par' dir='ltr' id='par_1_20' title="bbox 1878 2544 3435 2619">
     <span class='ocr_line' id='line_1_21' title="bbox 1878 2544 3435 2619; baseline -0.012 -6"><span class='ocrx_word' id='word_1_147' title='bbox 1878 2557 2135 2619; x_wconf 84' lang='lat' dir='ltr'><strong>)ttouem,</strong></span> <span class='ocrx_word' id='word_1_148' title='bbox 2162 2564 2414 2608; x_wconf 78' lang='lat' dir='ltr'><strong>vocantes</strong></span> <span class='ocrx_word' id='word_1_149' title='bbox 2433 2568 2553 2606; x_wconf 90' lang='lat' dir='ltr'><strong>eum</strong></span> <span class='ocrx_word' id='word_1_150' title='bbox 2578 2552 2799 2604; x_wconf 80' lang='lat' dir='ltr'><strong>Romam</strong></span> <span class='ocrx_word' id='word_1_151' title='bbox 2827 2550 2878 2603; x_wconf 93' lang='lat' dir='ltr'><strong>in</strong></span> <span class='ocrx_word' id='word_1_152' title='bbox 2902 2544 3435 2619; x_wconf 82' lang='lat' dir='ltr'><strong>adjutoriumJohan-</strong></span> 
     </span>
    </p>
   </div>
   <div class='ocr_carea' id='block_1_21' title="bbox 189 2623 3438 2718">
    <p class='ocr_par' dir='ltr' id='par_1_21' title="bbox 189 2623 3438 2718">
     <span class='ocr_line' id='line_1_22' title="bbox 189 2623 3438 2718; baseline 0.003 -41"><span class='ocrx_word' id='word_1_153' title='bbox 189 2623 494 2690; x_wconf 57' lang='lat' dir='ltr'><strong>adutorium</strong></span> <span class='ocrx_word' id='word_1_154' title='bbox 523 2627 788 2685; x_wconf 78' lang='lat' dir='ltr'><strong>Johannis</strong></span> <span class='ocrx_word' id='word_1_155' title='bbox 813 2646 967 2702; x_wconf 85' lang='lat' dir='ltr'><strong>pape.</strong></span> <span class='ocrx_word' id='word_1_156' title='bbox 1860 2653 1945 2705; x_wconf 86' lang='lat' dir='ltr'><strong>nis</strong></span> <span class='ocrx_word' id='word_1_157' title='bbox 1966 2665 2133 2718; x_wconf 67' lang='lat' dir='ltr'><strong>papa).</strong></span> <span class='ocrx_word' id='word_1_158' title='bbox 2161 2646 2327 2702; x_wconf 80' lang='lat' dir='ltr'><strong>Filius</strong></span> <span class='ocrx_word' id='word_1_159' title='bbox 2348 2646 2463 2715; x_wconf 80' lang='lat' dir='ltr'><strong>ejus</strong></span> <span class='ocrx_word' id='word_1_160' title='bbox 2483 2646 2606 2700; x_wconf 85' lang='lat' dir='ltr'><strong>Otto</strong></span> <span class='ocrx_word' id='word_1_161' title='bbox 2634 2641 2902 2697; x_wconf 85' lang='lat' dir='ltr'><strong>secundus</strong></span> <span class='ocrx_word' id='word_1_162' title='bbox 2932 2640 2983 2694; x_wconf 89' lang='lat' dir='ltr'><strong>in</strong></span> <span class='ocrx_word' id='word_1_163' title='bbox 3016 2654 3195 2710; x_wconf 78' lang='lat' dir='ltr'><strong>regem</strong></span> <span class='ocrx_word' id='word_1_164' title='bbox 3220 2639 3438 2707; x_wconf 87' lang='lat' dir='ltr'><strong>ungitur</strong></span> 
     </span>
    </p>
   </div>
   <div class='ocr_carea' id='block_1_22' title="bbox 1002 2733 2786 2811">
    <p class='ocr_par' dir='ltr' id='par_1_22' title="bbox 1002 2733 2786 2811">
     <span class='ocr_line' id='line_1_23' title="bbox 1002 2733 2786 2811; baseline -0.018 2"><span class='ocrx_word' id='word_1_165' title='bbox 1002 2733 1009 2739; x_wconf 24' lang='grc' dir='ltr'>ι</span> <span class='ocrx_word' id='word_1_166' title='bbox 1862 2740 2204 2811; x_wconf 76' lang='lat' dir='ltr'><strong>Aqu’isgraui.</strong></span> <span class='ocrx_word' id='word_1_167' title='bbox 2782 2751 2786 2755; x_wconf 50' lang='grc'><strong>&lt;</strong></span> 
     </span>
    </p>
   </div>
   <div class='ocr_carea' id='block_1_23' title="bbox 1932 2817 3434 2900">
    <p class='ocr_par' dir='ltr' id='par_1_23' title="bbox 1932 2817 3434 2900">
     <span class='ocr_line' id='line_1_24' title="bbox 1932 2817 3434 2900; baseline -0.013 -12"><span class='ocrx_word' id='word_1_168' title='bbox 1932 2834 2059 2888; x_wconf 75' lang='lat'><strong>969..</strong></span> <span class='ocrx_word' id='word_1_169' title='bbox 2084 2831 2207 2887; x_wconf 80' lang='lat' dir='ltr'><strong>Otto</strong></span> <span class='ocrx_word' id='word_1_170' title='bbox 2230 2845 2320 2884; x_wconf 81' lang='lat' dir='ltr'><strong>rex</strong></span> <span class='ocrx_word' id='word_1_171' title='bbox 2351 2827 2589 2900; x_wconf 81' lang='lat' dir='ltr'><strong>perrexit</strong></span> <span class='ocrx_word' id='word_1_172' title='bbox 2617 2825 2867 2889; x_wconf 78' lang='lat' dir='ltr'><strong>Romam,</strong></span> <span class='ocrx_word' id='word_1_173' title='bbox 2906 2834 3135 2890; x_wconf 89' lang='lat' dir='ltr'><strong>eumque</strong></span> <span class='ocrx_word' id='word_1_174' title='bbox 3160 2817 3434 2875; x_wconf 79' lang='lat' dir='ltr'><strong>Iohannes</strong></span> 
     </span>
    </p>
   </div>
   <div class='ocr_carea' id='block_1_24' title="bbox 1859 2912 3368 2996">
    <p class='ocr_par' dir='ltr' id='par_1_24' title="bbox 1859 2912 3368 2996">
     <span class='ocr_line' id='line_1_25' title="bbox 1859 2912 3368 2996; baseline -0.011 -18"><span class='ocrx_word' id='word_1_175' title='bbox 1859 2940 1993 2996; x_wconf 85' lang='lat' dir='ltr'><strong>papa</strong></span> <span class='ocrx_word' id='word_1_176' title='bbox 2025 2922 2170 2994; x_wconf 85' lang='lat' dir='ltr'><strong>(l65)</strong></span> <span class='ocrx_word' id='word_1_177' title='bbox 2211 2930 2490 2992; x_wconf 81' lang='lat' dir='ltr'><strong>gratanter</strong></span> <span class='ocrx_word' id='word_1_178' title='bbox 2551 2917 2873 2986; x_wconf 88' lang='lat' dir='ltr'><strong>suscipiens,</strong></span> <span class='ocrx_word' id='word_1_179' title='bbox 2923 2912 3222 2969; x_wconf 84' lang='lat' dir='ltr'><strong>honoriﬁce</strong></span> <span class='ocrx_word' id='word_1_180' title='bbox 3268 2924 3368 2978; x_wconf 92' lang='lat' dir='ltr'><strong>sup</strong></span> 
     </span>
    </p>
   </div>
   <div class='ocr_carea' id='block_1_25' title="bbox 1860 3002 3430 3084">
    <p class='ocr_par' dir='ltr' id='par_1_25' title="bbox 1860 3002 3430 3084">
     <span class='ocr_line' id='line_1_26' title="bbox 1860 3002 3430 3084; baseline -0.013 -13"><span class='ocrx_word' id='word_1_181' title='bbox 1860 3015 2170 3071; x_wconf 89' lang='lat' dir='ltr'><strong>cathedram</strong></span> <span class='ocrx_word' id='word_1_182' title='bbox 2196 3010 2529 3084; x_wconf 81' lang='lat' dir='ltr'><strong>augustalem</strong></span> <span class='ocrx_word' id='word_1_183' title='bbox 2552 3007 2752 3079; x_wconf 88' lang='lat' dir='ltr'><strong>posuit,</strong></span> <span class='ocrx_word' id='word_1_184' title='bbox 2780 3015 2835 3061; x_wconf 86' lang='lat' dir='ltr'><strong>et</strong></span> <span class='ocrx_word' id='word_1_185' title='bbox 2862 3002 3239 3059; x_wconf 87' lang='lat' dir='ltr'><strong>benedictione</strong></span> <span class='ocrx_word' id='word_1_186' title='bbox 3267 3009 3430 3069; x_wconf 88' lang='lat' dir='ltr'><strong>atque</strong></span> 
     </span>
    </p>
   </div>
   <div class='ocr_carea' id='block_1_26' title="bbox 1860 3090 3435 3169">
    <p class='ocr_par' dir='ltr' id='par_1_26' title="bbox 1860 3090 3435 3169">
     <span class='ocr_line' id='line_1_27' title="bbox 1860 3090 3435 3169; baseline -0.015 -6"><span class='ocrx_word' id='word_1_187' title='bbox 1860 3105 2264 3163; x_wconf 86' lang='lat' dir='ltr'><strong>consecratione</strong></span> <span class='ocrx_word' id='word_1_188' title='bbox 2320 3118 2416 3157; x_wconf 88' lang='lat' dir='ltr'><strong>sua</strong></span> <span class='ocrx_word' id='word_1_189' title='bbox 2476 3102 2856 3169; x_wconf 87' lang='lat' dir='ltr'><strong>imperatorem</strong></span> <span class='ocrx_word' id='word_1_190' title='bbox 2909 3094 3054 3149; x_wconf 82' lang='lat' dir='ltr'><strong>fecit.</strong></span> <span class='ocrx_word' id='word_1_191' title='bbox 3119 3090 3435 3147; x_wconf 85' lang='lat' dir='ltr'><strong>Gunthcrus</strong></span> 
     </span>
    </p>
   </div>
   <div class='ocr_carea' id='block_1_27' title="bbox 1860 3183 3431 3265">
    <p class='ocr_par' dir='ltr' id='par_1_27' title="bbox 1860 3183 3431 3265">
     <span class='ocr_line' id='line_1_28' title="bbox 1860 3183 3431 3265; baseline -0.013 -10"><span class='ocrx_word' id='word_1_192' title='bbox 1860 3199 2244 3255; x_wconf 80' lang='lat' dir='ltr'><strong>Hcrveldcusis</strong></span> <span class='ocrx_word' id='word_1_193' title='bbox 2266 3196 2412 3265; x_wconf 79' lang='lat'><strong>(166)</strong></span> <span class='ocrx_word' id='word_1_194' title='bbox 2434 3187 2607 3251; x_wconf 46' lang='lat' dir='ltr'><strong>&#39;abhas</strong></span> <span class='ocrx_word' id='word_1_195' title='bbox 2634 3192 2795 3258; x_wconf 89' lang='lat' dir='ltr'><strong>obiit;</strong></span> <span class='ocrx_word' id='word_1_196' title='bbox 2824 3190 2910 3246; x_wconf 91' lang='lat' dir='ltr'><strong>cui</strong></span> <span class='ocrx_word' id='word_1_197' title='bbox 2936 3185 3133 3259; x_wconf 83' lang='lat' dir='ltr'><strong>Egilolf</strong></span> <span class='ocrx_word' id='word_1_198' title='bbox 3150 3183 3431 3240; x_wconf 78' lang='lat' dir='ltr'><strong>successit.</strong></span> 
     </span>
    </p>
   </div>
   <div class='ocr_carea' id='block_1_28' title="bbox 242 2797 356 2852">
    <p class='ocr_par' dir='ltr' id='par_1_28' title="bbox 242 2797 356 2852">
     <span class='ocr_line' id='line_1_29' title="bbox 242 2797 356 2852; baseline 0.018 -2"><span class='ocrx_word' id='word_1_199' title='bbox 242 2797 356 2852; x_wconf 71' lang='lat'><strong>962.</strong></span> 
     </span>
    </p>
   </div>
   <div class='ocr_carea' id='block_1_29' title="bbox 245 3337 3433 3424">
    <p class='ocr_par' dir='ltr' id='par_1_29' title="bbox 245 3337 3433 3424">
     <span class='ocr_line' id='line_1_30' title="bbox 245 3337 3433 3424; baseline -0.005 -15"><span class='ocrx_word' id='word_1_200' title='bbox 245 3337 360 3394; x_wconf 67' lang='lat'><strong>933-</strong></span> <span class='ocrx_word' id='word_1_201' title='bbox 1716 3340 1719 3343; x_wconf 54' lang='grc'><em>’</em></span> <span class='ocrx_word' id='word_1_202' title='bbox 1925 3354 2049 3409; x_wconf 77' lang='lat'><strong>963.</strong></span> <span class='ocrx_word' id='word_1_203' title='bbox 2090 3354 2278 3423; x_wconf 83' lang='lat' dir='ltr'><strong>Magna</strong></span> <span class='ocrx_word' id='word_1_204' title='bbox 2306 3351 2543 3424; x_wconf 80' lang='lat' dir='ltr'><strong>synodus</strong></span> <span class='ocrx_word' id='word_1_205' title='bbox 2597 3350 2732 3405; x_wconf 78' lang='lat' dir='ltr'><strong>facta</strong></span> <span class='ocrx_word' id='word_1_206' title='bbox 2787 3356 2871 3404; x_wconf 91' lang='lat' dir='ltr'><strong>est</strong></span> <span class='ocrx_word' id='word_1_207' title='bbox 2917 3346 3124 3410; x_wconf 72' lang='lat' dir='ltr'><strong>Romze,</strong></span> <span class='ocrx_word' id='word_1_208' title='bbox 3171 3342 3258 3397; x_wconf 92' lang='lat' dir='ltr'><strong>cui</strong></span> <span class='ocrx_word' id='word_1_209' title='bbox 3307 3338 3433 3396; x_wconf 89' lang='lat' dir='ltr'><strong>Otto</strong></span> 
     </span>
    </p>
   </div>
   <div class='ocr_carea' id='block_1_30' title="bbox 1855 3432 3433 3518">
    <p class='ocr_par' dir='ltr' id='par_1_30' title="bbox 1855 3432 3433 3518">
     <span class='ocr_line' id='line_1_31' title="bbox 1855 3432 3433 3518; baseline -0.013 -13"><span class='ocrx_word' id='word_1_210' title='bbox 1855 3450 2149 3518; x_wconf 84' lang='lat' dir='ltr'><strong>imperator</strong></span> <span class='ocrx_word' id='word_1_211' title='bbox 2174 3446 2512 3516; x_wconf 74' lang='lat' dir='ltr'><strong>prmsidcbat,</strong></span> <span class='ocrx_word' id='word_1_212' title='bbox 2541 3458 2660 3497; x_wconf 81' lang='lat' dir='ltr'><strong>cum</strong></span> <span class='ocrx_word' id='word_1_213' title='bbox 2712 3439 3052 3495; x_wconf 84' lang='lat' dir='ltr'><strong>multitudine</strong></span> <span class='ocrx_word' id='word_1_214' title='bbox 3090 3448 3282 3505; x_wconf 84' lang='lat' dir='ltr'><strong>magna</strong></span> <span class='ocrx_word' id='word_1_215' title='bbox 3321 3432 3433 3502; x_wconf 80' lang='lat' dir='ltr'><strong>cpi-</strong></span> 
     </span>
    </p>
   </div>
   <div class='ocr_carea' id='block_1_31' title="bbox 1854 3530 3432 3610">
    <p class='ocr_par' dir='ltr' id='par_1_31' title="bbox 1854 3530 3432 3610">
     <span class='ocr_line' id='line_1_32' title="bbox 1854 3530 3432 3610; baseline -0.014 -12"><span class='ocrx_word' id='word_1_216' title='bbox 1854 3557 2163 3610; x_wconf 85' lang='lat' dir='ltr'><strong>scoporum,</strong></span> <span class='ocrx_word' id='word_1_217' title='bbox 2196 3540 2476 3603; x_wconf 88' lang='lat' dir='ltr'><strong>abbatum,</strong></span> <span class='ocrx_word' id='word_1_218' title='bbox 2507 3537 2871 3600; x_wconf 80' lang='lat' dir='ltr'><strong>sacerdotum,</strong></span> <span class='ocrx_word' id='word_1_219' title='bbox 2895 3530 3214 3588; x_wconf 86' lang='lat' dir='ltr'><strong>clericorum</strong></span> <span class='ocrx_word' id='word_1_220' title='bbox 3236 3541 3300 3580; x_wconf 86' lang='lat' dir='ltr'><strong>ac</strong></span> <span class='ocrx_word' id='word_1_221' title='bbox 3322 3538 3432 3578; x_wconf 88' lang='lat' dir='ltr'><strong>mo-</strong></span> 
     </span>
    </p>
   </div>
   <div class='ocr_carea' id='block_1_32' title="bbox 1856 3616 3429 3699">
    <p class='ocr_par' dir='ltr' id='par_1_32' title="bbox 1856 3616 3429 3699">
     <span class='ocr_line' id='line_1_33' title="bbox 1856 3616 3429 3699; baseline -0.012 -11"><span class='ocrx_word' id='word_1_222' title='bbox 1856 3633 2189 3695; x_wconf 82' lang='lat' dir='ltr'><strong>nachorum;</strong></span> <span class='ocrx_word' id='word_1_223' title='bbox 2222 3631 2403 3699; x_wconf 85' lang='lat' dir='ltr'><strong>ibique</strong></span> <span class='ocrx_word' id='word_1_224' title='bbox 2451 3628 2689 3698; x_wconf 88' lang='lat' dir='ltr'><strong>dejectus</strong></span> <span class='ocrx_word' id='word_1_225' title='bbox 2738 3635 2822 3682; x_wconf 84' lang='lat' dir='ltr'><strong>est</strong></span> <span class='ocrx_word' id='word_1_226' title='bbox 2867 3622 3191 3680; x_wconf 85' lang='lat' dir='ltr'><strong>Benedictus</strong></span> <span class='ocrx_word' id='word_1_227' title='bbox 3232 3635 3261 3672; x_wconf 92' lang='lat' dir='ltr'><strong>a</strong></span> <span class='ocrx_word' id='word_1_228' title='bbox 3303 3616 3429 3672; x_wconf 88' lang='lat' dir='ltr'><strong>sede</strong></span> 
     </span>
    </p>
   </div>
   <div class='ocr_carea' id='block_1_33' title="bbox 1792 3723 2166 3794">
    <p class='ocr_par' dir='ltr' id='par_1_33' title="bbox 1792 3723 2166 3794">
     <span class='ocr_line' id='line_1_34' title="bbox 1792 3723 2166 3794; baseline -0.003 -16"><span class='ocrx_word' id='word_1_229' title='bbox 1792 3783 1796 3787; x_wconf 48' lang='grc'>,</span> <span class='ocrx_word' id='word_1_230' title='bbox 1853 3723 2166 3794; x_wconf 88' lang='lat' dir='ltr'><strong>apostolica.</strong></span> 
     </span>
    </p>
   </div>
   <div class='ocr_carea' id='block_1_34' title="bbox 251 4183 1808 4278">
    <p class='ocr_par' dir='ltr' id='par_1_34' title="bbox 251 4183 1746 4258">
     <span class='ocr_line' id='line_1_35' title="bbox 251 4183 1746 4258; baseline -0.001 -19"><span class='ocrx_word' id='word_1_231' title='bbox 251 4183 364 4239; x_wconf 75' lang='grc'>961.</span> <span class='ocrx_word' id='word_1_232' title='bbox 395 4187 730 4258; x_wconf 88' lang='lat' dir='ltr'><strong>Bercugerus</strong></span> <span class='ocrx_word' id='word_1_233' title='bbox 767 4201 861 4241; x_wconf 79' lang='lat' dir='ltr'><strong>rex</strong></span> <span class='ocrx_word' id='word_1_234' title='bbox 888 4185 1138 4242; x_wconf 87' lang='lat' dir='ltr'><strong>obsessus</strong></span> <span class='ocrx_word' id='word_1_235' title='bbox 1176 4191 1259 4239; x_wconf 87' lang='lat' dir='ltr'><strong>est</strong></span> <span class='ocrx_word' id='word_1_236' title='bbox 1286 4184 1339 4239; x_wconf 92' lang='lat' dir='ltr'><strong>in</strong></span> <span class='ocrx_word' id='word_1_237' title='bbox 1368 4196 1549 4240; x_wconf 87' lang='lat' dir='ltr'><strong>monte</strong></span> <span class='ocrx_word' id='word_1_238' title='bbox 1576 4184 1746 4239; x_wconf 87' lang='lat' dir='ltr'><strong>sancti</strong></span> 
     </span>
    </p>
   </div>
   <div class='ocr_carea' id='block_1_35' title="bbox 1866 4183 3423 4278">
    <p class='ocr_par' dir='ltr' id='par_1_35' title="bbox 1878 4195 3423 4278">
     <span class='ocr_line' id='line_1_36' title="bbox 1878 4195 3423 4278; baseline -0.01 -11"><span class='ocrx_word' id='word_1_239' title='bbox 1878 4198 1881 4201; x_wconf 25' lang='grc' dir='ltr'>λ</span> <span class='ocrx_word' id='word_1_240' title='bbox 1917 4210 2042 4266; x_wconf 71' lang='grc'>964.</span> <span class='ocrx_word' id='word_1_241' title='bbox 2071 4209 2377 4278; x_wconf 84' lang='lat' dir='ltr'><strong>Berngerus</strong></span> <span class='ocrx_word' id='word_1_242' title='bbox 2406 4196 2521 4262; x_wconf 43' lang='lat' dir='ltr'><strong>rex&#39;</strong></span> <span class='ocrx_word' id='word_1_243' title='bbox 2544 4206 2800 4261; x_wconf 88' lang='lat' dir='ltr'><strong>obsessus</strong></span> <span class='ocrx_word' id='word_1_244' title='bbox 2837 4195 2920 4259; x_wconf 83' lang='lat' dir='ltr'><strong>est</strong></span> <span class='ocrx_word' id='word_1_245' title='bbox 2959 4203 3013 4258; x_wconf 91' lang='lat' dir='ltr'><strong>in</strong></span> <span class='ocrx_word' id='word_1_246' title='bbox 3043 4209 3226 4257; x_wconf 90' lang='lat' dir='ltr'><strong>monte</strong></span> <span class='ocrx_word' id='word_1_247' title='bbox 3252 4199 3423 4255; x_wconf 85' lang='lat' dir='ltr'><strong>sancti</strong></span> 
     </span>
    </p>
   </div>
   <div class='ocr_carea' id='block_1_36' title="bbox 194 4271 3427 4370">
    <p class='ocr_par' dir='ltr' id='par_1_36' title="bbox 194 4271 3427 4370">
     <span class='ocr_line' id='line_1_37' title="bbox 194 4271 3427 4370; baseline 0.005 -41"><span class='ocrx_word' id='word_1_248' title='bbox 194 4271 384 4342; x_wconf 80' lang='lat' dir='ltr'><strong>Leonis,</strong></span> <span class='ocrx_word' id='word_1_249' title='bbox 416 4280 597 4348; x_wconf 83' lang='lat' dir='ltr'><strong>ibique</strong></span> <span class='ocrx_word' id='word_1_250' title='bbox 624 4289 812 4348; x_wconf 89' lang='lat' dir='ltr'><strong>captus</strong></span> <span class='ocrx_word' id='word_1_251' title='bbox 841 4286 896 4333; x_wconf 91' lang='lat' dir='ltr'><strong>et</strong></span> <span class='ocrx_word' id='word_1_252' title='bbox 934 4278 989 4332; x_wconf 91' lang='lat' dir='ltr'><strong>iu</strong></span> <span class='ocrx_word' id='word_1_253' title='bbox 1018 4276 1330 4347; x_wconf 84' lang='lat' dir='ltr'><strong>Babeuberg</strong></span> <span class='ocrx_word' id='word_1_254' title='bbox 1358 4277 1638 4332; x_wconf 73' lang='lat' dir='ltr'><strong>deducws-</strong></span> <span class='ocrx_word' id='word_1_255' title='bbox 1848 4302 2064 4364; x_wconf 87' lang='lat' dir='ltr'><strong>Leonis,</strong></span> <span class='ocrx_word' id='word_1_256' title='bbox 2096 4271 2277 4370; x_wconf 59' lang='lat' dir='ltr'><strong>ihiqtie</strong></span> <span class='ocrx_word' id='word_1_257' title='bbox 2297 4308 2489 4369; x_wconf 87' lang='lat' dir='ltr'><strong>captus</strong></span> <span class='ocrx_word' id='word_1_258' title='bbox 2514 4308 2677 4370; x_wconf 86' lang='lat' dir='ltr'><strong>atque</strong></span> <span class='ocrx_word' id='word_1_259' title='bbox 2703 4298 2756 4352; x_wconf 93' lang='lat' dir='ltr'><strong>in</strong></span> <span class='ocrx_word' id='word_1_260' title='bbox 2787 4288 3101 4367; x_wconf 86' lang='lat' dir='ltr'><strong>Babenherg</strong></span> <span class='ocrx_word' id='word_1_261' title='bbox 3125 4294 3315 4351; x_wconf 89' lang='lat' dir='ltr'><strong>ductus</strong></span> <span class='ocrx_word' id='word_1_262' title='bbox 3342 4300 3427 4347; x_wconf 83' lang='lat' dir='ltr'><strong>est</strong></span> 
     </span>
    </p>
   </div>
   <div class='ocr_carea' id='block_1_37' title="bbox 1881 4395 2609 4451">
    <p class='ocr_par' dir='ltr' id='par_1_37' title="bbox 1881 4395 2609 4451">
     <span class='ocr_line' id='line_1_38' title="bbox 1881 4395 2609 4451; baseline -0.008 0"><span class='ocrx_word' id='word_1_263' title='bbox 1881 4412 1968 4451; x_wconf 91' lang='lat' dir='ltr'><strong>um</strong></span> <span class='ocrx_word' id='word_1_264' title='bbox 1997 4395 2159 4450; x_wconf 85' lang='lat' dir='ltr'><strong>Willa</strong></span> <span class='ocrx_word' id='word_1_265' title='bbox 2187 4409 2358 4449; x_wconf 79' lang='lat' dir='ltr'><strong>uxore</strong></span> <span class='ocrx_word' id='word_1_266' title='bbox 2393 4410 2511 4447; x_wconf 85' lang='lat' dir='ltr'><strong>sua.</strong></span> <span class='ocrx_word' id='word_1_267' title='bbox 2606 4414 2609 4415; x_wconf 50' lang='grc' dir='ltr'><em>ν</em></span> 
     </span>
    </p>
   </div>
   <div class='ocr_carea' id='block_1_38' title="bbox 250 4409 1807 4556">
    <p class='ocr_par' dir='ltr' id='par_1_38' title="bbox 250 4465 1743 4540">
     <span class='ocr_line' id='line_1_39' title="bbox 250 4465 1743 4540; baseline 0.005 -20"><span class='ocrx_word' id='word_1_268' title='bbox 250 4465 363 4522; x_wconf 83' lang='grc'>965.</span> <span class='ocrx_word' id='word_1_269' title='bbox 401 4469 525 4525; x_wconf 86' lang='grc' dir='ltr'>Οιιυ</span> <span class='ocrx_word' id='word_1_270' title='bbox 554 4471 845 4540; x_wconf 84' lang='lat' dir='ltr'><strong>imperator</strong></span> <span class='ocrx_word' id='word_1_271' title='bbox 875 4472 939 4525; x_wconf 88' lang='lat' dir='ltr'><strong>de</strong></span> <span class='ocrx_word' id='word_1_272' title='bbox 973 4471 1124 4525; x_wconf 81' lang='lat' dir='ltr'><strong>italia</strong></span> <span class='ocrx_word' id='word_1_273' title='bbox 1167 4474 1486 4530; x_wconf 87' lang='lat' dir='ltr'><strong>revertendo</strong></span> <span class='ocrx_word' id='word_1_274' title='bbox 1511 4475 1657 4529; x_wconf 86' lang='lat' dir='ltr'><strong>venit</strong></span> <span class='ocrx_word' id='word_1_275' title='bbox 1677 4475 1743 4528; x_wconf 87' lang='lat' dir='ltr'><strong>ad</strong></span> 
     </span>
    </p>
   </div>
   <div class='ocr_carea' id='block_1_39' title="bbox 1866 4409 3423 4556">
    <p class='ocr_par' dir='ltr' id='par_1_39' title="bbox 1866 4409 3423 4556">
     <span class='ocr_line' id='line_1_40' title="bbox 1866 4409 3289 4452; baseline -0.009 0"><span class='ocrx_word' id='word_1_276' title='bbox 1866 4412 1968 4452; x_wconf 91' lang='lat' dir='ltr'><strong>:um</strong></span> <span class='ocrx_word' id='word_1_277' title='bbox 2005 4409 2159 4450; x_wconf 83' lang='lat' dir='ltr'><strong>wula</strong></span> <span class='ocrx_word' id='word_1_278' title='bbox 2187 4409 2358 4449; x_wconf 79' lang='lat' dir='ltr'><strong>uxore</strong></span> <span class='ocrx_word' id='word_1_279' title='bbox 2393 4410 2511 4447; x_wconf 86' lang='lat' dir='ltr'><strong>sua.</strong></span> <span class='ocrx_word' id='word_1_280' title='bbox 2606 4414 2609 4415; x_wconf 51' lang='grc' dir='ltr'><em>ν</em></span> <span class='ocrx_word' id='word_1_281' title='bbox 3286 4418 3289 4419; x_wconf 53' lang='grc' dir='ltr'><em>ν</em></span> 
     </span>
     <span class='ocr_line' id='line_1_41' title="bbox 1914 4477 3423 4556; baseline -0.009 -13"><span class='ocrx_word' id='word_1_282' title='bbox 1914 4488 2039 4543; x_wconf 79' lang='grc'>965.</span> <span class='ocrx_word' id='word_1_283' title='bbox 2078 4486 2537 4556; x_wconf 66' lang='grc' dir='ltr'>Οιισίιῐιρθτθιον</span> <span class='ocrx_word' id='word_1_284' title='bbox 2575 4484 2641 4539; x_wconf 88' lang='lat' dir='ltr'><strong>de</strong></span> <span class='ocrx_word' id='word_1_285' title='bbox 2679 4484 2828 4538; x_wconf 87' lang='lat' dir='ltr'><strong>Italia</strong></span> <span class='ocrx_word' id='word_1_286' title='bbox 2857 4484 3018 4538; x_wconf 80' lang='lat' dir='ltr'><strong>venit.</strong></span> <span class='ocrx_word' id='word_1_287' title='bbox 3059 4482 3202 4536; x_wconf 87' lang='lat' dir='ltr'><strong>Brun</strong></span> <span class='ocrx_word' id='word_1_288' title='bbox 3248 4477 3423 4533; x_wconf 88' lang='lat' dir='ltr'><strong>archi-</strong></span> 
     </span>
    </p>
   </div>
   <div class='ocr_carea' id='block_1_40' title="bbox 192 4554 1749 4652">
    <p class='ocr_par' dir='ltr' id='par_1_40' title="bbox 192 4554 586 4619">
     <span class='ocr_line' id='line_1_42' title="bbox 192 4554 586 4619; baseline 0.025 -12"><span class='ocrx_word' id='word_1_289' title='bbox 192 4554 586 4619; x_wconf 81' lang='lat' dir='ltr'><strong>Fraucouol&#39;urt.</strong></span> 
     </span>
    </p>
   </div>
   <div class='ocr_carea' id='block_1_41' title="bbox 1858 4554 3415 4652">
    <p class='ocr_par' dir='ltr' id='par_1_41' title="bbox 1858 4554 3415 4652">
     <span class='ocr_line' id='line_1_43' title="bbox 1858 4554 3415 4652; baseline -0.009 -16"><span class='ocrx_word' id='word_1_290' title='bbox 1858 4562 2128 4651; x_wconf 65' lang='lat' dir='ltr'><strong>episcopus</strong></span> <span class='ocrx_word' id='word_1_291' title='bbox 2172 4554 2532 4652; x_wconf 73' lang='lat' dir='ltr'><strong>[Coloniensis</strong></span> <span class='ocrx_word' id='word_1_292' title='bbox 2567 4577 2620 4631; x_wconf 71' lang='grc'>4.</span> <span class='ocrx_word' id='word_1_293' title='bbox 2651 4577 2703 4632; x_wconf 78' lang='lat'><strong>5.</strong></span> <span class='ocrx_word' id='word_1_294' title='bbox 2736 4577 2786 4632; x_wconf 87' lang='lat'><strong>6.</strong></span> <span class='ocrx_word' id='word_1_295' title='bbox 2829 4586 2875 4631; x_wconf 82' lang='lat' dir='ltr'><strong>et</strong></span> <span class='ocrx_word' id='word_1_296' title='bbox 2919 4592 2990 4629; x_wconf 90' lang='lat' dir='ltr'><strong>m.</strong></span> <span class='ocrx_word' id='word_1_297' title='bbox 3025 4590 3125 4628; x_wconf 84' lang='lat' dir='ltr'><strong>rec.</strong></span> <span class='ocrx_word' id='word_1_298' title='bbox 3154 4570 3234 4643; x_wconf 82' lang='grc'><strong>5.]</strong></span> <span class='ocrx_word' id='word_1_299' title='bbox 3263 4570 3415 4635; x_wconf 81' lang='lat' dir='ltr'><strong>obiit,</strong></span> 
     </span>
    </p>
   </div>
   <div class='ocr_carea' id='block_1_42' title="bbox 1843 4671 2592 4729">
    <p class='ocr_par' dir='ltr' id='par_1_42' title="bbox 1843 4671 2592 4729">
     <span class='ocr_line' id='line_1_44' title="bbox 1843 4671 2592 4729; baseline -0.005 0"><span class='ocrx_word' id='word_1_300' title='bbox 1843 4674 1928 4729; x_wconf 92' lang='lat' dir='ltr'><strong>cui</strong></span> <span class='ocrx_word' id='word_1_301' title='bbox 1967 4673 2280 4729; x_wconf 80' lang='lat' dir='ltr'><strong>Folcmarns</strong></span> <span class='ocrx_word' id='word_1_302' title='bbox 2306 4671 2592 4729; x_wconf 90' lang='lat' dir='ltr'><strong>successit.</strong></span> 
     </span>
    </p>
   </div>
   <div class='ocr_carea' id='block_1_43' title="bbox 192 4992 3301 5144">
    <p class='ocr_par' dir='ltr' id='par_1_43' title="bbox 192 4992 3301 5144">
     <span class='ocr_line' id='line_1_45' title="bbox 192 4992 3301 5144; baseline 0.003 -94"><span class='ocrx_word' id='word_1_303' title='bbox 192 5084 219 5138; x_wconf 57' lang='grc' dir='ltr'>ὰ</span> <span class='ocrx_word' id='word_1_304' title='bbox 249 4992 363 5144; x_wconf 54' lang='grc'>936.</span> <span class='ocrx_word' id='word_1_305' title='bbox 388 4999 511 5058; x_wconf 89' lang='grc' dir='ltr'>Οιιο</span> <span class='ocrx_word' id='word_1_306' title='bbox 532 5003 826 5073; x_wconf 87' lang='lat' dir='ltr'><strong>imperator</strong></span> <span class='ocrx_word' id='word_1_307' title='bbox 854 5007 1012 5061; x_wconf 83' lang='lat' dir='ltr'><strong>tertia</strong></span> <span class='ocrx_word' id='word_1_308' title='bbox 1046 5008 1160 5064; x_wconf 76' lang='lat' dir='ltr'><strong>vice</strong></span> <span class='ocrx_word' id='word_1_309' title='bbox 1184 5008 1249 5063; x_wconf 89' lang='lat' dir='ltr'><strong>ad</strong></span> <span class='ocrx_word' id='word_1_310' title='bbox 1276 5007 1481 5063; x_wconf 83' lang='lat' dir='ltr'><strong>italiam</strong></span> <span class='ocrx_word' id='word_1_311' title='bbox 1512 5024 1741 5081; x_wconf 88' lang='lat' dir='ltr'><strong>pergen-</strong></span> <span class='ocrx_word' id='word_1_312' title='bbox 1908 5007 2033 5067; x_wconf 85' lang='lat'><strong>966.</strong></span> <span class='ocrx_word' id='word_1_313' title='bbox 2077 5002 2202 5067; x_wconf 80' lang='grc' dir='ltr'><strong>Οῖιὸ</strong></span> <span class='ocrx_word' id='word_1_314' title='bbox 2232 4999 2526 5080; x_wconf 79' lang='lat' dir='ltr'><strong>imperator</strong></span> <span class='ocrx_word' id='word_1_315' title='bbox 2550 5008 2704 5066; x_wconf 89' lang='lat' dir='ltr'><strong>tertia</strong></span> <span class='ocrx_word' id='word_1_316' title='bbox 2736 5007 2852 5065; x_wconf 89' lang='lat' dir='ltr'><strong>vice</strong></span> <span class='ocrx_word' id='word_1_317' title='bbox 2884 5007 3105 5062; x_wconf 81' lang='lat' dir='ltr'><strong>Romam</strong></span> <span class='ocrx_word' id='word_1_318' title='bbox 3138 5000 3301 5058; x_wconf 66' lang='lat' dir='ltr'><strong>venit.</strong></span> 
     </span>
     <span class='ocr_line' id='line_1_46' title="bbox 221 5098 782 5144; baseline 0.005 -3"><span class='ocrx_word' id='word_1_319' title='bbox 221 5101 251 5141; x_wconf 88' lang='lat'><strong>0</strong></span> <span class='ocrx_word' id='word_1_320' title='bbox 320 5108 489 5144; x_wconf 90' lang='lat' dir='ltr'><strong>omam</strong></span> <span class='ocrx_word' id='word_1_321' title='bbox 521 5098 782 5144; x_wconf 69' lang='lat' dir='ltr'><strong>net-venit-</strong></span> 
     </span>
    </p>
   </div>
   <div class='ocr_carea' id='block_1_44' title="bbox 221 5098 783 5167">
    <p class='ocr_par' dir='ltr' id='par_1_44' title="bbox 221 5098 783 5167">
     <span class='ocr_line' id='line_1_47' title="bbox 221 5098 783 5167; baseline 0.021 -27"><span class='ocrx_word' id='word_1_322' title='bbox 221 5101 251 5141; x_wconf 87' lang='grc' dir='ltr'>ο</span> <span class='ocrx_word' id='word_1_323' title='bbox 278 5098 489 5150; x_wconf 69' lang='lat' dir='ltr'><strong>Romam</strong></span> <span class='ocrx_word' id='word_1_324' title='bbox 521 5098 783 5167; x_wconf 86' lang='lat' dir='ltr'><strong>pervenit.</strong></span> 
     </span>
    </p>
   </div>
   <div class='ocr_carea' id='block_1_45' title="bbox 239 5325 3413 5440">
    <p class='ocr_par' dir='ltr' id='par_1_45' title="bbox 239 5325 3413 5440">
     <span class='ocr_line' id='line_1_48' title="bbox 239 5325 3413 5440; baseline 0.003 -31"><span class='ocrx_word' id='word_1_325' title='bbox 239 5325 350 5383; x_wconf 66' lang='lat'><strong>967°</strong></span> <span class='ocrx_word' id='word_1_326' title='bbox 1904 5371 2026 5428; x_wconf 88' lang='lat'><strong>967.</strong></span> <span class='ocrx_word' id='word_1_327' title='bbox 2063 5370 2187 5427; x_wconf 91' lang='lat' dir='ltr'><strong>Otto</strong></span> <span class='ocrx_word' id='word_1_328' title='bbox 2235 5371 2527 5440; x_wconf 88' lang='lat' dir='ltr'><strong>imperator</strong></span> <span class='ocrx_word' id='word_1_329' title='bbox 2555 5365 2702 5440; x_wconf 86' lang='grc'>(167)</span> <span class='ocrx_word' id='word_1_330' title='bbox 2747 5367 2894 5422; x_wconf 85' lang='lat' dir='ltr'><strong>misit</strong></span> <span class='ocrx_word' id='word_1_331' title='bbox 2933 5364 3137 5435; x_wconf 82' lang='lat' dir='ltr'><strong>legatos</strong></span> <span class='ocrx_word' id='word_1_332' title='bbox 3178 5379 3304 5420; x_wconf 85' lang='lat' dir='ltr'><strong>suos</strong></span> <span class='ocrx_word' id='word_1_333' title='bbox 3346 5364 3413 5418; x_wconf 90' lang='lat' dir='ltr'><strong>ad</strong></span> 
     </span>
    </p>
   </div>
   <div class='ocr_carea' id='block_1_46' title="bbox 1835 5454 3413 5530">
    <p class='ocr_par' dir='ltr' id='par_1_46' title="bbox 1835 5454 3413 5530">
     <span class='ocr_line' id='line_1_49' title="bbox 1835 5454 3413 5530; baseline -0.008 -11"><span class='ocrx_word' id='word_1_334' title='bbox 1835 5462 2221 5519; x_wconf 88' lang='lat' dir='ltr'><strong>Willihelmum</strong></span> <span class='ocrx_word' id='word_1_335' title='bbox 2273 5460 2733 5530; x_wconf 90' lang='lat' dir='ltr'><strong>archiepiscopum</strong></span> <span class='ocrx_word' id='word_1_336' title='bbox 2765 5466 2819 5512; x_wconf 81' lang='lat' dir='ltr'><strong>et</strong></span> <span class='ocrx_word' id='word_1_337' title='bbox 2852 5456 2987 5511; x_wconf 89' lang='lat' dir='ltr'><strong>alios</strong></span> <span class='ocrx_word' id='word_1_338' title='bbox 3025 5454 3310 5524; x_wconf 88' lang='lat' dir='ltr'><strong>principes.</strong></span> <span class='ocrx_word' id='word_1_339' title='bbox 3354 5462 3413 5507; x_wconf 86' lang='lat' dir='ltr'><strong>ut</strong></span> 
     </span>
    </p>
   </div>
   <div class='ocr_carea' id='block_1_47' title="bbox 1834 5542 3410 5617">
    <p class='ocr_par' dir='ltr' id='par_1_47' title="bbox 1834 5542 3410 5617">
     <span class='ocr_line' id='line_1_50' title="bbox 1834 5542 3410 5617; baseline -0.006 -10"><span class='ocrx_word' id='word_1_340' title='bbox 1834 5552 2084 5609; x_wconf 88' lang='lat' dir='ltr'><strong>Ottonem</strong></span> <span class='ocrx_word' id='word_1_341' title='bbox 2127 5551 2292 5605; x_wconf 77' lang='lat' dir='ltr'><strong>filium</strong></span> <span class='ocrx_word' id='word_1_342' title='bbox 2333 5566 2488 5605; x_wconf 90' lang='lat' dir='ltr'><strong>suum</strong></span> <span class='ocrx_word' id='word_1_343' title='bbox 2528 5566 2647 5605; x_wconf 89' lang='lat' dir='ltr'><strong>cum</strong></span> <span class='ocrx_word' id='word_1_344' title='bbox 2679 5547 2824 5603; x_wconf 88' lang='lat' dir='ltr'><strong>omni</strong></span> <span class='ocrx_word' id='word_1_345' title='bbox 2854 5545 3110 5617; x_wconf 81' lang='lat' dir='ltr'><strong>dignitate</strong></span> <span class='ocrx_word' id='word_1_346' title='bbox 3145 5542 3310 5615; x_wconf 87' lang='lat' dir='ltr'><strong>regali</strong></span> <span class='ocrx_word' id='word_1_347' title='bbox 3342 5543 3410 5597; x_wconf 79' lang='lat' dir='ltr'><strong>ad</strong></span> 
     </span>
    </p>
   </div>
   <div class='ocr_carea' id='block_1_48' title="bbox 250 5738 1807 5834">
    <p class='ocr_par' dir='ltr' id='par_1_48' title="bbox 250 5738 900 5834">
     <span class='ocr_line' id='line_1_51' title="bbox 250 5738 900 5834; baseline 0 0"><span class='ocrx_word' id='word_1_348' title='bbox 250 5738 378 5834; x_wconf 67' lang='grc' dir='ltr'>1ξεῖἑέ</span> <span class='ocrx_word' id='word_1_349' title='bbox 415 5750 641 5834; x_wconf 49' lang='lat' dir='ltr'><strong>rem&quot;?</strong></span> <span class='ocrx_word' id='word_1_350' title='bbox 676 5751 729 5834; x_wconf 60' lang='grc' dir='ltr'><strong>ευ</strong></span> <span class='ocrx_word' id='word_1_351' title='bbox 894 5829 900 5834; x_wconf 83' lang='grc'><strong>.</strong></span> 
     </span>
    </p>
   </div>
   <div class='ocr_carea' id='block_1_49' title="bbox 779 5738 2336 5834">
    <p class='ocr_par' dir='ltr' id='par_1_49' title="bbox 894 5765 2336 5834">
     <span class='ocr_line' id='line_1_52' title="bbox 894 5765 2336 5834; baseline -0.005 -10"><span class='ocrx_word' id='word_1_352' title='bbox 894 5829 900 5834; x_wconf 53' lang='grc'><em>,</em></span> <span class='ocrx_word' id='word_1_353' title='bbox 1911 5765 2056 5834; x_wconf 88' lang='grc'>(166)</span> <span class='ocrx_word' id='word_1_354' title='bbox 2083 5765 2244 5818; x_wconf 74' lang='lat' dir='ltr'><strong>deest.</strong></span> <span class='ocrx_word' id='word_1_355' title='bbox 2290 5766 2336 5817; x_wconf 94' lang='grc'><strong>1.</strong></span> 
     </span>
    </p>
   </div>
   <div class='ocr_carea' id='block_1_50' title="bbox 252 5790 1809 5905">
    <p class='ocr_par' dir='ltr' id='par_1_50' title="bbox 252 5790 900 5887">
     <span class='ocr_line' id='line_1_53' title="bbox 252 5790 900 5887; baseline 0.02 -26"><span class='ocrx_word' id='word_1_356' title='bbox 252 5790 379 5887; x_wconf 61' lang='lat' dir='ltr'><strong>ius;</strong></span> <span class='ocrx_word' id='word_1_357' title='bbox 409 5790 647 5875; x_wconf 55' lang='lat' dir='ltr'><strong>nam:</strong></span> <span class='ocrx_word' id='word_1_358' title='bbox 676 5790 729 5875; x_wconf 64' lang='grc' dir='ltr'><em>ξ</em></span> <span class='ocrx_word' id='word_1_359' title='bbox 894 5829 900 5834; x_wconf 95' lang='grc'><strong><em>-</em></strong></span> 
     </span>
    </p>
   </div>
   <div class='ocr_carea' id='block_1_51' title="bbox 1018 5790 2575 5905">
    <p class='ocr_par' dir='ltr' id='par_1_51' title="bbox 1911 5790 2575 5905">
     <span class='ocr_line' id='line_1_54' title="bbox 1911 5790 2337 5834; baseline 0 -17"><span class='ocrx_word' id='word_1_360' title='bbox 1911 5790 2056 5834; x_wconf 71' lang='grc' dir='ltr'><strong>μου)</strong></span> <span class='ocrx_word' id='word_1_361' title='bbox 2083 5790 2244 5818; x_wconf 70' lang='lat' dir='ltr'><strong>aeut.</strong></span> <span class='ocrx_word' id='word_1_362' title='bbox 2292 5790 2337 5817; x_wconf 90' lang='grc'><strong>1.</strong></span> 
     </span>
     <span class='ocr_line' id='line_1_55' title="bbox 1911 5834 2575 5905; baseline -0.005 -16"><span class='ocrx_word' id='word_1_363' title='bbox 1911 5835 2057 5905; x_wconf 85' lang='grc'>(167)</span> <span class='ocrx_word' id='word_1_364' title='bbox 2085 5834 2143 5889; x_wconf 70' lang='grc' dir='ltr'><strong>ι..</strong></span> <span class='ocrx_word' id='word_1_365' title='bbox 2174 5836 2334 5891; x_wconf 68' lang='lat' dir='ltr'><strong>deest.</strong></span> <span class='ocrx_word' id='word_1_366' title='bbox 2368 5836 2413 5888; x_wconf 93' lang='grc'><strong>1.</strong></span> <span class='ocrx_word' id='word_1_367' title='bbox 2444 5835 2495 5888; x_wconf 65' lang='grc' dir='ltr'>ὁ.</span> <span class='ocrx_word' id='word_1_368' title='bbox 2525 5834 2575 5887; x_wconf 83' lang='grc'><strong>5.</strong></span> 
     </span>
    </p>
   </div>
  </div>
