  <div class='ocr_page' id='page_1' title='image "/cluster/home/n/w/nwhite01/storage/ocr_20150623/141/hvd.32044015471790/263.png"; bbox 0 0 3918 5326; ppageno 0'>
   <div class='ocr_carea' id='block_1_1' title="bbox 526 285 630 340">
    <p class='ocr_par' dir='ltr' id='par_1_1' title="bbox 526 285 630 340">
     <span class='ocr_line' id='line_1_1' title="bbox 526 285 630 340; baseline 0 -1"><span class='ocrx_word' id='word_1_1' title='bbox 526 285 630 340; x_wconf 75' lang='grc'><strong>515</strong></span> 
     </span>
    </p>
   </div>
   <div class='ocr_carea' id='block_1_2' title="bbox 770 396 1780 455">
    <p class='ocr_par' dir='ltr' id='par_1_2' title="bbox 770 396 1780 455">
     <span class='ocr_line' id='line_1_2' title="bbox 770 396 1780 455; baseline 0.001 -3"><span class='ocrx_word' id='word_1_2' title='bbox 770 396 1089 453; x_wconf 75' lang='lat' dir='ltr'><strong>ANNALES</strong></span> <span class='ocrx_word' id='word_1_3' title='bbox 1118 397 1780 455; x_wconf 75' lang='lat' dir='ltr'><strong>HILDESIIEIMENSES.</strong></span> 
     </span>
    </p>
   </div>
   <div class='ocr_carea' id='block_1_3' title="bbox 523 492 2103 586">
    <p class='ocr_par' dir='ltr' id='par_1_3' title="bbox 523 492 2103 586">
     <span class='ocr_line' id='line_1_3' title="bbox 523 492 2103 586; baseline -0.004 -10"><span class='ocrx_word' id='word_1_4' title='bbox 523 531 580 576; x_wconf 85' lang='lat' dir='ltr'><strong>et</strong></span> <span class='ocrx_word' id='word_1_5' title='bbox 623 519 886 575; x_wconf 83' lang='lat' dir='ltr'><strong>Ekbertus</strong></span> <span class='ocrx_word' id='word_1_6' title='bbox 933 531 1114 571; x_wconf 89' lang='lat' dir='ltr'><strong>comes</strong></span> <span class='ocrx_word' id='word_1_7' title='bbox 1158 530 1311 583; x_wconf 56' lang='lat' dir='ltr'><strong>iussu</strong></span> <span class='ocrx_word' id='word_1_8' title='bbox 1355 492 1692 586; x_wconf 82' lang='lat' dir='ltr'><strong>imperatoris</strong></span> <span class='ocrx_word' id='word_1_9' title='bbox 1728 516 2103 586; x_wconf 82' lang='lat' dir='ltr'><strong>comprehensi</strong></span> 
     </span>
    </p>
   </div>
   <div class='ocr_carea' id='block_1_4' title="bbox 527 604 2101 675">
    <p class='ocr_par' dir='ltr' id='par_1_4' title="bbox 527 604 2101 675">
     <span class='ocr_line' id='line_1_4' title="bbox 527 604 2101 675; baseline -0.004 -10"><span class='ocrx_word' id='word_1_10' title='bbox 527 620 652 666; x_wconf 78' lang='lat' dir='ltr'><strong>sunt</strong></span> <span class='ocrx_word' id='word_1_11' title='bbox 679 620 734 664; x_wconf 92' lang='lat' dir='ltr'><strong>et</strong></span> <span class='ocrx_word' id='word_1_12' title='bbox 772 607 933 675; x_wconf 72' lang='lat' dir='ltr'><strong>exilio</strong></span> <span class='ocrx_word' id='word_1_13' title='bbox 962 606 1219 675; x_wconf 73' lang='lat' dir='ltr'><strong>deputati.</strong></span> <span class='ocrx_word' id='word_1_14' title='bbox 1261 604 1461 660; x_wconf 84' lang='lat' dir='ltr'><strong>Eodem</strong></span> <span class='ocrx_word' id='word_1_15' title='bbox 1491 620 1632 660; x_wconf 89' lang='lat' dir='ltr'><strong>anno</strong></span> <span class='ocrx_word' id='word_1_16' title='bbox 1659 606 1952 674; x_wconf 75' lang='lat' dir='ltr'><strong>imperator</strong></span> <span class='ocrx_word' id='word_1_17' title='bbox 1979 620 2101 659; x_wconf 90' lang='lat' dir='ltr'><strong>cum</strong></span> 
     </span>
    </p>
   </div>
   <div class='ocr_carea' id='block_1_5' title="bbox 527 695 1892 777">
    <p class='ocr_par' dir='ltr' id='par_1_5' title="bbox 527 695 1892 777">
     <span class='ocr_line' id='line_1_5' title="bbox 527 695 1892 777; baseline -0.008 -18"><span class='ocrx_word' id='word_1_18' title='bbox 527 718 721 772; x_wconf 81' lang='lat' dir='ltr'><strong>magno</strong></span> <span class='ocrx_word' id='word_1_19' title='bbox 743 699 984 756; x_wconf 76' lang='lat' dir='ltr'><strong>exercitu</strong></span> <span class='ocrx_word' id='word_1_20' title='bbox 1013 697 1240 777; x_wconf 80' lang='lat' dir='ltr'><strong>Galliam</strong></span> <span class='ocrx_word' id='word_1_21' title='bbox 1262 697 1459 752; x_wconf 91' lang='lat' dir='ltr'><strong>invasit</strong></span> <span class='ocrx_word' id='word_1_22' title='bbox 1484 711 1547 751; x_wconf 86' lang='lat' dir='ltr'><strong>ac</strong></span> <span class='ocrx_word' id='word_1_23' title='bbox 1574 695 1892 751; x_wconf 89' lang='lat' dir='ltr'><strong>devastavit.</strong></span> 
     </span>
    </p>
   </div>
   <div class='ocr_carea' id='block_1_6' title="bbox 597 928 2103 1008">
    <p class='ocr_par' dir='ltr' id='par_1_6' title="bbox 597 928 2103 1008">
     <span class='ocr_line' id='line_1_6' title="bbox 597 928 2103 1008; baseline -0.005 -19"><span class='ocrx_word' id='word_1_24' title='bbox 597 936 722 990; x_wconf 87' lang='grc'>979.</span> <span class='ocrx_word' id='word_1_25' title='bbox 774 933 1064 989; x_wconf 87' lang='lat' dir='ltr'><strong>Inﬁdelitas</strong></span> <span class='ocrx_word' id='word_1_26' title='bbox 1106 932 1333 988; x_wconf 88' lang='lat' dir='ltr'><strong>Geronis</strong></span> <span class='ocrx_word' id='word_1_27' title='bbox 1386 930 1599 987; x_wconf 88' lang='lat' dir='ltr'><strong>comitis</strong></span> <span class='ocrx_word' id='word_1_28' title='bbox 1644 945 1742 1000; x_wconf 89' lang='lat' dir='ltr'><strong>per</strong></span> <span class='ocrx_word' id='word_1_29' title='bbox 1784 928 2103 1008; x_wconf 74' lang='lat' dir='ltr'><strong>Waldonem</strong></span> 
     </span>
    </p>
   </div>
   <div class='ocr_carea' id='block_1_7' title="bbox 527 1021 2103 1097">
    <p class='ocr_par' dir='ltr' id='par_1_7' title="bbox 527 1021 2103 1097">
     <span class='ocr_line' id='line_1_7' title="bbox 527 1021 2103 1097; baseline -0.005 -16"><span class='ocrx_word' id='word_1_30' title='bbox 527 1027 796 1097; x_wconf 89' lang='lat' dir='ltr'><strong>publicata</strong></span> <span class='ocrx_word' id='word_1_31' title='bbox 834 1037 948 1091; x_wconf 87' lang='lat' dir='ltr'><strong>est;</strong></span> <span class='ocrx_word' id='word_1_32' title='bbox 981 1025 1120 1080; x_wconf 91' lang='lat' dir='ltr'><strong>unde</strong></span> <span class='ocrx_word' id='word_1_33' title='bbox 1152 1034 1205 1079; x_wconf 88' lang='lat' dir='ltr'><strong>et</strong></span> <span class='ocrx_word' id='word_1_34' title='bbox 1229 1025 1328 1094; x_wconf 91' lang='lat' dir='ltr'><strong>ipsi</strong></span> <span class='ocrx_word' id='word_1_35' title='bbox 1359 1031 1513 1078; x_wconf 79' lang='lat' dir='ltr'><strong>extra</strong></span> <span class='ocrx_word' id='word_1_36' title='bbox 1555 1023 1826 1077; x_wconf 87' lang='lat' dir='ltr'><strong>civitatem</strong></span> <span class='ocrx_word' id='word_1_37' title='bbox 1854 1021 2103 1091; x_wconf 80' lang='lat' dir='ltr'><strong>Magada-</strong></span> 
     </span>
    </p>
   </div>
   <div class='ocr_carea' id='block_1_8' title="bbox 526 1110 2101 1186">
    <p class='ocr_par' dir='ltr' id='par_1_8' title="bbox 526 1110 2101 1186">
     <span class='ocr_line' id='line_1_8' title="bbox 526 1110 2101 1186; baseline -0.004 -16"><span class='ocrx_word' id='word_1_38' title='bbox 526 1116 663 1186; x_wconf 77' lang='lat' dir='ltr'><strong>burg</strong></span> <span class='ocrx_word' id='word_1_39' title='bbox 687 1115 741 1170; x_wconf 90' lang='lat' dir='ltr'><strong>in</strong></span> <span class='ocrx_word' id='word_1_40' title='bbox 763 1112 1123 1183; x_wconf 79' lang='lat' dir='ltr'><strong>campojuxta</strong></span> <span class='ocrx_word' id='word_1_41' title='bbox 1150 1112 1361 1167; x_wconf 85' lang='lat' dir='ltr'><strong>Albiam</strong></span> <span class='ocrx_word' id='word_1_42' title='bbox 1386 1111 1730 1174; x_wconf 78' lang='lat' dir='ltr'><strong>dimicantes,</strong></span> <span class='ocrx_word' id='word_1_43' title='bbox 1762 1112 1830 1165; x_wconf 90' lang='lat' dir='ltr'><strong>ab</strong></span> <span class='ocrx_word' id='word_1_44' title='bbox 1868 1110 2101 1164; x_wconf 85' lang='lat' dir='ltr'><strong>invicem</strong></span> 
     </span>
    </p>
   </div>
   <div class='ocr_carea' id='block_1_9' title="bbox 527 1198 2100 1269">
    <p class='ocr_par' dir='ltr' id='par_1_9' title="bbox 527 1198 2100 1269">
     <span class='ocr_line' id='line_1_9' title="bbox 527 1198 2100 1269; baseline -0.006 -9"><span class='ocrx_word' id='word_1_45' title='bbox 527 1206 789 1260; x_wconf 77' lang='lat' dir='ltr'><strong>interfecti</strong></span> <span class='ocrx_word' id='word_1_46' title='bbox 819 1213 973 1269; x_wconf 90' lang='lat' dir='ltr'><strong>sunt;</strong></span> <span class='ocrx_word' id='word_1_47' title='bbox 998 1213 1052 1259; x_wconf 91' lang='lat' dir='ltr'><strong>et</strong></span> <span class='ocrx_word' id='word_1_48' title='bbox 1084 1202 1150 1258; x_wconf 90' lang='lat' dir='ltr'><strong>ad</strong></span> <span class='ocrx_word' id='word_1_49' title='bbox 1177 1202 1422 1257; x_wconf 86' lang='lat' dir='ltr'><strong>ultimum</strong></span> <span class='ocrx_word' id='word_1_50' title='bbox 1453 1200 1789 1255; x_wconf 87' lang='lat' dir='ltr'><strong>inﬁdelitatis</strong></span> <span class='ocrx_word' id='word_1_51' title='bbox 1811 1215 1935 1254; x_wconf 88' lang='lat' dir='ltr'><strong>reus</strong></span> <span class='ocrx_word' id='word_1_52' title='bbox 1958 1198 2100 1254; x_wconf 88' lang='lat' dir='ltr'><strong>Gero</strong></span> 
     </span>
    </p>
   </div>
   <div class='ocr_carea' id='block_1_10' title="bbox 525 1293 1154 1350">
    <p class='ocr_par' dir='ltr' id='par_1_10' title="bbox 525 1293 1154 1350">
     <span class='ocr_line' id='line_1_10' title="bbox 525 1293 1154 1350; baseline -0.003 -1"><span class='ocrx_word' id='word_1_53' title='bbox 525 1310 707 1350; x_wconf 89' lang='lat' dir='ltr'><strong>comes</strong></span> <span class='ocrx_word' id='word_1_54' title='bbox 734 1293 1028 1349; x_wconf 89' lang='lat' dir='ltr'><strong>decollatus</strong></span> <span class='ocrx_word' id='word_1_55' title='bbox 1050 1302 1154 1348; x_wconf 89' lang='lat' dir='ltr'><strong>est.</strong></span> 
     </span>
    </p>
   </div>
   <div class='ocr_carea' id='block_1_11' title="bbox 595 1374 2099 1452">
    <p class='ocr_par' dir='ltr' id='par_1_11' title="bbox 595 1374 2099 1452">
     <span class='ocr_line' id='line_1_11' title="bbox 595 1374 2099 1452; baseline -0.005 -13"><span class='ocrx_word' id='word_1_56' title='bbox 595 1384 719 1439; x_wconf 89' lang='lat'><strong>980.</strong></span> <span class='ocrx_word' id='word_1_57' title='bbox 771 1383 1058 1439; x_wconf 88' lang='lat' dir='ltr'><strong>Lotbarius</strong></span> <span class='ocrx_word' id='word_1_58' title='bbox 1109 1396 1200 1437; x_wconf 83' lang='lat' dir='ltr'><strong>rex</strong></span> <span class='ocrx_word' id='word_1_59' title='bbox 1255 1397 1375 1436; x_wconf 90' lang='lat' dir='ltr'><strong>cum</strong></span> <span class='ocrx_word' id='word_1_60' title='bbox 1426 1383 1635 1452; x_wconf 79' lang='lat' dir='ltr'><strong>magnis</strong></span> <span class='ocrx_word' id='word_1_61' title='bbox 1673 1374 1985 1435; x_wconf 81' lang='lat' dir='ltr'><strong>innueribus</strong></span> <span class='ocrx_word' id='word_1_62' title='bbox 2031 1380 2099 1433; x_wconf 88' lang='lat' dir='ltr'><strong>ad</strong></span> 
     </span>
    </p>
   </div>
   <div class='ocr_carea' id='block_1_12' title="bbox 529 1469 2100 1542">
    <p class='ocr_par' dir='ltr' id='par_1_12' title="bbox 529 1469 2100 1542">
     <span class='ocr_line' id='line_1_12' title="bbox 529 1469 2100 1542; baseline -0.001 -18"><span class='ocrx_word' id='word_1_63' title='bbox 529 1473 912 1542; x_wconf 81' lang='lat' dir='ltr'><strong>imperatorem</strong></span> <span class='ocrx_word' id='word_1_64' title='bbox 938 1472 1183 1537; x_wconf 89' lang='lat' dir='ltr'><strong>veniens,</strong></span> <span class='ocrx_word' id='word_1_65' title='bbox 1232 1484 1352 1526; x_wconf 88' lang='lat' dir='ltr'><strong>sese</strong></span> <span class='ocrx_word' id='word_1_66' title='bbox 1399 1487 1521 1525; x_wconf 91' lang='lat' dir='ltr'><strong>cum</strong></span> <span class='ocrx_word' id='word_1_67' title='bbox 1570 1470 1679 1525; x_wconf 89' lang='lat' dir='ltr'><strong>ﬁlio</strong></span> <span class='ocrx_word' id='word_1_68' title='bbox 1731 1485 1830 1524; x_wconf 90' lang='lat' dir='ltr'><strong>suo</strong></span> <span class='ocrx_word' id='word_1_69' title='bbox 1880 1469 2100 1535; x_wconf 68' lang='lat' dir='ltr'><strong>subiicit</strong></span> 
     </span>
    </p>
   </div>
   <div class='ocr_carea' id='block_1_13' title="bbox 525 1560 2099 1631">
    <p class='ocr_par' dir='ltr' id='par_1_13' title="bbox 525 1560 2099 1631">
     <span class='ocr_line' id='line_1_13' title="bbox 525 1560 2099 1631; baseline -0.002 -16"><span class='ocrx_word' id='word_1_70' title='bbox 525 1562 782 1616; x_wconf 85' lang='lat' dir='ltr'><strong>voluntati</strong></span> <span class='ocrx_word' id='word_1_71' title='bbox 834 1562 1204 1631; x_wconf 85' lang='lat' dir='ltr'><strong>imperatoris;</strong></span> <span class='ocrx_word' id='word_1_72' title='bbox 1236 1569 1290 1616; x_wconf 84' lang='lat' dir='ltr'><strong>et</strong></span> <span class='ocrx_word' id='word_1_73' title='bbox 1319 1562 1508 1616; x_wconf 88' lang='lat' dir='ltr'><strong>eodem</strong></span> <span class='ocrx_word' id='word_1_74' title='bbox 1547 1577 1689 1615; x_wconf 88' lang='lat' dir='ltr'><strong>anno</strong></span> <span class='ocrx_word' id='word_1_75' title='bbox 1726 1560 1938 1615; x_wconf 88' lang='lat' dir='ltr'><strong>ﬁrmata</strong></span> <span class='ocrx_word' id='word_1_76' title='bbox 1967 1572 2099 1629; x_wconf 86' lang='lat' dir='ltr'><strong>pace</strong></span> 
     </span>
    </p>
   </div>
   <div class='ocr_carea' id='block_1_14' title="bbox 526 1652 1412 1723">
    <p class='ocr_par' dir='ltr' id='par_1_14' title="bbox 526 1652 1412 1723">
     <span class='ocr_line' id='line_1_14' title="bbox 526 1652 1412 1723; baseline -0.001 -17"><span class='ocrx_word' id='word_1_77' title='bbox 526 1653 821 1723; x_wconf 76' lang='lat' dir='ltr'><strong>imperator</strong></span> <span class='ocrx_word' id='word_1_78' title='bbox 847 1653 1052 1707; x_wconf 90' lang='lat' dir='ltr'><strong>Italiam</strong></span> <span class='ocrx_word' id='word_1_79' title='bbox 1092 1652 1412 1721; x_wconf 87' lang='lat' dir='ltr'><strong>penetravit.</strong></span> 
     </span>
    </p>
   </div>
   <div class='ocr_carea' id='block_1_15' title="bbox 591 1741 1811 1814">
    <p class='ocr_par' dir='ltr' id='par_1_15' title="bbox 591 1741 1811 1814">
     <span class='ocr_line' id='line_1_15' title="bbox 591 1741 1811 1814; baseline -0.003 -16"><span class='ocrx_word' id='word_1_80' title='bbox 591 1743 713 1801; x_wconf 77' lang='lat'><strong>981.</strong></span> <span class='ocrx_word' id='word_1_81' title='bbox 746 1744 1046 1814; x_wconf 87' lang='lat' dir='ltr'><strong>Imperator</strong></span> <span class='ocrx_word' id='word_1_82' title='bbox 1067 1744 1270 1814; x_wconf 86' lang='lat' dir='ltr'><strong>pascha</strong></span> <span class='ocrx_word' id='word_1_83' title='bbox 1295 1743 1589 1798; x_wconf 81' lang='lat' dir='ltr'><strong>celebravit</strong></span> <span class='ocrx_word' id='word_1_84' title='bbox 1622 1741 1811 1797; x_wconf 82' lang='lat' dir='ltr'><strong>Rome.</strong></span> 
     </span>
    </p>
   </div>
   <div class='ocr_carea' id='block_1_16' title="bbox 597 1997 2100 2073">
    <p class='ocr_par' dir='ltr' id='par_1_16' title="bbox 597 1997 2100 2073">
     <span class='ocr_line' id='line_1_16' title="bbox 597 1997 2100 2073; baseline -0.009 -13"><span class='ocrx_word' id='word_1_85' title='bbox 597 2005 720 2060; x_wconf 73' lang='lat'><strong>98?...</strong></span> <span class='ocrx_word' id='word_1_86' title='bbox 750 2004 874 2061; x_wconf 92' lang='lat' dir='ltr'><strong>Otto</strong></span> <span class='ocrx_word' id='word_1_87' title='bbox 901 2005 1195 2073; x_wconf 84' lang='lat' dir='ltr'><strong>imperatOr</strong></span> <span class='ocrx_word' id='word_1_88' title='bbox 1222 2000 1476 2072; x_wconf 83' lang='lat' dir='ltr'><strong>pugnavit</strong></span> <span class='ocrx_word' id='word_1_89' title='bbox 1494 1997 1948 2069; x_wconf 85' lang='lat' dir='ltr'><strong>periculosissime</strong></span> <span class='ocrx_word' id='word_1_90' title='bbox 1972 2009 2100 2049; x_wconf 84' lang='lat' dir='ltr'><strong>con-</strong></span> 
     </span>
    </p>
   </div>
   <div class='ocr_carea' id='block_1_17' title="bbox 528 2088 2099 2161">
    <p class='ocr_par' dir='ltr' id='par_1_17' title="bbox 528 2088 2099 2161">
     <span class='ocr_line' id='line_1_17' title="bbox 528 2088 2099 2161; baseline -0.008 -10"><span class='ocrx_word' id='word_1_91' title='bbox 528 2106 611 2152; x_wconf 87' lang='lat' dir='ltr'><strong>tra</strong></span> <span class='ocrx_word' id='word_1_92' title='bbox 641 2096 974 2153; x_wconf 88' lang='lat' dir='ltr'><strong>Sarracenos</strong></span> <span class='ocrx_word' id='word_1_93' title='bbox 1004 2099 1054 2150; x_wconf 90' lang='lat' dir='ltr'><strong>in</strong></span> <span class='ocrx_word' id='word_1_94' title='bbox 1094 2094 1445 2151; x_wconf 75' lang='lat' dir='ltr'><strong>Ualabrorum</strong></span> <span class='ocrx_word' id='word_1_95' title='bbox 1480 2090 1745 2161; x_wconf 82' lang='lat' dir='ltr'><strong>partibus,</strong></span> <span class='ocrx_word' id='word_1_96' title='bbox 1784 2088 1962 2156; x_wconf 69' lang='lat' dir='ltr'><strong>ibique</strong></span> <span class='ocrx_word' id='word_1_97' title='bbox 1993 2100 2099 2140; x_wconf 89' lang='lat' dir='ltr'><strong>non</strong></span> 
     </span>
    </p>
   </div>
   <div class='ocr_carea' id='block_1_18' title="bbox 524 2180 2101 2261">
    <p class='ocr_par' dir='ltr' id='par_1_18' title="bbox 524 2180 2101 2261">
     <span class='ocr_line' id='line_1_18' title="bbox 524 2180 2101 2261; baseline -0.011 -15"><span class='ocrx_word' id='word_1_98' title='bbox 524 2190 682 2261; x_wconf 92' lang='lat' dir='ltr'><strong>pauci</strong></span> <span class='ocrx_word' id='word_1_99' title='bbox 715 2192 779 2244; x_wconf 88' lang='lat' dir='ltr'><strong>de</strong></span> <span class='ocrx_word' id='word_1_100' title='bbox 805 2189 1156 2259; x_wconf 81' lang='lat' dir='ltr'><strong>optimatibus</strong></span> <span class='ocrx_word' id='word_1_101' title='bbox 1181 2186 1569 2241; x_wconf 88' lang='lat' dir='ltr'><strong>occubuerunt.</strong></span> <span class='ocrx_word' id='word_1_102' title='bbox 1603 2181 1667 2236; x_wconf 85' lang='lat' dir='ltr'><strong>Et</strong></span> <span class='ocrx_word' id='word_1_103' title='bbox 1712 2180 1763 2234; x_wconf 90' lang='lat' dir='ltr'><strong>in</strong></span> <span class='ocrx_word' id='word_1_104' title='bbox 1795 2180 1911 2249; x_wconf 91' lang='lat' dir='ltr'><strong>ipso</strong></span> <span class='ocrx_word' id='word_1_105' title='bbox 1958 2190 2101 2231; x_wconf 90' lang='lat' dir='ltr'><strong>anno</strong></span> 
     </span>
    </p>
   </div>
   <div class='ocr_carea' id='block_1_19' title="bbox 524 2274 1496 2347">
    <p class='ocr_par' dir='ltr' id='par_1_19' title="bbox 524 2274 1496 2347">
     <span class='ocr_line' id='line_1_19' title="bbox 524 2274 1496 2347; baseline -0.009 -12"><span class='ocrx_word' id='word_1_106' title='bbox 524 2280 674 2346; x_wconf 90' lang='lat' dir='ltr'><strong>Otto,</strong></span> <span class='ocrx_word' id='word_1_107' title='bbox 710 2278 816 2335; x_wconf 63' lang='lat' dir='ltr'><strong>dux</strong></span> <span class='ocrx_word' id='word_1_108' title='bbox 846 2276 1293 2347; x_wconf 84' lang='lat' dir='ltr'><strong>Bajowariorum,</strong></span> <span class='ocrx_word' id='word_1_109' title='bbox 1345 2274 1496 2329; x_wconf 88' lang='lat' dir='ltr'><strong>obiit.</strong></span> 
     </span>
    </p>
   </div>
   <div class='ocr_carea' id='block_1_20' title="bbox 593 2584 2099 2665">
    <p class='ocr_par' dir='ltr' id='par_1_20' title="bbox 593 2584 2099 2665">
     <span class='ocr_line' id='line_1_20' title="bbox 593 2584 2099 2665; baseline -0.011 -11"><span class='ocrx_word' id='word_1_110' title='bbox 593 2597 718 2654; x_wconf 81' lang='grc'>985.</span> <span class='ocrx_word' id='word_1_111' title='bbox 765 2596 1061 2665; x_wconf 90' lang='lat' dir='ltr'><strong>Imperator</strong></span> <span class='ocrx_word' id='word_1_112' title='bbox 1108 2591 1322 2648; x_wconf 81' lang='lat' dir='ltr'><strong>Verene</strong></span> <span class='ocrx_word' id='word_1_113' title='bbox 1364 2589 1619 2661; x_wconf 89' lang='lat' dir='ltr'><strong>placitum</strong></span> <span class='ocrx_word' id='word_1_114' title='bbox 1666 2586 1873 2651; x_wconf 80' lang='lat' dir='ltr'><strong>habuit,</strong></span> <span class='ocrx_word' id='word_1_115' title='bbox 1919 2584 2099 2654; x_wconf 80' lang='lat' dir='ltr'><strong>ibique</strong></span> 
     </span>
    </p>
   </div>
   <div class='ocr_carea' id='block_1_21' title="bbox 526 2676 2097 2745">
    <p class='ocr_par' dir='ltr' id='par_1_21' title="bbox 526 2676 2097 2745">
     <span class='ocr_line' id='line_1_21' title="bbox 526 2676 2097 2745; baseline -0.008 -4"><span class='ocrx_word' id='word_1_116' title='bbox 526 2686 812 2742; x_wconf 82' lang='lat' dir='ltr'><strong>Heinricus</strong></span> <span class='ocrx_word' id='word_1_117' title='bbox 833 2684 1007 2739; x_wconf 91' lang='lat' dir='ltr'><strong>minor</strong></span> <span class='ocrx_word' id='word_1_118' title='bbox 1029 2683 1096 2737; x_wconf 90' lang='lat' dir='ltr'><strong>de</strong></span> <span class='ocrx_word' id='word_1_119' title='bbox 1122 2682 1283 2738; x_wconf 80' lang='lat' dir='ltr'><strong>exilio</strong></span> <span class='ocrx_word' id='word_1_120' title='bbox 1303 2682 1520 2744; x_wconf 89' lang='lat' dir='ltr'><strong>ductus,</strong></span> <span class='ocrx_word' id='word_1_121' title='bbox 1545 2679 1654 2733; x_wconf 77' lang='lat' dir='ltr'><strong>dux</strong></span> <span class='ocrx_word' id='word_1_122' title='bbox 1677 2676 2097 2745; x_wconf 72' lang='lat' dir='ltr'><strong>Bajowariorum</strong></span> 
     </span>
    </p>
   </div>
   <div class='ocr_carea' id='block_1_22' title="bbox 526 2770 2097 2837">
    <p class='ocr_par' dir='ltr' id='par_1_22' title="bbox 526 2770 2097 2837">
     <span class='ocr_line' id='line_1_22' title="bbox 526 2770 2097 2837; baseline -0.008 -2"><span class='ocrx_word' id='word_1_123' title='bbox 526 2779 851 2837; x_wconf 85' lang='lat' dir='ltr'><strong>constitutus</strong></span> <span class='ocrx_word' id='word_1_124' title='bbox 875 2786 978 2832; x_wconf 90' lang='lat' dir='ltr'><strong>est.</strong></span> <span class='ocrx_word' id='word_1_125' title='bbox 1001 2776 1067 2830; x_wconf 86' lang='lat' dir='ltr'><strong>Et</strong></span> <span class='ocrx_word' id='word_1_126' title='bbox 1091 2776 1277 2832; x_wconf 87' lang='lat' dir='ltr'><strong>eodem</strong></span> <span class='ocrx_word' id='word_1_127' title='bbox 1306 2790 1446 2828; x_wconf 86' lang='lat' dir='ltr'><strong>anno</strong></span> <span class='ocrx_word' id='word_1_128' title='bbox 1474 2772 1647 2827; x_wconf 84' lang='lat' dir='ltr'><strong>Selavi</strong></span> <span class='ocrx_word' id='word_1_129' title='bbox 1680 2770 1902 2825; x_wconf 87' lang='lat' dir='ltr'><strong>rebeiles</strong></span> <span class='ocrx_word' id='word_1_130' title='bbox 1924 2770 2097 2824; x_wconf 74' lang='lat' dir='ltr'><strong>eli&#39;ecti</strong></span> 
     </span>
    </p>
   </div>
   <div class='ocr_carea' id='block_1_23' title="bbox 524 2862 2097 2939">
    <p class='ocr_par' dir='ltr' id='par_1_23' title="bbox 524 2862 2097 2939">
     <span class='ocr_line' id='line_1_23' title="bbox 524 2862 2097 2939; baseline -0.008 -12"><span class='ocrx_word' id='word_1_131' title='bbox 524 2878 670 2927; x_wconf 84' lang='lat' dir='ltr'><strong>sunt.</strong></span> <span class='ocrx_word' id='word_1_132' title='bbox 698 2871 776 2924; x_wconf 85' lang='lat' dir='ltr'><strong>Ac</strong></span> <span class='ocrx_word' id='word_1_133' title='bbox 800 2884 905 2924; x_wconf 92' lang='lat' dir='ltr'><strong>non</strong></span> <span class='ocrx_word' id='word_1_134' title='bbox 930 2868 1083 2939; x_wconf 83' lang='lat' dir='ltr'><strong>longe</strong></span> <span class='ocrx_word' id='word_1_135' title='bbox 1114 2874 1234 2938; x_wconf 89' lang='lat' dir='ltr'><strong>post</strong></span> <span class='ocrx_word' id='word_1_136' title='bbox 1259 2867 1310 2922; x_wconf 91' lang='lat'><strong>8.</strong></span> <span class='ocrx_word' id='word_1_137' title='bbox 1344 2866 1421 2919; x_wconf 86' lang='lat' dir='ltr'><strong>Id.</strong></span> <span class='ocrx_word' id='word_1_138' title='bbox 1458 2865 1767 2919; x_wconf 86' lang='lat' dir='ltr'><strong>Decembris</strong></span> <span class='ocrx_word' id='word_1_139' title='bbox 1796 2863 1920 2919; x_wconf 81' lang='lat' dir='ltr'><strong>Otto</strong></span> <span class='ocrx_word' id='word_1_140' title='bbox 1950 2862 2097 2917; x_wconf 85' lang='lat' dir='ltr'><strong>beni-</strong></span> 
     </span>
    </p>
   </div>
   <div class='ocr_carea' id='block_1_24' title="bbox 523 2952 2096 3037">
    <p class='ocr_par' dir='ltr' id='par_1_24' title="bbox 523 2952 2096 3037">
     <span class='ocr_line' id='line_1_24' title="bbox 523 2952 2096 3037; baseline -0.004 -24"><span class='ocrx_word' id='word_1_141' title='bbox 523 2958 818 3029; x_wconf 74' lang='lat' dir='ltr'><strong>gnissimus</strong></span> <span class='ocrx_word' id='word_1_142' title='bbox 873 2958 1161 3037; x_wconf 79' lang='lat' dir='ltr'><strong>imperator</strong></span> <span class='ocrx_word' id='word_1_143' title='bbox 1201 2956 1354 3022; x_wconf 87' lang='lat' dir='ltr'><strong>obiit,</strong></span> <span class='ocrx_word' id='word_1_144' title='bbox 1405 2954 1513 3008; x_wconf 87' lang='lat' dir='ltr'><strong>ﬁlio</strong></span> <span class='ocrx_word' id='word_1_145' title='bbox 1571 2963 1625 3007; x_wconf 90' lang='lat' dir='ltr'><strong>et</strong></span> <span class='ocrx_word' id='word_1_146' title='bbox 1661 2954 1920 3023; x_wconf 72' lang='lat' dir='ltr'><strong>equivcco</strong></span> <span class='ocrx_word' id='word_1_147' title='bbox 1980 2952 2096 3021; x_wconf 66' lang='lat' dir='ltr'><strong>ejus</strong></span> 
     </span>
    </p>
   </div>
   <div class='ocr_carea' id='block_1_25' title="bbox 526 3051 1687 3123">
    <p class='ocr_par' dir='ltr' id='par_1_25' title="bbox 526 3051 1687 3123">
     <span class='ocr_line' id='line_1_25' title="bbox 526 3051 1687 3123; baseline -0.004 -17"><span class='ocrx_word' id='word_1_148' title='bbox 526 3066 693 3123; x_wconf 79' lang='lat' dir='ltr'><strong>regna</strong></span> <span class='ocrx_word' id='word_1_149' title='bbox 719 3051 1047 3122; x_wconf 88' lang='lat' dir='ltr'><strong>relinquens.</strong></span> <span class='ocrx_word' id='word_1_150' title='bbox 1684 3088 1687 3092; x_wconf 84' lang='lat'><strong>.</strong></span> 
     </span>
    </p>
   </div>
   <div class='ocr_carea' id='block_1_26' title="bbox 593 3134 2095 3208">
    <p class='ocr_par' dir='ltr' id='par_1_26' title="bbox 593 3134 2095 3208">
     <span class='ocr_line' id='line_1_26' title="bbox 593 3134 2095 3208; baseline -0.007 -11"><span class='ocrx_word' id='word_1_151' title='bbox 593 3141 717 3197; x_wconf 75' lang='grc'>984.</span> <span class='ocrx_word' id='word_1_152' title='bbox 750 3139 971 3196; x_wconf 79' lang='lat' dir='ltr'><strong>Filiolus</strong></span> <span class='ocrx_word' id='word_1_153' title='bbox 1012 3138 1378 3208; x_wconf 85' lang='lat' dir='ltr'><strong>imperatoris,</strong></span> <span class='ocrx_word' id='word_1_154' title='bbox 1423 3135 1624 3191; x_wconf 86' lang='lat' dir='ltr'><strong>tercius</strong></span> <span class='ocrx_word' id='word_1_155' title='bbox 1662 3134 1910 3190; x_wconf 84' lang='lat' dir='ltr'><strong>videlicet</strong></span> <span class='ocrx_word' id='word_1_156' title='bbox 1953 3134 2095 3197; x_wconf 81' lang='lat' dir='ltr'><strong>Otto,</strong></span> 
     </span>
    </p>
   </div>
   <div class='ocr_carea' id='block_1_27' title="bbox 523 3229 2096 3307">
    <p class='ocr_par' dir='ltr' id='par_1_27' title="bbox 523 3229 2096 3307">
     <span class='ocr_line' id='line_1_27' title="bbox 523 3229 2096 3307; baseline -0.006 -16"><span class='ocrx_word' id='word_1_157' title='bbox 523 3252 620 3307; x_wconf 88' lang='lat' dir='ltr'><strong>per</strong></span> <span class='ocrx_word' id='word_1_158' title='bbox 648 3235 952 3290; x_wconf 85' lang='lat' dir='ltr'><strong>unctionem</strong></span> <span class='ocrx_word' id='word_1_159' title='bbox 979 3233 1261 3298; x_wconf 78' lang='lat' dir='ltr'><strong>Johannis,</strong></span> <span class='ocrx_word' id='word_1_160' title='bbox 1307 3231 1640 3286; x_wconf 77' lang='lat' dir='ltr'><strong>Ravennatis</strong></span> <span class='ocrx_word' id='word_1_161' title='bbox 1684 3229 2096 3301; x_wconf 83' lang='lat' dir='ltr'><strong>archiepisc0pi,</strong></span> 
     </span>
    </p>
   </div>
   <div class='ocr_carea' id='block_1_28' title="bbox 523 3323 2099 3405">
    <p class='ocr_par' dir='ltr' id='par_1_28' title="bbox 523 3323 2099 3405">
     <span class='ocr_line' id='line_1_28' title="bbox 523 3323 2099 3405; baseline -0.005 -21"><span class='ocrx_word' id='word_1_162' title='bbox 523 3328 942 3405; x_wconf 26' lang='lat' dir='ltr'><strong>Aquistgrani&#39;in</strong></span> <span class='ocrx_word' id='word_1_163' title='bbox 986 3327 1073 3381; x_wconf 84' lang='lat' dir='ltr'><strong>die</strong></span> <span class='ocrx_word' id='word_1_164' title='bbox 1101 3325 1296 3380; x_wconf 85' lang='lat' dir='ltr'><strong>natalis</strong></span> <span class='ocrx_word' id='word_1_165' title='bbox 1325 3323 1535 3379; x_wconf 89' lang='lat' dir='ltr'><strong>Domini</strong></span> <span class='ocrx_word' id='word_1_166' title='bbox 1579 3333 1769 3379; x_wconf 88' lang='lat' dir='ltr'><strong>unctus</strong></span> <span class='ocrx_word' id='word_1_167' title='bbox 1799 3332 1882 3379; x_wconf 88' lang='lat' dir='ltr'><strong>est</strong></span> <span class='ocrx_word' id='word_1_168' title='bbox 1926 3323 1977 3376; x_wconf 86' lang='lat' dir='ltr'><strong>in</strong></span> <span class='ocrx_word' id='word_1_169' title='bbox 2019 3338 2099 3377; x_wconf 85' lang='lat' dir='ltr'><strong>re-</strong></span> 
     </span>
    </p>
   </div>
   <div class='ocr_carea' id='block_1_29' title="bbox 524 3411 2102 3491">
    <p class='ocr_par' dir='ltr' id='par_1_29' title="bbox 524 3411 2102 3491">
     <span class='ocr_line' id='line_1_29' title="bbox 524 3411 2102 3491; baseline -0.004 -14"><span class='ocrx_word' id='word_1_170' title='bbox 524 3411 664 3491; x_wconf 80' lang='lat' dir='ltr'><strong>gem.</strong></span> <span class='ocrx_word' id='word_1_171' title='bbox 698 3420 801 3477; x_wconf 89' lang='lat' dir='ltr'><strong>Sed</strong></span> <span class='ocrx_word' id='word_1_172' title='bbox 832 3430 1041 3490; x_wconf 85' lang='lat' dir='ltr'><strong>postea,</strong></span> <span class='ocrx_word' id='word_1_173' title='bbox 1073 3427 1346 3489; x_wconf 89' lang='lat' dir='ltr'><strong>comperta</strong></span> <span class='ocrx_word' id='word_1_174' title='bbox 1377 3435 1508 3474; x_wconf 87' lang='lat' dir='ltr'><strong>nece</strong></span> <span class='ocrx_word' id='word_1_175' title='bbox 1553 3418 1910 3487; x_wconf 83' lang='lat' dir='ltr'><strong>imperatoris,</strong></span> <span class='ocrx_word' id='word_1_176' title='bbox 1940 3416 2102 3472; x_wconf 82' lang='lat' dir='ltr'><strong>Hem-</strong></span> 
     </span>
    </p>
   </div>
   <div class='ocr_carea' id='block_1_30' title="bbox 523 3509 2098 3583">
    <p class='ocr_par' dir='ltr' id='par_1_30' title="bbox 523 3509 2098 3583">
     <span class='ocr_line' id='line_1_30' title="bbox 523 3509 2098 3583; baseline -0.001 -17"><span class='ocrx_word' id='word_1_177' title='bbox 523 3514 671 3570; x_wconf 87' lang='lat' dir='ltr'><strong>ricus</strong></span> <span class='ocrx_word' id='word_1_178' title='bbox 707 3514 973 3572; x_wconf 68' lang='lat' dir='ltr'><strong>Quondam</strong></span> <span class='ocrx_word' id='word_1_179' title='bbox 1020 3514 1126 3567; x_wconf 79' lang='lat' dir='ltr'><strong>dux</strong></span> <span class='ocrx_word' id='word_1_180' title='bbox 1173 3515 1238 3568; x_wconf 89' lang='lat' dir='ltr'><strong>de</strong></span> <span class='ocrx_word' id='word_1_181' title='bbox 1282 3512 1444 3568; x_wconf 82' lang='lat' dir='ltr'><strong>exilio</strong></span> <span class='ocrx_word' id='word_1_182' title='bbox 1486 3526 1787 3583; x_wconf 77' lang='lat' dir='ltr'><strong>regressus,</strong></span> <span class='ocrx_word' id='word_1_183' title='bbox 1838 3525 1958 3565; x_wconf 88' lang='lat' dir='ltr'><strong>cum</strong></span> <span class='ocrx_word' id='word_1_184' title='bbox 1998 3509 2098 3565; x_wconf 89' lang='lat' dir='ltr'><strong>sibi</strong></span> 
     </span>
    </p>
   </div>
   <div class='ocr_carea' id='block_1_31' title="bbox 524 3602 2100 3674">
    <p class='ocr_par' dir='ltr' id='par_1_31' title="bbox 524 3602 2100 3674">
     <span class='ocr_line' id='line_1_31' title="bbox 524 3602 2100 3674; baseline -0.001 -16"><span class='ocrx_word' id='word_1_185' title='bbox 524 3603 830 3659; x_wconf 84' lang='lat' dir='ltr'><strong>faventibus</strong></span> <span class='ocrx_word' id='word_1_186' title='bbox 855 3603 1203 3673; x_wconf 75' lang='lat' dir='ltr'><strong>Agrippinam</strong></span> <span class='ocrx_word' id='word_1_187' title='bbox 1245 3602 1518 3658; x_wconf 89' lang='lat' dir='ltr'><strong>civitatem</strong></span> <span class='ocrx_word' id='word_1_188' title='bbox 1552 3603 1795 3671; x_wconf 88' lang='lat' dir='ltr'><strong>intravit,</strong></span> <span class='ocrx_word' id='word_1_189' title='bbox 1827 3619 1890 3658; x_wconf 89' lang='lat' dir='ltr'><strong>ac</strong></span> <span class='ocrx_word' id='word_1_190' title='bbox 1919 3620 2100 3674; x_wconf 82' lang='lat' dir='ltr'><strong>regem</strong></span> 
     </span>
    </p>
   </div>
   <div class='ocr_carea' id='block_1_32' title="bbox 525 3692 2097 3763">
    <p class='ocr_par' dir='ltr' id='par_1_32' title="bbox 525 3692 2097 3763">
     <span class='ocr_line' id='line_1_32' title="bbox 525 3692 2097 3763; baseline -0.001 -16"><span class='ocrx_word' id='word_1_191' title='bbox 525 3693 774 3759; x_wconf 87' lang='lat' dir='ltr'><strong>retinuit;</strong></span> <span class='ocrx_word' id='word_1_192' title='bbox 822 3707 1150 3763; x_wconf 69' lang='lat' dir='ltr'><strong>regnumque</strong></span> <span class='ocrx_word' id='word_1_193' title='bbox 1192 3692 1307 3762; x_wconf 75' lang='lat' dir='ltr'><strong>ejus</strong></span> <span class='ocrx_word' id='word_1_194' title='bbox 1347 3693 1647 3748; x_wconf 88' lang='lat' dir='ltr'><strong>invadcndo</strong></span> <span class='ocrx_word' id='word_1_195' title='bbox 1691 3694 1950 3763; x_wconf 82' lang='lat' dir='ltr'><strong>plurimos</strong></span> <span class='ocrx_word' id='word_1_196' title='bbox 1998 3692 2097 3747; x_wconf 87' lang='lat' dir='ltr'><strong>sibi</strong></span> 
     </span>
    </p>
   </div>
   <div class='ocr_carea' id='block_1_33' title="bbox 525 3784 2098 3856">
    <p class='ocr_par' dir='ltr' id='par_1_33' title="bbox 525 3784 2098 3856">
     <span class='ocr_line' id='line_1_33' title="bbox 525 3784 2098 3856; baseline -0.001 -17"><span class='ocrx_word' id='word_1_197' title='bbox 525 3784 592 3839; x_wconf 88' lang='lat' dir='ltr'><strong>de</strong></span> <span class='ocrx_word' id='word_1_198' title='bbox 629 3785 933 3839; x_wconf 80' lang='lat' dir='ltr'><strong>Saxonibus</strong></span> <span class='ocrx_word' id='word_1_199' title='bbox 979 3784 1290 3850; x_wconf 87' lang='lat' dir='ltr'><strong>associavit,</strong></span> <span class='ocrx_word' id='word_1_200' title='bbox 1339 3785 1429 3853; x_wconf 81' lang='lat' dir='ltr'><strong>qui</strong></span> <span class='ocrx_word' id='word_1_201' title='bbox 1468 3801 1590 3840; x_wconf 91' lang='lat' dir='ltr'><strong>eum</strong></span> <span class='ocrx_word' id='word_1_202' title='bbox 1629 3786 1680 3839; x_wconf 91' lang='lat' dir='ltr'><strong>iu</strong></span> <span class='ocrx_word' id='word_1_203' title='bbox 1718 3786 1964 3856; x_wconf 76' lang='lat' dir='ltr'><strong>proximo</strong></span> <span class='ocrx_word' id='word_1_204' title='bbox 2004 3800 2098 3854; x_wconf 87' lang='lat' dir='ltr'><strong>pa-</strong></span> 
     </span>
    </p>
   </div>
   <div class='ocr_carea' id='block_1_34' title="bbox 525 3878 2102 3949">
    <p class='ocr_par' dir='ltr' id='par_1_34' title="bbox 525 3878 2102 3949">
     <span class='ocr_line' id='line_1_34' title="bbox 525 3878 2102 3949; baseline 0 -16"><span class='ocrx_word' id='word_1_205' title='bbox 525 3879 653 3933; x_wconf 88' lang='lat' dir='ltr'><strong>scha</strong></span> <span class='ocrx_word' id='word_1_206' title='bbox 709 3878 1166 3949; x_wconf 83' lang='lat' dir='ltr'><strong>Quidclingaburg</strong></span> <span class='ocrx_word' id='word_1_207' title='bbox 1230 3879 1297 3932; x_wconf 89' lang='lat' dir='ltr'><strong>ad</strong></span> <span class='ocrx_word' id='word_1_208' title='bbox 1351 3894 1533 3949; x_wconf 77' lang='lat' dir='ltr'><strong>regem</strong></span> <span class='ocrx_word' id='word_1_209' title='bbox 1594 3880 1894 3948; x_wconf 85' lang='lat' dir='ltr'><strong>elegerunt.</strong></span> <span class='ocrx_word' id='word_1_210' title='bbox 1952 3880 2102 3935; x_wconf 84' lang='lat' dir='ltr'><strong>Unde</strong></span> 
     </span>
    </p>
   </div>
   <div class='ocr_carea' id='block_1_35' title="bbox 526 3956 2121 4039">
    <p class='ocr_par' dir='ltr' id='par_1_35' title="bbox 526 3956 2121 4039">
     <span class='ocr_line' id='line_1_35' title="bbox 526 3956 2121 4039; baseline 0.001 -18"><span class='ocrx_word' id='word_1_211' title='bbox 526 3970 742 4038; x_wconf 85' lang='lat' dir='ltr'><strong>quidam</strong></span> <span class='ocrx_word' id='word_1_212' title='bbox 769 3970 834 4024; x_wconf 91' lang='lat' dir='ltr'><strong>de</strong></span> <span class='ocrx_word' id='word_1_213' title='bbox 860 3969 1207 4039; x_wconf 79' lang='lat' dir='ltr'><strong>optimatibus</strong></span> <span class='ocrx_word' id='word_1_214' title='bbox 1251 3956 1375 4024; x_wconf 83' lang='lat' dir='ltr'><strong>huic</strong></span> <span class='ocrx_word' id='word_1_215' title='bbox 1416 3969 1665 4024; x_wconf 90' lang='lat' dir='ltr'><strong>electioni</strong></span> <span class='ocrx_word' id='word_1_216' title='bbox 1715 3985 1820 4025; x_wconf 91' lang='lat' dir='ltr'><strong>non</strong></span> <span class='ocrx_word' id='word_1_217' title='bbox 1868 3962 2121 4024; x_wconf 47' lang='lat' dir='ltr'><strong>consenQ</strong></span> 
     </span>
    </p>
   </div>
   <div class='ocr_carea' id='block_1_36' title="bbox 526 4058 2100 4127">
    <p class='ocr_par' dir='ltr' id='par_1_36' title="bbox 526 4058 2100 4127">
     <span class='ocr_line' id='line_1_36' title="bbox 526 4058 2100 4127; baseline 0.001 -15"><span class='ocrx_word' id='word_1_218' title='bbox 526 4059 741 4122; x_wconf 90' lang='lat' dir='ltr'><strong>tientes,</strong></span> <span class='ocrx_word' id='word_1_219' title='bbox 789 4058 883 4113; x_wconf 87' lang='lat' dir='ltr'><strong>sed</strong></span> <span class='ocrx_word' id='word_1_220' title='bbox 923 4059 1065 4126; x_wconf 76' lang='lat' dir='ltr'><strong>regis</strong></span> <span class='ocrx_word' id='word_1_221' title='bbox 1107 4058 1279 4112; x_wconf 88' lang='lat' dir='ltr'><strong>vicem</strong></span> <span class='ocrx_word' id='word_1_222' title='bbox 1311 4059 1482 4127; x_wconf 82' lang='lat' dir='ltr'><strong>magis</strong></span> <span class='ocrx_word' id='word_1_223' title='bbox 1530 4058 1790 4125; x_wconf 88' lang='lat' dir='ltr'><strong>dolentes,</strong></span> <span class='ocrx_word' id='word_1_224' title='bbox 1835 4076 1866 4115; x_wconf 89' lang='lat' dir='ltr'><strong>e</strong></span> <span class='ocrx_word' id='word_1_225' title='bbox 1916 4069 2100 4114; x_wconf 89' lang='lat' dir='ltr'><strong>contra</strong></span> 
     </span>
    </p>
   </div>
   <div class='ocr_carea' id='block_1_37' title="bbox 528 4146 2101 4219">
    <p class='ocr_par' dir='ltr' id='par_1_37' title="bbox 528 4146 2101 4219">
     <span class='ocr_line' id='line_1_37' title="bbox 528 4146 2101 4219; baseline 0.001 -17"><span class='ocrx_word' id='word_1_226' title='bbox 528 4148 659 4202; x_wconf 86' lang='lat' dir='ltr'><strong>haut</strong></span> <span class='ocrx_word' id='word_1_227' title='bbox 687 4146 954 4201; x_wconf 90' lang='lat' dir='ltr'><strong>modicum</strong></span> <span class='ocrx_word' id='word_1_228' title='bbox 983 4146 1416 4213; x_wconf 88' lang='lat' dir='ltr'><strong>decertaverunt,</strong></span> <span class='ocrx_word' id='word_1_229' title='bbox 1460 4157 1515 4203; x_wconf 89' lang='lat' dir='ltr'><strong>et</strong></span> <span class='ocrx_word' id='word_1_230' title='bbox 1548 4163 1728 4219; x_wconf 80' lang='lat' dir='ltr'><strong>regem</strong></span> <span class='ocrx_word' id='word_1_231' title='bbox 1779 4151 1832 4204; x_wconf 92' lang='lat' dir='ltr'><strong>in</strong></span> <span class='ocrx_word' id='word_1_232' title='bbox 1876 4165 2101 4219; x_wconf 85' lang='lat' dir='ltr'><strong>regnum</strong></span> 
     </span>
    </p>
   </div>
   <div class='ocr_carea' id='block_1_38' title="bbox 527 4237 2105 4312">
    <p class='ocr_par' dir='ltr' id='par_1_38' title="bbox 527 4237 2105 4312">
     <span class='ocr_line' id='line_1_38' title="bbox 527 4237 2105 4312; baseline 0.004 -23"><span class='ocrx_word' id='word_1_233' title='bbox 527 4250 684 4290; x_wconf 86' lang='lat' dir='ltr'><strong>suum</strong></span> <span class='ocrx_word' id='word_1_234' title='bbox 717 4237 1089 4301; x_wconf 88' lang='lat' dir='ltr'><strong>restituerunt,</strong></span> <span class='ocrx_word' id='word_1_235' title='bbox 1121 4246 1176 4292; x_wconf 92' lang='lat' dir='ltr'><strong>et</strong></span> <span class='ocrx_word' id='word_1_236' title='bbox 1212 4237 1521 4293; x_wconf 89' lang='lat' dir='ltr'><strong>Heinricum</strong></span> <span class='ocrx_word' id='word_1_237' title='bbox 1556 4242 1744 4295; x_wconf 91' lang='lat' dir='ltr'><strong>ducem</strong></span> <span class='ocrx_word' id='word_1_238' title='bbox 1781 4241 2105 4312; x_wconf 83' lang='lat' dir='ltr'><strong>Bajowario-</strong></span> 
     </span>
    </p>
   </div>
   <div class='ocr_carea' id='block_1_39' title="bbox 529 4323 2141 4386">
    <p class='ocr_par' dir='ltr' id='par_1_39' title="bbox 529 4323 2141 4386">
     <span class='ocr_line' id='line_1_39' title="bbox 529 4323 2141 4386; baseline 0.005 -8"><span class='ocrx_word' id='word_1_239' title='bbox 529 4339 641 4380; x_wconf 87' lang='lat' dir='ltr'><strong>rem</strong></span> <span class='ocrx_word' id='word_1_240' title='bbox 693 4325 866 4380; x_wconf 87' lang='lat' dir='ltr'><strong>denuo</strong></span> <span class='ocrx_word' id='word_1_241' title='bbox 918 4323 1226 4380; x_wconf 69' lang='lat' dir='ltr'><strong>effecerunt.</strong></span> <span class='ocrx_word' id='word_1_242' title='bbox 1277 4326 1341 4381; x_wconf 82' lang='lat' dir='ltr'><strong>Et</strong></span> <span class='ocrx_word' id='word_1_243' title='bbox 1397 4327 1584 4382; x_wconf 90' lang='lat' dir='ltr'><strong>eodem</strong></span> <span class='ocrx_word' id='word_1_244' title='bbox 1632 4344 1775 4384; x_wconf 91' lang='lat' dir='ltr'><strong>anno</strong></span> <span class='ocrx_word' id='word_1_245' title='bbox 1821 4330 2141 4386; x_wconf 58' lang='lat' dir='ltr'><strong>laudandae-</strong></span> 
     </span>
    </p>
   </div>
   <div class='ocr_carea' id='block_1_40' title="bbox 528 4412 2007 4486">
    <p class='ocr_par' dir='ltr' id='par_1_40' title="bbox 528 4412 2007 4486">
     <span class='ocr_line' id='line_1_40' title="bbox 528 4412 2007 4486; baseline 0.005 -20"><span class='ocrx_word' id='word_1_246' title='bbox 528 4412 803 4467; x_wconf 77' lang='lat' dir='ltr'><strong>memorize</strong></span> <span class='ocrx_word' id='word_1_247' title='bbox 830 4412 1071 4469; x_wconf 89' lang='lat' dir='ltr'><strong>Otwiuus</strong></span> <span class='ocrx_word' id='word_1_248' title='bbox 1101 4412 1247 4484; x_wconf 86' lang='lat' dir='ltr'><strong>(I79)</strong></span> <span class='ocrx_word' id='word_1_249' title='bbox 1272 4415 1393 4485; x_wconf 90' lang='lat' dir='ltr'><strong>pius</strong></span> <span class='ocrx_word' id='word_1_250' title='bbox 1416 4418 1596 4486; x_wconf 88' lang='lat' dir='ltr'><strong>presul</strong></span> <span class='ocrx_word' id='word_1_251' title='bbox 1627 4419 1790 4473; x_wconf 89' lang='lat' dir='ltr'><strong>vitam</strong></span> <span class='ocrx_word' id='word_1_252' title='bbox 1815 4419 2007 4474; x_wconf 90' lang='lat' dir='ltr'><strong>ﬁnivit.</strong></span> 
     </span>
    </p>
   </div>
   <div class='ocr_carea' id='block_1_41' title="bbox 1375 286 3744 363">
    <p class='ocr_par' dir='ltr' id='par_1_41' title="bbox 1375 286 3744 363">
     <span class='ocr_line' id='line_1_41' title="bbox 1375 286 3744 363; baseline 0.01 -24"><span class='ocrx_word' id='word_1_253' title='bbox 1375 286 1624 342; x_wconf 70' lang='lat' dir='ltr'><strong>ANNAL.</strong></span> <span class='ocrx_word' id='word_1_254' title='bbox 1663 288 2094 343; x_wconf 64' lang='lat' dir='ltr'><strong>HiLDESIIEllI.</strong></span> <span class='ocrx_word' id='word_1_255' title='bbox 2127 287 2487 355; x_wconf 68' lang='lat' dir='ltr'><strong>QUEDLINB.</strong></span> <span class='ocrx_word' id='word_1_256' title='bbox 2536 292 2914 351; x_wconf 64' lang='lat' dir='ltr'><strong>WEISSI‘LMJ.</strong></span> <span class='ocrx_word' id='word_1_257' title='bbox 3650 308 3744 363; x_wconf 80' lang='lat' dir='ltr'><strong>5le</strong></span> 
     </span>
    </p>
   </div>
   <div class='ocr_carea' id='block_1_42' title="bbox 2503 404 3560 477">
    <p class='ocr_par' dir='ltr' id='par_1_42' title="bbox 2503 404 3560 477">
     <span class='ocr_line' id='line_1_42' title="bbox 2503 404 3560 477; baseline 0.011 -18"><span class='ocrx_word' id='word_1_258' title='bbox 2503 404 2823 465; x_wconf 82' lang='lat' dir='ltr'><strong>ANNALES</strong></span> <span class='ocrx_word' id='word_1_259' title='bbox 2846 408 3560 477; x_wconf 75' lang='lat' dir='ltr'><strong>QUEDLINBURGENSES</strong></span> 
     </span>
    </p>
   </div>
   <div class='ocr_carea' id='block_1_43' title="bbox 2257 948 2383 1005">
    <p class='ocr_par' dir='ltr' id='par_1_43' title="bbox 2257 948 2383 1005">
     <span class='ocr_line' id='line_1_43' title="bbox 2257 948 2383 1005; baseline 0.016 -2"><span class='ocrx_word' id='word_1_260' title='bbox 2257 948 2383 1005; x_wconf 85' lang='lat'><strong>979.</strong></span> 
     </span>
    </p>
   </div>
   <div class='ocr_carea' id='block_1_44' title="bbox 2259 1373 2459 1462">
    <p class='ocr_par' dir='ltr' id='par_1_44' title="bbox 2259 1373 2459 1462">
     <span class='ocr_line' id='line_1_44' title="bbox 2259 1373 2459 1462; baseline -0.01 0"><span class='ocrx_word' id='word_1_261' title='bbox 2259 1404 2383 1462; x_wconf 89' lang='lat'><strong>980.</strong></span> <span class='ocrx_word' id='word_1_262' title='bbox 2455 1373 2459 1378; x_wconf 77' lang='grc'><em>’</em></span> 
     </span>
    </p>
   </div>
   <div class='ocr_carea' id='block_1_45' title="bbox 2260 1740 2384 1797">
    <p class='ocr_par' dir='ltr' id='par_1_45' title="bbox 2260 1740 2384 1797">
     <span class='ocr_line' id='line_1_45' title="bbox 2260 1740 2384 1797; baseline -0.016 0"><span class='ocrx_word' id='word_1_263' title='bbox 2260 1740 2384 1797; x_wconf 82' lang='grc'>981.</span> 
     </span>
    </p>
   </div>
   <div class='ocr_carea' id='block_1_46' title="bbox 2259 2019 2385 2076">
    <p class='ocr_par' dir='ltr' id='par_1_46' title="bbox 2259 2019 2385 2076">
     <span class='ocr_line' id='line_1_46' title="bbox 2259 2019 2385 2076; baseline -0.008 -1"><span class='ocrx_word' id='word_1_264' title='bbox 2259 2019 2385 2076; x_wconf 69' lang='grc'>982.</span> 
     </span>
    </p>
   </div>
   <div class='ocr_carea' id='block_1_47' title="bbox 2262 2575 2384 2632">
    <p class='ocr_par' dir='ltr' id='par_1_47' title="bbox 2262 2575 2384 2632">
     <span class='ocr_line' id='line_1_47' title="bbox 2262 2575 2384 2632; baseline -0.008 -1"><span class='ocrx_word' id='word_1_265' title='bbox 2262 2575 2384 2632; x_wconf 79' lang='grc'>985.</span> 
     </span>
    </p>
   </div>
   <div class='ocr_carea' id='block_1_48' title="bbox 2270 3137 3747 3212">
    <p class='ocr_par' dir='ltr' id='par_1_48' title="bbox 2270 3137 3747 3212">
     <span class='ocr_line' id='line_1_48' title="bbox 2270 3137 3747 3212; baseline 0.003 -16"><span class='ocrx_word' id='word_1_266' title='bbox 2270 3140 2391 3196; x_wconf 71' lang='grc'>984.</span> <span class='ocrx_word' id='word_1_267' title='bbox 2418 3139 2641 3196; x_wconf 81' lang='lat' dir='ltr'><strong>Filiolus</strong></span> <span class='ocrx_word' id='word_1_268' title='bbox 2685 3137 3057 3212; x_wconf 88' lang='lat' dir='ltr'><strong>imperatoris,</strong></span> <span class='ocrx_word' id='word_1_269' title='bbox 3091 3144 3278 3200; x_wconf 89' lang='lat' dir='ltr'><strong>tertius</strong></span> <span class='ocrx_word' id='word_1_270' title='bbox 3322 3145 3572 3202; x_wconf 83' lang='lat' dir='ltr'><strong>videlicet</strong></span> <span class='ocrx_word' id='word_1_271' title='bbox 3608 3144 3747 3210; x_wconf 82' lang='lat' dir='ltr'><strong>Otto.</strong></span> 
     </span>
    </p>
   </div>
   <div class='ocr_carea' id='block_1_49' title="bbox 2202 3230 3744 3307">
    <p class='ocr_par' dir='ltr' id='par_1_49' title="bbox 2202 3230 3744 3307">
     <span class='ocr_line' id='line_1_49' title="bbox 2202 3230 3744 3307; baseline 0.001 -21"><span class='ocrx_word' id='word_1_272' title='bbox 2202 3248 2296 3302; x_wconf 87' lang='lat' dir='ltr'><strong>per</strong></span> <span class='ocrx_word' id='word_1_273' title='bbox 2341 3231 2651 3288; x_wconf 84' lang='lat' dir='ltr'><strong>unctionem</strong></span> <span class='ocrx_word' id='word_1_274' title='bbox 2685 3230 2971 3298; x_wconf 85' lang='lat' dir='ltr'><strong>Johannis,</strong></span> <span class='ocrx_word' id='word_1_275' title='bbox 3000 3233 3330 3293; x_wconf 80' lang='lat' dir='ltr'><strong>Ravennatis</strong></span> <span class='ocrx_word' id='word_1_276' title='bbox 3355 3235 3744 3307; x_wconf 79' lang='lat' dir='ltr'><strong>archiepiscopi,</strong></span> 
     </span>
    </p>
   </div>
   <div class='ocr_carea' id='block_1_50' title="bbox 2200 3324 3746 3394">
    <p class='ocr_par' dir='ltr' id='par_1_50' title="bbox 2200 3324 3746 3394">
     <span class='ocr_line' id='line_1_50' title="bbox 2200 3324 3746 3394; baseline 0 -17"><span class='ocrx_word' id='word_1_277' title='bbox 2200 3324 2524 3394; x_wconf 76' lang='lat' dir='ltr'><strong>Aquisgrani</strong></span> <span class='ocrx_word' id='word_1_278' title='bbox 2581 3324 2634 3378; x_wconf 91' lang='lat' dir='ltr'><strong>in</strong></span> <span class='ocrx_word' id='word_1_279' title='bbox 2685 3324 2773 3379; x_wconf 87' lang='lat' dir='ltr'><strong>die</strong></span> <span class='ocrx_word' id='word_1_280' title='bbox 2824 3324 3019 3379; x_wconf 84' lang='lat' dir='ltr'><strong>natalis</strong></span> <span class='ocrx_word' id='word_1_281' title='bbox 3068 3325 3278 3380; x_wconf 85' lang='lat' dir='ltr'><strong>Domini</strong></span> <span class='ocrx_word' id='word_1_282' title='bbox 3330 3339 3529 3382; x_wconf 90' lang='lat' dir='ltr'><strong>unctus</strong></span> <span class='ocrx_word' id='word_1_283' title='bbox 3586 3325 3746 3380; x_wconf 87' lang='lat' dir='ltr'><strong>estin</strong></span> 
     </span>
    </p>
   </div>
   <div class='ocr_carea' id='block_1_51' title="bbox 2202 3417 3746 3488">
    <p class='ocr_par' dir='ltr' id='par_1_51' title="bbox 2202 3417 3746 3488">
     <span class='ocr_line' id='line_1_51' title="bbox 2202 3417 3746 3488; baseline -0.001 -17"><span class='ocrx_word' id='word_1_284' title='bbox 2202 3433 2402 3488; x_wconf 74' lang='lat' dir='ltr'><strong>regem.</strong></span> <span class='ocrx_word' id='word_1_285' title='bbox 2443 3417 2551 3471; x_wconf 90' lang='lat' dir='ltr'><strong>Sed</strong></span> <span class='ocrx_word' id='word_1_286' title='bbox 2601 3425 2808 3487; x_wconf 83' lang='lat' dir='ltr'><strong>postea,</strong></span> <span class='ocrx_word' id='word_1_287' title='bbox 2858 3427 3132 3487; x_wconf 84' lang='lat' dir='ltr'><strong>comperta</strong></span> <span class='ocrx_word' id='word_1_288' title='bbox 3183 3428 3355 3474; x_wconf 89' lang='lat' dir='ltr'><strong>morte</strong></span> <span class='ocrx_word' id='word_1_289' title='bbox 3412 3418 3746 3488; x_wconf 87' lang='lat' dir='ltr'><strong>imperatoris,</strong></span> 
     </span>
    </p>
   </div>
   <div class='ocr_carea' id='block_1_52' title="bbox 2202 3509 3749 3582">
    <p class='ocr_par' dir='ltr' id='par_1_52' title="bbox 2202 3509 3749 3582">
     <span class='ocr_line' id='line_1_52' title="bbox 2202 3509 3749 3582; baseline -0.001 -19"><span class='ocrx_word' id='word_1_290' title='bbox 2202 3509 2487 3564; x_wconf 83' lang='lat' dir='ltr'><strong>Ilciuricus</strong></span> <span class='ocrx_word' id='word_1_291' title='bbox 2529 3510 2797 3579; x_wconf 86' lang='lat' dir='ltr'><strong>quondam</strong></span> <span class='ocrx_word' id='word_1_292' title='bbox 2842 3509 2944 3563; x_wconf 80' lang='lat' dir='ltr'><strong>dux</strong></span> <span class='ocrx_word' id='word_1_293' title='bbox 2992 3510 3060 3564; x_wconf 90' lang='lat' dir='ltr'><strong>de</strong></span> <span class='ocrx_word' id='word_1_294' title='bbox 3101 3509 3261 3564; x_wconf 74' lang='lat' dir='ltr'><strong>exilio</strong></span> <span class='ocrx_word' id='word_1_295' title='bbox 3309 3525 3606 3582; x_wconf 81' lang='lat' dir='ltr'><strong>regressus,</strong></span> <span class='ocrx_word' id='word_1_296' title='bbox 3646 3522 3749 3564; x_wconf 89' lang='lat' dir='ltr'><strong>cum</strong></span> 
     </span>
    </p>
   </div>
   <div class='ocr_carea' id='block_1_53' title="bbox 2202 3601 3746 3672">
    <p class='ocr_par' dir='ltr' id='par_1_53' title="bbox 2202 3601 3746 3672">
     <span class='ocr_line' id='line_1_53' title="bbox 2202 3601 3746 3672; baseline -0.002 -16"><span class='ocrx_word' id='word_1_297' title='bbox 2202 3603 2303 3656; x_wconf 86' lang='lat' dir='ltr'><strong>sibi</strong></span> <span class='ocrx_word' id='word_1_298' title='bbox 2350 3601 2655 3656; x_wconf 81' lang='lat' dir='ltr'><strong>faventibus</strong></span> <span class='ocrx_word' id='word_1_299' title='bbox 2696 3601 3047 3672; x_wconf 79' lang='lat' dir='ltr'><strong>Agrippinam</strong></span> <span class='ocrx_word' id='word_1_300' title='bbox 3082 3602 3356 3657; x_wconf 85' lang='lat' dir='ltr'><strong>civitatem</strong></span> <span class='ocrx_word' id='word_1_301' title='bbox 3400 3604 3646 3667; x_wconf 81' lang='lat' dir='ltr'><strong>intravit;</strong></span> <span class='ocrx_word' id='word_1_302' title='bbox 3687 3602 3746 3654; x_wconf 80' lang='lat' dir='ltr'><strong>si-</strong></span> 
     </span>
    </p>
   </div>
   <div class='ocr_carea' id='block_1_54' title="bbox 2203 3692 3750 3764">
    <p class='ocr_par' dir='ltr' id='par_1_54' title="bbox 2203 3692 3750 3764">
     <span class='ocr_line' id='line_1_54' title="bbox 2203 3692 3750 3764; baseline -0.001 -16"><span class='ocrx_word' id='word_1_303' title='bbox 2203 3698 2415 3748; x_wconf 89' lang='lat' dir='ltr'><strong>mulans</strong></span> <span class='ocrx_word' id='word_1_304' title='bbox 2434 3708 2491 3747; x_wconf 87' lang='lat' dir='ltr'><strong>se</strong></span> <span class='ocrx_word' id='word_1_305' title='bbox 2512 3692 2686 3762; x_wconf 90' lang='lat' dir='ltr'><strong>primo</strong></span> <span class='ocrx_word' id='word_1_306' title='bbox 2711 3694 2782 3747; x_wconf 88' lang='lat' dir='ltr'><strong>ob</strong></span> <span class='ocrx_word' id='word_1_307' title='bbox 2803 3693 2894 3762; x_wconf 88' lang='lat' dir='ltr'><strong>jus</strong></span> <span class='ocrx_word' id='word_1_308' title='bbox 2925 3694 3342 3763; x_wconf 77' lang='lat' dir='ltr'><strong>prOpinquitatis</strong></span> <span class='ocrx_word' id='word_1_309' title='bbox 3363 3697 3608 3764; x_wconf 86' lang='lat' dir='ltr'><strong>partibus</strong></span> <span class='ocrx_word' id='word_1_310' title='bbox 3630 3692 3750 3762; x_wconf 79' lang='lat' dir='ltr'><strong>regis</strong></span> 
     </span>
    </p>
   </div>
   <div class='ocr_carea' id='block_1_55' title="bbox 2205 3783 3745 3856">
    <p class='ocr_par' dir='ltr' id='par_1_55' title="bbox 2205 3783 3745 3856">
     <span class='ocr_line' id='line_1_55' title="bbox 2205 3783 3745 3856; baseline -0.001 -19"><span class='ocrx_word' id='word_1_311' title='bbox 2205 3784 2426 3839; x_wconf 79' lang='lat' dir='ltr'><strong>infantis</strong></span> <span class='ocrx_word' id='word_1_312' title='bbox 2481 3783 2793 3839; x_wconf 84' lang='lat' dir='ltr'><strong>ﬁdelissime</strong></span> <span class='ocrx_word' id='word_1_313' title='bbox 2829 3786 3317 3854; x_wconf 87' lang='lat' dir='ltr'><strong>patrocinaturnm,</strong></span> <span class='ocrx_word' id='word_1_314' title='bbox 3352 3801 3537 3856; x_wconf 77' lang='lat' dir='ltr'><strong>regem</strong></span> <span class='ocrx_word' id='word_1_315' title='bbox 3577 3784 3745 3847; x_wconf 87' lang='lat' dir='ltr'><strong>tenuit;</strong></span> 
     </span>
    </p>
   </div>
   <div class='ocr_carea' id='block_1_56' title="bbox 2203 3875 3748 3947">
    <p class='ocr_par' dir='ltr' id='par_1_56' title="bbox 2203 3875 3748 3947">
     <span class='ocr_line' id='line_1_56' title="bbox 2203 3875 3748 3947; baseline -0.003 -18"><span class='ocrx_word' id='word_1_316' title='bbox 2203 3875 2324 3929; x_wconf 89' lang='lat' dir='ltr'><strong>dein</strong></span> <span class='ocrx_word' id='word_1_317' title='bbox 2352 3875 2714 3930; x_wconf 87' lang='lat' dir='ltr'><strong>accresceutis</strong></span> <span class='ocrx_word' id='word_1_318' title='bbox 2738 3875 2980 3930; x_wconf 64' lang='lat' dir='ltr'><strong>avaritiae</strong></span> <span class='ocrx_word' id='word_1_319' title='bbox 3003 3875 3237 3931; x_wconf 87' lang='lat' dir='ltr'><strong>stimulis</strong></span> <span class='ocrx_word' id='word_1_320' title='bbox 3263 3878 3519 3947; x_wconf 80' lang='lat' dir='ltr'><strong>agitatus,</strong></span> <span class='ocrx_word' id='word_1_321' title='bbox 3544 3890 3748 3947; x_wconf 82' lang='lat' dir='ltr'><strong>quorun-</strong></span> 
     </span>
    </p>
   </div>
   <div class='ocr_carea' id='block_1_57' title="bbox 2202 3966 3747 4040">
    <p class='ocr_par' dir='ltr' id='par_1_57' title="bbox 2202 3966 3747 4040">
     <span class='ocr_line' id='line_1_57' title="bbox 2202 3966 3747 4040; baseline -0.003 -19"><span class='ocrx_word' id='word_1_322' title='bbox 2202 3966 2326 4021; x_wconf 87' lang='lat' dir='ltr'><strong>dam</strong></span> <span class='ocrx_word' id='word_1_323' title='bbox 2354 3967 2516 4021; x_wconf 92' lang='lat' dir='ltr'><strong>etiam</strong></span> <span class='ocrx_word' id='word_1_324' title='bbox 2544 3966 2896 4037; x_wconf 87' lang='lat' dir='ltr'><strong>persuasione</strong></span> <span class='ocrx_word' id='word_1_325' title='bbox 2921 3966 3059 4020; x_wconf 90' lang='lat' dir='ltr'><strong>male</strong></span> <span class='ocrx_word' id='word_1_326' title='bbox 3082 3967 3314 4033; x_wconf 88' lang='lat' dir='ltr'><strong>illectus,</strong></span> <span class='ocrx_word' id='word_1_327' title='bbox 3342 3983 3563 4040; x_wconf 80' lang='lat' dir='ltr'><strong>regnum</strong></span> <span class='ocrx_word' id='word_1_328' title='bbox 3589 3976 3747 4036; x_wconf 87' lang='lat' dir='ltr'><strong>tyran-</strong></span> 
     </span>
    </p>
   </div>
   <div class='ocr_carea' id='block_1_58' title="bbox 2203 4055 3747 4130">
    <p class='ocr_par' dir='ltr' id='par_1_58' title="bbox 2203 4055 3747 4130">
     <span class='ocr_line' id='line_1_58' title="bbox 2203 4055 3747 4130; baseline -0.003 -19"><span class='ocrx_word' id='word_1_329' title='bbox 2203 4058 2324 4112; x_wconf 90' lang='lat' dir='ltr'><strong>nice</strong></span> <span class='ocrx_word' id='word_1_330' title='bbox 2372 4056 2589 4123; x_wconf 90' lang='lat' dir='ltr'><strong>invasit,</strong></span> <span class='ocrx_word' id='word_1_331' title='bbox 2634 4064 2794 4127; x_wconf 83' lang='lat' dir='ltr'><strong>atque</strong></span> <span class='ocrx_word' id='word_1_332' title='bbox 2839 4056 2893 4111; x_wconf 89' lang='lat' dir='ltr'><strong>in</strong></span> <span class='ocrx_word' id='word_1_333' title='bbox 2926 4057 2981 4112; x_wconf 90' lang='lat' dir='ltr'><strong>id</strong></span> <span class='ocrx_word' id='word_1_334' title='bbox 3009 4057 3257 4114; x_wconf 86' lang='lat' dir='ltr'><strong>elationis</strong></span> <span class='ocrx_word' id='word_1_335' title='bbox 3307 4074 3476 4130; x_wconf 87' lang='lat' dir='ltr'><strong>usque</strong></span> <span class='ocrx_word' id='word_1_336' title='bbox 3511 4055 3747 4129; x_wconf 87' lang='lat' dir='ltr'><strong>prorupit,</strong></span> 
     </span>
    </p>
   </div>
   <div class='ocr_carea' id='block_1_59' title="bbox 2204 4144 3752 4222">
    <p class='ocr_par' dir='ltr' id='par_1_59' title="bbox 2204 4144 3752 4222">
     <span class='ocr_line' id='line_1_59' title="bbox 2204 4144 3752 4222; baseline -0.002 -18"><span class='ocrx_word' id='word_1_337' title='bbox 2204 4160 2262 4205; x_wconf 93' lang='lat' dir='ltr'><strong>ut</strong></span> <span class='ocrx_word' id='word_1_338' title='bbox 2285 4159 2340 4205; x_wconf 87' lang='lat' dir='ltr'><strong>et</strong></span> <span class='ocrx_word' id='word_1_339' title='bbox 2364 4166 2459 4206; x_wconf 78' lang='lat' dir='ltr'><strong>rex</strong></span> <span class='ocrx_word' id='word_1_340' title='bbox 2489 4151 2593 4206; x_wconf 92' lang='lat' dir='ltr'><strong>dici</strong></span> <span class='ocrx_word' id='word_1_341' title='bbox 2635 4160 2689 4204; x_wconf 90' lang='lat' dir='ltr'><strong>et</strong></span> <span class='ocrx_word' id='word_1_342' title='bbox 2724 4150 2777 4204; x_wconf 89' lang='lat' dir='ltr'><strong>in</strong></span> <span class='ocrx_word' id='word_1_343' title='bbox 2825 4166 3005 4219; x_wconf 83' lang='lat' dir='ltr'><strong>regem</strong></span> <span class='ocrx_word' id='word_1_344' title='bbox 3050 4152 3294 4208; x_wconf 87' lang='lat' dir='ltr'><strong>benedici</strong></span> <span class='ocrx_word' id='word_1_345' title='bbox 3345 4144 3630 4222; x_wconf 84' lang='lat' dir='ltr'><strong>appeteret.</strong></span> <span class='ocrx_word' id='word_1_346' title='bbox 3663 4147 3752 4202; x_wconf 83' lang='lat' dir='ltr'><strong>Sed</strong></span> 
     </span>
    </p>
   </div>
   <div class='ocr_carea' id='block_1_60' title="bbox 2206 4239 3747 4315">
    <p class='ocr_par' dir='ltr' id='par_1_60' title="bbox 2206 4239 3747 4315">
     <span class='ocr_line' id='line_1_60' title="bbox 2206 4239 3747 4315; baseline -0.003 -18"><span class='ocrx_word' id='word_1_347' title='bbox 2206 4257 2297 4298; x_wconf 83' lang='lat' dir='ltr'><strong>rex</strong></span> <span class='ocrx_word' id='word_1_348' title='bbox 2339 4243 2442 4299; x_wconf 89' lang='lat' dir='ltr'><strong>dici</strong></span> <span class='ocrx_word' id='word_1_349' title='bbox 2484 4259 2514 4297; x_wconf 90' lang='lat' dir='ltr'><strong>a</strong></span> <span class='ocrx_word' id='word_1_350' title='bbox 2540 4244 2725 4313; x_wconf 91' lang='lat' dir='ltr'><strong>paucis</strong></span> <span class='ocrx_word' id='word_1_351' title='bbox 2752 4244 3021 4309; x_wconf 88' lang='lat' dir='ltr'><strong>obtinuit;</strong></span> <span class='ocrx_word' id='word_1_352' title='bbox 3052 4244 3108 4297; x_wconf 92' lang='lat' dir='ltr'><strong>in</strong></span> <span class='ocrx_word' id='word_1_353' title='bbox 3138 4259 3319 4315; x_wconf 79' lang='lat' dir='ltr'><strong>regem</strong></span> <span class='ocrx_word' id='word_1_354' title='bbox 3358 4259 3487 4299; x_wconf 89' lang='lat' dir='ltr'><strong>vero</strong></span> <span class='ocrx_word' id='word_1_355' title='bbox 3516 4239 3747 4302; x_wconf 85' lang='lat' dir='ltr'><strong>benedici,</strong></span> 
     </span>
    </p>
   </div>
   <div class='ocr_carea' id='block_1_61' title="bbox 2208 4335 3747 4405">
    <p class='ocr_par' dir='ltr' id='par_1_61' title="bbox 2208 4335 3747 4405">
     <span class='ocr_line' id='line_1_61' title="bbox 2208 4335 3747 4405; baseline -0.003 -16"><span class='ocrx_word' id='word_1_356' title='bbox 2208 4336 2528 4404; x_wconf 89' lang='lat' dir='ltr'><strong>prohibente</strong></span> <span class='ocrx_word' id='word_1_357' title='bbox 2565 4336 2696 4401; x_wconf 91' lang='lat' dir='ltr'><strong>Deo,</strong></span> <span class='ocrx_word' id='word_1_358' title='bbox 2732 4335 3052 4405; x_wconf 89' lang='lat' dir='ltr'><strong>prohibente</strong></span> <span class='ocrx_word' id='word_1_359' title='bbox 3102 4335 3339 4391; x_wconf 89' lang='lat' dir='ltr'><strong>ﬁdelium</strong></span> <span class='ocrx_word' id='word_1_360' title='bbox 3370 4336 3471 4391; x_wconf 91' lang='lat' dir='ltr'><strong>sibi</strong></span> <span class='ocrx_word' id='word_1_361' title='bbox 3509 4350 3607 4391; x_wconf 92' lang='lat' dir='ltr'><strong>non</strong></span> <span class='ocrx_word' id='word_1_362' title='bbox 3639 4347 3747 4387; x_wconf 84' lang='lat' dir='ltr'><strong>con-</strong></span> 
     </span>
    </p>
   </div>
   <div class='ocr_carea' id='block_1_62' title="bbox 2207 4422 3745 4496">
    <p class='ocr_par' dir='ltr' id='par_1_62' title="bbox 2207 4422 3745 4496">
     <span class='ocr_line' id='line_1_62' title="bbox 2207 4422 3745 4496; baseline -0.004 -17"><span class='ocrx_word' id='word_1_363' title='bbox 2207 4424 2574 4489; x_wconf 85' lang='lat' dir='ltr'><strong>sentientium,</strong></span> <span class='ocrx_word' id='word_1_364' title='bbox 2611 4425 2705 4480; x_wconf 90' lang='lat' dir='ltr'><strong>sed</strong></span> <span class='ocrx_word' id='word_1_365' title='bbox 2729 4425 2845 4496; x_wconf 78' lang='lat' dir='ltr'><strong>regi</strong></span> <span class='ocrx_word' id='word_1_366' title='bbox 2872 4424 3044 4480; x_wconf 89' lang='lat' dir='ltr'><strong>electo</strong></span> <span class='ocrx_word' id='word_1_367' title='bbox 3074 4432 3128 4480; x_wconf 91' lang='lat' dir='ltr'><strong>et</strong></span> <span class='ocrx_word' id='word_1_368' title='bbox 3155 4435 3317 4481; x_wconf 88' lang='lat' dir='ltr'><strong>uncto</strong></span> <span class='ocrx_word' id='word_1_369' title='bbox 3338 4423 3462 4495; x_wconf 86' lang='lat' dir='ltr'><strong>jure</strong></span> <span class='ocrx_word' id='word_1_370' title='bbox 3493 4422 3745 4478; x_wconf 80' lang='lat' dir='ltr'><strong>faventium</strong></span> 
     </span>
    </p>
   </div>
   <div class='ocr_carea' id='block_1_63' title="bbox 2210 4512 3746 4587">
    <p class='ocr_par' dir='ltr' id='par_1_63' title="bbox 2210 4512 3746 4587">
     <span class='ocr_line' id='line_1_63' title="bbox 2210 4512 3746 4587; baseline -0.002 -20"><span class='ocrx_word' id='word_1_371' title='bbox 2210 4512 2574 4569; x_wconf 83' lang='lat' dir='ltr'><strong>decertatione</strong></span> <span class='ocrx_word' id='word_1_372' title='bbox 2606 4529 2710 4569; x_wconf 89' lang='lat' dir='ltr'><strong>non</strong></span> <span class='ocrx_word' id='word_1_373' title='bbox 2756 4515 2954 4570; x_wconf 86' lang='lat' dir='ltr'><strong>meruit</strong></span> <span class='ocrx_word' id='word_1_374' title='bbox 2980 4514 3151 4587; x_wconf 84' lang='lat' dir='ltr'><strong>(I80).</strong></span> <span class='ocrx_word' id='word_1_375' title='bbox 3183 4514 3360 4571; x_wconf 85' lang='lat' dir='ltr'><strong>Missis</strong></span> <span class='ocrx_word' id='word_1_376' title='bbox 3405 4515 3611 4571; x_wconf 89' lang='lat' dir='ltr'><strong>interim</strong></span> <span class='ocrx_word' id='word_1_377' title='bbox 3649 4525 3746 4581; x_wconf 90' lang='lat' dir='ltr'><strong>pro.</strong></span> 
     </span>
    </p>
   </div>
   <div class='ocr_carea' id='block_1_64' title="bbox 1034 4591 3744 4676">
    <p class='ocr_par' dir='ltr' id='par_1_64' title="bbox 1034 4591 3744 4676">
     <span class='ocr_line' id='line_1_64' title="bbox 1034 4591 3744 4676; baseline 0.006 -31"><span class='ocrx_word' id='word_1_378' title='bbox 1034 4591 1171 4647; x_wconf 88' lang='lat' dir='ltr'><strong>batis</strong></span> <span class='ocrx_word' id='word_1_379' title='bbox 1201 4593 1268 4648; x_wconf 89' lang='lat' dir='ltr'><strong>ad</strong></span> <span class='ocrx_word' id='word_1_380' title='bbox 1296 4594 1440 4663; x_wconf 71' lang='lat' dir='ltr'><strong>regis</strong></span> <span class='ocrx_word' id='word_1_381' title='bbox 1466 4597 1639 4651; x_wconf 90' lang='lat' dir='ltr'><strong>aviam</strong></span> <span class='ocrx_word' id='word_1_382' title='bbox 1687 4600 1735 4651; x_wconf 92' lang='lat' dir='ltr'><strong>in</strong></span> <span class='ocrx_word' id='word_1_383' title='bbox 1780 4598 2233 4671; x_wconf 79' lang='lat' dir='ltr'><strong>Longobardiam,</strong></span> <span class='ocrx_word' id='word_1_384' title='bbox 2264 4604 2474 4658; x_wconf 88' lang='lat' dir='ltr'><strong>scilicet</strong></span> <span class='ocrx_word' id='word_1_385' title='bbox 2524 4604 2591 4658; x_wconf 89' lang='lat' dir='ltr'><strong>ad</strong></span> <span class='ocrx_word' id='word_1_386' title='bbox 2646 4604 3039 4674; x_wconf 87' lang='lat' dir='ltr'><strong>imperatricem</strong></span> <span class='ocrx_word' id='word_1_387' title='bbox 3088 4613 3373 4676; x_wconf 81' lang='lat' dir='ltr'><strong>augustam</strong></span> <span class='ocrx_word' id='word_1_388' title='bbox 3413 4601 3744 4672; x_wconf 67' lang='lat' dir='ltr'><strong>Adclheidam.</strong></span> 
     </span>
    </p>
   </div>
   <div class='ocr_carea' id='block_1_65' title="bbox 1036 4687 3746 4771">
    <p class='ocr_par' dir='ltr' id='par_1_65' title="bbox 1036 4687 3746 4771">
     <span class='ocr_line' id='line_1_65' title="bbox 1036 4687 3746 4771; baseline 0.002 -31"><span class='ocrx_word' id='word_1_389' title='bbox 1036 4687 1247 4758; x_wconf 84' lang='lat' dir='ltr'><strong>legatis,</strong></span> <span class='ocrx_word' id='word_1_390' title='bbox 1276 4690 1329 4744; x_wconf 93' lang='lat' dir='ltr'><strong>hi</strong></span> <span class='ocrx_word' id='word_1_391' title='bbox 1358 4692 1450 4760; x_wconf 91' lang='lat' dir='ltr'><strong>qui</strong></span> <span class='ocrx_word' id='word_1_392' title='bbox 1477 4702 1658 4762; x_wconf 86' lang='lat' dir='ltr'><strong>partes</strong></span> <span class='ocrx_word' id='word_1_393' title='bbox 1684 4695 1828 4765; x_wconf 82' lang='lat' dir='ltr'><strong>regis</strong></span> <span class='ocrx_word' id='word_1_394' title='bbox 1856 4694 2095 4765; x_wconf 86' lang='lat' dir='ltr'><strong>adjuturi</strong></span> <span class='ocrx_word' id='word_1_395' title='bbox 2130 4697 2484 4769; x_wconf 70' lang='lat' dir='ltr'><strong>jurisjurandi</strong></span> <span class='ocrx_word' id='word_1_396' title='bbox 2526 4698 2737 4754; x_wconf 89' lang='lat' dir='ltr'><strong>vinculo</strong></span> <span class='ocrx_word' id='word_1_397' title='bbox 2774 4698 2826 4753; x_wconf 89' lang='lat' dir='ltr'><strong>in</strong></span> <span class='ocrx_word' id='word_1_398' title='bbox 2857 4699 2959 4754; x_wconf 90' lang='lat' dir='ltr'><strong>hoc</strong></span> <span class='ocrx_word' id='word_1_399' title='bbox 2999 4700 3228 4755; x_wconf 79' lang='lat' dir='ltr'><strong>ﬁrmiter</strong></span> <span class='ocrx_word' id='word_1_400' title='bbox 3256 4701 3628 4771; x_wconf 86' lang='lat' dir='ltr'><strong>perduratnros</strong></span> <span class='ocrx_word' id='word_1_401' title='bbox 3652 4705 3746 4749; x_wconf 85' lang='lat' dir='ltr'><strong>sese</strong></span> 
     </span>
    </p>
   </div>
   <div class='ocr_carea' id='block_1_66' title="bbox 1036 4789 3745 4866">
    <p class='ocr_par' dir='ltr' id='par_1_66' title="bbox 1036 4789 3745 4866">
     <span class='ocr_line' id='line_1_66' title="bbox 1036 4789 3745 4866; baseline 0 -25"><span class='ocrx_word' id='word_1_402' title='bbox 1036 4789 1492 4857; x_wconf 77' lang='lat' dir='ltr'><strong>constrinxerant,</strong></span> <span class='ocrx_word' id='word_1_403' title='bbox 1522 4792 1658 4846; x_wconf 88' lang='lat' dir='ltr'><strong>hanc</strong></span> <span class='ocrx_word' id='word_1_404' title='bbox 1688 4794 2147 4862; x_wconf 86' lang='lat' dir='ltr'><strong>perturbationem</strong></span> <span class='ocrx_word' id='word_1_405' title='bbox 2168 4796 2357 4851; x_wconf 88' lang='lat' dir='ltr'><strong>ordine</strong></span> <span class='ocrx_word' id='word_1_406' title='bbox 2379 4794 2712 4861; x_wconf 88' lang='lat' dir='ltr'><strong>iutimantes,</strong></span> <span class='ocrx_word' id='word_1_407' title='bbox 2737 4795 2781 4850; x_wconf 84' lang='lat' dir='ltr'><strong>si</strong></span> <span class='ocrx_word' id='word_1_408' title='bbox 2810 4795 2937 4864; x_wconf 90' lang='lat' dir='ltr'><strong>quid</strong></span> <span class='ocrx_word' id='word_1_409' title='bbox 2964 4796 3029 4850; x_wconf 91' lang='lat' dir='ltr'><strong>de</strong></span> <span class='ocrx_word' id='word_1_410' title='bbox 3051 4810 3219 4866; x_wconf 72' lang='lat' dir='ltr'><strong>regno</strong></span> <span class='ocrx_word' id='word_1_411' title='bbox 3245 4811 3307 4851; x_wconf 86' lang='lat' dir='ltr'><strong>ac</strong></span> <span class='ocrx_word' id='word_1_412' title='bbox 3335 4808 3526 4865; x_wconf 89' lang='lat' dir='ltr'><strong>nepote</strong></span> <span class='ocrx_word' id='word_1_413' title='bbox 3545 4798 3745 4852; x_wconf 88' lang='lat' dir='ltr'><strong>curaret,</strong></span> 
     </span>
    </p>
   </div>
   <div class='ocr_carea' id='block_1_67' title="bbox 1037 4879 3741 4963">
    <p class='ocr_par' dir='ltr' id='par_1_67' title="bbox 1037 4879 3741 4963">
     <span class='ocr_line' id='line_1_67' title="bbox 1037 4879 3741 4963; baseline 0.005 -29"><span class='ocrx_word' id='word_1_414' title='bbox 1037 4879 1299 4938; x_wconf 90' lang='lat' dir='ltr'><strong>adventus</strong></span> <span class='ocrx_word' id='word_1_415' title='bbox 1328 4887 1408 4940; x_wconf 92' lang='lat' dir='ltr'><strong>sui</strong></span> <span class='ocrx_word' id='word_1_416' title='bbox 1436 4895 1490 4941; x_wconf 89' lang='lat' dir='ltr'><strong>et</strong></span> <span class='ocrx_word' id='word_1_417' title='bbox 1535 4886 1743 4942; x_wconf 84' lang='lat' dir='ltr'><strong>consilii</strong></span> <span class='ocrx_word' id='word_1_418' title='bbox 1773 4904 1872 4958; x_wconf 81' lang='lat' dir='ltr'><strong>ope</strong></span> <span class='ocrx_word' id='word_1_419' title='bbox 1919 4891 2032 4946; x_wconf 89' lang='lat' dir='ltr'><strong>suis</strong></span> <span class='ocrx_word' id='word_1_420' title='bbox 2084 4899 2142 4946; x_wconf 86' lang='lat' dir='ltr'><strong>ut</strong></span> <span class='ocrx_word' id='word_1_421' title='bbox 2181 4891 2289 4946; x_wconf 85' lang='lat' dir='ltr'><strong>cito</strong></span> <span class='ocrx_word' id='word_1_422' title='bbox 2330 4892 2477 4963; x_wconf 88' lang='grc'>(181)</span> <span class='ocrx_word' id='word_1_423' title='bbox 2517 4900 2880 4958; x_wconf 87' lang='lat' dir='ltr'><strong>succurreret,</strong></span> <span class='ocrx_word' id='word_1_424' title='bbox 2910 4891 3160 4954; x_wconf 83' lang='lat' dir='ltr'><strong>obnixius</strong></span> <span class='ocrx_word' id='word_1_425' title='bbox 3206 4907 3480 4963; x_wconf 77' lang='lat' dir='ltr'><strong>rogavere.</strong></span> <span class='ocrx_word' id='word_1_426' title='bbox 3515 4890 3599 4945; x_wconf 88' lang='lat' dir='ltr'><strong>Illa</strong></span> <span class='ocrx_word' id='word_1_427' title='bbox 3625 4899 3741 4948; x_wconf 62' lang='lat' dir='ltr'><strong>vero.</strong></span> 
     </span>
    </p>
   </div>
   <div class='ocr_carea' id='block_1_68' title="bbox 1037 4980 3742 5053">
    <p class='ocr_par' dir='ltr' id='par_1_68' title="bbox 1037 4980 3742 5053">
     <span class='ocr_line' id='line_1_68' title="bbox 1037 4980 3742 5053; baseline 0.001 -22"><span class='ocrx_word' id='word_1_428' title='bbox 1037 4980 1320 5035; x_wconf 89' lang='lat' dir='ltr'><strong>conciliato</strong></span> <span class='ocrx_word' id='word_1_429' title='bbox 1354 4983 1602 5051; x_wconf 90' lang='lat' dir='ltr'><strong>primitus</strong></span> <span class='ocrx_word' id='word_1_430' title='bbox 1636 4985 1738 5039; x_wconf 90' lang='lat' dir='ltr'><strong>sibi</strong></span> <span class='ocrx_word' id='word_1_431' title='bbox 1766 4986 1946 5041; x_wconf 86' lang='lat' dir='ltr'><strong>divino</strong></span> <span class='ocrx_word' id='word_1_432' title='bbox 1975 4987 2236 5053; x_wconf 90' lang='lat' dir='ltr'><strong>subsidio,</strong></span> <span class='ocrx_word' id='word_1_433' title='bbox 2264 4987 2566 5042; x_wconf 87' lang='lat' dir='ltr'><strong>accelerato</strong></span> <span class='ocrx_word' id='word_1_434' title='bbox 2601 4987 2886 5043; x_wconf 87' lang='lat' dir='ltr'><strong>admodum</strong></span> <span class='ocrx_word' id='word_1_435' title='bbox 2916 4986 3129 5053; x_wconf 89' lang='lat' dir='ltr'><strong>itinere,</strong></span> <span class='ocrx_word' id='word_1_436' title='bbox 3173 5002 3293 5041; x_wconf 89' lang='lat' dir='ltr'><strong>cum</strong></span> <span class='ocrx_word' id='word_1_437' title='bbox 3321 5001 3460 5040; x_wconf 92' lang='lat' dir='ltr'><strong>nuru</strong></span> <span class='ocrx_word' id='word_1_438' title='bbox 3488 5000 3578 5040; x_wconf 85' lang='lat' dir='ltr'><strong>sua</strong></span> <span class='ocrx_word' id='word_1_439' title='bbox 3606 4982 3742 5049; x_wconf 86' lang='lat' dir='ltr'><strong>impe-</strong></span> 
     </span>
    </p>
   </div>
  </div>
