3918 5326
1331 278 1586 334 ANNAL.
1626 278 2056 333 lllLDESllElM.
2102 280 2467 347 QUEDLINB.
2500 281 2882 340 WEISSEMB.
2970 319 2979 327 ι
3459 319 3543 346 ,μί’
3570 304 3581 311 '
3697 286 3792 341 5'2‘0

1610 412 1930 468 ANNALES
1964 413 2698 480 QUEDLI‘NBURGENSES.

1017 548 1135 587 rum
1166 532 1374 589 nisibus
1402 540 1495 587 aut
1523 547 1622 602 pro
1650 547 1779 603 rege
1807 531 2044 588 ﬁdeliter
2070 533 2343 600 morituri,
2374 544 2485 599 aut,
2511 538 2654 606 quod
2684 538 2776 593 Dei
2820 539 2991 610 gratia
3036 539 3251 596 factum
3264 532 3585 605 estfvicturi
3610 542 3786 614 (186).

1017 628 1165 684 Roza
1211 627 1357 701 (l87)
1409 643 1733 685 convenere.
1786 628 2090 699 Habitoque
2145 629 2278 685 inibi
2328 633 2554 688 consilio
2608 635 2861 702 maximo,
2895 635 3221 710 .mirandum
3271 640 3790 709 memorandumque
3832 681 3836 684 ι

1019 726 1256 797 posteris
1308 713 1543 797 signum,
1602 725 1756 780 stella
1795 725 2044 785 videlicet
2091 726 2366 796 perlucida
2417 728 2469 782 in
2521 732 2638 798 ipso
2671 732 2903 800 partium
2948 731 3221 799 conﬂictu,
3274 734 3454 788 medio
3505 733 3630 789 caeli
3667 750 3781 799 axe,

1024 825 1201 879 media
1234 824 1374 878 ultra
1404 838 1611 878 morem
1641 824 1749 886 die,
1786 823 1938 891 quasi
1990 823 2230 877 divinum
2261 824 2368 893 regi
2392 834 2548 895 capto
2579 826 2865 895 praebitura
2890 826 3183 895 juvamem,
3214 828 3425 883 cunctis
3452 828 3546 898 qui
3575 831 3788 884 aderant

1024 923 1370 977 cernentibus
1400 922 1847 990 stupentibusque
1882 920 2134 974 radiavit.
2168 920 2282 987 Qua
2327 921 2469 987 visa,
2500 923 2786 991 perterrita
2830 939 3062 995 moxque
3096 925 3320 979 cedente
3371 934 3528 994 parte
3574 922 3781 991 injusta,

1028 1020 1309 1075 Heinricus
1335 1018 1614 1088 prmfatus,
1647 1025 1904 1087 usurpato
1927 1017 2147 1073 nomine
2175 1028 2231 1073 et
2261 1033 2427 1089 regno
2463 1019 2587 1089 jure
2627 1020 2893 1089 privatus,
2940 1036 3120 1092 regem
3167 1021 3321 1087 aviae,
3353 1021 3511 1075 matri
3543 1028 3598 1075 et
3620 1021 3784 1076 amita!

1022 1125 1349 1183 prtescntare
1379 1113 1620 1184 cogitur;
1649 1113 2062 1182 interventuque
2093 1113 2235 1184 regis
2259 1112 2491 1168 Conradi
2514 1115 2685 1171 soceri
2709 1116 2792 1171 sui
2819 1131 2882 1172 ac
2907 1117 3210 1188 principum
3234 1116 3597 1187 qualicunque
3625 1115 3783 1186 gratia

1021 1214 1272 1276 donatus,
1305 1210 1357 1264 in
1388 1211 1624 1278 patriam
1654 1216 1878 1265 moestus
1917 1209 2170 1264 abccssit.
2211 1202 2449 1280 Accepto
2488 1210 2668 1280 itaque
2705 1212 2931 1282 pignore
2972 1213 3153 1278 unico,
3179 1213 3450 1281 praedicta:
3492 1209 3783 1280 imperiale;

1020 1307 1249 1361 domina:
1276 1306 1567 1361 Saxoniam
1597 1306 1883 1361 adierunt:
1925 1321 1990 1361 ac
2015 1307 2189 1376 primo
2234 1308 2501 1378 smpejam
2546 1308 2742 1363 dictam
2790 1308 3232 1381 Quedelingensis
3273 1307 3553 1363 monticnli
3597 1306 3783 1361 vertice

1020 1403 1347 1458 eminentem
1375 1418 1549 1473 usque
1574 1402 1850 1457 civitatem
1897 1416 2004 1456 una
2047 1403 2445 1472 pervenientes,
2475 1403 2754 1460 duleisona
2802 1405 3020 1460 laudum
3053 1405 3306 1471 melodia,
3331 1404 3462 1460 cleri
3492 1404 3693 1459 scilicet
3723 1418 3780 1458 ac

1012 1500 1193 1570 pOpuli
1226 1498 1555 1568 Christoque
1584 1497 1714 1553 inibi
1747 1497 2120 1554 famulantium
2165 1499 2433 1571 virginum
2458 1499 2615 1571 (188)
2645 1517 2873 1556 occursu
2905 1502 3142 1571 gemino,
3170 1500 3488 1571 gaudiorum
3525 1499 3710 1554 ali'ectu
3737 1508 3783 1554 et

1011 1612 1111 1666 pro
1143 1605 1329 1667 optato
1356 1594 1503 1667 (189)
1532 1593 1794 1664 spiritalis
1824 1594 2012 1648 matris
2042 1594 2272 1650 adventu
2296 1603 2349 1648 et
2370 1609 2469 1665 pro
2509 1596 2821 1665 triumphali
2872 1596 3011 1667 regis
3036 1604 3231 1651 meum
3259 1595 3346 1666 pie
3370 1593 3768 1664 gratulantium,

1012 1691 1404 1749 oﬂiciosissime
1426 1699 1712 1758 susceptae,
1738 1690 1880 1758 quod
1904 1690 2170 1760 reliquum
2201 1700 2321 1745 erat
2353 1692 2455 1746 viae
2486 1691 2632 1762 (190)
2662 1707 2873 1748 summo
2897 1708 3019 1748 cum
3049 1692 3255 1747 honore
3280 1691 3566 1744 transiere.

1578 1783 1885 1856 (Ilua-nsque
1919 1786 2203 1841 Annalium
2246 1786 2797 1856 Herolfcsfeldensium
2836 1788 3159 1842 continuatio
3184 1785 3496 1858 pertinuisse
3533 1783 3741 1839 ridetur.

540 1971 859 2028 ANNALES
923 1963 1579 2026 HlLDESllElMENSES.

611 2103 735 2162 985.
758 2103 1022 2173 Osda'gns,
1060 2101 1144 2156 vir
1180 2113 1404 2156 summa:
1442 2096 1582 2152 cari-

540 2195 670 2251 tatis
715 2212 779 2251 ac
815 2194 1102 2259 castitatis,
1138 2194 1191 2247 in
1233 2199 1421 2248 sancta
1461 2188 1585 2244 reli-

539 2290 699 2358 gione
725 2287 1001 2358 probatus,
1050 2300 1170 2339 cum
1210 2298 1405 2353 magno
1447 2297 1579 2334 con-

540 2395 702 2435 sensu
739 2378 866 2433 cleri
896 2394 960 2432 ac
1002 2377 1173 2447 plehis
1204 2374 1268 2428 ad
1302 2372 1581 2444 pontiﬁca-

539 2470 644 2525 lem
698 2471 956 2527 honorem
1026 2477 1301 2538 promotus
1353 2474 1454 2519 cst.
1514 2464 1582 2518 Et

538 2559 728 2612 eodem
800 2572 944 2611 anno
1012 2557 1253 2611 Saxones
1311 2553 1579 2608 Sclaviam

539 2655 870 2722 invaserunt,
906 2657 1098 2733 quibus
1141 2656 1206 2708 ad
1235 2651 1581 2722 supplemen-

541 2759 654 2803 tum
696 2749 893 2805 Misaeo
939 2765 1059 2803 cum
1101 2763 1292 2816 magno
1343 2746 1581 2801 exercitu

540 2840 714 2905 venit;
748 2838 836 2909 qui
872 2847 1036 2893 totam
1078 2845 1277 2891 terram
1308 2835 1452 2889 illam
1498 2834 1579 2887 in-

539 2930 745 2985 cendiis
768 2938 822 2985 et
846 2929 1081 2986 caedibus
1114 2928 1296 2983 multis
1326 2927 1575 2982 devasta-

540 3031 756 3080 verunt.

1682 1932 2000 1993 A'NNALES
2053 1938 2656 2006 QUEDHNBURGEN-

1720 2097 1842 2152 985.
1872 2029 2435 2155 δειλοηθὲεξέιθνῑειιη
2477 2101 2661 2156 iuvase

2923 1973 3007 2028 LA
3017 1971 3270 2027 MBERTI
3301 1966 3641 2025 ANNALES.

2830 2106 2952 2165 985.
2999 2104 3311 2161 Gozberdus
3360 2099 3777 2174 [llirsfeldensem

1650 2197 1813 2254 runt,
1878 2189 2071 2258 quibus
2134 2192 2200 2245 ad
2263 2192 2674 2261 supplementun
2758 2195 2811 2251 5.
2847 2192 2925 2265 6.]
2955 2190 3223 2247 abbatiam
3265 2189 3519 2253 reddidit,
3541 2185 3627 2242 cui
3664 2183 3775 2239 Ber-

1650 2279 1889 2335 Misacho
1918 2296 2039 2335 eum
2086 2299 2283 2353 magno
2328 2285 2568 2339 exercitu
2598 2300 2661 2340 ve
2759 2282 2982 2339 nltarius
3003 2279 3283 2337 successit.

1652 2369 1760 2435 nit;
1790 2370 1880 2440 qui
1914 2379 2079 2426 totam
2112 2381 2311 2427 terram
2340 2372 2482 2428 illam
2512 2375 2696 2429 incen-

1652 2463 1756 2519 diis
1790 2471 1844 2518 et
1873 2465 2111 2519 caedibus
2139 2465 2573 2521 devastaverunt.
2604 2467 2694 2521 ln-

1655 2557 1810 2611 terim
1861 2568 2193 2613 memoratus
2247 2558 2337 2614 ille
2390 2558 2691 2623 lleinricus.

1655 2657 1838 2713 divino
1885 2658 2142 2713 instinctu
2191 2651 2257 2713 ad
2313 2674 2370 2714 se
2424 2675 2693 2723 reversus,

1653 2751 1782 2821 quid
1834 2752 2027 2821 egerit,
2078 2751 2132 2805 in
2182 2762 2438 2821 quantum
2479 2768 2536 2808 se
2579 2753 2697 2823 plus

1650 2857 1803 2912 aequo
1834 2850 1890 2896 et
1923 2842 2149 2897 honesto
2200 2843 2474 2908 extulerit,
2525 2852 2580 2898 et
2628 2859 2696 2898 ex

1650 2942 1852 3003 quanto
1874 2933 2155 2997 deciderit.
2184 2935 2343 2988 anxie
2370 2949 2553 2989 secum
2588 2951 2694 2990 non

1650 3024 1815 3079 semel
1846 3033 2212 3093 pertractans,
2240 3024 2391 3093 juxta
2422 3027 2697 3098 evangeli-

1649 3131 1767 3170 cam
1797 3116 2040 3170 veritatis
2069 3131 2256 3172 vocem
2305 3132 2400 3172 sua
2446 3134 2505 3174 se
2552 3118 2701 3175 exal-

802 3210 1004 3265 tatione
1031 3206 1368 3263 lmmiliatnm
1400 3205 1760 3276 conspiciens,
1785 3206 2065 3262 dedecoris
2090 3207 2421 3263 conscientia
2446 3211 2717 3280 pungitur,
2742 3207 2912 3280 culpae
2937 3205 3227 3278 penitentia
3257 3201 3551 3259 cruciatur.

799 3307 1065 3362 Veniente
1091 3305 1142 3358 in
1167 3300 1573 3358 Frankanal‘nrd
1598 3317 1723 3373 rege
1752 3301 1960 3357 infante
1987 3303 2145 3358 tertio
2168 3302 2401 3368 Othone,
2439 3304 2632 3360 ibidem
2666 3314 2720 3361 et
2761 3304 2873 3375 ipse
2919 3300 3208 3355 adveniens
3251 3294 3554 3352 lmmiliavit

788 3418 846 3456 se
868 3403 1033 3472 jnsle,
1059 3413 1164 3468 quo
1195 3413 1406 3468 ptenam
1430 3398 1686 3451 evaderet
1716 3397 1964 3453 elationis
1995 3398 2226 3469 injustas,
2269 3401 2490 3471 regique
2530 3400 2774 3472 puerulo,
2826 3413 2987 3469 quem
3031 3397 3279 3452 orbatum
3308 3392 3549 3462 captiva-

787 3504 963 3560 verat,
994 3495 1145 3564 cujus
1175 3508 1398 3563 regnum
1446 3491 1724 3564 tyrannice
1774 3492 2067 3559 invaserat,
2113 3496 2471 3563 prtesentibus
2514 3496 2747 3552 dominis
2798 3492 3187 3563 imperialibus,
3219 3504 3353 3559 quas
3402 3485 3550 3555 regni

786 3611 917 3650 cura
945 3607 1126 3664 penes,
1158 3591 1297 3655 avia,
1328 3598 1500 3644 matre
1526 3599 1581 3643 et
1610 3590 1773 3643 amita
1803 3590 1945 3660 regis
1978 3588 2218 3658 ejusdem
2267 3591 2506 3658 infantis,
2536 3593 2755 3647 humilis
2785 3591 2990 3653 habitu,
3039 3585 3260 3642 humilis
3307 3591 3361 3639 et
3408 3591 3549 3644 actu,

786 3692 953 3746 totius
982 3691 1033 3744 in
1063 3698 1280 3760 aSpeetu
1326 3684 1527 3758 populi,
1560 3686 1819 3740 ambabus
1846 3685 1899 3739 in
1929 3701 2095 3740 unum
2126 3687 2460 3756 complicatis
2509 3688 2776 3754 manibus,
2824 3684 3049 3740 militem
3080 3697 3140 3739 se
3169 3690 3227 3736 et
3260 3693 3387 3735 vera
3418 3675 3551 3730 ulte-

787 3788 901 3842 rius
929 3787 1035 3841 lide
1064 3786 1420 3840 militaturum
1454 3783 1665 3837 tradere
1700 3798 1803 3837 non
1848 3782 2082 3849 erubuit,
2115 3783 2189 3837 nil
2220 3785 2540 3854 paciscendo
2584 3784 2688 3839 nisi
2729 3784 2914 3847 vitam,
2950 3781 3025 3836 nil
3051 3778 3257 3836 orando
3289 3777 3391 3831 nisi
3421 3789 3545 3846 gra-

789 3882 940 3936 tiam.
974 3881 1043 3934 At
1071 3879 1321 3943 dominae,
1360 3892 1610 3948 quarum,
1666 3884 1724 3930 ut
1749 3877 2003 3943 diximus,
2054 3894 2181 3933 cura
2219 3894 2442 3950 regnum
2488 3880 2737 3951 regisque
2779 3878 3066 3950 regebatur
3110 3874 3357 3939 infantia,
3411 3872 3543 3926 tanti

783 3978 885 4031 viri
942 3976 1229 4032 summissa
1270 3972 1542 4028 deditione
1579 3971 1866 4026 admodum
1906 3974 2577 4046 gratulabunda—quia
2627 3976 2835 4046 piorum
2880 3972 3049 4028 moris
3096 3980 3179 4026 est
3224 3986 3330 4025 non
3378 3967 3549 4024 solum

785 4072 926 4127 mala
956 4086 1053 4141 pro
1084 4071 1238 4125 bonis
1269 4067 1416 4139 (191)
1448 4082 1554 4121 non
1582 4067 1828 4134 reddere,
1861 4070 1954 4123 sed
1983 4070 2145 4125 etiam
2174 4087 2272 4141 pro
2302 4072 2458 4128 malis
2487 4074 2623 4127 bona
2671 4071 2984 4142 rependere,
3013 4098 3085 4110 ——
3110 4067 3271 4139 digno
3296 4081 3419 4121 eum
3450 4065 3550 4119 ho-

786 4179 918 4220 nore
942 4170 1272 4231 susceptum,
1303 4158 1475 4227 gratia
1507 4156 1649 4212 fideli
1684 4157 1959 4225 donatum,
2004 4161 2247 4217 ductoria
2281 4162 2465 4217 itidem
2501 4163 2759 4233 dignitate
2805 4159 3172 4221 sublimatum,
3206 4157 3399 4211 deinde
3444 4170 3548 4209 nen

789 4268 997 4316 tantum
1021 4259 1163 4313 inter
1187 4256 1408 4319 amicos,
1440 4252 1531 4308 sed
1553 4241 1716 4308 etiam
1750 4256 1892 4311 inter
1917 4257 2295 4324 amicissimos,
2340 4259 2415 4312 uti
2460 4257 2551 4327 jus
2596 4255 3010 4328 propinquitatis
3056 4251 3324 4321 exigebat,
3371 4251 3551 4306 debito

791 4354 1093 4412 dilectionis
1131 4358 1456 4407 venerantur
1484 4346 1699 4404 aﬂ‘ectu.
1732 4349 2054 4410 Thidericus
2092 4363 2144 4411 et
2173 4354 2412 4410 Ricdach
2439 4354 2776 4410 marchioncs
2808 4352 3052 4425 praeclari
3082 4349 3353 4404 obierunt.

613 4472 734 4527 986.
786 4469 912 4526 Otto
955 4483 1052 4524 rex
1103 4467 1277 4522 adhuc
1326 4462 1581 4534 puerulus

542 4580 664 4620 cum
740 4577 936 4634 magno
998 4560 1236 4618 exercitu
1306 4557 1580 4613 Saxonum

540 4657 687 4712 venit
717 4656 770 4711 in
800 4654 1088 4719 Sclaviam,
1132 4653 1310 4721 ibique
1342 4650 1490 4705 venit
1515 4648 1581 4703 ad

543 4765 664 4804 eum
713 4747 912 4802 Misaco
947 4762 1067 4799 eum
1119 4743 1455 4799 multitudine
1501 4742 1581 4796 ni-

546 4841 674 4904 mia,
706 4839 1004 4907 obtulitqne
1036 4838 1084 4891 ei
1112 4841 1274 4889 unu‘m
1317 4834 1579 4889 eamelum

544 4940 599 4983 et
644 4929 747 4983 alia
792 4927 947 4981 xenia
992 4925 1181 4989 multa,
1226 4933 1279 4976 et
1317 4938 1375 4977 se
1409 4924 1583 4990 ipsum

544 5020 707 5073 etiam
740 5015 975 5073 subdidit
1010 5013 1259 5078 potestati
1289 5012 1447 5066 illius.
1483 5008 1584 5077 Qui

1721 4465 1845 4521 986.
1897 4466 2021 4523 Otto
2066 4483 2159 4523 rex
2214 4462 2406 4523 adhuc
2435 4468 2689 4538 puerulus

2826 4473 2949 4529 986.
2997 4471 3124 4527 Otto
3189 4483 3283 4522 rex
3334 4483 3469 4539 puer
3512 4465 3748 4525 Bohemios

1650 4570 1774 4611 cum
1828 4572 2023 4628 magno
2092 4557 2334 4612 exercitu
2411 4557 2688 4612 Saxonum
2758 4564 3010 4627 vastavit,
3040 4571 3121 4619 set
3150 4559 3502 4615 Misichonem
3526 4573 3631 4617 cum
3652 4568 3743 4609 mu-

1652 4648 1916 4717 perrrexit
1970 4648 2020 4703 in
2070 4646 2356 4713 Sclaviam,
2397 4649 2575 4720 ibique
2624 4649 2691 4703 ad
2759 4651 2978 4707 neribus
3005 4647 3217 4703 obviam
3246 4645 3507 4715 suscepit.

1649 4755 1772 4793 eum
1816 4739 1964 4795 venit
2010 4739 2248 4795 Misacho
2286 4754 2407 4793 cum
2450 4739 2694 4794 multitu-

1650 4828 1774 4883 dine
1821 4829 2023 4895 nimia,
2078 4828 2375 4899 obtulitque
2426 4830 2475 4883 ei
2528 4845 2693 4884 unum

1655 4918 1918 4969 eamelum
1965 4924 2020 4968 et
2070 4914 2171 4968 alia
2216 4915 2370 4968 xenia
2422 4914 2606 4977 multa,
2641 4929 2700 4969 se

1655 5005 1830 5073 ipsum
1900 5004 2065 5058 etiam
2138 5003 2376 5057 subdidit
2443 5004 2694 5073 potestati
