3944 6436
165 380 251 439 ὅθί

262 483 416 544 ANN.
448 481 1110 542 HILDESHEIMENSES.

735 374 825 431 ET
858 371 1211 431 LAMBERTI
1249 368 1827 430 ASCHAFNABURG.
1866 366 2051 427 PARS
2090 370 2371 429 ALTERA
2405 370 2735 431 GENUINA.

1400 478 1559 536 ANN.
1600 478 2112 548 QUEDLINBURG.

1258 593 1461 652 Eodem
1481 610 1624 652 anno
1638 594 2029 652 monasterium
2047 594 2101 649 in
2126 602 2309 650 monte

3308 370 3417 429 522

2499 480 2849 541 LAMBERTI
2887 483 3226 545 ANNALES.

392 683 712 741 occidentali
765 668 1182 756 Quedelingensi
1241 683 1296 740 in
1356 685 1562 740 honore
1615 692 1819 741 sancta:
1873 685 1971 740 Dei
2027 684 2306 755 genitricis
2363 682 2546 741 llarize
2573 723 2589 746 .
2646 683 2719 741 ob
2780 683 3172 741 monimentum

392 782 535 839 unici
585 789 639 836 et
686 781 867 837 dilecti
926 781 1170 853 germani
1218 780 1406 838 fratris
1438 781 1563 848 sui,
1596 781 1695 838 sub
1742 781 2001 854 religione
2036 782 2235 854 regulae
2269 781 2444 838 sancti
2485 780 2762 837 Benedicti
2792 797 2824 838 a
2869 782 3173 851 Mechtilde,

394 876 659 950 imperiali
686 893 899 948 gemma
929 885 985 932 et
1010 876 1143 943 tilia,
1173 877 1572 934 studiosissime
1605 887 1975 935 constructum
2000 888 2106 935 est.
2146 878 2237 935 lda
2276 894 2492 952 quoque
2535 878 2733 952 regalis
2776 879 3015 949 domina,
3045 896 3176 938 con-

390 984 603 1042 tectalis
628 981 878 1050 Liudolll,
909 981 1003 1039 tilii
1033 983 1214 1055 magni
1241 981 1455 1040 Ottonis
1484 982 1855 1053 imperatoris.
1889 982 2047 1038 obiit.

222 1081 341 1138 987.
388 1079 589 1134 lterum
638 1074 884 1131 Saxones
924 1073 1192 1131 Sclaviam

159 1182 382 1238 vastant,
410 1171 553 1227 unde
599 1169 675 1226 illi
719 1166 1005 1238 compulsi,
1053 1167 1196 1238 regis

161 1262 335 1320 ditioni
359 1277 418 1318 se
443 1260 699 1325 subdunt,
722 1267 778 1316 et
797 1257 1016 1315 castella
1037 1255 1194 1326 juxta

161 1357 361 1413 Albiatn
383 1362 783 1410 restaurantur.
808 1349 959 1421 Aque
982 1362 1198 1420 quoque

159 1449 521 1514 exundabant;
554 1444 904 1500 nihilominus
929 1450 984 1496 et
1005 1449 1198 1496 ventus

160 1542 301 1616 plura
331 1541 544 1599 edificia
572 1530 788 1596 stravit.

223 1655 341 1713 988.
385 1653 618 1711 Eslatis
660 1653 840 1709 fervor
883 1652 1084 1708 nimius
1133 1666 1200 1708 ac

164 1746 467 1816 repentinus
496 1743 571 1799 ld.
595 1742 720 1800 Julii
765 1758 938 1814 usque
966 1741 1041 1796 Id.
1081 1741 1196 1797 Au-

161 1837 289 1906 gusti
339 1837 735 1893 immanissime
793 1836 1217 1902 exardesceus,

163 1928 330 1997 fruges
355 1929 679 1999 absumpsit.
711 1927 829 1985 Rex
859 1927 912 1983 itt
942 1926 1202 2000 Engilen-

167 2021 296 2077 beim
326 2021 540 2077 Pascha
568 2019 879 2077 celebravit.

226 2112 345 2168 989.
412 2110 752 2181 Theophanu
836 2109 1202 2180 imperatrix',

165 2214 325 2258 mater
348 2192 519 2276 regis,
548 2203 775 2259 Romam
813 2203 1075 2274 perrexit,
1103 2202 1205 2258 ibi-

166 2309 259 2364 que
286 2296 519 2351 natalem
552 2293 764 2350 Domini
811 2292 1128 2360 ceiebravit,
1153 2303 1209 2351 et

166 2398 365 2441 onmem
395 2385 679 2457 regionem
711 2383 825 2456 regi
850 2384 1111 2442 subdidit.
1141 2385 1210 2441 Et

168 2477 341 2530 eodem
398 2492 552 2534 anno
613 2475 861 2548 Osdagus
920 2475 1208 2548 episcopus

170 2566 310 2621 obiit.

235 2656 353 2712 990.
380 2655 668 2729 Gerdagus
693 2655 980 2713 ordinatur
1006 2668 1217 2727 eptsco-

177 2839 405 2897 Saxones
440 2840 731 2898 Abotritos
772 2841 858 2896 bis
906 2839 1095 2913 grandi
1139 2839 1217 2895 ir-

177 2932 405 3004 ruptiotte
433 2933 750 2987 vastabant.
804 2930 956 2991 Multi
1001 2946 1221 3002 quoque

1335 1073 1459 1129 987.
1499 1072 1744 1130 Saxones
1792 1073 2063 1130 Selaviam
2116 1072 2310 1128 iterum

1265 1143 1625 1214 invaserunt,
1685 1153 1741 1214 et
1792 1147 1861 1198 ad
1911 1142 2158 1199 ultimum
2214 1143 2315 1214 ipsi

1263 1213 1446 1285 Sclavi
1494 1214 1636 1285 regis
1672 1213 1863 1269 ditioni
1912 1213 2318 1285 subduntur,’et

1263 1284 1482 1340 castella
1512 1283 1669 1352 juxta
1703 1285 1916 1340 Albium
1965 1283 2166 1338 flumen
2216 1285 2317 1338 de—

1264 1370 1372 1410 nuo
1394 1365 1696 1411 restaurata
1718 1364 1863 1411 sunt.
1894 1354 1961 1409 Et
1990 1353 2042 1409 in
2070 1353 2318 1424 proxima

1264 1424 1458 1496 hyeme
1474 1441 1627 1495 aqua:
1650 1427 1875 1480 nimium
1896 1425 2319 1496 inundaverant,

1264 1494 1321 1620 ett
1372 1505 1567 1621 veptus
1620 1496 1811 1569 ingens
1860 1496 2031 1552 multa
2090 1494 2320 1551 aedilicia

1266 1579 1294 1621 ε
1323 1581 1433 1621 ravn
1465 1606 1480 1621 .

1266 1579 1480 1621 suam.

1338 1656 1464 1712 988.
1528 1655 1760 1713 Estatis
1816 1654 2001 1713 fervor
2067 1655 2322 1712 immanis

1265 1761 1405 1819 pene
1443 1755 1669 1804 cunctos
1714 1746 1927 1804 fructus
1960 1747 2320 1819 consumpsit.

1270 1841 1392 1899 Mox
1423 1844 1644 1916 grandis
1690 1844 1995 1901 mortalitas
2040 1844 2320 1902 hominum

1270 1936 1561 1990 subsecuta
1590 1946 1677 1992 est

1340 2094 1465 2153 989.
1499 2093 1737 2152 Cometa:
1770 2106 2158 2167 apparuerunt,
2186 2110 2324 2168 quas

1270 2186 1580 2258 pestilentia
1614 2186 1947 2257 subsequuta
1984 2195 2071 2243 est
2105 2186 2328 2258 grandis

1270 2279 1550 2335 hominum
1587 2288 1645 2334 et
1681 2278 2075 2350 jumentorum,
2113 2287 2169 2337 et
2205 2294 2324 2335 ma-

1274 2372 1421 2429 xime
1478 2372 1663 2427 boum.
1717 2370 1894 2445 Osdag
1944 2387 2163 2445 quoque
2210 2372 2330 2444 epi-

1275 2476 1472 2533 scopus
1500 2461 1750 2528 moritur,
1782 2462 1871 2517 cui
1902 2456 2184 2533 Gerdagus
2208 2475 2330 2518 sue-

1282 2550 1477 2607 cessit.

1353 2640 1481 2699 990.
1512 2640 1743 2714 Eclipsis
1791 2641 1921 2699 solis
1969 2641 2112 2699 facta
2152 2650 2236 2700 est
2271 2641 2341 2698 12

171 2764 263 2820 pus
307 2749 373 2805 14
421 2749 550 2805 Kal.
591 2748 853 2805 Februar.
904 2749 1020 2805 Hoc
1072 2761 1217 2804 anno
1283 2735 1513 2794 Kalend.
1538 2734 1800 2792 Novemb.
1827 2734 1962 2792 hora
1991 2734 2181 2807 quinta
2205 2733 2338 2791 diei.

2453 1070 2578 1127 987.
2625 1069 2959 1128 lterum‘rex
2996 1071 3308 1128 Bohemiam
3341 1072 3429 1129 in-

2386 1166 2571 1235 travit,
2605 1174 2659 1223 et
2695 1180 2817 1224 eam
2863 1167 2934 1223 ad
2973 1168 3300 1226 deditionem
3336 1185 3435 1227 co-

2386 1255 2516 1327 egit.

2459 1659 2582 1718 988.
2610 1659 2837 1718 IEstatis
2866 1660 3046 1718 fervor
3074 1663 3294 1720 nimius.
3328 1661 3441 1718 Ru-

2388 1761 2576 1825 pertus
2598 1751 2847 1809 (192-95)
2865 1754 3302 1825 archiepiscopus
3325 1754 3440 1811 Mo-

2390 1832 2755 1916 gon‘tiacensi‘s
2802 1844 2965 1912 obiit;
3016 1845 3103 1900 cui
3145 1843 3444 1914 Willigisus

2395 1936 2680 1993 successit.

2465 2093 2591 2152 989.
2626 2094 2958 2167 TheOphanu
2990 2096 3306 2168 imperatrix
3337 2096 3446 2153 Ro-

2392 2200 2539 2242 mam
2599 2187 2874 2257 perrexit‘,
2917 2200 3244 2259 omnemque
3291 2185 3442 2242 illam

2398 2277 2673 2349 regionem
2703 2276 2817 2347 regi
2843 2276 3115 2333 subdidit?

2479 2630 2604 2690 990.

177 3025 372 3081 illorum
417 3035 474 3081 et
522 3025 738 3095 penitus
761 3025 1178 3100 nominatissimi
1224 3023 1533 3096 interempti
1563 3028 1712 3088 sunt,
1753 3017 1843 3075 alii
1878 3017 1932 3074 in
1962 3015 2184 3074 ﬂumine
2218 3019 2419 3076 necati.
2454 3018 2700 3078 Saxones
2726 3021 2821 3079 Dei
2856 3024 3029 3095 gratia
3058 3040 3181 3082 cum
3216 3041 3352 3099 pace

178 3127 227 3172 et
254 3117 475 3173 victoria
519 3116 813 3173 redierunt.
845 3118 1083 3173 Misacho
1121 3125 1178 3173 et
1210 3116 1532 3181 Bolizlawo,
1567 3114 1732 3170 duces
1751 3112 2089 3180 Sclavorum,
2115 3111 2372 3184 gravibus
2406 3112 2710 3172 inimicitiis
2730 3115 2876 3172 inter
2896 3133 2955 3175 se
2973 3119 3351 3180 conﬂixerant.

180 3207 241 3263 Et
260 3209 443 3264 eodem
474 3224 625 3264 anno
651 3207 887 3281 eclypsis
910 3209 1055 3269 solis.
1075 3208 1259 3276 fiebat,
1284 3223 1392 3281 quo
1417 3223 1525 3263 non
1551 3205 1761 3262 modica
1781 3205 2215 3278 subsequebatur
2255 3205 2558 3263 mortaiitas
2585 3207 2863 3266 hominum
2892 3220 3057 3284 atque
3075 3213 3354 3286 jumento-

182 3315 288 3356 rum
315 3300 383 3356 12
411 3300 649 3357 Kalend.
676 3300 999 3358 Novembris

242 3444 332 3502 99f
344 3485 359 3502 .
378 3446 722 3519 Tbeophanu
734 3447 1052 3520 lmperatrix
1067 3447 1223 3505 obiit.

182 3532 415 3607 ignisque
438 3538 515 3592 de
538 3536 727 3594 llreno‘
747 3539 1046 3595 ascendens
1070 3538 1227 3595 villas

188 3639 338 3698 pmpe
380 3629 594 3698 positas
650 3629 966 3685 combussit.
1028 3626 1229 3685 Piratae

189 3717 345 3772 etiam
377 3717 649 3775 Staverun
689 3718 835 3790 (196)
865 3720 1231 3791 ίάθρνθάαηάο

191 3818 548 3876 vastaverunt,
576 3809 792 3880 aliaque
832 3810 888 3867 in
929 3811 1086 3866 litore
1111 3809 1233 3868 loca

191 3898 556 3967 perdiderunt.
583 3899 709 3956 Otto
759 3915 855 3957 rex
883 3914 1006 3955 cum
1040 3917 1236 3973 magno

192 3991 426 4045 exercitu
464 3991 745 4047 Saxonum
771 4007 836 4049 ac
864 3992 1239 4064 supplemento

192 4078 421 4140 Misacon
475 4083 871 4156 Brennanburg
924 4085 1134 4140 obsedit
1185 4094 1243 4140 et

191 4170 335 4227 vicit.
371 4173 468 4230 lllo
503 4182 686 4229 autem
715 4174 843 4231 inde
883 4174 1240 4247 digrediente,

196 4256 493 4318 Saxonicus
548 4262 767 4332 quidam
822 4263 957 4319 Kizo
1012 4265 1241 4320 eandem

198 4356 376 4412 urbem
396 4358 734 4415 Liutizorum
760 4359 961 4416 auxilio
986 4358 1246 4415 audacter

198 4448 323 4505 satis
354 4459 549 4507 contra
592 4452 735 4523 regis
773 4452 1060 4521 imperium
1098 4452 1252 4507 inva-

200 4551 288 4610 sit,
318 4552 485 4616 atque
513 4546 895 4614 prmdictorum
929 4544 1247 4600 Sclavorum

200 4634 484 4702 pertinatia
554 4634 842 4689 adversum
897 4634 991 4704 jus
1059 4634 1250 4706 fasque

200 4736 354 4778 omne
381 4723 587 4794 injuste
623 4723 816 4778 ditioni
846 4738 958 4779 sua:
1003 4724 1248 4794 subegit;

204 4811 422 4867 crebras
469 4810 876 4867 latrociniarum
922 4812 1252 4881 irruptiones

204 4899 257 4954 in
282 4901 577 4957 Saxoniam
607 4900 765 4972 juxta
796 4903 1014 4959 Albiam
1049 4902 1249 4958 flumen

207 4992 419 5049 molitus
469 5001 580 5058 est,
622 5009 652 5048 a
698 4994 895 5063 quibus
941 4992 1036 5048 Dei
1076 4994 1253 5064 gratia

210 5093 310 5135 non
358 5082 580 5150 victor,
636 5083 757 5154 sed;
782 5084 947 5139 veluti
1000 5083 1256 5155 fugitivus

210 5172 397 5242 pretio,
427 5173 694 5232 latitando
723 5174 931 5246 aufugit

1367 3442 1491 3499 99l.
1515 3438 1849 3511 Theophanu
1876 3435 2189 3508 imperatrix
2216 3449 2339 3491 eum

2483 3434 2947 3512 99L'l‘heopbanu
2973 3442 3288 3515 imperatrtx
3302 3451 3457 3507 oniit.

1293 3531 1406 3587 filio
1441 3545 1540 3585 suo
1579 3529 1909 3610 imperatore
1948 3524 2119 3610 tertio
2145 3524 2345 3610 Ottone
2410 3531 2558 3606 Ignis
2589 3534 2657 3590 de
2694 3535 2847 3593 Rem,
2881 3542 3152 3610 ascendit,
3203 3554 3260 3602 et
3311 3546 3464 3605 vinas

1295 3609 1552 3704 paschale
1602 3608 1808 3704 ft’flum
1855 3602 2345 3704 ίητροτίθίίῂέιίξνξθ
2415 3602 2693 3698 proximas
2746 3629 3065 3704 absumpsit;
3121 3602 3465 3698 Sotehardus

1297 3700 1440 3771 apud
1465 3696 1948 3767 Quedelingensem
1971 3691 2182 3764 peregit
2215 3691 2348 3747 civi-

2417 3717 2717 3775 monachus
2745 3718 2922 3780 factus
2948 3733 3050 3780 est.

1297 3796 1496 3852 tatem;
1527 3784 1619 3840 ubi
1649 3785 1813 3840 etiam
1855 3781 2099 3837 marehio
2141 3779 2348 3837 Tusca-

1306 3894 1499 3934 norum
1521 3876 1677 3949 Hugo
1706 3883 1762 3931 et
1789 3875 1897 3931 dux
1931 3872 2283 3930 Sclavonicus
2309 3871 2500 3929 Misieo
2524 3886 2647 3929 cum
2690 3876 2905 3932 caeteris

1308 3973 1540 4043 Europae
1568 3970 1761 4042 primis
1797 3968 1997 4024 ibidem
2025 3965 2422 4023 conﬂuentibus
2458 3963 2684 4034 aﬂuere,
2713 3967 2781 4023 ad
2811 3967 2908 4024 ob-

1308 4064 1558 4136 sequium
1599 4060 1935 4133 imperatorii
1985 4059 2232 4126 honoris,
2275 4074 2398 4132 qua:
2443 4059 2668 4130 quilibet
2706 4061 2909 4132 pretio.

1309 4157 1527 4212 sissima
1561 4157 1902 4226 possederat,
1938 4168 2035 4225 pro
2065 4152 2242 4208 xeniis
2284 4149 2610 4220 deferendo;
2642 4166 2674 4208 e
2710 4153 2908 4224 quibus

1311 4246 1500 4303 Misico
1548 4247 1749 4317 aliique
1794 4259 1956 4317 quam
2004 4244 2223 4315 plurimi
2270 4243 2568 4301 honorifice
2619 4245 2803 4300 donati
2851 4247 2909 4303 in

1312 4340 1547 4410 patriam
1577 4339 1878 4394 redierunt.
1925 4336 2080 4408 Hugo
2118 4351 2251 4393 vero
2277 4351 2400 4392 cum
2437 4335 2625 4391 eadem
2672 4337 2909 4408 impera-

1317 4432 1455 4487 trice
1496 4429 1715 4501 ﬁlioque
1764 4443 1885 4494 suo,
1934 4442 2261 4499 quocunque
2304 4428 2456 4498 regni
2482 4427 2566 4483 vel
2598 4428 2915 4499 imperando

1316 4521 1404 4597 vel
1437 4522 1669 4593 regendo
1708 4518 2150 4589 proficiscuntur,
2184 4519 2499 4575 famulandu
2541 4520 2914 4590 prosequitur,

1317 4630 1491 4683 usque
1518 4614 1646 4668 dum
1677 4598 1980 4683 Nium'agon
2009 4619 2325 4683 perventum
2362 4619 2464 4667 est.
2491 4610 2567 4666 lbi
2605 4626 2757 4681 ergo,
2786 4612 2913 4667 dum

1318 4707 1554 4777 quadam
1586 4703 1745 4775 quasi
1773 4703 2033 4773 compede
2063 4711 2234 4759 totum
2280 4716 2379 4760 sua
2419 4702 2624 4758 ditione
2665 4702 2916 4774 colligas-

1319 4807 1405 4854 set
1434 4797 1744 4867 imperium,
1772 4795 2104 4867 Tbeopbanu
2130 4794 2281 4867 (197)
2312 4794 2631 4866 imperatrix
2661 4808 2916 4851 consum-

1320 4897 1467 4945 mato
1506 4889 1559 4944 in
1592 4887 1747 4944 bonis
1772 4888 1896 4943 vitat
1929 4903 2040 4944 sua:
2064 4902 2245 4951 cursu,
2276 4889 2413 4959 proh
2450 4887 2633 4944 dolor!
2663 4879 2805 4959 quod
2834 4897 2921 4947 est

1324 4979 1634 5038 miserabile
1690 4980 1868 5047 dictu,
1930 4979 2222 5035 immatura
2278 4980 2591 5036 dissolvitur
2639 4988 2814 5037 morte
2852 4981 2919 5036 Π

1328 5071 1447 5126 Kal.
1477 5070 1644 5139 Julii;
1677 5071 1911 5142 indeque
1938 5070 2152 5143 lugubri
2195 5071 2564 5143 imperatoris,
2592 5111 2610 5138 ,
2649 5070 2746 5126 [iiii
2776 5071 2924 5128 scili-

1326 5175 1414 5220 cet
1442 5164 1549 5231 sui,
1569 5172 1999 5234 caeterorumque
2021 5178 2241 5219 suorum
2260 5163 2495 5219 fidelium
2516 5163 2774 5219 comitatu
2796 5178 2921 5220 eve-

1327 5261 1438 5318 cta,
1466 5254 1535 5309 ad
1562 5255 1752 5309 urbem
1792 5253 2034 5309 defertur
2058 5252 2434 5325 Agrippinam,
2479 5254 2642 5324 inque
2688 5252 2922 5309 ecclesia

1327 5344 1499 5399 sancti
1532 5342 1884 5399 Pantaleonis
1913 5344 2192 5415 martyris,
2224 5354 2285 5399 ut
2313 5345 2429 5416 ipsa
2464 5345 2797 5410 decreverat,
2828 5342 2927 5399 sti-

1324 5442 1491 5504 pante
1510 5433 1906 5505 episcoporum,
1936 5433 2323 5491 monachorum
2349 5433 2727 5506 virginumque
2751 5442 2922 5500 cmtu,

313 5639 539 5711 192-95)
561 5636 816 5709 Ruperat:
852 5665 926 5680 —-
970 5632 1215 5693 successit
1262 5647 1325 5694 ex
1384 5633 1522 5691 Ann.
1574 5629 1842 5700 Hildesln,
1884 5648 1915 5689 ι
1954 5631 2080 5691 975.

316 5715 441 5786 ltiti)
470 5712 531 5786 l_u
554 5711 759 5767 Frisia.

288 5759 441 5857 ξίῧῆ
470 5759 577 5846 Ϊὴξ
603 5759 768 5853 alii;
803 5795 914 5837 suae
945 5794 1106 5837 cursu
1136 5778 1323 5836 desunt
1355 5779 1407 5836 l.
1439 5776 1731 5834 Leibaitius
1762 5789 1824 5831 ea
1859 5782 1925 5826 ea:
1947 5764 2076 5823 Chr.
2107 5759 2237 5819 Sex.
2265 5759 2571 5836 supplevit,

539 5898 811 5960 Ρηιιοι..
858 5894 961 5959 3X
971 5895 1070 5962 ιι.

3084 5928 3089 5957 ς
3103 5872 3185 5956 ιτ,
