3944 6388
239 294 360 354 5ίό
811 293 901 350 ΕΤ
936 290 1285 349 ιΑλιΒΕιιτι
1323 289 1831 348 ASCHAFNABUR

1960 290 2130 348 PARS
2171 290 2444 346 ALTERA
2484 291 2811 350 GENUINA.

1449 403 1772 464 ANNALES
1819 404 2483 464 HlLDESllElMENSES.

3409 295 3516 353 526

239 528 566 588 celebravit.
597 528 666 585 Et
695 528 822 585 inde
863 541 895 582 a
947 526 1234 583 nativitate
1289 523 1462 580 sancti
1506 511 1771 578 Johannis
1797 517 2046 592 ba’ptistre
2096 536 2270 591 usque
2304 521 2361 576 in
2391 521 2444 577 5.
2474 521 2552 577 Id.
2603 521 2926 580 Novembris
2973 539 3112 596 pene
3156 540 3255 598 per
3295 541 3512 586 omnem

236 621 490 677 aestatem
520 625 574 675 et
619 625 937 673 autumnum
966 616 1184 672 siccitas
1218 614 1383 669 nimia
1414 622 1470 668 et
1498 612 1680 668 fervor
1713 611 1949 667 inmanis
1975 609 2108 679 fuit;
2139 612 2210 666 ita
2235 621 2296 668 ut
2343 613 2770 670 innumerabiles
2811 614 2991 687 fruges
3032 632 3138 672 non
3169 622 3521 690 pervenirent

237 717 314 772 ad
346 691 750 783 temporancam
778 708 1149 764 maturitatem
1198 716 1417 776 propter
1453 704 1582 759 solis
1629 704 1910 768 ardorem;
1941 713 2048 772 Quo
2090 717 2196 758 non
2225 703 2498 759 modicum
2528 704 2964 776 subsequebatur
3003 705 3194 778 frigus,
3235 719 3289 765 et
3322 727 3519 782 magna

234 809 342 864 nix
373 807 589 873 cecidit,
613 818 916 876 magnaque
945 802 1114 873 pestis
1135 799 1294 856 simul
1346 808 1401 855 et
1435 797 1737 870 mortalitas
1784 796 2062 852 hominum
2093 803 2255 865 atque
2276 795 2650 867 iumentorum
2679 799 2880 854 evenit.
2906 799 2972 854 Et
2997 814 3062 855 eo
3089 816 3233 856 anno
3275 801 3521 860 Saxones

237 905 423 960 tribus
445 902 656 957 vicibus
693 897 1092 970 expeditionem
1121 902 1452 967 paraverunt
1501 894 1554 948 in
1585 891 1829 958 Sclavos,
1855 898 1911 946 et
1944 889 2075 944 nihil
2111 889 2493 959 profecerunt;
2529 906 2560 946 e
2595 901 2784 948 contra
2823 891 3002 948 Sclavi
3041 897 3236 951 crebris
3266 896 3522 967 (212)1a-

236 997 484 1054 trociniis
525 992 816 1051 Samnium
851 989 1167 1060 fatigabant.

774 1079 1130 1156 ANNALIUM
1164 1093 1936 1153 WEISSEMBURGENSIUM
1975 1089 2469 1152 CONTINUATIO.
2495 1095 2659 1151 ANNI
2683 1097 2950 1154 985-1117

309 1199 438 1257 985.
480 1196 605 1253 Otto
635 1193 764 1258 dux,
792 1191 935 1255 (ilius
961 1189 1236 1246 Cuonradi
1275 1189 1450 1256 ducis,
1481 1187 1625 1243 istud
1668 1201 1829 1242 ceno-
1853 1191 1907 1251 Α
2005 1184 2186 1240 1018..
2207 1185 2554 1258 Swidegerus
2583 1203 2721 1259 papa
2758 1190 2922 1258 obiit;
2963 1191 3048 1247 cui
3093 1191 3280 1264 Puppe
3310 1195 3522 1268 episco.

230 1291 417 1354 bium,
449 1292 500 1344 id
523 1296 608 1342 est
637 1282 992 1352 Wieenburg,
1023 1280 1074 1334 vi
1105 1279 1323 1346 invasit,
1349 1279 1467 1334 loca
1491 1276 1788 1340 distribuit.
1931 1290 2033 1350 pus
2064 1275 2352 1333 Brissanus
2383 1281 2666 1336 Successit.

308 1383 438 1439 986.
477 1375 786 1434 Baldericas
822 1373 1091 1444 episcooas
1140 1370 1268 1426 obiit
1338 1368 1682 1440 lRuoppertus
1723 1366 1831 1437 epi-

229 1490 432 1545 scOpus
466 1471 761 1527 ordinatur.

310 1567 440 1623 989.
482 1561 809 1620 Gisilharius
865 1559 1038 1616 abbas
1076 1557 1234 1618 obiit.
1262 1557 1350 1613 cui
1398 1553 1659 1612 Gerricus
1707 1567 1830 1610 sue-

230 1657 427 1714 cessit.

304 1751 436 1806 995.
475 1745 726 1820 Synodus
752 1746 923 1816 Aquis
949 1746 1086 1801 facta
1111 1759 1209 1815 per
1231 1742 1595 1808 Dominicum,
1629 1740 1831 1797 Roma-

227 1859 323 1900 παι
353 1841 614 1898 :ccelesire
639 1841 951 1912 episcopum
981 1839 1153 1911 (215).

309 1933 474 1988 1000.
510 1930 770 2002 Adelgeid
797 1930 1117 2001 imperatrix
1143 1929 1299 1985 obiit.

310 2023 477 2078 1001.
516 2021 776 2078 Gerrieus
813 2020 1095 2076 abbaciam
1143 2019 1396 2084 reddidit,
1448 2027 1502 2075 et
1533 2017 1829 2091 Sigebodo-

230 2133 368 2173 nem
398 2115 584 2188 elegit.
1093 2111 1096 2114 ’
1527 2121 1534 2126 ’

217 2235 220 2238 ~
307 2210 473 2266 1002.
515 2209 642 2266 Otto
677 2207 869 2263 tertius
911 2207 1204 2277 imperator
1233 2204 1390 2270 obiit,
1413 2203 1498 2260 cui
1543 2202 1830 2259 lleinricus

231 2301 528 2359 successit.
565 2299 832 2371 Sigebodo
858 2297 1029 2355 abbas
1053 2299 1208 2364 obiit,
1235 2296 1322 2354 cui
1345 2295 1675 2351 Luithardus
1700 2310 1826 2352 suc-

227 2392 426 2450 cessit.

306 2485 476 2540 1004.
528 2485 831 2541 Waltherus
882 2484 1155 2555 episcopus
1208 2481 1506 2537 ordinatur.
1561 2479 1829 2538 Monaste«

231 2579 384 2634 rium
419 2578 561 2634 istud
590 2579 936 2634 combustum
967 2585 1071 2632 est.

308 2669 474 2724 1007.
515 2669 774 2725 Gerricus
805 2670 926 2740 pius
956 2670 1124 2724 abbas
1153 2669 1308 2724 obiit.

308 2763 476 2819 1009.
515 2762 661 2818 Brun
690 2764 978 2834 episcOpus
1007 2764 1269 2835 martyrio
1297 2772 1614 2819 coronatur.

311 2854 478 2911 1014.
518 2853 810 2910 lleinricus
839 2854 1028 2910 Romae
1058 2855 1363 2924 appellatus
1400 2864 1484 2910 est
1508 2869 1684 2910 cesar.

311 2945 478 3003 1024.
517 2944 832 3002 Cuonradus
875 2948 1142 3002 secundus
1191 2964 1285 3002 rex
1334 2949 1574 3018 eﬂicitur.
1625 2947 1658 3003 6
1696 2945 1829 3003 Idus

234 3042 374 3113 Sept

315 3133 478 3189 1025.
521 3133 806 3190 lleinricus
842 3133 1140 3205 imperator
1189 3133 1345 3201 obiit,
1376 3134 1462 3190 cui
1513 3133 1830 3192 Cuonradus

231 3225 530 3282 successit.

315 3314 479 3370 1026.
523 3315 762 3372 Domnus
803 3315 1075 3372 Brunicho
1122 3317 1408 3388 presbyter
1431 3327 1488 3375 et
1526 3321 1829 3388 monachus

230 3408 400 3464 obiit.

315 3498 477 3554 1055.
539 3497 854 3556 Dedicatum
899 3507 986 3556 est
1017 3499 1316 3556 oratorium
1373 3501 1546 3557 sancti
1579 3501 1723 3558 Petri
1773 3505 1826 3559 in

236 3590 581 3661 Wizenburg
639 3604 670 3644 a
724 3589 1089 3658 Reginboldo,
1143 3591 1388 3662 Spirensi
1445 3593 1721 3665 episcopo,
1775 3604 1830 3650 et

235 3680 463 3750 eclipsis
494 3681 633 3736 facta
655 3689 739 3736 est
768 3681 822 3736 in
849 3681 1132 3737 nativitate
1162 3681 1556 3751 apostolorum.

317 3772 475 3827 1058.
517 3772 788 3828 Dissentio
812 3771 956 3828 facta
996 3781 1081 3828 est
1110 3774 1176 3830 de
1204 3775 1438 3829 adventu
1489 3775 1703 3831 Domini
1731 3793 1829 3848 per

194 3895 196 3897 ›
230 3860 655 3928 \V’illihelmum,
683 3861 1162 3933 Argentinensium
1191 3863 1525 3935 episcopum.

1853 3899 1900 3963 C

2004 1365 2163 1421 1050.
2207 1365 2448 1423 Domnus
2486 1369 2633 1424 Brun
2691 1371 2962 1428 Tullensis
3012 1373 3300 1447 episcopus
3344 1379 3398 1435 in
3443 1395 3521 1437 se-

1933 1456 2055 1513 dem
2091 1457 2449 1528 apostolicam
2480 1461 2746 1518 elevatur.

2007 1546 2168 1603 1052.
2208 1547 2401 1618 Magna
2443 1549 2667 1607 sinodus
2692 1563 3023 1626 congregata
3062 1566 3147 1613 est
3198 1557 3251 1612 in
3302 1558 3522 1633 Mogon-

1934 1641 2033 1709 tia,
2061 1642 2148 1698 cui
2188 1641 2298 1700 Leo
2343 1658 2481 1714 papa
2527 1655 2580 1701 et
2612 1645 2900 1705 lleinricus
2945 1650 3240 1722 imperator
3263 1657 3522 1725 prteside-

1931 1735 2084 1792 bant.
2110 1755 2115 1762 ·

2003 1830 2162 1886 1055.
2201 1832 2441 1890 Domnus
2471 1831 2638 1904 Brun,
2663 1837 2756 1907 qui
2779 1846 2834 1893 et
2853 1838 2962 1895 Leo
2986 1855 3146 1912 papa,
3176 1858 3299 1898 cum
3324 1857 3521 1917 magna

1932 1939 2098 1980 manu
2129 1925 2465 1983 Francorum
2495 1937 2655 2000 atque
2683 1929 3001 1988 Latinorum
3028 1937 3290 2006 pugnavit
3325 1949 3517 1994 contra

1933 2015 2326 2085 Nortmannos;
2357 2028 2440 2074 set
2468 2021 2570 2076 heu
2593 2035 2694 2093 pro
2718 2021 2910 2079 dolor!
2938 2040 3076 2097 pene
3105 2027 3188 2082 sui
3211 2043 3398 2085 omnes
3429 2031 3524 2084 dc-

1901 2106 2184 2174 ,ciderunt
2226 2111 2548 2182 pugnando,
2583 2121 2638 2167 et
2691 2113 2807 2184 ipse
2849 2117 2940 2170 vix
2989 2117 3206 2174 urbium
3258 2121 3518 2177 monitio-

1933 2214 2001 2255 ne
2028 2199 2198 2272 (214⁸)
2229 2201 2489 2258 salvatus.

2005 2281 2165 2349 1051.
2208 2295 2449 2353 Domnus
2481 2287 2590 2354 Leo
2623 2313 2759 2370 papa
2799 2316 2976 2357 nonus
3003 2302 3140 2359 obiit
3183 2303 3236 2358 in
3278 2303 3518 2361 Christo.

1934 2381 2206 2455 Sigebodo
2233 2385 2508 2456 Spirensis
2537 2390 2823 2460 cpiscopus
2849 2390 3003 2448 obiit.

2005 2476 2164 2533 1055.
2226 2476 2540 2548 Conjuratio
2595 2479 2808 2553 Welphi
2877 2482 3034 2539 ducis
3086 2484 3518 2542 Karendinorum

1857 2545 1906 2608 Β
1933 2575 2126 2624 contra
2153 2545 2562 2638 imperatorem.

2005 2658 2164 2715 1056.
2206 2659 2447 2732 Domnus
2488 2677 2626 2734 papa
2655 2663 3033 2734 Gcbelmrdus,
3081 2667 3172 2737 qui
3223 2679 3277 2723 et
3312 2667 3518 2736 Victor,

1931 2745 2177 2808 Goslaria
2213 2754 2379 2821 venit,
2417 2753 2600 2825 ibique
2627 2754 2915 2813 Hcinricus
2947 2759 3316 2814 Romanorum
3343 2759 3520 2828 impe-

1932 2856 2084 2898 rator
2133 2852 2398 2915 angustus
2449 2845 2642 2903 tertius
2672 2847 2842 2915 obiit;
2907 2848 2995 2903 cui
3052 2847 3338 2907 Heinricus
3378 2850 3522 2907 illius

1932 2935 2049 3007 ejus
2074 2939 2354 2995 successit.

2004 3032 2162 3090 1058.
2207 3023 2497 3092 lleinricus
2527 3051 2711 3094 comes
2742 3037 3040 3106 Palatinus,
3075 3039 3275 3096 mentis
3309 3040 3518 3095 insania

1931 3133 2145 3212 captus,
2176 3135 2456 3184 tonsuram
2493 3139 2546 3185 et
2592 3133 2973 3188 monachicum
3020 3132 3263 3189 habitum
3290 3135 3521 3204 accepit,

1933 3231 1997 3273 ac
2027 3221 2419 3276 monasterium
2451 3221 2664 3279 Gorzia:
2692 3225 2792 3279 sub
2830 3225 3010 3296 specie
3041 3225 3324 3296 religionis
3352 3226 3522 3280 intra-

1930 3311 2045 3378 vit;
2096 3311 2190 3368 sed
2221 3328 2346 3369 eum
2394 3329 2556 3385 quem
2609 3317 2912 3389 ingressum
2943 3318 3070 3372 vitae
3118 3319 3300 3388 posuit
3327 3320 3554 3398 pedcm_

1931 3404 2184 3472 retraxit,
2228 3419 2458 3477 seseque
2489 3409 2542 3463 in
2577 3423 2702 3464 eum
2747 3424 2908 3480 quem
2954 3410 3201 3480 despexit
3258 3413 3525 3490 munduur

1932 3493 2073 3550 male
2101 3510 2268 3552 sanus
2309 3497 2514 3567 injecit,
2547 3499 2771 3570 insuper
2808 3509 2864 3556 et
2893 3501 3142 3557 domnam
3185 3501 3518 3567 Mathildam,

1931 3583 2174 3642 Gozelini
2214 3587 2368 3644 ducis
2395 3589 2585 3656 ﬁliam,
2608 3607 2714 3662 que
2745 3592 2845 3646 sibi
2876 3593 2928 3646 in
2960 3593 3518 3664 matrimoniojuncta

1931 3676 2064 3743 fuit,
2101 3679 2208 3734 heu
2255 3679 2439 3735 infelix
2487 3684 2773 3752 parracida
2818 3685 3070 3753 peremit.
3127 3685 3330 3741 Eodem
3374 3701 3518 3742 anno

1931 3768 2250 3825 Liutboldus
2275 3772 2717 3845 archiepisc0pus
2738 3773 2893 3830 obiit.

2004 3861 2160 3917 1059.
2205 3863 2492 3919 lleinricus
2529 3881 2713 3921 eomes
2756 3875 2950 3922 iterum
2997 3867 3295 3938 penitentia
3327 3868 3520 3925 ductus

313 3951 473 4007 1059.
515 3951 835 4008 Cuonradus
877 3951 1172 4024 imperator
1216 3953 1370 4021 obiit,
1399 3954 1486 4010 cui
1539 3952 1826 4012 lleinricus
1859 3951 1900 3963 “’
1929 3953 2323 4009 monasterium
2362 3955 2638 4027 ingressus
2675 3969 2779 4015 est.

231 4047 386 4102 ﬁlius
422 4047 709 4103 successit.

311 4140 472 4196 1οι12.
513 4139 735 4212 llugarii
765 4155 947 4213 regem
974 4156 1132 4196 suum
1164 4142 1510 4214 expulerunt.

314 4233 477 4289 1015.
525 4233 692 4290 Gisila
744 4233 1062 4304 imperatrix
1119 4234 1275 4290 obiit.
1328 4234 1614 4291 Folmarus
1661 4239 1828 4294 abbas
1889 4276 1892 4278 ν

231 4324 405 4390 obiit,
438 4325 522 4379 cui
578 4323 850 4381 Arnoldus
883 4325 1168 4382 successit.
1210 4325 1498 4384 lleinricus
1530 4343 1624 4385 rex
1653 4329 1829 4401 Agne-

235 4426 352 4470 tem
382 4415 538 4470 duxit
567 4416 831 4486 reginam.

315 4506 474 4561 1044.
520 4507 629 4562 Rex
661 4507 951 4564 lleinricus
989 4524 1112 4564 cum
1160 4511 1405 4566 exercitu
1452 4511 1719 4583 Ungarios
1749 4513 1829 4568 in-

234 4597 388 4653 vasit
416 4607 473 4652 et
495 4597 740 4668 praelium
788 4599 1140 4654 committens
1168 4600 1391 4664 devicit,
1417 4616 1706 4672 regemque
1750 4604 1830 4658 eis

232 4691 504 4748 restituit.
537 4691 594 4746 In
631 4693 748 4763 ipso
773 4691 915 4748 bello
947 4691 1049 4748 fuit
1081 4693 1216 4762 ipse,
1251 4701 1307 4747 et
1336 4693 1692 4750 Gebchardus
1724 4695 1831 4749 Ra-

239 4785 599 4855 (iixponensic
652 4786 971 4857 episcopus,
1019 4796 1076 4842 et
1142 4785 1290 4841 Brun
1361 4785 1831 4859 Wirzeburgensis

238 4877 552 4946 episcopus,
581 4885 636 4931 et
663 4878 844 4931 caeteri
875 4877 1050 4931 multi.

316 4967 476 5023 1045.
516 4967 666 5022 Brun
693 4968 965 5039 episcopus
997 4969 1128 5024 obiit
1156 4970 1328 5042 (2M).

317 5058 481 5116 10.17.
524 5057 812 5116 lleinricus
844 5073 942 5114 rex
987 5073 1312 5117 conventum
1356 5078 1612 5134 magnum
1648 5065 1833 5121 Romae

241 5151 459 5219 habuit,
489 5153 671 5224 ibique
711 5153 954 5225 deiectus
975 5169 1133 5224 papa,
1159 5164 1214 5210 et
1242 5153 1586 5228 Swidegerus
1621 5157 1833 5212 Baben-

2002 4045 2161 4100 1060.
2201 4045 2520 4107 Cuonradus
2561 4051 2846 4122 episcopus
2900 4051 3174 4124 Spirensis
3220 4055 3388 4123 obiit,
3432 4059 3521 4112 cui

1929 4136 2240 4195 Einhardus
2267 4143 2552 4199 successit.

2006 4228 2162 4283 1061.
2201 4229 2392 4287 Cuono
2426 4233 2533 4288 dux
2564 4232 3002 4293 Karendinorum
3035 4239 3190 4296 obiit.
3228 4241 3411 4315 Agnes
3428 4258 3524 4299 vc-

1930 4323 2106 4379 lamen
2135 4325 2424 4382 testimonii
2451 4330 2679 4399 accepit.

2001 4417 2158 4472 1062.
2197 4419 2354 4474 Anno
2391 4419 2726 4480 Coloniensis
2755 4424 3041 4496 episcopus
3082 4444 3264 4499 regem
3301 4429 3523 4486 lleinri-

1930 4524 2052 4564 cum
2086 4511 2246 4565 matri
2270 4512 2562 4584 subripuit,
2580 4529 2808 4586 seseque
2832 4518 2907 4571 illi
2927 4519 3243 4589 magistrum
3260 4521 3523 4592 prmferit.

1932 4600 2136 4656 Eodem
2170 4617 2386 4673 quoque
2415 4619 2559 4660 anno
2585 4604 2814 4662 Romam
2843 4608 3035 4664 directi
3058 4619 3184 4665 sunt
3214 4627 3365 4682 papa:
3394 4612 3524 4676 duo,

1934 4691 2242 4750 Parmensis
2283 4697 2542 4768 epicopus
2588 4708 2643 4754 et
2671 4699 2952 4767 Lucensis,
2995 4701 3138 4758 inter
3175 4719 3315 4774 quos
3355 4720 3527 4774 usque

1935 4785 2000 4839 ad
2037 4787 2316 4856 sanguinis
2345 4787 2663 4844 etfusionem
2699 4799 2964 4846 certatum
2996 4802 3100 4848 est.

2008 4878 2164 4934 1065.
2215 4877 2499 4936 lleinricus
2537 4893 2763 4952 quartus
2809 4889 2862 4939 in
2919 4888 3078 4944 tertia
3131 4887 3266 4946 feria
3313 4891 3527 4959 pasclrrc

1933 4972 2171 5042 gtadium
2203 4973 2374 5029 cinxit
2399 4973 2742 5043 Wormacize,
2779 4977 3126 5038 Heberhardo
3155 4973 3529 5055 archiepisCo-

1936 5079 2002 5134 po
2040 5064 2362 5122 Treverensi
2399 5069 2772 5126 benedicente.

2007 5157 2164 5213 1066.
2215 5157 2438 5215 Cometa
2517 5165 2750 5234 aparuit.
2820 5164 3144 5223 Adalbertus
3213 5141 3528 5227 Breménsis

239 5242 526 5315 bergensis
559 5243 845 5316 episcopus
873 5243 928 5298 in
961 5244 1090 5299 sede
1117 5245 1412 5316 apostolica
1443 5247 1763 5314 collocatur,
1794 5263 1824 5302 a
1858 5254 1906 5315 ι)
1934 5249 2250 5320 episc0pus,
2291 5252 2453 5307 homo
2497 5270 2751 5324 nequam,
2795 5257 3137 5314 consiliarius
3174 5258 3411 5317 Heinrici
3441 5277 3528 5318 re-

243 5353 355 5407 quo
397 5351 495 5392 rex
542 5337 659 5408 ipse
708 5345 988 5408 angustus,
1021 5337 1200 5408 Agnes
1242 5353 1458 5409 quoque
1511 5341 1824 5411 imperatrix

245 5435 374 5482 sunt
409 5427 686 5500 appellati.

323 5558 472 5630 (212)
507 5558 576 5614 H.
629 5576 680 5615 c.
730 5559 768 5613 l.
817 5560 874 5615 S.
906 5561 943 5613 1'.
971 5577 1130 5615 manu
1161 5562 1390 5617 secunda
1435 5563 1487 5617 in
1527 5564 1642 5619 loco
1685 5583 1825 5621 raso.

255 5627 972 5708 NunterusADCCCC-XCIRI.
1002 5649 1162 5708 manu
1187 5635 1395 5701 prima;
1429 5641 1569 5706 (qua:
1599 5637 1721 5708 jam
1748 5655 1827 5695 se-

247 5711 482 5770 qutmtttr
509 5703 726 5759 diversis
753 5703 994 5758 manibus
1025 5704 1217 5775 scripta
1241 5715 1382 5760 sunt.

1934 5344 2035 5413 gis,
2069 5343 2210 5399 inter
2250 5345 2391 5400 mala
2431 5361 2550 5416 quae
2597 5358 2854 5417 operatus
2892 5357 2974 5405 est
3019 5350 3196 5421 plura,
3249 5353 3525 5425 abbatias,

1935 5437 2321 5508 praeposituras
2363 5448 2416 5493 ct
2455 5455 2616 5494 omne
2642 5441 2786 5510 quod
2828 5442 2893 5500 de
2919 5453 3227 5502 sanctorum
3273 5445 3524 5502 domibus

2009 5569 2159 5635 (2l5)
2201 5569 2288 5623 W.
2322 5569 2452 5624 Ηατε
2480 5589 2638 5628 manu
2672 5575 2724 5629 5.

2007 5639 2156 5709 (911)
2201 5639 2366 5694 Manu
2391 5641 2446 5706 4,
2475 5661 2668 5699 comva.

2016 5711 2189 5783 (ill')
2232 5710 2296 5765 Id
2322 5722 2395 5767 est
2422 5715 2738 5772 munitione.
