3918 5326
466 258 571 317 527

1405 249 1657 307 ANNAL.
1697 244 2131 304 HtLoesnEm.
2169 243 2530 312 QL’EDLINB.
2565 230 2979 299 watssanu.‘

3631 240 3727 300 2:25

1390 363 1713 421 ANNALES
1749 355 2509 417 WEISSEMBURGENSES.
2538 354 2603 410 Α.
2644 352 2940 410 967-1147.

461 466 725 529 abradere
750 462 946 536 potuit,
970 476 1083 518 sua:
1112 458 1367 530 nequitia:
1403 456 1706 513 fautoribus
1731 470 1828 525 per
1857 466 2048 509 manus
2076 453 2127 513 Α
2156 449 2296 503 Deus
2333 445 2513 503 dilecti
2562 445 2646 501 sui
2674 442 2890 500 Sebaldi
2935 442 3126 499 merita
3158 455 3255 513 per
3274 450 3541 499 virtutum
3570 458 3732 516 opera

460 565 609 636 regis
632 561 770 619 tradi
797 558 946 624 fecit,
968 558 1193 627 insuper
1231 556 1365 611 duas
1401 553 1656 610 abbacias
1682 549 1965 606 Corbeiam
1995 557 2052 604 et

464 655 780 716 Laurissam
818 652 920 710 sibi
966 648 1289 706 vendicavit.
1327 646 1522 701 Milites
1550 653 1729 699 autem
1762 643 2049 698 Laurissa-

464 748 672 809 mensis
694 744 906 809 abbatis
935 741 1066 797 illud
1090 753 1218 812 egre
1244 737 1481 793 ferentes
1507 734 1675 808 (215),
1704 733 1771 789 ad
1794 733 2050 788 resisten-

466 844 595 898 dum
628 837 958 895 ediﬁcabant
990 832 1338 895 munitiones,
1366 836 1633 899 ponentes
1662 827 1717 881 in
1742 824 1848 879 illis
1869 832 2052 878 custo-

466 933 615 989 dias.
636 929 900 986 Similiter
934 925 1217 997 episcopus
1248 920 1532 994 Mogontizn
1560 916 1867 991 Sigifridus,
1908 924 2052 971 cete-

464 1025 622 1096 rique
685 1018 963 1093 episcopi,
1032 1017 1196 1071 duces
1263 1021 1319 1069 et
1376 1010 1688 1083 principes,
1738 998 2054 1078 omnesque

468 1104 768 1175 sectatores
804 1100 1037 1181 justiciaa
1066 1105 1469 1179 'cousmrautes
1521 1103 1662 1175 apud
1717 1099 2050 1167 Triburiam,

466 1209 668 1266 hortati
703 1216 829 1264 sunt
860 1219 1041 1276 regem
1079 1209 1137 1257 ut
1166 1196 1506 1271 quecumque
1542 1193 1765 1251 consilio
1811 1190 2049 1263 episcopi

467 1315 591 1361 acta
644 1302 873 1358 fuissent
911 1297 1063 1353 irrita
1088 1294 1317 1359 faceret,
1347 1301 1401 1348 et
1429 1293 1497 1347 ab
1517 1304 1583 1345 eo
1608 1276 1881 1349 cessaret;
1909 1283 2052 1355 quod

468 1388 780 1467 episcopum
827 1404 934 1446 non
979 1388 1170 1452 latuit;
1214 1400 1342 1440 nam
1385 1391 1546 1439 nocte
1603 1379 1818 1436 nemine
1872 1391 2053 1449 persc-

470 1497 670 1559 quente
691 1484 921 1556 aufugit.
953 1482 1044 1537 Sic
1070 1495 1165 1551 per
1187 1478 1418 1550 gratiam
1466 1475 1558 1531 Dei
1594 1487 1749 1529 sacer
1784 1469 1871 1526 ille
1904 1468 2055 1525 locus

468 1581 638 1638 sancti
674 1578 886 1634 Nazarii
924 1590 1048 1631 cum
1079 1572 1279 1629 ceteris
1313 1568 1446 1625 locis
1474 1582 1627 1638 equce
1653 1564 1786 1637 legis
1814 1562 2054 1619 salvatus

467 1684 571 1730 est.
604 1670 821 1728 'Eodem
866 1684 1011 1724 anno
1065 1664 1355 1720 Heim-icus
1403 1676 1499 1716 rex
1542 1658 1759 1714 Bertam
1808 1654 2052 1727 reginam

469 1766 643 1831 duxit,
676 1763 892 1820 Ottonis
923 1757 1257 1815 marcltionis
1298 1754 1483 1809 ﬁliam.
1526 1751 1621 1806 Pie
1660 1745 2055 1805 recordationis

2153 539 2356 596 mundo
2386 538 2667 594 revelavit.

2224 629 2383 685 1071.
2426 628 2723 684 Rnodolfns
2751 627 3050 682 Suevorum
3091 626 3199 682 dux
3225 623 3510 699 coniugem
3560 643 3735 695 suam,

2152 737 2314 792 quam
2353 735 2452 791 per
2485 718 2680 773 malum
2721 716 2923 772 famam
2962 714 3179 785 abiecit,
3211 731 3396 772 coram
3426 716 3740 774 Alexandro

2151 824 2290 883 papa
2316 816 2669 881 expurgatam
2697 808 2893 863 iterum
2922 807 3149 877 recepit.
3174 805 3424 862 Monaehi
3451 818 3509 863 et
3531 806 3738 863 familia

2154 900 2494 959 Stabulensis
2521 898 2733 955 ceuobii
2760 898 2971 971 patroni
2992 897 3075 953 sui
3097 899 3273 952 sancti
3298 896 3542 954 liemacli
3583 899 3738 952 auxi»

2152 991 2226 1048 lio
2253 991 2322 1047 de
2347 991 2561 1060 magnis
2586 988 2844 1060 periculis
2879 986 3092 1045 liberati
3120 997 3265 1043 sunt.
3292 986 3484 1058 Magna
3510 988 3739 1043 sinodus

2154 1083 2335 1142 habita
2361 1091 2448 1139 est
2475 1082 2528 1136 in
2559 1080 2856 1151 Mogontia,
2891 1079 2977 1134 cui
3003 1077 3294 1135 lleinricus
3319 1093 3418 1134 rex
3447 1088 3504 1135 et
3529 1077 3743 1134 archic-

2152 1179 2423 1250 piscopus,
2477 1175 2638 1248 legati
2672 1188 2803 1230 vero
2832 1171 3018 1229 domui
3053 1170 3358 1244 apostolici,
3397 1180 3457 1227 et
3494 1172 3742 1227 diversa-

2154 1285 2273 1327 rum
2306 1269 2706 1341 provinciarum
2732 1265 2970 1339 episcOpi
3011 1274 3068 1320 et
3097 1263 3323 1320 abbates
3355 1263 3740 1336 praesidebant.

2153 1361 2229 1419 Ibi
2260 1361 2455 1418 Karlus
2480 1362 2763 1433 episcopus
2783 1356 3254 1416 Constantineusis
3279 1357 3563 1424 ecclesiae,
3607 1370 3743 1410 non-

2155 1455 2282 1512 dum
2314 1464 2494 1512 tamen
2516 1454 2817 1521 ordinatus,
2845 1452 2992 1525 quod
3023 1466 3133 1507 non
3168 1465 3269 1522 per
3298 1449 3500 1506 ostium
3542 1458 3627 1505 set
3650 1463 3745 1521 per

2154 1549 2520 1623 symoniacam
2550 1546 2807 1613 heresim,
2848 1544 2905 1601 id
2939 1552 3025 1601 est
3049 1543 3356 1616 pecuniam,
3389 1540 3444 1597 in
3475 1540 3625 1599 ovile
3666 1540 3745 1595 in-

2158 1641 2405 1709 traverit,
2457 1646 2744 1696 accusatus
2799 1645 2858 1694 et
2911 1636 3233 1703 convictus,
3290 1633 3360 1689 ab
3427 1632 3741 1705 episcopatu

2156 1732 2389 1805 ejicitur.
2425 1730 2550 1789 Otto
2587 1728 2999 1800 Bajuvariorum
3027 1727 3139 1784 dux
3161 1766 3178 1794 ,
3219 1724 3379 1797 quasi
3403 1723 3745 1794 conjnrasset

468 1859 817 1915 libet-bardus
870 1850 1220 1909 Treverensis
1278 1845 1719 1914 archiepiscopus
1772 1840 1939 1906 obiit;
1998 1818 2100 1894 in]

2174 1843 2216 1882 in
2248 1841 2427 1899 regem
2452 1824 2786 1890 Heiuricum,
2815 1821 2991 1879 hostis
3015 1819 3292 1894 judicatus
3319 1828 3426 1886 est,
3474 1826 3534 1874 et
3572 1817 3745 1874 honor

468 1950 624 2019 cujus
646 1949 824 2005 locum
858 1960 981 2001 cum
1008 1943 1213 1999 electus
1242 1949 1385 1997 esset
1415 1937 1620 1998 Cuono,
1650 1932 1887 1990 Coloniae
1912 1944 2054 2002 prae-

426 2056 429 2059 ‘
468 2042 699 2113 positus,
749 2036 930 2110 pepuli
976 2034 1339 2089 Treverorum
1384 2028 1726 2100 indignantes
1768 2023 2069 2080 noluerunt-

466 2112 592 2186 eum
635 2128 930 2198 suscipere,
985 2125 1078 2180 sed
1127 2136 1323 2193 magna
1363 2134 1527 2175 manu
1572 2123 1911 2171 armatorum
1946 2112 2058 2169 col-

468 2225 609 2279 lecta
641 2231 802 2276 nocte
853 2233 978 2274 eum
1030 2213 1295 2287 aggressi,
1346 2225 1536 2268 omnes
1578 2208 1681 2265 sibi
1741 2207 2058 2263 resistentes

468 2318 884 2385 percusserunt,
940 2310 1116 2380 ipsum
1176 2306 1436 2361 domuum
1504 2310 1560 2358 et
1610 2299 1754 2373 regis
1806 2299 2054 2363 missum,

470 2406 782 2478 Spirensem
837 2403 1149 2475 episcopum
1196 2396 1532 2465 Enhardum,
1582 2408 1878 2464 omnesque
1920 2390 2058 2462 opti-

469 2514 587 2556 mos
625 2508 681 2555 et
721 2511 806 2554 res
867 2509 1058 2551 eorum
1096 2508 1280 2550 secum
1330 2492 1623 2556 duxerunt,
1675 2496 1730 2543 et
1778 2484 1900 2542 non'
1935 2493 2060 2556 post

467 2591 628 2663 longe
659 2589 971 2662 Spirensem
1002 2586 1315 2658 episc0pum
1337 2592 1391 2639 et
1420 2596 1547 2637 suos
1573 2576 1812 2635 libertati
1842 2576 2054 2640 dantes,

468 2682 755 2757 praefatum
786 2681 1057 2739 seniorem
1094 2677 1407 2736 Cuonoucm
1452 2670 1750 2730 miserabili
1789 2677 2061 2725 tormento

468 2775 575 2831 heu
619 2773 863 2830 infelices
886 2778 1294 2845 percusserunt.
1323 2767 1519 2825 Comes
1550 2761 1935 2828 Willibelmns,
1966 2760 2059 2832 qni

471 2876 528 2923 et
554 2867 830 2934 Bastbart,
860 2865 1296 2937 Anglossaxones
1319 2868 1373 2916 et
1401 2872 1581 2930 regem
1602 2855 1813 2912 illorum
1840 2853 2057 2920 occidit,

470 2977 808 3036 regnumque
835 2961 1089 3019 obtinuit.

542 3076 703 3135 1067.
745 3076 827 3143 Ad
882 3074 1228 3149 sepulchrum
1278 3069 1552 3129 Cuononis
1601 3064 1861 3140 martyris
1894 3062 2059 3137 plura

470 3168 614 3225 Deus
642 3166 1029 3224 misericordiae
1061 3178 1174 3221 suae
1211 3176 1379 3234 sygua
1418 3158 1564 3231 cepit
1601 3156 1838 3228 operari.
1895 3153 2061 3210 lleiu-
2087 3171 2135 3236 ο

471 3258 679 3315 bardus
733 3256 1010 3329 Spirensis
1061 3255 1347 3328 episcopus
1416 3249 1585 3315 obiit,
1644 3247 1732 3304 cui
1773 3244 2063 3302 Heinricus

430 3346 435 3351 ’
471 3351 751 3411 successit.
784 3349 1109 3408 Godefridus
1169 3346 1553 3404 Loutariorum
1593 3342 1704 3398 dux
1749 3339 2065 3412 periclitan-

476 3455 584 3502 tem
610 3445 840 3502 Romam
881 3452 936 3502 et
976 3443 1212 3500 hostium
1258 3441 1510 3497 incursus
1554 3436 1835 3493 timentem
1875 3432 2063 3491 defen-

474 3537 608 3595 dere
647 3537 904 3593 mittitur.

549 3648 705 3706 1068.
744 3646 914 3725 Aqua:
960 3644 1374 3703 inundaverunt.
1412 3643 1605 3715 Magna
1636 3649 1692 3697 et
1742 3648 1871 3697 ante
1908 3638 2064 3695 inau-

444 3730 586 3797 "dita
611 3734 875 3798 sterilitas
901 3738 1012 3795 vini
1041 3746 1096 3794 et
1125 3738 1267 3809 pomi
1300 3736 1442 3793 facta
1461 3743 1566 3792 est.

550 3854 708 3911 1069.
749 3854 986 3926 hyemps
1013 3867 1209 3923 magna
1240 3860 1295 3907 et
1323 3852 1537 3920 aSpera,
1568 3857 1623 3904 et
1647 3863 1741 3903 rex
1771 3846 2063 3903 Heinricus

475 3946 739 4003 barbaros
810 3953 964 4001 trans
1032 3944 1245 4014 Alpiam
1301 3942 1501 3997 flumen
1553 3941 1878 3997 constitutos
1939 3955 2063 3995 cum

475 4036 718 4093 exercitu
747 4036 962 4101 invasit,
987 4036 1244 4107 populum
1284 4033 1510 4088 multant
1546 4032 1767 4098 occidit,
1814 4032 2065 4087 civitates

478 4128 770 4196 destruxit,
801 4126 924 4183 fana
955 4140 1080 4181 cum
1111 4123 1459 4179 simulachris
1496 4123 1797 4187 succendit,
1838 4121 2065 4193 captivi-

478 4227 644 4276 tatem
668 4233 918 4292 magnam
949 4232 1074 4273 cum
1103 4215 1330 4271 victoria
1357 4214 1672 4284 reportavit.
1698 4213 1896 4269 Eodem
1921 4228 2065 4268 anno

477 4311 633 4377 Dedi,
678 4310 922 4367 marchio
959 4307 1285 4375 Saxonicus,
1338 4307 1539 4364 levavit
1594 4320 1812 4360 manum
1873 4314 2064 4361 contra

477 4418 680 4475 regem,
730 4411 786 4459 et
834 4398 1002 4459 nichil
1045 4401 1349 4474 praevaluit.
1382 4400 1646 4458 Adalheid
1678 4399 1874 4470 conjux
1919 4398 2067 4453 Ruo-

2155 1917 2273 1990 ejus
2292 1918 2358 1972 ad
2377 1917 2512 1973 alios
2538 1915 2852 1972 translatus.

2227 2013 2385 2071 1072.
2425 2006 2715 2084 Sigifridus
2745 2007 3031 2080 Mogontiaa
3056 2005 3524 2077 archiepiscopus,
3550 2002 3745 2059 ductus

2156 2113 2405 2186 spriritu,
2427 2110 2717 2167 Clunicnse
2741 2107 3028 2166 ceuobium
3055 2106 3333 2177 ingressus
3361 2111 3479 2171 est;
3508 2103 3630 2174 qui,
3657 2117 3742 2156 re-

2158 2205 2352 2262 ductus
2372 2219 2403 2259 a
2426 2203 2659 2269 civibus,
2686 2202 2740 2257 in
2770 2207 3039 2258 voto‘non
3064 2197 3386 2270 permansit.

2230 2296 2390 2354 1073.
2432 2294 2718 2351 lleinricus
2768 2307 2865 2348 rex
2922 2306 3047 2347 cum
3097 2290 3151 2345 in
3188 2287 3374 2344 multis
3430 2284 3746 2343 oﬂ'endisset

2157 2394 2430 2467 principes
2453 2391 2603 2462 regni
2633 2388 2768 2460 ejus,
2804 2386 3038 2443 oderant
3072 2398 3195 2441 eum
3216 2422 3235 2449 ,
3273 2381 3402 2452 quin
3433 2380 3608 2437 immo
3638 2388 3745 2436 tota

2159 2486 2398 2542 Saxonia
2421 2482 2576 2553 quasi
2599 2483 2684 2538 vir
2708 2495 2849 2535 unus
2873 2477 3104 2535 recessit
3123 2476 3191 2532 ab
3206 2489 3277 2531 eo
3302 2481 3359 2531 et
3380 2471 3692 2531 rebellavit.

2231 2576 2388 2633 1074.
2433 2573 2720 2630 lleinricus
2745 2585 2842 2628 rex
2890 2575 3280 2639 coaugustatus
3331 2565 3518 2635 nimis,
3573 2563 3747 2620 oravit

2161 2669 2448 2726 Dominum
2478 2666 2706 2731 intente,
2743 2662 3102 2735 promisitque
3132 2657 3513 2732 penitentiam,
3555 2666 3615 2715 et
3660 2674 3744 2716 re-

2160 2777 2326 2835 gnum
2362 2761 2480 2833 cjus
2509 2760 2890 2817 conﬁrmatum
2921 2764 3024 2813 est.
3060 2754 3263 2812 Eodem
3299 2767 3443 2809 anno
3485 2752 3747 2824 dissipata

2159 2864 2285 2911 sunt
2314 2851 2537 2909 castella
2561 2865 2683 2922 qua:
2705 2865 2800 2906 rex
2828 2847 2958 2905 fecit
2983 2849 3037 2903 in
3061 2844 3448 2903 oil'endiculum
3476 2842 3744 2900 Saxoniaa.

2160 2948 2277 3020 Ipse
2303 2955 2389 3003 cst
2416 2961 2513 3001 rex
2542 2943 2860 3011 Heinricus,
2891 2941 2983 3014 qni
3012 2941 3236 2997 excluso
3270 2939 3532 3011 episcopo
3566 2938 3747 2996 sedem
3843 2996 3849 3003 ,

2159 3040 2260 3097 sibi
2291 3038 2421 3096 fecit
2438 3034 2782 3095 Wormaciaz.

2236 3131 2395 3188 1075.
2420 3128 2706 3186 ileinricus
2730 3141 2824 3182 rex
2854 3125 3161 3181 universam
3188 3121 3341 3193 regni
3371 3121 3454 3178 sui
3479 3119 3750 3178 contraxit

2163 3224 2434 3291 militiam,
2496 3224 2768 3296 ingentem
2820 3219 3034 3277 scilicet
3090 3217 3426 3283 exercitum,
3477 3222 3538 3271 et
3598 3212 3749 3284 juxta

2166 3317 2391 3375 Unstrot
2418 3314 2641 3370 fluvium
2667 3312 2867 3370 bellum
2893 3310 3072 3367 intulit
3098 3308 3436 3374 Saxonibus;
3467 3307 3543 3364 ibi
3572 3306 3751 3363 multis

2164 3409 2383 3466 milibus
2427 3408 2702 3476 utrimque
2748 3402 3113 3473 interemptis,
3158 3416 3254 3457 rex
3307 3400 3529 3455 tandem
3579 3398 3751 3455 victor

2132 3520 2136 3525 ‘
2165 3504 2387 3562 ellectns
2424 3509 2527 3557 est.
2566 3499 2930 3555 llerimannus
2957 3493 3425 3565 Babenbergensis
3443 3493 3746 3563 episcopus,

2164 3597 2250 3653 vir
2300 3593 2530 3649 mendax
2586 3599 2643 3647 et
2691 3587 2945 3645 avaricize
2994 3586 3235 3650 deditus,
3268 3594 3556 3656 postquam
3614 3580 3749 3640 sedit

2166 3700 2339 3742 annos
2383 3683 2472 3749 10,
2519 3680 2622 3737 sub
2671 3679 2937 3751 Gregorio
2979 3692 3119 3749 papa
3171 3677 3333 3747 digna
3391 3675 3749 3730 damnacinne

2165 3777 2451 3849 depositus
2488 3784 2591 3830 est.
2635 3772 2835 3828 lterum
2881 3785 2977 3824 rex
3036 3768 3322 3824 Heinricus
3367 3781 3494 3822 cum
3542 3774 3748 3821 arman

2167 3870 2339 3926 milite
2362 3866 2656 3923 Saxoniam
2683 3864 2985 3935 ingressus,
3018 3859 3268 3927 Saxones
3304 3872 3524 3929 quoque
3564 3871 3745 3928 pacem

2165 3967 2411 4031 petentes
2454 3954 2724 4028 suscepit,
2772 3963 2856 4011 set
2902 3950 3106 4009 sevicia
3150 3949 3327 4020 magis
3370 3964 3536 4020 quam
3579 3946 3747 4020 gratia

2166 4055 2440 4109 insecutus
2464 4058 2549 4133 est
2570 4048 2872 4105 universos.
3172 4078 3175 4083 γ
3774 4080 3777 4081 ν

2236 4141 2398 4208 1076,
2434 4129 2592 4207 1077,
2636 4138 2794 4207 1078,
2832 4132 3369 4205 1079,1080,1081,
3402 4131 3545 4189 1082
3591 4129 3745 4197 1083,

2127 4246 2133 4250 ’
2169 4237 2326 4301 1084,
2370 4233 2526 4301 1085,
2568 4231 2729 4289 1086.

2240 4331 2399 4389 1087.
2442 4329 2640 4383 Bertha
2683 4324 2997 4396 imperatrix
3037 4321 3185 4378 obiit.
3224 4318 3546 4376 Counradus
3582 4317 3743 4388 [adat

2168 4436 2242 4481 est
2272 4440 2364 4480 rea:
2384 4423 2439 4477 5.
2476 4420 2605 4475 Kal.
2635 4420 2786 4476 Junii
2811 4416 3154 4490 Aquisgrani.

477 4495 603 4551 dolfi
629 4494 803 4564 ducis,
828 4495 971 4566 quod
1001 4495 1306 4552 castitatem
1338 4509 1442 4549 non
1474 4492 1777 4549 servaverit
1798 4491 1933 4547 falso
1972 4506 2100 4593 ac—]

2242 4516 2398 4573 1088.
2444 4512 2602 4571 1089.
2640 4543 2711 4554 —-
2742 4511 2902 4566 1146.

477 4596 684 4655 cusata,
708 4597 764 4642 et
786 4588 983 4643 marito
1004 4594 1059 4641 et
1086 4585 1292 4641 honore
1321 4585 1533 4656 privata
1558 4591 1661 4639 est.

544 4699 704 4755 1070.
753 4678 1080 4757 Godefridus
1127 4696 1545 4753 Luothariorum
1597 4696 1727 4760 dux,
1777 4695 1860 4749 vir
1912 4693 2093 4749 mira:-

475 4791 752 4860 audacia,
824 4792 878 4848 in
937 4790 1107 4846 natali
1162 4790 1371 4845 Domini
1427 4788 1579 4844 obiit.
1630 4788 1762 4843 Item
1815 4787 2063 4843 dotniuns

2173 4605 2343 4661 Manu
2369 4603 2554 4659 amuli
2597 4599 2715 4656 XII
2760 4600 2973 4656 tandem
3001 4596 3235 4669 subjecta
3262 4604 3338 4650 est
3373 4593 3563 4649 ultima
3585 4601 3701 4649 nota
3722 4603 3743 4646 :

2244 4695 2402 4751 1117.
2445 4694 2561 4751 Rex
2614 4693 2902 4749 Cunradus
2950 4705 3169 4747 crucem
3220 4687 3461 4760 suscepit
3498 4688 3567 4744 ad
3594 4697 3743 4757 expc-

2175 4787 2446 4843 diciunem
2478 4784 2972 4841 lberosolimorum.

1055 4878 1414 4956 ANNALIUM
1454 4896 2214 4967 QUEDLINBURGENSIUM
2246 4896 2742 4956 CONTINUATIO.
2775 4894 2942 4953 ANNI
2976 4894 3276 4951 991-1025.

548 4992 673 5048 995.
733 4985 1030 5046 Linldoll‘us
1079 4988 1421 5044 Trevirensis
1488 4987 1731 5043 ecclesiae
1780 4986 2065 5041 ordinatur

479 5072 803 5156 episcopus.
840 5088 948 5158 Erp
1002 5083 1368 5139 Farduuensis
1422 5082 1708 5151 episcopus
1753 5080 1927 5145 obiit,
1976 5081 2065 5135 cui

481 5175 828 5233 Bernhardus
888 5177 1169 5232 successit.
1234 5174 1417 5229 lliems
1463 5171 1754 5226 durissima
1814 5172 1867 5226 5.
1923 5170 2063 5225 Νοιι.

480 5267 774 5322 Novembr.
806 5276 1011 5326 exorta,
1045 5282 1215 5326 usque
1241 5267 1294 5320 '5.
1326 5264 1464 5319 Non.
1498 5260 1621 5318 Maii
1650 5262 1815 5323 stetit,
1849 5262 2064 5315 rarissi-

2175 4994 2253 5047 ria
2286 4991 2427 5046 facta
2459 4999 2537 5046 est
2566 4990 2891 5059 pluviarum,
2924 4997 2982 5042 ut
3023 4987 3076 5042 in
3126 4987 3397 5056 plerisque
3444 4983 3653 5055 stagnis
3697 4990 3743 5055 et

2171 5084 2349 5153 pisces
2371 5087 2730 5144 morerentur,
2753 5087 2809 5135 et
2830 5077 2884 5132 in
2908 5077 3068 5131 terris
3093 5077 3311 5129 arbores
3333 5073 3584 5142 plurima:
3608 5072 3745 5143 peni-

2174 5183 2260 5230 tus
2289 5181 2621 5236 arescerent,
2663 5180 2718 5226 et
2746 5170 2930 5242 fruges
2966 5169 3206 5240 perirent
3231 5175 3285 5220 et
3323 5164 3519 5219 linum.
3561 5164 3746 5220 Subse-

2170 5276 2339 5326 aunta
2403 5278 2619 5326 quoque
2690 5275 2747 5319 et
2803 5261 3025 5326 grandis
3082 5257 3387 5326 pestilentia
3450 5258 3743 5318 hominum,
