3918 5326
217 139 315 198 5i9

896 148 982 205 ET
1019 149 1369 213 LAMBERTI
1408 148 1986 219 ASCIIAFNABURG.
2034 164 2212 222 PARS
2249 166 2524 223 ALTERA
2563 168 2887 232 GENUINA.

3364 180 3472 239 530
3496 164 3497 167 γ

1134 246 1452 309 ANNALES
1483 253 2213 322 QllEI‘IJNBURGENSES.
2252 263 2315 316 Α.
2355 261 2609 322 995-996.

214 352 264 406 in
284 349 500 407 civitate
529 350 844 427 Wirtzburg
887 356 941 411 in
972 359 1212 430 hospitio
1236 377 1336 417 suo
1366 378 1462 434 per
1492 366 1786 425 fenestram
1813 380 1861 439 Α
1891 368 2231 428 Landhertus
2259 376 2545 431 successit.
2588 376 2963 437 llildewardus
3001 373 3321 446 venerabiiis
3350 391 3471 461 epis

210 459 325 499 cum
350 444 546 515 sagitta
570 445 862 516 improvise
887 448 1217 518 vulneratus,
1244 455 1275 508 τ
1299 453 1438 512 Νοη.
1458 456 1604 513 Junii
1627 459 1781 516 obiit.

209 535 463 605 Egbertus
491 552 703 603 comes,
739 540 1094 608 prudentibus
1133 545 1431 615 sapientior
1469 560 1525 604 et
1555 548 1786 608 fortibus

207 626 476 693 audacior,
519 626 659 683 Non.
696 629 896 700 Aprilis
924 647 955 686 e
977 633 1156 689 medio
1193 636 1446 693 excessit.
1476 637 1780 710 lleinricus,

204 716 430 774 Sifridus
457 729 512 774 et
538 720 654 777 Udo
686 721 883 779 fratres
903 740 1025 780 cum
1056 718 1170 784 suis
1200 730 1375 784 navali
1409 732 1596 801 prmlio
1627 733 1784 788 dimi-

203 820 380 866 cantes
408 824 600 868 contra
634 812 1068 885 Nordemannos,
1102 821 1225 877 victi
1257 834 1383 879 sunt
1411 832 1465 879 et
1494 827 1670 897 capti;
1713 842 1779 883 ex

201 904 385 975 quibus
418 904 536 960 Udo
594 923 714 961 cum
761 910 1008 980 plurimis
1058 913 1199 968 bello
1239 916 1455 973 occisus
1500 920 1776 988 oceulntit,

199 996 369 1051 caeteri
398 1011 523 1051 cum
546 1010 754 1069 septem
784 1001 1006 1058 milibus
1030 1003 1354 1062 talentorum
1379 1009 1603 1064 redemti
1630 1022 1775 1068 sunt.

197 1087 379 1146 Fames
402 1091 570 1146 etiam
608 1094 711 1151 hoc
741 1108 882 1152 anno
913 1112 1112 1170 magna
1140 1098 1283 1157 facta
1318 1111 1401 1159 est
1443 1104 1687 1175 pluribus
1722 1107 1776 1163 in

196 1181 324 1237 locis
346 1181 624 1242 Saxonizn.

256 1298 377 1354 995.
420 1297 735 1377 Saxonibus
763 1305 915 1377 pejor
942 1323 1119 1364 annus
1146 1311 1329 1381 priore
1348 1314 1614 1369 exoritur.
1640 1314 1774 1371 Nam

194 1398 331 1444 tanta
355 1391 408 1446 in
437 1409 536 1448 eos
574 1396 668 1464 qui
700 1409 963 1453 vocantur
1016 1399 1288 1458 Osterludi
1314 1404 1488 1474 (‘2!6),
1516 1408 1775 1477 pestilen-

194 1480 258 1534 tia
286 1483 513 1553 exarsit,
545 1494 605 1539 ut
639 1502 824 1542 eorum
863 1505 967 1544 non
1014 1492 1189 1547 solum
1222 1496 1435 1562 domus,
1464 1500 1559 1554 sed
1609 1501 1773 1557 etiam

194 1573 323 1629 villa:
347 1576 598 1646 plurima:
631 1584 858 1639 mortuis
889 1585 1286 1647 habitatoribus
1316 1608 1502 1650 vacuae
1531 1612 1776 1653 remane-

192 1671 319 1715 rent.
343 1662 512 1721 Fame
552 1667 775 1738 insuper
818 1688 1008 1746 magna
1039 1678 1357 1750 compressi,
1401 1693 1507 1739 tam
1540 1688 1774 1744 assiduis

192 1750 496 1812 Sclavorum
552 1759 958 1823 incursionibus
1010 1770 1395 1843 fatigabantur,
1437 1789 1493 1833 ut
1535 1784 1772 1850 peccatis

188 1846 290 1899 suis
316 1853 762 1916 promerentihus
789 1854 937 1923 juste
983 1860 1051 1916 de
1097 1864 1187 1919 eis
1223 1865 1352 1922 illud
1395 1846 1774 1942 propheticum

188 1937 376 1995 dictum
406 1944 666 2002 videatur
689 1962 704 2003 :
731 1949 940 2008 Mittam
961 1949 1119 2027 super
1137 1975 1225 2014 eos
1252 1962 1357 2016 tria
1382 1937 1591 2033 judicia
1609 1969 1775 2037 pessi-

189 2047 284 2097 ma,
309 2046 524 2104 pestem,
564 2038 802 2111 gladium
839 2056 887 2101 et
922 2047 1140 2117 famem.
1169 2051 1283 2107 Rex
1313 2070 1531 2127 quoque
1580 2060 1774 2118 tertius

191 2122 304 2180 Otto
330 2143 455 2183 cum
510 2147 712 2204 magno
758 2139 1002 2195 exercitu
1059 2122 1355 2213 Apodritos
1407 2122 1462 2203 et
1510 2152 1772 2219 quasdam

189 2212 560 2277 Wlotahorum
590 2225 741 2297 (217)
783 2238 960 2287 terras
985 2212 1263 2302 invadens,
1297 2212 1558 2296 incendiis
1581 2242 1652 2299 'et
1679 2244 1773 2301 de-

187 2311 601 2375 prtedationihus
631 2317 880 2385 plurimis
914 2326 1170 2391 vastavit,
1192 2326 1321 2384 licet
1350 2339 1554 2388 motum
1578 2348 1769 2391 eorum

190 2398 324 2454 nullo
368 2404 532 2459 modo
567 2412 971 2479 compresserit.
1007 2414 1281 2473 Reversus
1307 2420 1540 2492 denique
1568 2423 1638 2479 ab
1682 2425 1770 2481 illa

189 2492 546 2560 expeditione,
594 2498 646 2552 in
679 2501 1097 2575 Quedelingensi
1129 2507 1349 2565 civitate
1385 2527 1414 2566 a
1469 2526 1767 2572 memorata

185 2591 235 2635 et
259 2595 467 2654 semper
501 2592 855 2647 memoranda
884 2596 1052 2651 amita
1085 2612 1205 2666 sua,
1256 2600 1547 2659 Mechtilde
1595 2607 1765 2662 abba-

184 2673 320 2741 tissa,
361 2679 569 2749 regalis
611 2686 882 2752 praeconio
918 2687 1095 2744 laudis
1132 2690 1294 2760 digne
1337 2694 1648 2766 suscipitur.
1688 2698 1766 2755 lbi

181 2769 428 2829 Adelheid
484 2789 750 2844 germana
798 2779 942 2835 illius
998 2797 1179 2850 soror,
1231 2786 1509 2857 aaquivoca
1557 2790 1767 2847 scilicet

183 2876 302 2919 avia:
322 2881 432 2923 suae
461 2869 831 2936 imperatricis
858 2872 1175 2942 Adelheide,
1208 2879 1407 2947 spretis
1434 2896 1532 2951 pro
1556 2881 1761 2938 Christi

182 2969 350 3011 amore
399 2961 625 3030 regibus
667 2964 849 3032 procis
876 2972 925 3020 et
953 2982 1141 3022 eorum
1189 2969 1423 3037 nunciis,
1455 2973 1767 3042 promissis-

181 3062 274 3118 que
305 3066 409 3105 non
439 3052 621 3109 solum
653 3054 945 3126 thesauris,
980 3063 1075 3116 sed
1103 3062 1267 3117 etiam
1300 3064 1442 3121 ultra
1473 3067 1761 3125 valentiam

182 3142 347 3196 aureis
373 3145 654 3201 montibus
682 3156 735 3203 et
770 3148 1012 3214 urbibus,
1048 3153 1149 3207 sub
1182 3152 1314 3225 jugo
1338 3157 1571 3228 regulari
1604 3175 1765 3214 cano-

180 3230 289 3286 nice
316 3231 646 3305 degendum,
674 3247 886 3295 astante
912 3256 1171 3312 germano
1201 3242 1372 3301 fratre
1401 3262 1501 3301 suo
1532 3246 1765 3318 impera-

182 3331 287 3379 tore
317 3329 481 3382 tertio
510 3327 733 3395 Ottone,
770 3333 933 3388 totius
962 3326 1271 3405 in'aspectu
1313 3348 1536 3393 senatus
1565 3354 1628 3394 ac
1653 3339 1766 3410 ple-

179 3415 273 3483 bis,
312 3429 635 3477 sanctorum
682 3422 921 3496 Dionysii
969 3436 1026 3481 et
1054 3426 1288 3483 Servatii
1341 3430 1615 3499 obsequiis
1645 3446 1766 3488 sese

179 3521 267 3577 pro
286 3512 459 3581 patria
482 3514 712 3579 dicavit,
727 3516 1023 3588 eademque
1049 3520 1182 3574 hora
1203 3522 1344 3577 sacri
1369 3522 1656 3578 velaminis
1679 3540 1765 3579 ar-

180 3602 366 3657 rabone
387 3604 639 3673 Christo,
669 3622 869 3679 sponso
898 3611 1129 3678 caelesti,
1156 3614 1224 3667 ab
1250 3612 1496 3669 antistite
1521 3615 1762 3685 ejusdem

178 3694 405 3752 ecclesia:
426 3697 798 3765 llildewardo,
821 3696 1034 3759 εςιδῖριῆε
1055 3704 1220 3759 etiam
1248 3706 1674 3779 archiepiscopis
1700 3718 1759 3765 et

179 3787 432 3860 episcopis
489 3806 677 3847 coram
733 3785 1074 3862 astantibus,
1119 3797 1437 3868 consignata
1493 3808 1596 3854 est.
1653 3799 1766 3856 Hoc

179 3878 329 3934 etiam
354 3897 503 3936 anno
541 3883 808 3950 Bajoarite
840 3888 1073 3951 regionis
1104 3887 1211 3943 dux
1244 3888 1529 3945 Heinricus
1567 3906 1762 3947 secun-

181 3970 271 4022 dus
299 3972 595 4031 immatura
621 3984 793 4030 morte
823 3975 1009 4035 obivit.
1039 3977 1136 4034 llic
1160 3981 1326 4047 enim,
1354 3991 1567 4037 mortuo
1589 3982 1760 4052 impe-

179 4069 348 4117 ratore
385 4061 591 4120 Ottone
618 4066 875 4130 secundo,
908 4067 1082 4123 aliena
1125 4068 1303 4138 potius
1345 4086 1505 4141 quam
1546 4074 1762 4143 propria

178 4152 444 4212 voluntate
500 4158 570 4211 ad
607 4158 965 4213 invadendum
1017 4176 1241 4230 regnum
1279 4172 1505 4217 eotenus
1555 4164 1764 4219 illectus

181 4251 273 4307 est,
308 4257 385 4311 ut,
420 4249 821 4319 comprehenso
846 4251 1191 4321 imperatoris
1219 4252 1350 4316 tilio,
1393 4255 1506 4322 ipse
1532 4270 1629 4309 rex
1666 4256 1762 4311 eli-

180 4346 414 4405 geretur;
450 4340 545 4395 sed
571 4349 698 4395 ante
725 4342 1191 4397 consecrationem
1220 4344 1539 4413 poenitentia
1593 4346 1764 4401 abdu-

181 4437 312 4496 ctus,
358 4447 588 4503 regnum
630 4434 867 4503 respuit;
917 4441 971 4489 et
1007 4435 1117 4505 regi
1149 4435 1425 4489 humiliter
1465 4436 1758 4506 subjectus,
1793 4454 1839 4512 ι)

180 4515 453 4587 Bajoarico
491 4522 793 4579 honoritice
822 4525 1053 4581 donatus
1084 4533 1165 4579 est
1202 4540 1390 4596 regno.
1426 4524 1481 4579 In
1522 4540 1630 4595 quo
1661 4541 1761 4596 pro

182 4614 541 4682 componenda
588 4629 723 4684 pace
763 4615 835 4669 ita
868 4614 1009 4671 ultra
1046 4616 1255 4686 priores
1302 4615 1557 4682 eﬂloruit,
1605 4626 1665 4672 ut
1691 4618 1758 4676 ab

181 4700 312 4760 illius
346 4705 539 4761 incolis
563 4706 713 4778 regni
760 4705 1046 4763 llciuricus
1092 4706 1349 4777 paciﬁcus
1385 4717 1441 4764 et
1472 4716 1628 4779 pater
1660 4724 1760 4779 pa-

184 4795 291 4849 tria:
319 4797 705 4867 appellaretur.
742 4795 858 4865 Quo
890 4807 1138 4862 mortuo,
1179 4797 1319 4853 filius
1357 4815 1487 4854 suus
1539 4799 1757 4856 Heinri-

183 4898 291 4950 cus,
318 4903 412 4943 rex
445 4886 683 4956 futurus,
716 4888 1055 4959 Bajoaricum
1082 4889 1360 4954 ducatum,
1395 4906 1522 4962 rege
1553 4890 1756 4952 Ottone

184 4977 334 5033 tertio
385 4977 644 5045 donante,
712 4982 967 5052 suscepit.
1031 4978 1420 5038 Ghevehardus
1491 4982 1760 5041 Constan-

185 5068 363 5126 tiensis
406 5072 654 5129 ecclesia:
701 5074 983 5146 episcOpus
1052 5074 1398 5130 venerandus
1450 5073 1614 5143 obiit,
1670 5081 1758 5139 cui

246 5202 391 5271 (εις)
428 5205 480 5261 l.
508 5222 553 5262 e.
582 5190 863 5266 Ostfalahi.

250 5272 394 5326 l2l7l
427 5274 478 5326 Ι.
510 5295 555 5326 ρ.
586 5277 1008 5326 W'elalahnrnm-
1036 5274 1381 5326 \Villznrmn-

1888 475 2082 529 scopas
2108 461 2160 516 in
2190 462 2709 541 Stitterlingheburg
2739 469 2890 538 (218)
2928 471 3148 535 civitate
3177 479 3469 537 cenobium

1885 556 2188 611 conStruxit
2212 557 2478 631 virginum
2522 561 2602 615 l2.
2648 562 2868 619 Calcnd.
2903 566 3149 636 Augusti.

1957 645 2009 700 In
2042 646 2511 708 llalherstadcnsis
2543 655 2818 712 territorio
2862 658 3132 729 ecclesiae,
3160 662 3471 740 Hordorpio

1884 741 2123 806 nomine,
2151 754 2309 802 natus
2344 755 2428 802 est
2473 746 2682 817 infans,
2717 751 2849 807 nihil
2890 756 3134 826 corporis
3182 759 3389 818 habens
3436 778 3470 819 τι

1881 830 2186 900 posteribus
2224 836 2495 903 deorsum,
2526 852 2624 893 nec
2646 857 2829 908 crura,
2859 858 2957 899 nec
2980 842 3280 904 membrum
3312 851 3470 908 virile

1881 928 1973 973 aut
2003 921 2287 991 muliebre,
2321 926 2412 981 sed
2450 931 2827 987 tantummodo
2858 933 3113 992 dimidius
3160 938 3344 1007 homo,
3371 942 3471 995 ha-

1881 1008 2017 1065 heus
2057 1014 2360 1082 posteriora
2405 1018 2557 1090 quasi
2587 1020 2705 1075 avis
2734 1021 2853 1078 sine
2878 1023 3097 1095 plumis,
3120 1031 3470 1087 aurem'dex-

1884 1108 2020 1155 tram
2060 1105 2318 1175 majorem
2351 1109 2594 1176 sinistra,
2618 1120 2674 1167 et
2706 1114 2924 1169 oculum
2964 1118 3218 1177 similiter
3241 1122 3468 1181 sinistro

1880 1192 2173 1264 majorem;
2203 1198 2453 1258 dentibus
2496 1218 2625 1259 vero
2663 1206 2842 1262 crocei
2900 1210 3100 1269 coloris
3156 1215 3459 1286 horribilis,

1878 1285 2099 1343 sinistro
2146 1289 2372 1348 brachio
2429 1294 2635 1366 absque
2662 1308 2898 1369 quatuor
2950 1303 3130 1375 digitis
3176 1307 3294 1364 solo
3340 1326 3464 1367 cum

1875 1377 2071 1447 pollice
2098 1379 2327 1453 integer,
2352 1383 2547 1441 dextro
2566 1389 2782 1458 penitus
2803 1402 2921 1448 erat
2942 1393 3165 1453 brachio
3189 1399 3463 1469 privatus;

1877 1472 1966 1543 qui
1993 1486 2119 1529 ante
2141 1474 2467 1547 baptismum
2498 1484 2762 1541 attonitus
2790 1486 2979 1545 videns
2999 1492 3195 1560 oculis,
3219 1503 3343 1565 post
3370 1496 3467 1551 ba-

1875 1566 2132 1632 ptismum
2191 1581 2373 1626 autem
2423 1572 2571 1645 (2l9)
2627 1576 2813 1633 oculos
2862 1595 3139 1651 nunquam
3190 1585 3464 1656 aperiens,

1873 1669 2070 1727 quarto
2110 1675 2221 1718 sua:
2253 1665 2553 1723 nativitatis
2582 1669 2671 1726 die
2714 1670 2998 1730 infandum
3043 1677 3273 1733 moritur
3312 1676 3468 1737 mon-

1805 1752 1849 1812 Β
1874 1757 2067 1805 strum.
2105 1752 2404 1812 Commune
2436 1758 2695 1816 damnum
2731 1763 2782 1818 in
2829 1766 3138 1835 pestilentia
3176 1785 3465 1840 porcorum

1834 1897 1844 1909 ,
1876 1850 1933 1896 et
1953 1842 2114 1898 boum
2140 1860 2354 1903 omnem
2386 1850 2737 1910 Germaniam
2760 1868 2941 1912 vexat.
2976 1859 3348 1921 Theodoricus
3370 1881 3464 1922 θοι·

1875 1949 1993 1990 mes
2043 1934 2342 2007 Palatinus,
2373 1952 2429 1998 et
2463 1943 2635 2001 frater
2679 1945 2797 2018 ejus
2851 1950 3180 2023 Sigibertus,
3213 1955 3460 2016 Saxones

1874 2028 2123 2097 przeclari
2152 2031 2300 2105 (9.9.0)
2324 2035 2598 2095 obierunt.
2986 2090 3003 2107 ι

1949 2120 2074 2177 996.
2116 2122 2235 2179 Lux
2266 2126 2410 2182 clara
2452 2139 2654 2187 sanctae
2673 2130 3031 2206 Augustensis
3050 2137 3294 2196 ecclesia:
3334 2141 3464 2198 Liu-

1873 2212 2103 2285 dolphus
2139 2217 2426 2289 episcopus
2457 2221 2515 2279 8.
2545 2223 2767 2281 Calend.
2813 2227 3040 2301 Augusti
3090 2231 3220 2289 huic
3260 2236 3462 2293 mundo

1872 2309 2217 2378 subtractus,
2262 2316 2473 2373 caelesti
2504 2318 2892 2378 adnumeratur
2932 2322 3180 2392 familiae;
3212 2328 3298 2383 cui
3350 2328 3460 2386 Ge-

1872 2400 2143 2458 vehardus
2184 2404 2354 2478 (ΞΞΙ),
2394 2408 2538 2465 inter
2580 2413 2829 2484 egregios
2856 2414 3082 2474 abbates
3130 2422 3455 2493 praecipuus,

1871 2490 2257 2551 subordinatur
2308 2498 2613 2572 episcOpus.
2655 2502 2862 2561 Dehinc
2909 2490 3457 2577 pra-currenteitetn-

1870 2594 2022 2652 pore,
2051 2599 2173 2639 cum
2210 2587 2408 2645 multos
2436 2605 2467 2645 a
2498 2595 2808 2651 sanctuario
2836 2595 3049 2654 Domini
3075 2600 3314 2655 divinum
3364 2619 3456 2658 ra-

1867 2685 2024 2745 peret
2044 2677 2329 2748 judicium,
2364 2698 2575 2754 gemma
2604 2685 2767 2741 etiam
2793 2691 3138 2747 sacerdotum
3163 2702 3217 2747 et
3240 2692 3450 2766 episco-

1868 2768 2008 2840 palis
2034 2785 2257 2828 aureum
2287 2774 2452 2832 decus
2477 2777 2774 2850 dignitatis,
2800 2785 3122 2840 veneranda:
3150 2784 3461 2843 llalversta-

1867 2857 2052 2916 densis
2093 2864 2337 2921 ecclesia:
2383 2867 2757 2926 llildewardus
2804 2873 3091 2943 episcopus
3131 2875 3184 2930 7.
3228 2875 3454 2941 Calend.

1865 2949 2182 3009 Decembris
2229 2954 2298 3009 ab
2342 2955 2500 3025 hujus
2526 2959 2765 3015 vanitate
2814 2963 2981 3018 seculi
3026 2964 3262 3030 solutus,
3310 2982 3452 3023 vera:

1868 3043 2136 3110 caritatis,
2179 3056 2298 3115 quae
2326 3047 2579 3107 Christus
2615 3061 2722 3117 est,
2750 3038 3112 3122 prtesentatur
3154 3056 3454 3122 obtutibus,

1868 3133 2012 3191 illius
2065 3134 2386 3193 humilitatis
2423 3148 2478 3193 et
2523 3140 2850 3207 dilectionis,
2897 3158 3058 3215 super
3085 3160 3248 3214 quam
3303 3148 3455 3202 credi

1865 3235 2049 3295 potest
2097 3227 2270 3299 (222),
2321 3230 2408 3298 pie
2463 3230 2704 3287 imitator
2751 3232 2995 3289 ell'ccws.
3029 3235 3130 3290 Cui
3190 3237 3458 3293 successit

1865 3316 2144 3385 Arnolfus,
2162 3319 2356 3375 illustri
2382 3320 2537 3377 valde
2560 3322 2811 3393 prosapia
2834 3333 3076 3391 exortus,
3097 3324 3187 3381 sed
3212 3327 3455 3382 moribus

1866 3410 2098 3467 nobilior
2126 3420 2181 3467 et
2208 3413 2419 3469 sincera
2448 3414 2698 3485 largitate
2733 3416 3041 3485 praeclarus.
3083 3416 3251 3489 llujus
3277 3418 3444 3473 etiam

1866 3504 1994 3558 anni
2037 3505 2245 3559 vernali
2277 3516 2518 3577 tempore
2561 3507 2818 3579 pra:fatus
2846 3524 2943 3564 rex
2991 3508 3146 3578 Otto,
3170 3504 3455 3583 compacta

1866 3595 2012 3652 inter
2050 3594 2296 3653 Saxones
2326 3608 2385 3654 et'
2431 3598 2654 3656 Sclavos
2683 3617 2835 3672 pace,
2857 3601 3063 3658 Italiam
3111 3604 3372 3675 perrexit,
3400 3615 3456 3660 et

1866 3690 2193 3746 dominicam
2245 3686 2700 3750 resurrectionem
2776 3694 2955 3766 Papiae
3007 3696 3247 3767 paschali
3300 3697 3451 3770 (225)

1867 3799 2015 3839 more
2054 3784 2371 3840 celebravit.
2413 3786 2617 3843 Dehinc
2667 3788 2814 3844 omni
2868 3803 3034 3859 regno
3074 3798 3326 3860 potenter
3359 3806 3454 3860 po-

1867 3875 1996 3932 titus
2027 3876 2231 3942 ltali‘co,
2266 3877 2493 3935 Romam
2551 3880 2775 3937 veniens
2801 3882 2971 3938 beatae
3029 3885 3304 3939 memoriae
3354 3877 3454 3940 Jo-

1817 3972 1821 3977 ’
1876 3965 2107 4021 Itannem
2147 3967 2293 4038 (iiii)
2322 3984 2407 4040 paj
2430 3983 2517 4024 am
2544 3971 2858 4026 defunctum
2889 3970 3117 4028 invenit.
3147 3972 3261 4029 Cui.
3283 3978 3447 4045 nepo-

1867 4063 1975 4111 tem
2001 4072 2159 4113 suum
2193 4054 2526 4126 Brunonem,
2561 4062 2732 4115 virum
2769 4061 2924 4118 valde
2970 4062 3311 4133 praeclarum,
3344 4080 3451 4121 nou

1864 4146 2037 4202 solum
2067 4147 2201 4204 cieri
2231 4149 2324 4204 sed
2374 4161 2429 4205 et
2480 4151 2720 4205 omnium
2779 4152 3149 4209 Romanorum
3207 4156 3453 4212 unanimi

1865 4246 1992 4294 voto
2017 4238 2214 4294 civium
2265 4240 2575 4310 pontificem
2605 4242 2861 4309 electum,
2886 4245 3167 4315 subrogari
3199 4246 3286 4317 pie
3314 4244 3415 4303 con
3444 4283 3450 4289 ς

1865 4331 2079 4398 sensit,
2133 4347 2294 4401 quem
2344 4332 2601 4401 Romani,
2634 4336 2850 4405 dempto
2896 4336 3165 4392 Brunonis
3210 4339 3452 4405 nomine.

1864 4419 2183 4491 Gregorium
2238 4435 2588 4479 vocaverunt.
2634 4423 2732 4479 llic
2760 4440 2890 4495 ergo
2936 4425 3063 4481 sede
3092 4427 3450 4483 intronizatus

1864 4514 2162 4583 apostolica
2212 4515 2471 4572 domnum
2516 4518 2791 4584 Ottonem,
2823 4518 2939 4573 huc
2984 4533 3153 4589 usque
3195 4518 3447 4577 vdeatum

1862 4619 2067 4676 regem,
2100 4620 2205 4660 non
2233 4604 2407 4662 solum
2457 4607 2720 4672 Romano,
2750 4607 2844 4663 sed
2869 4616 2925 4663 et
2948 4622 3088 4678 pene
3111 4609 3299 4676 totius
3341 4610 3452 4665 Eu-

1864 4714 2009 4770 r0pte
2039 4701 2238 4769 populo
2278 4701 2635 4764 acclamante,
2667 4700 2737 4755 12
2790 4700 3017 4759 Calend.
3046 4699 3217 4772 Junii,
3248 4703 3304 4761 in
3334 4704 3450 4776 ipsa

1864 4789 2205 4848 ascensionis
2234 4791 2438 4850 Christi
2472 4792 2769 4850 festivitate
2792 4794 3122 4861 veneranda,
3155 4795 3451 4853 indictione

1863 4885 1918 4950 9,
1963 4886 2344 4955 imperatorem
2390 4888 2732 4946 consecravit
2784 4895 3095 4960 angustant.
3150 4888 3281 4947 Post
3329 4889 3447 4945 hate

1866 4975 2051 5035 Italico
2084 4976 2187 5033 rite
2219 4978 2481 5049 disposito
2505 4992 2691 5050 regno,
2736 4977 3022 5034 Franciam
3057 4981 3372 5048 revertitur,
3395 4987 3454 5033 et

1867 5069 1919 5124 in
1949 5068 2247 5142 Agrippina
2285 5070 2508 5130 Colonia
2546 5067 2742 5127 summi
2792 5068 3138 5141 imperatoris
3186 5068 3454 5141 condigne

1832 5223 1913 5267 ,s.
1945 5220 1996 5260 e.
2030 5207 2172 5260 Ann.
2207 5207 2373 5264 Saxo.

1940 5256 2386 5326 egeres-’33.;
2427 5275 2738 5326 kraelita'n.
2786 5314 2822 5326 ..
2866 5289 2916 5326 ρ.
2960 5270 3159 5326 Chron.
3191 5276 3354 5326 ςατο.
3383 5256 3457 5326 et.
