3944 6420
182 353 312 417 .555

816 345 904 402 ET
936 343 1285 404 LAMBERTI
1326 341 1908 401 ASCIIAFNABURG.
1949 343 2131 403 PARS
2170 347 2449 408 ALTERA
2487 346 2791 408 CENUINA

3318 356 3321 359 ’
3356 356 3464 414 εει

1150 482 1472 543 ANNALES
1503 474 2239 550 QUEDIJNBURGENSES.
2273 486 2338 541 Α.
2378 486 2503 546 999.

217 626 327 667 cum
357 608 585 664 mundus
607 607 709 664 iste
737 605 1054 662 insanabilis
1078 603 1249 677 plagae
1277 601 1473 657 ictibus
1519 608 1602 654 ter
1633 610 1782 655 cere—

216 707 307 771 bro
343 713 497 759 tenus
533 715 841 774 percussus,
870 700 985 772 ipsa
1019 708 1079 755 ut
1107 698 1179 784 ita
1207 696 1385 752 dicam
1415 692 1600 749 vitalia
1644 691 1780 747 anti-

216 797 300 853 sit.
1516 786 1519 789 1

279 886 397 943 999.
435 885 570 942 Nam
601 885 965 957 insignissima
992 884 1353 956 imperatoria:
1381 882 1545 955 prolis
1568 898 1780 956 gemma

220 978 484 1045 Meclttild,
516 979 692 1050 magni
719 976 933 1034 Ottonis
960 977 1169 1049 augusti
1201 975 1329 1042 filia,
1358 990 1499 1047 quas,
1535 984 1595 1030 ut
1641 990 1782 1047 srepe

216 1067 646 1134 memoravimus,
687 1066 1031 1139 sceptrigeris
1070 1066 1210 1122 edita
1240 1066 1577 1136 parentibus,
1607 1067 1783 1121 vires-

215 1160 376 1216 centis
406 1159 707 1215 rudimenta
733 1160 994 1225 infantia,
1019 1160 1382 1216 bomeindolis
1407 1168 1590 1231 utpote
1617 1160 1786 1231 ipsius

216 1267 420 1309 coronte
465 1253 573 1308 lilia
602 1251 776 1325 (229),
809 1253 1032 1310 honesta
1078 1253 1334 1310 decenter
1371 1255 1639 1310 nutricum
1686 1256 1785 1311 sub

214 1359 334 1400 cura
361 1343 634 1403 descendit
669 1342 855 1415 (230);
899 1358 1020 1415 quae
1044 1343 1233 1401 ﬂorida
1265 1342 1458 1401 dehinc
1485 1344 1787 1401 vacillantis

216 1443 445 1507 tempora
469 1434 791 1506 juventutis,
802 1452 1032 1511 corpore
1058 1437 1412 1510 sensibusque
1431 1438 1552 1510 plus
1575 1439 1787 1499 caeteris

217 1531 264 1585 ld
291 1530 461 1585 aetatis
492 1539 896 1598 maturescens,
941 1530 1123 1607 nilque
1169 1532 1273 1589 sibi
1324 1533 1596 1589 commissi
1633 1541 1788 1593 extra

218 1622 481 1692 rcgiminis
514 1621 854 1692 disciplinam
886 1622 1247 1679 errabundum
1277 1623 1608 1695 relinquens,
1634 1640 1787 1679 ama-

217 1712 350 1779 bilis,
387 1711 640 1781 affabilis,
670 1714 782 1785 pia,
810 1715 1024 1771 cunctis
1054 1714 1255 1785 largior
1286 1730 1447 1785 quam
1484 1713 1585 1771 sibi
1629 1714 1791 1786 dege-

215 1803 329 1868 bat;
381 1804 670 1862 undecimo
726 1817 879 1861 ortus
932 1806 1014 1861 sui
1068 1821 1211 1863 anno
1273 1805 1626 1879 Metropolitae
1685 1808 1788 1863 sibi

218 1896 580 1964 litereditarize,
620 1898 748 1956 licet
784 1901 949 1957 tantis
977 1901 1154 1971 impar
1191 1901 1467 1969 oneribus,
1496 1902 1789 1973 imperato-

220 2007 327 2044 rum
353 1999 527 2049 tamen
562 1993 808 2051 consulto
832 2006 1043 2065 patrum
1089 2011 1189 2051 nec
1215 2010 1320 2052 non
1357 1995 1638 2052 communi.
1678 1996 1788 2053 ele-

218 2082 418 2149 ctione,
453 2084 757 2140 antistitum
814 2086 1187 2143 benedictione
1228 2096 1485 2157 perpetua
1554 2087 1790 2161 regendo

219 2174 515 2244 prazlicitur.
544 2176 679 2233 Cum
713 2194 842 2234 vero
870 2178 937 2234 ad
969 2179 1300 2253 Pytagoricte
1328 2179 1529 2236 biviutn
1559 2195 1790 2251 perven-

220 2275 321 2320 tntn
354 2275 436 2322 est
476 2268 694 2334 litterae,
722 2268 840 2326 sine
881 2285 1052 2337 mora,
1106 2272 1223 2327 sine
1269 2272 1448 2338 taedio,
1493 2270 1786 2342 angustiori

220 2362 419 2426 semita,
446 2363 564 2431 spei
598 2378 720 2434 qua:
744 2378 852 2419 non
878 2365 1159 2421 confundit
1181 2365 1376 2421 fiducia
1403 2374 1639 2436 arrepta,
1675 2373 1788 2420 tota

219 2452 379 2507 animi
412 2454 691 2526 diligentia
737 2470 797 2512 se
835 2471 1043 2527 suaque
1087 2457 1156 2513 ab
1198 2473 1305 2512 non
1352 2471 1472 2514 esse
1495 2457 1560 2511 ad
1601 2472 1787 2512 verum

219 2556 396 2601 conata
416 2560 498 2619 est
526 2561 651 2603 esse
685 2547 1005 2605 transferre.
1039 2548 1163 2604 "me
1193 2549 1451 2605 fratrucle
1485 2564 1603 2615 suo,
1638 2548 1790 2620 largo

221 2637 411 2693 scilicet
455 2638 676 2704 Ottone,
713 2639 938 2695 Romam
987 2641 1390 2711 proﬁciscente,
1442 2640 1790 2710 imperatoria

222 2728 328 2784 vice
353 2729 640 2785 commissa
676 2729 777 2787 sibi
821 2746 986 2802 regna
1027 2748 1134 2788 non
1172 2732 1395 2789 levitate
1421 2732 1650 2790 feminea
1694 2749 1790 2804 gu-
1840 2722 1841 2725 “

221 2817 457 2885 bernans,
473 2819 834 2876 barbarorum
855 2823 1019 2877 etiam
1049 2824 1329 2880 induratos
1352 2824 1581 2880 vertices
1602 2839 1788 2896 regum

223 2910 502 2968 artiﬁcioso
533 2912 667 2968 aviti
695 2914 1016 2985 paternique
1041 2916 1145 2970 ritu
1169 2917 1369 2976 ingenii
1405 2919 1475 2972 ita
1497 2918 1790 2988 placabiles

224 3000 678 3075 subjugabilesque
722 3006 1052 3072 reddiderat,
1108 3018 1168 3063 ut
1218 3009 1587 3081 hujuscemodi
1641 3010 1790 3081 pacis

223 3090 575 3163 fundamenta,
603 3112 709 3168 qua
741 3115 884 3155 nunc
910 3111 1096 3156 sancta
1127 3101 1220 3156 Dei
1248 3101 1476 3157 ecclesia
1509 3118 1608 3174 pro
1635 3112 1791 3172 parte

223 3187 424 3258 fruitur,
450 3203 588 3264 post
609 3203 877 3252 tantarum
908 3198 1334 3254 devastatiouem
1366 3198 1785 3269 provinciarum,

1809 590 2119 668 Aanxerit,
2172 617 2273 658 nec
2317 604 2461 661 notis
2506 606 2873 683 intellectuum
2923 623 3021 665 nec
3067 610 3230 665 etiam
3269 626 3464 669 vocum

1882 691 2132 762 cuiquam
2182 693 2434 751 edicihile
2481 711 2623 753 reor.
2675 697 2877 768 llisque
2923 698 2998 755 ibi
3050 700 3470 773 dispositissime

1881 785 2166 855 ordinatis,
2195 789 2435 846 oviculas
2477 792 2673 862 quibus
2722 793 2981 866 singulari
3032 804 3265 867 praeerat
3312 813 3466 863 cura,

1837 863 1846 959 ί
1883 875 2143 933 adventus
2164 879 2246 934 sui
2286 882 2661 951 expectatione
2690 863 2999 954 suspensas,
3036 863 3280 941 materna
3335 887 3472 942 dilc-
3506 952 3513 959 ,

1885 969 2063 1027 ctione
2113 972 2316 1038 revisit,
2344 975 2616 1046 dignoque
2667 977 2736 1032 ab
2784 978 2889 1034 illis
2937 979 3142 1037 honore
3194 990 3469 1052 suscepta,

1886 1062 2131 1133 pauculis
2182 1066 2419 1133 posthaec
2464 1077 2737 1137 superstes
2786 1069 3262 1137 diebtts,'modica
3315 1072 3471 1129 febre

1886 1154 2120 1223 pulsata,
2149 1155 2426 1227 inopinata
2446 1160 2656 1238 cunctis
2676 1161 2769 1218 sed
2793 1162 3007 1220 sibimet
3032 1164 3133 1236 ipsi
3159 1164 3316 1238 longe
3340 1176 3470 1223 ante

1886 1247 2100 1317 provisa
2132 1261 2326 1316 morte,
2356 1250 2555 1321 quippe
2589 1260 2645 1306 et
2688 1252 2829 1309 diem
2876 1254 3025 1310 illum
3055 1264 3111 1312 et
3136 1258 3327 1313 horam
3354 1274 3474 1329 pre-

1888 1338 2040 1397 cibus
2073 1337 2222 1410 (232)
2253 1340 2471 1397 assidue
2505 1344 2802 1413 praevenire
2840 1346 3109 1416 cupierat,
3153 1350 3207 1405 7.
3257 1350 3333 1407 ld.
3366 1352 3474 1408 Fe-

1887 1430 2095 1485 bruarii
2124 1431 2382 1498 resoluto,
2407 1433 2550 1503 quod
2570 1450 2643 1490 ex
2665 1435 2767 1493 hoc
2788 1424 3127 1509 compactum
3164 1446 3474 1500 necessario

1890 1524 2115 1581 solubile
2144 1534 2283 1595 erat,
2315 1529 2658 1599 corpusculo,
2686 1530 2736 1588 ei
2775 1533 2866 1603 qui
2891 1541 2994 1599 est,
3025 1537 3168 1606 quod
3197 1547 3303 1606 est,
3327 1540 3475 1610 quod

1890 1633 2055 1674 unum
2086 1626 2169 1673 est
2198 1632 2378 1685 suum,
2404 1635 2514 1690 quo
2542 1621 2658 1693 ejus
2698 1625 3111 1696 participatione
3148 1636 3256 1684 tam
3307 1631 3476 1687 hono-

1844 1786 1847 1787 γ
1893 1708 2040 1769 rilice
2068 1726 2165 1765 usa
2188 1711 2710 1785 est,.gratula_bunda
2743 1716 3004 1780 reddidit;
3028 1728 3192 1791 atque
3214 1722 3477 1779 in'medio

1892 1792 2127 1857 basilica:
2147 1802 2321 1858 sancti
2347 1802 2493 1859 Petri
2516 1812 2569 1859 et
2592 1807 2765 1862 sancti
2790 1806 3051 1880 Stephani
3066 1808 3219 1879 juxta
3242 1812 3478 1870 tumulos

1816 1942 1865 2003 Β
1894 1910 2102 1966 regum,
2130 1895 2214 1950 avi
2242 1904 2297 1952 et
2317 1895 2452 1951 avite
2467 1882 2832 1966 suaelleinrici
2853 1909 2908 1956 et
2929 1901 3248 1968 Mechtildis,
3274 1904 3475 1977 ejnlatu

1892 1986 2060 2042 nimio
2074 1988 2401 2058 planctuque
2414 2003 2660 2058 suorum,
2674 1991 2816 2047 diem
2841 1992 3038 2050 futuras
3064 1998 3479 2054 resurrectionis

1842 2070 1847 2077 ’
1891 2081 2124 2136 feliciter
2168 2090 2542 2152 expectatura,
2585 2086 2918 2142 reconditur.
2959 2086 3093 2155 Quis
3133 2089 3319 2161 igitur,
3355 2090 3481 2147 licet

1891 2171 2238 2229 adamantino
2294 2173 2473 2244 rigore
2515 2176 2941 2245 prtecordialiter
2983 2179 3298 2247 induratus,
3328 2183 3482 2239 huic

1892 2265 2202 2322 miserando
2226 2266 2536 2337 spectaculo
2565 2268 2727 2325 siccis
2751 2278 2967 2339 poterat
2998 2270 3260 2329 interesse
3283 2274 3476 2337 oculis.

1892 2373 2013 2412 cum
2044 2356 2177 2413 orba
2203 2368 2516 2423 sanctorum
2555 2359 2794 2432 Dionysii
2830 2369 2889 2417 et
2914 2361 3146 2418 Servatii
3186 2364 3478 2434 prasinum

1892 2448 2186 2515 catervula,
2214 2465 2317 2505 nec
2341 2465 2450 2506 non
2480 2460 2683 2509 sanctae
2713 2452 2807 2509 Dei
2833 2453 3113 2525 genitricis
3152 2456 3385 2512 maxime
3410 2472 3479 2513 ex

1892 2548 2077 2596 monte
2106 2540 2448 2608 occidentali,
2481 2557 2546 2599 ac
2588 2544 2762 2603 sancti
2792 2544 3117 2603 Andreze‘ex
3146 2546 3479 2605 Walbicensi

1893 2632 2145 2689 conrobio
2170 2632 2431 2701 vernulae,
2456 2636 2827 2707 quaruntipsa
2854 2637 2924 2694 ab
2947 2638 3125 2705 initio,
3150 2649 3207 2694 ut
3229 2640 3483 2710 praedixi-

1892 2741 2036 2792 mus,
2084 2725 2361 2783 fundatrix
2401 2728 2675 2795 extiterat,
2717 2744 2841 2785 cum
2882 2730 3096 2786 czeteris
3141 2739 3341 2786 sanctae
3374 2730 3481 2786 Pu-

1893 2822 2067 2878 sinnae
2096 2823 2148 2878 in
2184 2821 2566 2888 Winathusen,
2597 2832 2896 2895 sanctoque
2924 2823 3204 2881 Wicberto
3232 2824 3282 2880 in
3316 2824 3479 2895 plano

1887 2914 2042 2985 juxta
2066 2923 2275 2970 curtem
2298 2915 2504 2988 regiam
2520 2913 2929 2982 famulantibus,
2944 2931 3172 2989 quarum
3189 2915 3338 2987 (253)
3355 2915 3483 2971 licet

1837 3015 1845 3022 '
1890 3010 2149 3080 primaeva
2185 3024 2528 3081 nequaquam
2570 3010 2934 3089 constructrzix
2980 3009 3158 3075 fuerit,
3196 3019 3480 3088 postquam

1892 3102 2196 3158 htereditati
2233 3103 2369 3159 avia:
2403 3117 2515 3160 sure
2550 3102 2855 3160 Mechtildis
2891 3102 3018 3174 jure
3060 3100 3482 3173 propinquitatis

1894 3193 2199 3259 successit,
2223 3201 2471 3251 materno
2509 3208 2603 3251 eas
2648 3209 2800 3251 more
2839 3193 2908 3250 ad
2945 3194 2996 3249 id
3030 3195 3289 3266 temporis
3331 3193 3479 3247 onmi

225 3290 332 3349 post
372 3285 629 3341 effrenem
684 3288 961 3345 barbarire-
994 3298 1219 3355 motum,
1275 3305 1384 3344 non
1434 3290 1634 3360 gladio,
1682 3301 1796 3347 non'
1814 3293 1877 3361 cy
1894 3285 2132 3341 sollertia
2181 3285 2474 3342 foverat—
2513 3295 2640 3342 tunc
2673 3286 2817 3357 duo,
2856 3300 2981 3341 cum
3023 3293 3283 3347 matrem.
3311 3299 3476 3354 quam

223 3375 392 3440 armis,
411 3393 515 3431 non
540 3377 662 3432 ullis
678 3378 990 3435 bellicorum
1014 3381 1387 3437 instrumentis
1407 3397 1605 3452 appara
1616 3392 1785 3450 tuum,

224 3461 335 3520 licet
359 3476 414 3521 et
438 3468 518 3525 ad.
535 3469 650 3523 haec
676 3470 1035 3541 prtecipi'enda
1075 3471 1209 3527 satis
1235 3479 1379 3526 esset
1416 3472 1630 3538 idonea,
1663 3486 1790 3526 con-

187 3557 357 3611 «tinua
405 3559 733 3631 vigiliarum,
781 3563 1107 3628 orationum,
1158 3562 1459 3633 inediacque
1508 3563 1788 3628 instantia,

225 3648 311 3700 soli
342 3650 446 3705 Deo
485 3651 719 3719 intenta,
753 3654 895 3710 illius
924 3654 1152 3711 docente
1188 3664 1245 3710 et
1271 3655 1621 3724 confer-tante,
1662 3656 1791 3711 sub-

226 3741 369 3810 sidio,
395 3745 570 3815 prima
610 3748 873 3816 posuerit,
907 3748 1155 3817 ponendo
1195 3748 1581 3816 construxerit,
1619 3764 1792 3819 eoque

230 3849 384 3905 usque
405 3848 622 3893 struere
650 3853 755 3893 non
786 3838 1073 3901 destiterit,
1104 3855 1213 3909 quo
1241 3856 1347 3894 non
1375 3839 1667 3895 laborando
1696 3841 1792 3896 sed

228 3927 332 3994 ejus
358 3929 631 3986 laboribus
668 3917 1044 3996 subintraudo,
1071 3930 1424 3989 succedentes
1452 3932 1790 4002 postmodum

228 4034 369 4091 reges
381 4033 533 4078 tanto
558 4022 768 4079 facilius
782 4040 991 4079 summa
1009 4025 1249 4095 ejusdem
1273 4026 1421 4095 pacis
1446 4026 1791 4095 attingerent,

187 4124 411 4182 ~quanto
452 4115 575 4185 ipsa
627 4115 757 4171 imis
788 4115 1036 4186 primitus
1073 4115 1452 4171 conStrueudis
1484 4115 1796 4185 vigilantius

182 4228 203 4244 σ
229 4203 541 4262 insudassct.
570 4205 885 4262 Novissimis
913 4222 1144 4278 namque
1169 4206 1502 4277 temporibus
1525 4207 1658 4272 suis,
1684 4206 1796 4263 col-

228 4296 391 4367 loquio
420 4301 563 4372 apud
593 4300 1030 4370 Parthcttopolim
1059 4302 1264 4366 habito,
1295 4310 1567 4361 conventu
1596 4302 1797 4374 episco-

227 4401 401 4455 porum
454 4405 580 4446 cum
634 4390 768 4446 duce
817 4391 1152 4459 Bernhardo,
1198 4394 1457 4449 comitum
1516 4408 1582 4448 ac
1630 4393 1797 4449 tutius

228 4483 762 4554 senatusplebisque‘
806 4499 1095 4550 concursu,
1140 4483 1535 4541 conﬂuentibus
1581 4500 1798 4556 quoque

230 4570 411 4643 ibidem
442 4577 590 4631 omni
616 4592 682 4630 ex
711 4577 931 4633 natione
958 4577 1183 4649 legatis,
1218 4578 1611 4649 undiquesecus
1648 4578 1798 4652 (25f)

228 4661 439 4730 vallata,
487 4665 666 4736 qualis
713 4664 897 4731 fuerit,
933 4683 1094 4737 quam
1148 4668 1686 4738 inreprehensibilem
1738 4685 1798 4724 se

227 4755 539 4823 exhibuerit,
576 4774 740 4829 quam
791 4760 927 4816 mira
966 4760 1293 4817 discretione
1334 4762 1531 4832 cuique
1575 4776 1674 4817 sua
1701 4762 1799 4816 tri-

230 4844 410 4911 buerit,
444 4859 646 4920 quanta
678 4851 1026 4907 veneratione
1060 4853 1349 4922 praesulum
1395 4866 1657 4921 personas
1686 4866 1799 4923 pra:

229 4941 424 4997 czeteris
443 4942 659 5001 cunctis
675 4944 1016 5010 tractaverit,
1035 4953 1235 5014 quanta
1254 4943 1471 5000 solertia
1487 4945 1797 5013 optimates,

224 5028 441 5103 iudices,
469 5035 732 5107 aliosque,
764 5052 995 5106 quorum
1034 5036 1088 5091 id
1132 5052 1278 5093 curae
1320 5037 1661 5108 relinquitur,
1695 5053 1796 5108 pro

200 5128 597 5185 .consolidanda
642 5145 700 5185 re
737 5130 971 5201 publica,
1016 5145 1116 5200 pro
1154 5130 1380 5201 privatis
1406 5132 1569 5187 etiam
1609 5131 1798 5188 usibus

197 5221 601 5281 -conlirmandis
638 5226 941 5290 monuerit,
994 5236 1196 5295 quanta
1249 5225 1469 5294 lenitate
1510 5227 1631 5296 pios
1669 5242 1796 5297 per-

200 5313 482 5387 ,mulserit,
512 5328 715 5390 quanta
763 5317 1103 5374 districtione
1144 5334 1266 5375 reos
1313 5320 1588 5384 terruerit,
1628 5335 1799 5390 quan-

202 5411 383 5483 ‘taque
406 5408 668 5466 industria
707 5410 942 5480 patriam
983 5409 1387 5466 conservaverit
1432 5410 1703 5481 adjuverit
1744 5420 1801 5468 et

297 5564 449 5636 (229),
474 5568 561 5624 Ita
579 5567 644 5624 L.
678 5569 791 5627 filio
819 5589 862 5626 c.

298 5637 440 5700 (230)
476 5640 666 5697 Melius
693 5642 1035 5699 transcendit
1060 5643 1198 5698 Ann.
1229 5652 1275 5698 et
1300 5642 1427 5698 Chr.
1454 5642 1583 5700 Sam.

478 5711 564 5795 I'ta
590 5714 833 5795 correxit
854 5714 994 5770 unde
1016 5730 1153 5795 quos
1175 5730 1332 5772 secus
1362 5731 1421 5770 σε

302 5775 443 5853 (252)
478 5782 563 5839 Ita
591 5782 653 5840 L.
681 5786 865 5854 probis
891 5803 940 5840 ε.

1891 3377 2063 3448 pridie
2111 3377 2402 3446 valentem,
2432 3379 2724 3444 viventem,
2754 3393 2819 3434 ac
2860 3377 3072 3447 populis
3118 3377 3475 3446 imperantem

1852 3454 1857 3457 ⁷
1892 3479 2177 3537 noverant,
2209 3470 2426 3542 inopiae
2444 3471 2802 3537 subtractam,
2829 3470 3053 3541 suisque
3083 3483 3345 3540 nusquam
3372 3469 3476 3523 nisi

1850 3542 1855 3548 ’
1893 3562 1947 3617 in
1982 3571 2187 3619 aeterna
2225 3556 2432 3618 visione
2479 3562 2759 3618 obtutibus
2812 3560 3131 3625 redituram,
3181 3558 3485 3630 sarcopha-

1856 3724 1857 3727 η
1891 3666 1959 3723 go
1994 3651 2145 3725 (254)
2184 3653 2381 3708 includi
2409 3667 2474 3709 ac
2506 3653 2709 3709 tumulo
2752 3652 2973 3725 recondi
3006 3651 3287 3719 deflerent,
3315 3665 3485 3723 seque

1894 3762 2017 3803 cum
2047 3761 2113 3802 ea
2137 3746 2275 3803 mori
2298 3762 2460 3818 quam
2490 3760 2775 3817 superesse
2808 3745 2987 3811 malle,
3017 3745 3220 3802 amenti
3245 3745 3478 3815 quadam

1852 3890 1855 3895 .
1893 3837 2282 3893 vociferatione
2306 3837 2640 3895 clamarent?
2660 3837 2800 3906 Quid
2822 3836 3009 3909 plura?
3034 3835 3362 3897 llistaudem
3384 3835 3483 3891 lle-

1894 3928 2077 3984 bilitcr
2096 3928 2355 4000 peractis,
2385 3927 2624 4000 praefata:
2652 3927 3092 3986 sanctimoniales
3115 3926 3329 3983 femina:
3352 3942 3475 3983 cum

1848 4086 1854 4094 ,
1895 4022 2163 4094 episcopis
2192 4022 2341 4095 (235)
2369 4038 2506 4093 quos
2534 4023 2712 4078 divina
2746 4021 3036 4079 clementia
3071 4020 3214 4077 illius
3241 4019 3486 4091 exequiis

1897 4118 2219 4190 improvisos
2234 4118 2426 4176 adesse
2438 4117 2804 4190 diSposuerat,
2818 4117 3047 4174 Arnulfo
3065 4129 3117 4173 et
3131 4115 3358 4175 Bernvva
3367 4116 3484 4179 rdo,

1852 4278 1855 4279 ν
1896 4224 1998 4263 nec
2037 4224 2145 4265 non
2179 4207 2327 4275 duce,
2356 4209 2672 4265 Bernhardo
2709 4198 3126 4276 convenientes,
3165 4206 3486 4265 fratruelem

1854 4372 1857 4375 Δ
1899 4298 2069 4370 ipsius
2125 4299 2337 4361 domne:
2381 4300 2685 4369 Mechtildis
2730 4301 3111 4368 Adelbeidam,
3167 4316 3333 4373 quam
3383 4298 3491 4360 sibi

1901 4396 2274 4467 adoptaverat,
2323 4412 2488 4469 quant
2525 4398 2685 4454 unice
2708 4398 3013 4463 ,dilexerat,
3060 4412 3225 4469 quam
3255 4410 3355 4467 pro
3380 4394 3493 4451 ﬁlia

1854 4552 1863 4561 ο
1901 4489 2129 4546 delicate
2158 4489 2444 4556 nutrierat,
2477 4489 2581 4547 hoc
2614 4489 2787 4552 solum
2817 4489 3036 4546 inflictis
3049 4487 3374 4544 vulneribus
3390 4501 3490 4573 ree-

1904 4588 2141 4644 medium
2172 4595 2385 4644 restare
2414 4596 2729 4652 cernentes,
2759 4585 2813 4640 in
2843 4584 3117 4640 dominam
3151 4598 3217 4639 ac
3259 4589 3492 4636 matrem

1822 4640 1880 4710 Ι)
2387 4640 2592 4748 eligunt
2609 4694 2625 4744 ;
2654 4640 2967 4747 legatosque
2983 4674 3107 4730 btee
3121 4672 3299 4744 primo
3322 4669 3497 4725 Fran-

1864 4769 2003 4831 ,ϐίω
2054 4769 2121 4824 ad
2169 4768 2570 4839 imperatricem
2621 4764 3027 4829 Adelbeidam,
3063 4771 3295 4819 matrem
3348 4760 3496 4816 illius

1905 4857 2234 4924 Mechtildis,
2263 4858 2460 4914 deinde
2487 4855 2555 4911 ad
2595 4856 2977 4927 imperatorem
3009 4852 3312 4915 Romanum
3341 4849 3497 4908 Otto.

1905 4967 2055 5019 nem,
2083 4949 2400 5007 fratruelem
2424 4946 2889 5019 videlicetipsitts,
2909 4945 3097 5005 Roma:
3115 4941 3497 5014 deportatum:

1864 5106 1871 5117 ,
1905 5046 2052 5104 omni
2080 5045 2180 5102 sub
2205 5043 2489 5102 celeritate
2517 5039 3044 5108 transmittunt.._Qui
3086 5037 3345 5095 festinato
3370 5050 3497 5107 per-

1904 5149 2115 5213 gentes,
2141 5139 2212 5196 ad
2234 5146 2523 5212 augustam
2538 5136 2599 5193 in
2627 5134 2781 5192 brevi
2815 5133 3062 5198 veniunt,
3085 5143 3336 5199 eamque,
3368 5127 3498 5184 licet

1906 5241 2034 5289 ante
2061 5247 2306 5303 prazsaga
2339 5239 2522 5292 mente
2562 5227 2766 5299 aliquid
2810 5226 2912 5284 sibi
2954 5223 3295 5283 intolerabile
3332 5236 3499 5278 even-

1909 5335 2090 5382 turum
2117 5323 2439 5396 praescierit,
2484 5322 2685 5378 nuncio
2719 5320 2811 5382 illo
2838 5317 3055 5391 [infelici
3090 5317 3300 5374 viscere
3340 5324 3498 5369 tenus

1908 5416 2185 5482 sauciant;
2213 5398 2617 5486 assumptisque
2644 5411 2766 5473 aliis
2793 5411 2866 5469 ibi
2907 5424 3093 5468 secum
3137 5405 3500 5480 imperatricis

1984 5572 2133 5638 @155)
2172 5571 2259 5627 Ita
2282 5570 2344 5627 L.
2379 5571 2580 5626 [larum
2608 5585 2657 5625 c.

2005 5641 2136 5713 254)
2171 5642 2257 5715 ita
2290 5641 2349 5697 L.
2377 5657 2533 5699 sarco
2558 5658 2607 5715 c_.
2654 5710 2684 5715 __
2878 5710 2888 5715 _
3028 5706 3058 5715 ,_
3332 5702 3342 5715 .

2005 5648 2136 5713 254)
2171 5648 2257 5697 lla
2290 5648 2349 5697 L.
2377 5657 2533 5699 sarco
2558 5658 2607 5694 ε.
3332 5702 3342 5715 _

1980 5648 2128 5788 ἕῖὃὸ)
2167 5714 2227 5769 Ο.
2252 5732 2303 5771 e.
2327 5714 2545 5781 desunt;
2573 5710 2752 5768 Leibu.
2770 5727 2833 5767 ex
2852 5710 2992 5765 Ann.
3019 5706 3150 5781 sum.
3176 5709 3390 5777 recepit.
3426 5732 3433 5737 ι
