3952 5346
511 259 618 316 555

1314 288 1317 291 ·
1386 264 1641 324 ΑΝΝΔΙ..
1677 265 2118 327 ιιιιοεςιηειιιι.
2146 270 2933 350 QUEDIJNBJWEISSEMB.

3676 283 3781 347 536.

1461 384 1785 442 ANNALES
1814 387 2554 460 QUEDLINBURGENSES.
2594 395 2662 453 A.
2696 396 2855 454 1000.

511 466 755 538 ejusdem
788 466 1013 540 legatis,
1044 468 1272 528 Romam
1297 471 1674 544 'pervcniunt,
1719 478 2099 548 imperatorem
2129 487 2177 546 Α
2207 480 2464 554 largitate
2495 487 2590 542 sed
2622 503 2851 559 corpore
2886 490 3159 559 deﬁciens,
3192 497 3502 555 necessario
3531 499 3781 571 quietura

513 570 803 634 augustum
846 563 1051 620 recenti
1089 565 1303 635 nepotis
1345 566 1427 623 sui
1473 582 1626 639 papa:
1668 568 1957 638 Brunonis,
2007 572 2099 643 qui

513 653 759 711 Romana
793 654 974 726 lingua
1003 655 1296 728 Gregorius
1338 669 1588 727 vocatur,
1632 659 1782 718 obitu
1809 663 2100 721 admodum

514 754 771 802 incestum
821 748 1125 820 reperiunt,
1179 765 1241 806 ac
1296 751 1464 823 priori
1520 756 1876 824 posteriorem
1928 757 2100 814 multo

480 856 483 859 ·
515 835 827 906 graviorem
864 837 1167 910 adjiciendo
1194 841 1459 909 dolorem,
1486 846 1556 902 ob
1593 861 1875 909 excessum
1898 863 2010 905 sua:
2039 849 2100 904 il-

515 927 861 983 lustrissimze
886 929 1068 986 amitae
1094 946 1157 987 ex
1191 944 1387 991 mmsto
1410 937 1820 994 mtestissimum
1848 941 2098 997 reddunt.

512 1017 632 1074 Non
675 1020 852 1076 solum
896 1022 1078 1092 itaque
1119 1020 1414 1094 imperator
1454 1035 1715 1096 angustus
1759 1028 1982 1101 ejusque
2016 1046 2101 1088 se—

515 1123 718 1179 quaces
748 1110 1089 1168 Mechtbildis
1121 1114 1395 1184 praeclarae
1434 1120 1771 1189 corporalem
1819 1122 2099 1181 interitum

513 1200 718 1274 lugent,
757 1202 852 1259 sed
897 1217 1236 1277 quocumque
1275 1221 1376 1277 per
1409 1208 1580 1277 vicos,
1607 1226 1703 1282 per
1743 1213 1970 1284 plateas,
2002 1231 2102 1288 per

513 1293 773 1363 compita,
804 1308 901 1365 per
926 1293 1066 1362 avia,
1098 1296 1249 1352 necis
1275 1296 1419 1355 illius
1446 1298 1591 1356 fama
1628 1304 1832 1369 sonuit,
1877 1316 2101 1377 pectora

512 1383 817 1451 tundendo,
865 1384 1050 1442 crines
1100 1385 1420 1456 laeerando,
1467 1389 1670 1448 luctum
1722 1409 1835 1465 pra:
1889 1398 2102 1468 gaudiis

517 1474 779 1542 amando,
827 1474 1001 1547 ipsum
1048 1492 1156 1534 tera
1199 1478 1542 1540 laehrimosis
1582 1485 1810 1545 vocibus
1860 1489 2098 1559 pulsant.

518 1562 829 1637 Resumptis
852 1582 984 1640 ergo
1011 1569 1230 1626 demum
1253 1583 1377 1644 post
1403 1583 1607 1632 tantam
1630 1581 2099 1649 perturbationem

512 1656 682 1713 animi
711 1658 938 1729 viribus,
964 1660 1263 1732 imperator
1291 1665 1548 1736 prccfatus
1585 1685 1683 1741 pro
1708 1672 1985 1747 obsequiis
2008 1693 2100 1735 ve»

511 1750 769 1807 nerandze
794 1768 906 1809 sua:
934 1756 1113 1813 amitte
1138 1758 1419 1831 exhibitis,
1449 1772 1503 1818 et
1539 1779 1638 1834 pro
1664 1766 1927 1849 electione
1947 1787 2099 1831 sero.

510 1839 608 1906 ris,
632 1853 815 1914 grates
838 1843 987 1916 (9.56)
1017 1854 1219 1904 sancta:
1256 1853 1662 1924 congregationi
1692 1839 1979 1917 re'mantlat
2008 1860 2101 1917 in-.
2130 1841 2172 1900 Β

513 1944 793 1998 numeras,
821 1947 1050 2005 eamque
1092 1936 1285 1994 honori
1316 1948 1374 1996 et
1398 1941 1552 1998 oneri
1594 1945 1786 2000 matris
1816 1948 2098 2020 spiritalis,

466 2048 471 2053 ’
515 2033 627 2074 non
655 2030 715 2076 ut
735 2023 909 2094 potuit
951 2023 1290 2097 imperando,
1318 2031 1412 2087 sed
1439 2041 1497 2087 ut
1527 2032 1674 2104 pium
1704 2036 1884 2095 decuit
1912 2052 2105 2112 pcstu-.

512 2110 698 2181 laudo,
727 2118 1020 2175 succedere
1047 2119 1385 2179 deliberavit.
1415 2125 1570 2194 Quod
1618 2137 1674 2185 et
1721 2110 1925 2188 divina
1950 2136 2099 2192 ordi-

515 2214 684 2261 nantc
732 2205 1020 2265 clementia
1071 2212 1192 2269 sine
1238 2229 1389 2271 mora
1444 2219 1739 2293 peragitur.
1779 2220 1837 2278 In
1892 2225 2100 2282 solenni

512 2309 749 2368 namque
777 2297 1065 2364 Michaelis
1093 2304 1402 2379 archangeli
1437 2306 1574 2367 festo
1599 2311 1862 2373 electione
1884 2314 2101 2385 iterata,

515 2388 585 2444 ab
625 2388 853 2448 Arnull‘o
898 2392 1140 2462 ejusdem
1177 2397 1433 2456 ecclesitr'
1469 2402 1752 2475 episcopo,
1798 2411 2104 2469 astantibus

514 2480 637 2538 aliis
670 2485 940 2558 episcopis
975 2498 1030 2545 et
1069 2489 1267 2547 domna
1314 2494 1481 2565 regali
1526 2496 1748 2567 Sophia,
1781 2515 1969 2558 sorore
2004 2519 2107 2567 sua

512 2575 753 2647 majore,
784 2588 840 2635 et
876 2591 1039 2653 nepte
1070 2597 1166 2641 sua
1218 2585 1413 2641 illustri
1464 2589 1740 2647 abbatissa
1787 2590 2104 2668 Hatbwiga,

510 2671 832 2742 cunctisque
860 2675 1008 2745 regni
1039 2677 1360 2747 primatibus
1389 2680 1677 2754 utriusque
1707 2699 1890 2754 sexus,
1918 2702 2102 2746 coram

513 2758 673 2818 altari
711 2765 882 2820 sancti
930 2765 1075 2823 Petri
1112 2770 1477 2841 apostolorum
1513 2776 1773 2848 principis
1820 2790 1874 2836 et
1928 2783 2105 2840 sancti

512 2855 775 2927 Stephani
804 2865 1219 2936 protomartyris
1246 2865 1454 2924 honore
1476 2883 1715 2942 congruo
1743 2871 2084 2931 benedicitur

513 2951 713 3009 throno
742 2952 953 3011 domnae
996 2958 1188 3015 matris
1233 2961 1579 3030 sublimatur,
1621 2966 1822 3036 regula:
1850 2939 2107 3027 commisi

512 3042 769 3109 sione,'in
798 3061 903 3117 qua
934 3062 994 3103 se
1026 3049 1239 3121 sibique
1267 3052 1634 3123 subjrr-ctarum
1667 3056 1833 3111 vitam
1864 3058 2020 3128 quasi
2040 3060 2101 3115 in

512 3133 737 3203 speculo
762 3143 1011 3205 spectare
1052 3141 1405 3213 omniumque
1438 3144 1657 3201 solertia
1693 3161 1883 3217 regere
1908 3149 2099 3213 discat,

2202 574 2286 628 vel
2325 577 2593 633 modicum
2642 596 2763 637 sese
2809 582 3180 651 reclinaverit;
3230 585 3285 641 id
3325 596 3504 645 tamen
3556 591 3612 647 in
3665 603 3785 650 voto

2203 664 2427 735 habens,
2469 684 2536 725 ne
2566 670 2649 726 vel
2690 671 2949 740 sedendo,
2983 674 3063 729 vel
3091 677 3310 741 stando,
3343 678 3427 734 vel
3458 680 3787 752 quibuslicet

2201 761 2649 830 occupationibus
2690 763 2930 833 detenta,
2980 783 3217 838 unquam
3271 785 3301 824 a
3360 770 3788 831 familiarissima

2202 850 2306 905 sibi
2329 851 2820 910 misericordiarum
2843 873 3008 928 opere
3028 869 3285 916 cessaret.
3304 861 3431 918 llzee
3457 864 3625 935 igitur
3648 877 3792 937 post-

2200 943 2395 1012 positis
2419 960 2539 1014 qum
2568 961 2688 1002 esse
2721 947 2997 1017 videntur,
3028 966 3133 1005 non
3160 954 3302 1021 quod
3331 955 3437 1010 sint
3462 955 3641 1028 (258),
3667 960 3794 1029 quia

2204 1042 2521 1101 transeunt,
2563 1036 2658 1091 sed
2708 1039 2851 1108 quod
2905 1040 3063 1096 nobis
3105 1056 3358 1098 sensuum
3404 1047 3672 1115 qualitate
3698 1050 3789 1104 de-

2202 1125 2451 1196 gentibus
2479 1142 2598 1183 cs-ze
2643 1129 2964 1197 videantur,
2993 1141 3054 1187 ut
3091 1132 3200 1187 dixi
3231 1134 3393 1190 nobili
3430 1136 3522 1192 illa
3555 1138 3791 1195 hominis

2201 1219 2556 1291 praerogativa
2600 1221 2666 1277 ad
2714 1238 2775 1277 ea
2816 1239 2937 1294 qua:
2974 1239 3104 1282 vere
3142 1237 3298 1292 sunt,
3324 1220 3451 1300 quia
3481 1246 3583 1286 nec
3613 1241 3790 1287 ortum

2201 1312 2284 1368 sui
2308 1313 2601 1383 respiciunt
2621 1308 2719 1374 nec
2738 1316 2925 1386 ﬁnem,
2941 1327 3107 1375 totam
3130 1335 3250 1376 sese
3266 1321 3479 1394 erigens
3503 1324 3628 1379 nisu
3646 1325 3793 1397 (259)

2202 1420 2268 1462 ac
2312 1405 2522 1462 meliori
2563 1409 2722 1467 oculo
2750 1426 2990 1482 superna
3020 1428 3238 1483 semper
3268 1413 3513 1479 intuens.
3560 1419 3790 1473 tamdem

2200 1496 2442 1554 emerita:
2467 1498 2758 1556 admodum
2782 1502 2979 1567 aetatis,
2994 1502 3063 1558 ad
3076 1519 3197 1559 eum
3214 1518 3373 1574 quem
3397 1507 3793 1563 medulletenus

2201 1589 2443 1646 sitiverat
2475 1592 2537 1647 l6
2559 1592 2732 1665 (2w).
2756 1594 2872 1650 Cal.
2898 1593 3119 1651 Ianuar.
3141 1594 3385 1651 laborum
3415 1612 3643 1653 suorum
3670 1613 3795 1653 cens

2204 1680 2516 1752 tuplicatam
2566 1694 2851 1757 receptura
2902 1686 3237 1754 mercedem,
3295 1686 3544 1758 angelico
3596 1689 3791 1759 stipata

2202 1785 2386 1844 coetu,
2444 1776 2678 1849 gloriosa
2737 1780 3020 1850 migravit,
3074 1789 3239 1850 atque
3280 1779 3333 1835 in
3373 1779 3600 1836 basilica
3651 1780 3789 1835 Sali-

2204 1870 2350 1927 sensi
2396 1869 2542 1944 (241)
2563 1913 2576 1937 ,
2607 1887 2767 1942 quam
2800 1872 2914 1944 ipsa
2946 1873 2998 1928 in
3028 1873 3235 1929 honore
3262 1872 3432 1928 sancti
3460 1871 3612 1927 Petri
3643 1872 3788 1944 priu-

2203 1964 2341 2036 cipis
2361 1965 2726 2037 apostolorum
2749 1968 2838 2040 pio
2857 1968 3044 2026 labore
3066 1977 3472 2035 construxerat,
3488 1967 3789 2043 honoriﬁce

2206 2057 2522 2115 tumulatur.

2276 2188 2415 2245 1000
2452 2189 2623 2263 (242).
2650 2191 2816 2262 Cujus
2844 2194 3001 2249 obitu
3021 2204 3141 2265 post
3168 2195 3439 2252 modicum
3478 2203 3787 2266 comperto,

2204 2280 2500 2353 imperator
2520 2293 2777 2354 angustus
2800 2286 2941 2341 ultra
2963 2302 3124 2357 quam
3151 2288 3300 2344 credi
3331 2297 3515 2358 potest
3535 2289 3788 2344 meeroris

2206 2373 2482 2430 nimietate
2502 2375 2759 2444 atlicitur;
2784 2388 3029 2436 sanctam
3058 2380 3148 2436 Dei
3170 2379 3480 2445 ecclesiam,
3506 2396 3635 2452 qua!
3659 2396 3787 2436 con-.

2207 2466 2415 2523 tinuato
2442 2468 2604 2524 trium
2622 2469 2771 2541 lapsu
2801 2471 3197 2539 columnarum,
3228 2473 3425 2543 quibus
3450 2474 3593 2528 mira
3624 2473 3785 2528 ﬁrmi-

2208 2566 2317 2615 tate
2338 2561 2565 2616 subnixa
2588 2562 2851 2619 hactenus
2867 2564 3191 2620 inconcussa
3217 2573 3448 2621 steterat
3469 2565 3659 2620 domui
3682 2564 3786 2622 sci-2

2208 2649 2335 2710 licet
2374 2653 2680 2725 apostolici,
2726 2656 2969 2725 aviaeque
3008 2671 3118 2711 suae
3160 2655 3399 2727 prtet‘ata:
3426 2658 3785 2728 imperatricis

2206 2754 2470 2817 augustae,
2501 2761 2603 2801 nec
2628 2762 2733 2801 non
2784 2748 2962 2802 amitce
3000 2760 3116 2802 suae
3159 2748 3457 2817 imperialis
3504 2747 3793 2804 abbatissa:

2206 2842 2530 2908 Mecbtildis,
2576 2841 2902 2898 discessibus
2947 2841 3220 2906 vacillare,
3261 2840 3476 2912 sibique
3518 2840 3635 2909 jam
3689 2840 3781 2897 soli

2206 2935 2364 2993 inniti
2392 2935 2539 2997 (⁸245)
2571 2935 2923 3005 conspiciens,
2957 2950 3211 2991 curarum
3239 2933 3479 3005 pondere
3508 2943 3787 3006 gravatur,

2208 3031 2302 3086 llis
2326 3042 2350 3086 t
2366 3045 2528 3094 tmen,
2553 3044 2670 3100 qua:
2692 3030 2890 3088 ibidem
2914 3030 2999 3086 vel
3028 3032 3078 3085 in
3106 3028 3493 3089 ecclesiasticis
3514 3029 3600 3084 vel
3626 3028 3784 3084 etiam

2208 3122 2261 3177 in
2293 3123 2378 3192 pul
2401 3119 2521 3175 lcis
2566 3121 2726 3176 rebus
2750 3122 2955 3192 agenda
2984 3131 3161 3184 erant,
3198 3122 3300 3177 rite
3346 3120 3652 3191 dispositis,
3690 3135 3781 3191 pa-

541 3191 556 3203 .
791 3191 806 3205 .
872 3191 881 3193 ε
924 3191 1005 3193 wr-
1060 3191 1404 3213 v--—-—v~---1-—
1438 3191 1657 3201 -v------
1697 3191 1752 3201 -ν
1792 3191 1883 3203 v-v
1909 3191 2099 3213 νιννυιιν
2260 3191 2305 3226 ,ί
2796 3191 2805 3192 “
2913 3213 2924 3226 .
3436 3213 3447 3224 ι

506 3240 615 3283 non
659 3228 930 3287 modicum
981 3242 1267 3300 oneratur;
1316 3235 1554 3308 quidque
1597 3191 1785 3307 spatii"
1817 3191 2173 3298 miseratioC
2206 3223 2365 3308 mam
2415 3212 2711 3308 desuk'lflm
2770 3229 2926 3284 ‘1"35'
2977 3213 3353 3308 ερηδοῖθιυῗυδ
3399 3223 3572 3308 ςιιξιιο
3622 3227 3785 3308 ἒυτξιι

506 3319 703 3379 deinde
724 3321 1122 3395 Onmipotentis
1144 3329 1493 3396 concesserit,
1524 3331 1789 3403 dignitate
1813 3333 2009 3390 eximia
2038 3343 2096 3391 et

503 3413 726 3483 gaudio,
762 3431 867 3473 non
898 3426 1076 3475 tamen
1105 3420 1221 3477 sine
1249 3437 1377 3478 cura
1408 3422 1686 3495 pervigili,
1734 3435 2093 3483 transactnra.

505 3503 701 3564 Medici
751 3507 916 3579 igitur
965 3509 1230 3568 intervalli
1286 3515 1462 3583 spatio
1497 3514 1814 3582 Adelheida,
1858 3515 2096 3588 praefatae

506 3595 811 3655 biceh-Iildis
851 3601 1110 3672 genitrix,
1151 3602 1336 3660 inclita
1376 3604 1744 3661 Romanorum
1778 3606 2095 3676 imperatrix

503 3699 890 3761 augustaque
909 3700 1111 3748 statum
1139 3693 1351 3767 imperii
1385 3705 1529 3751 terra
1559 3695 1805 3767 marique
1835 3696 1938 3754 sibi
1961 3696 2093 3755 sub-

508 3781 618 3838 acti
659 3798 767 3838 una
813 3798 936 3840 cum
963 3799 1063 3840 suo
1091 3795 1364 3852 consorte,
1392 3797 1621 3860 augusto
1656 3786 1867 3847 scilicet
1897 3803 2095 3861 magno

508 3879 568 3927 et
601 3872 828 3943 paeiiico
868 3872 1084 3942 Ottone,
1112 3891 1219 3934 non
1260 3878 1440 3935 minus
1486 3879 1698 3937 meritis
1745 3880 2096 3952 moribusque

508 3964 831 4037 insigniorat
872 3969 1120 4039 egregiis,
1148 3986 1312 4043 quam
1357 3971 1444 4027 ille
1483 3972 1689 4031 viribus
1715 3984 1771 4031 et
1807 3974 2101 4046 triumphis,

507 4057 901 4119 consolidasset
936 4060 1178 4130 eximiis;
1225 4072 1349 4133 post
1396 4063 1604 4120 obitum
1651 4064 1831 4136 itaque
1877 4066 1996 4137 ejus
2040 4076 2096 4122 et

507 4148 627 4219 ipsa
656 4165 754 4220 per
777 4159 950 4208 totum
972 4152 1155 4210 seculo
1181 4155 1443 4220 moriens,
1473 4157 1629 4227 quasi
1669 4174 1773 4213 non
1818 4159 1919 4215 sibi
1968 4169 2094 4216 nata

502 4239 602 4297 sed
638 4243 859 4314 inopum
890 4244 1076 4303 usibus
1118 4254 1326 4303 tantum
1372 4247 1632 4305 divinitus
1675 4257 1819 4305 esset
1853 4250 2092 4320 provisa,

506 4335 770 4406 quidquid
796 4336 1000 4394 habere
1028 4339 1240 4409 potuit,
1272 4340 1423 4412 regni
1456 4340 1703 4399 videlicet
1730 4357 1952 4399 censum
1981 4353 2095 4413 toto

504 4427 640 4484 orbe
679 4428 964 4486 tributario
1008 4430 1133 4501 jure
1175 4430 1262 4487 vel
1298 4432 1462 4488 etiam
1507 4432 1736 4490 donaria
1774 4435 2093 4506 quaesitum,

2201 3307 2504 3362 adeundam
2534 3305 2831 3372 deliberat;
2876 3307 3018 3376 quod
3048 3315 3103 3361 ct
3130 3305 3592 3363 acceleratissime
3633 3305 3783 3375 iacit,

2199 3414 2306 3455 non
2332 3398 2519 3470 paucis
2557 3412 2623 3454 ex
2652 3398 2899 3456 Romano
2927 3408 3117 3455 senatu
3148 3414 3252 3453 una
3281 3414 3466 3454 secum
3511 3397 3779 3470 pergenti-

2196 3489 2317 3546 bus.
2350 3489 2718 3545 Transscensa
2749 3505 2878 3546 vero
2904 3490 3120 3559 Alpium
3152 3490 3489 3555 dillicultate,
3529 3501 3591 3545 ut
3610 3490 3779 3560 primo

2197 3583 2347 3640 hisce
2385 3582 2534 3655 (244)
2562 3584 2809 3653 partibus
2844 3583 3034 3654 pedem
3087 3582 3290 3639 inferre
3332 3584 3530 3655 potuit,
3578 3593 3687 3637 tota
3729 3581 3775 3636 ei

2196 3673 2392 3741 Gallia,
2415 3673 2665 3741 Francia,
2700 3675 2920 3741 Suevia,
2951 3675 3188 3746 equestri
3218 3683 3270 3729 et
3295 3674 3535 3744 pedestri
3565 3673 3776 3745 agmine

2199 3768 2475 3823 turmatim
2519 3767 2736 3823 obviam
2785 3769 2913 3822 ruit.
2955 3768 3197 3822 Domina:
3242 3766 3404 3822 etiam
3449 3762 3779 3835 imperiales,

2158 3906 2159 3909 η
2196 3875 2467 3933 germana:
2513 3874 2627 3920 sua:
2672 3874 2911 3925 sorores,
2969 3858 3170 3930 Sophia
3224 3865 3278 3914 et
3301 3856 3624 3922 Adclheida,
3658 3869 3775 3911 cum

2197 3955 2447 4012 Saxonite
2467 3965 2523 4012 et
2542 3955 2853 4028 Tliuringite
2878 3956 3158 4026 utriusque
3187 3966 3350 4010 sexus
3376 3951 3571 4023 primis
3588 3963 3775 4004 occur-

2195 4046 2390 4115 rendo,
2413 4045 2563 4102 velut
2585 4046 2806 4101 unicum
2833 4045 2991 4101 unice
3017 4044 3272 4099 dilectum
3317 4042 3420 4097 hac
3442 4040 3639 4095 merito
3657 4034 3776 4091 dilie

2195 4143 2453 4214 gendum,
2486 4140 2622 4210 ipso,
2648 4147 2710 4194 ut
2733 4139 2808 4193 ita
2833 4136 3031 4202 dicam,
3055 4134 3365 4192 eorridente
3394 4131 3620 4196 mundo,
3651 4143 3783 4185 unas

2195 4233 2331 4290 nimi
2367 4231 2733 4305 gratulatione
2784 4229 3107 4299 suscipiunt,
3157 4242 3223 4283 ac
3271 4241 3393 4282 cum
3440 4238 3507 4280 eo
3558 4224 3774 4295 pariter,

2195 4324 2450 4395 quamdiu
2495 4322 2749 4380 destinati
2803 4321 3016 4377 itineris
3062 4318 3389 4376 acceleratio
3449 4314 3771 4388 patiebatur.

2195 4417 2377 4473 debita
2418 4414 2650 4470 caritate
2696 4423 2999 4470 morantur.
3050 4411 3143 4467 ille
3184 4422 3318 4466 vero
3345 4408 3647 4479 evangelici
3675 4421 3778 4462 non

502 4520 652 4576 inter
675 4530 870 4578 caetera
899 4521 1161 4578 virtutum
1188 4522 1417 4595 insignia
1442 4524 1692 4582 manibus
1716 4502 2014 4598 pauperum
2039 4502 2092 4584 in
2118 4542 2172 4603 Ῑ)
2199 4509 2486 4603 ί-ίηωθίηοξ
2515 4506 2790 4603 ΡτξῈθθβίῖν
2821 4520 2931 4577 ίΙ¹¹⁰
2981 4505 3238 4561 didm“
3294 4502 3778 4603 Pﬁmumﬂmﬂm

502 4611 754 4670 coelestes
797 4613 1190 4685 deportandum
1250 4615 1536 4673 thesauros
1593 4616 1752 4679 hilari
1809 4626 1991 4677 mente
2035 4629 2093 4677 et

502 4708 643 4765 faeie
669 4709 1051 4766 commendare
1072 4725 1179 4766 non
1200 4710 1426 4767 destitit.
1442 4708 1691 4768 Vidimus
1712 4727 1947 4782 namque
1966 4726 2085 4768 eam

502 4800 867 4868 creberrime,
898 4802 995 4858 sed
1041 4802 1436 4869 secretissime,
1479 4818 1633 4859 more
1661 4803 1988 4865 rusticarum
2018 4804 2088 4860 ad

500 4894 558 4949 id
610 4894 969 4950 desiderabile
1009 4895 1095 4950 sui
1136 4908 1273 4964 opus
1316 4896 1680 4962 succinctam,
1726 4910 1795 4952 ne
1843 4896 1929 4953 vel
1972 4897 2087 4968 ipsa

499 4987 730 5041 vestium
747 4986 1030 5057 prolixitas
1046 4987 1208 5043 ullam
1222 4987 1324 5043 sibi
1342 4988 1586 5058 ingerere
1599 4998 1783 5059 posset
1798 4989 2085 5056 morulam,

502 5078 767 5133 ambabus
779 5094 879 5149 pro
904 5081 1093 5135 dextra
1113 5080 1361 5136 manibus
1382 5095 1533 5135 usam
1552 5079 1725 5150 (257),
1755 5090 1863 5135 tam
1884 5080 1973 5135 diu
1998 5081 2088 5151 pio

503 5170 632 5225 huic
654 5171 917 5230 institisse
936 5174 1129 5240 labori,
1143 5189 1425 5246 quousque
1440 5172 1729 5230 vacillante
1750 5172 1961 5228 incessu
1979 5187 2084 5227 non

578 5301 723 5322 [[3νηῖ
771 5301 816 5322 ΙΙ
868 5304 903 5322 η
951 5305 963 5318 ο

2196 4616 2413 4672 regnum
2440 4599 2555 4664 Dei,
2575 4597 2730 4669 juxta
2752 4614 2958 4654 morem
2985 4605 3267 4668 parentum
3297 4609 3521 4650 suorum
3556 4594 3777 4665 impera-

2197 4700 2401 4758 torum,
2425 4690 2607 4748 omnia
2638 4706 2734 4747 sua
2770 4689 2953 4745 divina
2988 4688 3098 4759 regi
3127 4702 3192 4743 ac
3217 4684 3490 4741 meliorari
3513 4694 3777 4755 exoptans

2195 4785 2511 4855 clementia,
2564 4784 2754 4840 humili
2810 4784 3096 4841 devotione
3125 4782 3179 4836 in
3217 4778 3489 4835 Sclaviam
3531 4786 3774 4834 sanctum

2194 4879 2551 4939 Adalbertum
2607 4892 2781 4948 nuper
2848 4891 2946 4946 pro
2999 4874 3215 4931 Christo
3267 4872 3573 4927 laureatum
3626 4870 3774 4933 adiit,

2192 4967 2419 5040 ejusque
2464 4968 2829 5022 interventum
2885 4963 3139 5020 obnixius
3197 4961 3373 5032 petiit.
3429 4960 3509 5015 lbi
3570 4972 3773 5015 summo

2155 5105 2158 5109 η
2191 5063 2477 5120 eonanimc
2504 5077 2535 5116 a
2574 5060 2720 5116 duce
2749 5059 3070 5116 Selavonico
3105 5054 3444 5113 Bolizlavone
3473 5062 3772 5124 susceptus,

2190 5157 2367 5213 xeniis
2391 5153 2665 5223 omnigeni
2695 5167 2891 5209 census
2919 5152 3119 5220 ubique
3165 5159 3438 5206 terrarum
3489 5145 3773 5203 studiosis.

2263 5292 2409 5322 ,πίω
2459 5302 2536 5322 ιιι.
2568 5305 2768 5322 μιν-ηιμ-
2800 5304 2863 5322 ος·
2901 5287 3009 5322 Ann
3053 5297 3098 5322 οι
3123 5284 3296 5322 filis-nn
3350 5279 3539 5322 Sno-nn
3593 5288 3642 5322 ρι
3679 5272 3773 5322 “'2-
