3944 6384
168 310 300 369 53⁸1

839 312 928 368 ΕΤ
970 313 1314 373 ιΑΜΒΕιιΤι
1363 318 1793 379 ΑεειιΑιτΝΑΒι

1881 323 1940 381 G.
1992 326 2171 383 PARS
2212 329 2494 387 ALTERA
2532 331 2854 389 GENUl-NA.

3321 335 3427 394 538

1070 425 1393 485 ANNALES
1429 429 2166 498 QUEDLINBURGENSES.
2190 438 2256 495 A.
2288 442 2600 501 1001-1002

168 537 328 593 sime
358 535 603 607 qumsitis
624 535 1005 608 obsequialitcr
1024 541 1288 605 donatur;
1313 541 1438 597 licet
1466 544 1596 605 nihil
1631 555 1757 599 tunc
1787 549 1830 609 Α
1860 548 2048 602 standa
2079 550 2384 609 decederet.
2433 554 2678 618 Moestus,
2710 564 2768 611 ιιι
2806 566 3005 623 terunt,
3048 574 3102 611 tn
3149 556 3425 627 cujusdam

169 629 455 699 temporis
492 642 558 687 ex
597 630 681 685 his
709 632 996 701 acceperit,
1025 634 1220 704 quippe
1250 635 1342 705 qui
1373 652 1477 693 non
1522 637 1758 708 rapiendi

168 736 290 777 nec
312 721 587 787 sumendi,
629 723 724 777 sed
749 721 909 778 dandi
934 733 990 779 et
1014 725 1206 780 orandi
1242 741 1404 781 causa
1447 741 1513 781 co
1539 726 1639 783 loci
1667 728 1762 781 ad-

169 820 487 871 ventasset.
512 811 569 870 lu
600 814 830 882 patriam
857 815 1167 884 revertitur,
1214 815 1761 894 achuedelingnensi

171 901 412 956 civitate
438 911 683 958 sanctum
698 905 902 973 pascha
924 905 1312 974 celebraturus,
1338 908 1389 961 in
1417 908 1534 979 ipso
1556 918 1759 973 monte,
1808 962 1816 971 ,

171 996 278 1050 ubi
308 978 750 1053 sanctimonalies
777 998 988 1054 femina:
1014 1000 1119 1054 ritu
1152 1000 1413 1055 canonico
1446 999 1765 1070 regulariter

170 1086 413 1141 Christo
439 1086 769 1155 deserviunt,
799 1105 895 1160 per
919 1105 1155 1146 amorem
1188 1089 1396 1145 dilecta:
1422 1106 1533 1145 sua:
1560 1090 1763 1145 sororis

170 1177 503 1239 Adelhcidze
552 1179 839 1234 abbatissae
886 1194 1094 1235 comam
1146 1180 1378 1244 Domini,
1436 1195 1763 1251 parasceven

172 1284 410 1339 quoque
451 1277 506 1323 et
546 1270 826 1325 sabbatum
861 1281 1129 1336 sanetum,
1164 1287 1262 1327 nec
1307 1287 1412 1326 non
1441 1270 1764 1327 dominicam

176 1373 408 1419 noctem
441 1365 871 1429 resurrectionis,
898 1396 967 1405 —
996 1366 1039 1419 si
1069 1377 1250 1419 tamen
1274 1366 1361 1419 illa
1385 1363 1508 1434 jure
1532 1379 1633 1418 nox
1661 1361 1765 1418 dici

176 1456 272 1511 vel
303 1455 565 1527 appellari
596 1465 778 1527 queat,
810 1472 971 1526 quam
1019 1457 1329 1529 triumphali
1368 1458 1485 1513 luce
1534 1455 1768 1511 Redem-

177 1553 367 1621 ptoris
396 1552 637 1608 omnium
662 1568 759 1624 per
790 1562 956 1609 totum
982 1555 1239 1609 mundum
1271 1554 1410 1609 miro
1440 1562 1602 1623 atque
1633 1547 1768 1605 inef-

175 1640 345 1697 fabili
369 1644 528 1699 modo
556 1644 837 1713 splendere
862 1653 1098 1711 constat,
1126 1675 1197 1685 —
1229 1644 1425 1703 debita:
1468 1642 1771 1699 veneratio-

178 1732 277 1789 nis
313 1732 592 1801 obsequiis
628 1733 822 1792 festive
870 1736 1092 1807 peregit.
1140 1733 1296 1798 Unde
1343 1734 1395 1789 in
1452 1733 1582 1804 ipsis
1620 1730 1769 1788 horis

180 1825 604 1882 matutinalibus
651 1827 720 1883 ad
786 1837 993 1886 curtem
1047 1843 1201 1883 suam
1256 1827 1420 1885 tutius
1448 1836 1670 1883 senatus
1705 1840 1771 1881 ac

182 1916 370 1989 plebis
393 1919 752 1986 expectationi
774 1918 1152 1977 satisfacturos
1177 1918 1331 1981 redit,
1372 1917 1623 1987 illamque
1649 1931 1771 1986 sep-
1803 1887 1845 1947 Β

184 2007 457 2063 timanam
492 2009 757 2078 regalibus
802 2010 1117 2080 impendens
1145 2009 1355 2076 ollieiis,
1404 2009 1658 2081 regendo,
1690 2008 1769 2063 iu-

185 2097 483 2169 dulgcndo,
514 2099 788 2171 largiendo
812 2118 876 2157 ac
900 2103 1293 2157 remunerando
1316 2102 1605 2172 transegit;
1632 2116 1695 2156 ac
1716 2100 1771 2154 in

184 2202 390 2246 octava
411 2206 585 2261 pascas
611 2192 736 2249 inde
766 2192 1058 2262 profectus,
1089 2208 1333 2249 sororem
1365 2209 1517 2249 suam
1549 2191 1775 2264 Mogun-

186 2283 303 2344 tize,
329 2281 587 2352 Coloniae,
618 2284 964 2356 Aquisgrani,
1011 2301 1171 2356 quam
1204 2288 1367 2341 etiam
1399 2286 1606 2341 cunctis
1648 2296 1775 2342 tunc

187 2385 321 2447 post
380 2375 608 2432 Romam
664 2379 891 2433 urbibus
962 2375 1220 2448 praeferre
1273 2377 1616 2444 moliebatur,
1667 2391 1774 2432 una

188 2484 388 2527 Secum
425 2484 633 2525 summa
658 2471 1006 2526 veneratione
1046 2469 1391 2541 fraternaque
1427 2470 1655 2524 caritate
1679 2484 1773 2524 co-

188 2562 451 2627 mitante,
497 2572 838 2618 remunerate
887 2562 1250 2627 Bolizlavone,
1305 2567 1626 2634 perducens,
1676 2561 1775 2617 ali-

188 2654 522 2723 quantulum
571 2654 850 2725 temporis,
889 2671 1007 2725 qua:
1039 2664 1215 2725 coepto
1269 2655 1445 2710 itineri
1479 2670 1775 2724 congruere

188 2750 527 2803 videLantur
561 2749 631 2805 ibi
665 2751 927 2820 parando,
962 2751 1184 2820 quievit.
1216 2749 1321 2807 Sed
1351 2751 1475 2807 dum
1509 2766 1609 2806 nec
1648 2765 1775 2805 cur-

190 2856 320 2895 sum
354 2842 566 2912 longius
620 2846 939 2914 protrahere
984 2843 1359 2910 deliberatum,
1411 2858 1508 2899 nec
1533 2860 1774 2900 sororem

191 2948 366 3002 quam
399 2933 582 2987 intime
623 2934 896 3006 diligebat,
923 2934 1200 3004 prtefatam
1226 2936 1602 3002 Adelheidam,
1635 2952 1778 3006 prae-

191 3024 506 3079 sentialiter
540 3026 787 3082 amittere
828 3025 974 3098 (245)
1013 3038 1213 3096 posset,
1246 3028 1511 3098 promisso
1562 3028 1777 3084 tandem

196 3127 327 3187 |0$t
355 3132 412 3171 se
438 3116 664 3173 Romam
687 3119 934 3174 veniendi
963 3119 1191 3174 firmiter
1224 3120 1367 3175 inter
1390 3136 1448 3176 se
1474 3129 1774 3190 compacto,

1860 637 2067 691 castelli
2115 640 2410 697 munimina
2446 644 2763 709 transvolat,
2814 645 2993 715 ibique
3029 645 3176 716 (246)
3216 663 3313 719 pro
3349 647 3429 702 ul-

1861 726 2126 783 ciscendee
2155 729 2373 784 assiduo
2400 741 2630 789 tractatu
2658 733 2869 805 injuria:
2898 734 3185 791 instantem
3214 737 3428 808 penitus

1861 822 2251 876 consummavit
2289 839 2509 881 annum.

1934 909 2093 964 1ου2.
2133 910 2330 966 Verum
2361 915 2412 967 in
2467 915 2583 985 ipso
2643 916 2959 984 posterioris
3010 917 3254 981 introitu,
3319 925 3430 971 toto

1863 1015 2001 1071 pene
2032 1002 2288 1071 legendus
2309 1004 2446 1070 orbi,
2476 1014 2529 1059 et
2553 1005 2813 1060 nltionum
2856 1007 3083 1063 crimine
3134 1008 3432 1062 destinata—

1865 1108 1985 1148 rum
2011 1094 2158 1166 (247)
2190 1105 2243 1150 et
2267 1099 2525 1153 terumnis
2572 1099 2695 1153 vita:
2724 1100 2881 1170 hujus
2911 1102 3124 1155 caduca:
3144 1101 3177 1156 9
3206 1099 3428 1155 Kalend.

1865 1183 2145 1239 Februarii
2175 1197 2477 1257 exemptus,
2516 1189 2568 1242 iu
2600 1191 2804 1261 gremio
2850 1192 3080 1245 Abrahae
3113 1190 3433 1262 patriarchae

1866 1280 2066 1350 magni,
2103 1288 2340 1349 tempore
2371 1280 2564 1335 futura:
2596 1281 3004 1335 resurreCtionis
3033 1282 3085 1335 in
3117 1281 3309 1336 melius
3336 1296 3434 1336 cor

1869 1368 2144 1423 ronandus
2188 1385 2252 1424 ac
2288 1368 2498 1426 felicius
2539 1381 2876 1442 regnaturus,
2904 1371 3159 1441 angelicis
3204 1380 3441 1427 transve-

1868 1471 1989 1518 ctus
2012 1462 2586 1519 manibuscollocatur.
2616 1462 3072 1533 Cujusiufortunii
3101 1463 3247 1536 (248)
3274 1478 3438 1517 even-

1870 1564 2007 1620 tum,
2036 1569 2102 1609 ne
2127 1556 2442 1624 procacitati
2500 1555 2733 1611 hostium
2780 1555 2938 1610 citius
2967 1555 3328 1620 intimaretur,
3376 1553 3432 1608 hi

1869 1647 1962 1719 qui
1988 1647 2238 1714 aderant,
2267 1646 2588 1702 occultando
2618 1648 2887 1717 tegebant,
2924 1662 3202 1717 quonsque
3240 1660 3440 1701 contio-

1869 1739 2007 1796 catis
2026 1738 2117 1808 qui
2139 1738 2466 1809 percaswlla
2491 1738 3067 1810 dispersivagabantur
3080 1736 3241 1793 sociis
3266 1735 3436 1808 (249),

1872 1832 2074 1888 domini
2102 1833 2184 1888 sui
2207 1848 2404 1904 corpus
2423 1832 2733 1899 efferentes,
2759 1832 3034 1904 improvisi
3059 1838 3437 1903 prorumpunt,

1870 1924 2113 2001 pluribus
2136 1931 2317 1979 tamen
2354 1923 2424 1978 ibi
2451 1923 2521 1979 ob
2548 1924 2825 1993 penuriam
2855 1938 3139 1999 equorum,
3182 1922 3284 1976 heu
3321 1920 3439 1975 sine

1871 2030 1965 2085 spe
1993 2013 2234 2069 viVendil
2290 2013 2515 2069 relictis.
2550 2013 2684 2068 Cum
2724 2027 2852 2069 vero
2898 2028 2986 2068 res
3033 2018 3182 2065 tanta
3235 2009 3439 2064 diutius

1871 2106 2039 2162 latere
2065 2107 2329 2177 nequiret,
2363 2106 2544 2161 hostes
2582 2104 2811 2160 Romani
2849 2104 2933 2159 his
2959 2112 3171 2158 mature
3194 2115 3443 2169 comper-

1876 2198 1965 2264 tis,
1997 2196 2235 2252 indebito
2277 2213 2411 2251 ausu
2451 2196 2753 2252 execranda
2779 2195 2927 2249 omni
2956 2210 3071 2250 :evo
3098 2200 3443 2248 commovent

1872 2288 2029 2344 bella.
2056 2288 2239 2344 Armis
2260 2289 2509 2344 instructi
2539 2287 2682 2343 velut
2707 2302 2804 2356 pro
2828 2286 2937 2341 vita
2961 2287 3243 2357 patriaque
3267 2293 3443 2340 certa-o

1876 2382 2002 2448 turi,
2025 2380 2264 2439 defuncti
2284 2396 2482 2452 corpus
2504 2381 2864 2451 imperatoris,
2892 2411 2959 2422 —
2980 2382 3068 2451 qui
3093 2381 3217 2435 dum
3246 2393 3440 2449 supera

1875 2485 2187 2530 vesceretur
2211 2490 2360 2537 aura,
2389 2474 2629 2545 ignorata
2657 2473 2948 2527 etiamnum
2974 2471 3080 2526 doli
3108 2470 3444 2525 inmanitate

1876 2565 2114 2632 latentis,
2142 2566 2353 2621 cunctis
2376 2581 2469 2620 eos
2498 2565 2706 2635 populis
2728 2563 2879 2634 quasi
2905 2562 3182 2634 privilegio
3211 2560 3441 2631 quodam

1876 2658 2126 2729 specialis
2152 2665 2510 2728 praeposuerat
2556 2656 2755 2710 amoris
2782 2682 2851 2694 --
2880 2653 3219 2725 impudenter
3251 2650 3445 2706 distra-

1877 2749 2029 2813 here,
2070 2747 2328 2816 mirisque
2377 2745 2584 2814 injuriae
2610 2743 2786 2799 modis
2825 2743 2943 2797 sine
2992 2756 3141 2796 mora
3173 2749 3441 2821 mortuum

1878 2840 2212 2905 excruciare,
2243 2838 2330 2893 cui
2361 2839 2484 2892 vivo
2516 2850 2710 2890 nocere
2742 2832 3113 2904 nequiverant,
3139 2826 3274 2885 t'etra
3297 2826 3448 2901 (250)

1878 2934 2243 3004 belligerando
2281 2930 2559 2986 invasione
2597 2934 2935 2999 pertentant;
2969 2938 3105 2994 quos
3127 2922 3305 2978 divina
3341 2918 3453 2989 pie-
3482 2928 3500 2934 ‘

1882 3040 1965 3087 tas
1996 3030 2193 3084 totiens
2221 3026 2424 3097 repelli,
2455 3025 2652 3079 totiens
2681 3036 2813 3077 nece
2838 3018 3041 3075 crudeli
3077 3014 3290 3071 multari
3321 3027 3446 3085 per-

1882 3124 2049 3190 misit,
2075 3122 2207 3177 adco
2228 3129 2288 3176 ut
2311 3121 2397 3176 vix
2420 3118 2598 3190 pauci,
2622 3114 2856 3171 latibulis
2877 3112 3013 3185 fugae
3029 3127 3145 3168 sese
3166 3108 3447 3174 dedentes,

195 3208 483 3287 paululum
514 3208 680 3265 lenito
705 3202 956 3277 ritmrore,
993 3210 1108 3277 ille,
1135 3220 1189 3264 ut
1223 3211 1558 3275 decreverat,
1589 3212 1641 3265 in
1677 3211 1775 3266 lta-
1801 3226 1849 3290 ο
1882 3216 2092 3287 inglorii
2116 3214 2471 3269 discederent.
2502 3210 2680 3264 Nostri
2714 3222 2865 3272 vero,
2893 3204 3033 3260 felici
3063 3201 3259 3273 ubique
3282 3199 3451 3290 victe:
3480 3232 3489 3240 ι

197 3301 334 3354 liam
366 3298 575 3365 ultima,
602 3300 737 3368 proh
765 3301 942 3356 dolor!
984 3300 1315 3370 profectione
1351 3302 1776 3366 acceleraturus,

200 3394 298 3447 ilia
331 3393 719 3447 monasterium
762 3393 846 3448 cui
896 3392 1207 3462 specialiter
1250 3403 1481 3463 praeerat
1509 3393 1775 3457 revisura,

198 3486 426 3554 utrique
452 3499 604 3540 cassa
634 3499 728 3555 spe
747 3484 974 3540 ulterius
1014 3500 1133 3540 sese
1173 3485 1228 3540 in
1269 3485 1371 3539 hac
1393 3486 1513 3540 luce
1538 3484 1775 3551 videndi,

201 3578 516 3633 discedunt.
554 3577 626 3632 At
653 3579 949 3649 imperator
988 3588 1247 3647 angustus
1274 3578 1554 3634 immensis
1581 3579 1779 3633 iterato

197 3670 454 3745 Alpibus,
483 3680 764 3746 peragrata
792 3670 962 3742 Italia,
982 3670 1165 3748 Papia:
1190 3670 1515 3748 aliquamdiu
1540 3686 1784 3734 remora-

205 3780 262 3825 ιιι
272 3786 317 3823 Γ.

278 3861 441 3916 1001.
479 3862 639 3929 Inde,
673 3862 896 3919 Romam
946 3864 1321 3935 proficiscens,
1375 3873 1780 3922 sacrosanctum

203 3952 496 4008 dominicae
543 3954 955 4009 resurrectionis
998 3946 1191 4010 festum
1225 3956 1406 4011 debita
1449 3957 1521 4013 ibi
1553 3972 1782 4012 venera-

206 4045 357 4099 tione
382 4042 657 4098 celebrare
696 4043 953 4100 instituit.
999 4046 1219 4103 lnzerim
1263 4049 1486 4104 callidus
1531 4049 1785 4120 nequitiae

208 4145 406 4192 auctor
435 4137 705 4207 totiusque
737 4138 845 4194 doli
875 4150 1118 4210 repertor
1151 4141 1297 4198 mille
1341 4150 1398 4196 ut
1435 4153 1518 4199 est
1557 4142 1784 4198 nocendi

208 4229 424 4293 artibus
454 4229 772 4296 instructus,
807 4231 1051 4288 reinduto
1089 4246 1274 4301 quem,
1307 4233 1509 4304 primos
1536 4235 1786 4305 deceptu-

208 4336 307 4377 rus
364 4320 631 4387 homines,
689 4323 963 4391 quondam
1008 4323 1112 4379 sibi
1174 4334 1455 4393 aptaverat
1505 4325 1786 4382 colubrino

209 4412 438 4479 amictu,
471 4413 610 4468 inter
640 4412 1007 4471 Roxnanorum
1029 4417 1325 4487 praecordia
1361 4419 1547 4488 serpit,
1578 4434 1785 4476 venena

210 4506 367 4570 inflat
390 4507 589 4575 linguis
616 4509 873 4575 trisulcis,
910 4519 968 4566 ut
994 4526 1183 4566 manus
1209 4510 1485 4579 improbas
1509 4512 1592 4566 sui
1619 4526 1781 4567 causa

1879 3311 1957 3365 ria
1991 3310 2092 3371 usi,
2121 3305 2421 3376 depositum
2444 3300 2665 3373 pretiosi
2696 3297 2950 3370 ponderis
2978 3296 3286 3350 thesaurum
3306 3288 3450 3343 fideli

1879 3400 2160 3455 devotione
2189 3408 2337 3451 trans
2368 3395 2580 3465 Alpium
2626 3392 2810 3447 nivosa
2851 3388 3157 3450 cacumina,
3182 3385 3294 3455 jam
3332 3393 3448 3435 tan-

1880 3492 2000 3546 dem
2031 3488 2228 3552 securi,
2257 3485 2521 3541 deferunt.
2548 3484 2664 3550 Quo
2690 3489 2988 3550 comperto,
3013 3477 3294 3532 Heinricus
3319 3473 3450 3534 dux,

1881 3584 1947 3639 ad
1980 3597 2138 3653 quem
2167 3594 2375 3634 summa
2404 3576 2622 3645 imperii
2644 3570 2969 3644 pertinebat,
3018 3568 3253 3624 maxima
3281 3561 3448 3619 comi-

1882 3687 2033 3740 tante
2062 3687 2307 3746 caterva,
2339 3673 2513 3735 funeri
2546 3670 2850 3733 miserando
2898 3666 3256 3738 cluuiluisque
3294 3661 3455 3737 digne

1880 3772 2183 3850 pl'angcndo
2210 3775 2498 3830 admodum
2535 3772 2706 3827 tristis
2743 3770 3000 3831 occurrit,
3044 3774 3100 3820 et
3141 3763 3208 3817 ad
3251 3761 3457 3831 Aquas-

1883 3869 2060 3941 grani,
2087 3881 2194 3937 quo
2243 3865 2429 3920 vivens
2476 3863 2743 3928 sitiverat,
2783 3856 3074 3931 gemitibus
3098 3853 3283 3909 multis
3313 3864 3460 3905 mor-

1885 3971 2033 4017 tuum
2057 3974 2254 4029 corpus
2298 3958 2511 4012 tandem
2541 3952 2808 4026 perducit.
2860 3948 2972 4006 Nec
3010 3962 3183 4012 mora,
3238 3944 3346 3999 itur
3399 3941 3455 3996 in

1887 4050 2177 4122 templum;
2211 4064 2428 4120 magno,
2463 4056 2522 4101 ut
2552 4048 2626 4101 ita
2667 4046 2867 4110 dicam,
2898 4036 3203 4111 hujusmodi
3228 4037 3456 4099 honore,

1886 4144 2053 4199 mixto
2078 4142 2287 4197 scilicet
2328 4138 2652 4195 intolerabili
2682 4134 2887 4200 dolore,
2923 4143 3080 4189 terrae
3107 4125 3461 4186 commenda-

1886 4245 1973 4288 tur
2000 4248 2155 4289 suum
2182 4232 2474 4304 plurimum
2505 4228 2653 4303 (25l)
2681 4226 2964 4290 solatium;
2994 4221 3088 4278 sed
3116 4227 3171 4276 et
3191 4217 3453 4281 omnium,

1888 4340 1947 4387 ut
1976 4327 2268 4390 credimus,
2300 4327 2390 4397 qui
2424 4326 2650 4380 aderant
2678 4319 2918 4375 unanimi
2946 4315 3191 4372 oratione
3240 4310 3465 4381 spiritus

1892 4422 2015 4480 caeli
2042 4420 2301 4490 recipitur
2345 4416 2565 4489 palatio.
2619 4413 2830 4469 Interea
2873 4408 3033 4465 modo
3059 4404 3211 4461 tnolti
3251 4404 3464 4458 diversa

1894 4515 2215 4579 sentientes,
2245 4512 2372 4567 dum
2401 4509 2602 4579 quique
2640 4505 2742 4563 sibi
2765 4519 2863 4577 pro
2885 4518 2980 4558 sua
3010 4494 3269 4570 partejus
3296 4493 3466 4561 impe-

210 4600 330 4670 ipso
361 4600 548 4654 casuri
576 4600 778 4659 inferre
818 4602 1128 4669 moliantur,
1159 4575 1465 4674 persuadet.
1506 4602 1612 4658 Sed
1655 4600 1781 4660 dum
1812 4575 1864 4634 Β
1894 4609 1961 4663 rii
1991 4575 2211 4678 raptum
2243 4604 2322 4659 ire
2352 4575 2651 4664 moliretur,
2694 4575 2975 4667 Egbardus
3014 4587 3255 4646 marchio
3281 4585 3341 4678 in
3362 4582 3468 4678 Pa-

209 4691 465 4761 opposito
492 4691 565 4747 illi
598 4692 792 4748 divina:
815 4694 1032 4764 pietatis
1067 4694 1253 4766 clypeo
1289 4709 1320 4748 a
1349 4693 1570 4750 lzesione
1615 4693 1788 4764 impe-

216 4785 418 4843 ratoris
436 4799 554 4840 sese
582 4785 768 4853 repelli
791 4784 1005 4842 coalitos
1026 4786 1417 4857 conspicerent,
1442 4800 1791 4857 quoscunque

212 4879 357 4949 parti
380 4879 540 4949 justze
571 4878 815 4941 faventes
846 4881 1078 4949 reperire
1097 4889 1366 4951 poterant,
1393 4889 1616 4936 cruenta
1642 4879 1790 4934 crede

217 4973 580 5039 mulctabant;
644 4988 744 5029 nec
765 4975 833 5029 ab
890 4975 979 5030 illa
1030 4976 1295 5031 seditione
1325 4972 1553 5029 nefanda
1611 4972 1790 5040 aliquo

216 5064 385 5120 modo
413 5064 590 5119 sedari
618 5064 887 5131 valebant,
912 5064 1085 5118 donec
1126 5063 1294 5118 inrito
1334 5063 1535 5118 furioso
1560 5060 1789 5117 tumultu

215 5154 538 5225 imperator,
565 5154 821 5212 collectus
848 5171 1064 5211 suorum
1108 5155 1331 5219 viribus,
1365 5154 1433 5209 ab
1476 5152 1609 5209 urbe
1642 5153 1792 5225 prius

214 5261 334 5318 pra:
362 5246 572 5302 eaateris
615 5257 793 5303 amata
836 5248 931 5303 sed
968 5247 1190 5303 ulterius
1234 5262 1343 5318 pne
1397 5246 1609 5309 cunctis
1638 5246 1790 5302 dete-

292 5410 443 5476 (245)
484 5411 809 5481 lieliuquere
834 5413 1029 5468 Chron.
1063 5414 1103 5470 S

291 5481 442 5555 (€3.59)
478 5480 676 5555 fouent
703 5500 766 5537 ex
792 5481 986 5555 Chron.
1016 5483 1073 5538 S.
1108 5485 1294 5555 recepi.

312 5550 442 5618 247)
478 5550 783 5608 Ultionibus
804 5553 1014 5609 crimini
1051 5550 1365 5610 destinatis?

315 5621 443 5687 i418)
477 5620 565 5675 Ita
586 5624 822 5687 correxi;
872 5623 1199 5679 iufortunum
1229 5642 1276 5678 ε.

291 5691 439 5763 μω)
480 5692 537 5746 S.
563 5692 703 5749 facto
732 5694 942 5766 agmine
973 5695 1193 5751 funerea
1225 5694 1567 5765 processionc
1598 5695 1651 5752 d.
1678 5707 1775 5752 εις.

1893 4699 2014 4756 litbi
2045 4671 2078 4753 :1
2109 4693 2364 4767 Sigifrido
2391 4702 2443 4748 et
2467 4691 2652 4747 Udone
2675 4686 2907 4757 pessime
2926 4681 3139 4738 occisus
3162 4687 3264 4741 est,
3293 4671 3465 4767 pluri-

1894 4793 2077 4862 mique
2122 4765 2342 4844 suorum
2396 4799 2517 4839 cum
2548 4781 2642 4837 illo
2669 4779 2704 4833 2
2729 4776 2844 4835 Cal.
2877 4773 3022 4829 Maii.
3050 4770 3254 4826 Dehinc
3284 4766 3320 4821 5
3340 4765 3466 4862 ⁸(ΣιιΙ.

1892 4858 2019 4941 Julii
2046 4880 2303 4956 praefatus
2332 4875 2639 4940 lleinricus,
2671 4886 2840 4942 nepos
2866 4866 3085 4938 regalis,
3105 4859 3384 4956 a-Francis
3411 4858 3473 4921 in

1891 4950 2116 5046 regnum
2147 4961 2382 5042 eligitur,
2431 4965 2723 5034 insciisque
2761 4957 3065 5017 Saxonibus
3103 4950 3408 5046 Moguntiar
3435 4964 3463 5001 ει

1894 5041 2200 5125 Willichiso
2230 5041 2425 5119 unctus
2450 5066 2758 5115 coronatur.
2790 5054 2955 5109 Fama
2990 5048 3133 5105 volat
3162 5059 3323 5115 super
3358 5041 3465 5104 his,

1895 5160 2085 5216 dicens
2115 5154 2321 5227 pariter
2348 5152 2400 5206 in
2426 5147 2813 5217 Mersburgiam
2846 5142 2993 5196 illum
3022 5152 3182 5210 quam
3208 5133 3469 5227 citissime

1896 5225 2213 5315 venturum;
2242 5243 2384 5318 quod
2423 5250 2479 5299 et
2502 5240 2701 5296 factum
2731 5245 2832 5293 est.
2860 5232 2953 5289 Illo
2976 5228 3323 5285 Bernhardus
3359 5225 3471 5278 dux

1904 5430 2035 5483 Iun.
2060 5433 2107 5480 et
2132 5424 2259 5480 Chr.
2289 5420 2354 5478 S.

2139 5475 2318 5567 litigi
2339 5475 2440 5544 sed
2463 5488 2677 5567 Αιιηλςι
2704 5478 2998 5567 (ΣΙινοηνηδ.
3025 5475 3397 5567 terna

1966 5540 2119 5640 )I
2154 5540 2551 5640 eiEi-imum?
2584 5555 2874 5640 Chronogr.
2899 5550 3040 5607 Saxo
3062 5551 3212 5602 habet
3245 5540 3269 5597 Ξ
3295 5540 3465 5627 pluri-

1812 5624 1816 5628 Δ
1893 5624 1996 5695 niis
2020 5624 2290 5693 clauditur
2327 5643 2577 5711 maguum
2603 5626 2872 5680 solatium.
