  <div class='ocr_page' id='page_1' title='image "/cluster/home/n/w/nwhite01/storage/ocr_20150623/141/hvd.32044015471790/275.png"; bbox 0 0 3944 6378; ppageno 0'>
   <div class='ocr_carea' id='block_1_1' title="bbox 490 358 593 422">
    <p class='ocr_par' dir='ltr' id='par_1_1' title="bbox 490 358 593 422">
     <span class='ocr_line' id='line_1_1' title="bbox 490 358 593 422; baseline 0 -1"><span class='ocrx_word' id='word_1_1' title='bbox 490 358 593 422; x_wconf 74' lang='lat'><strong>553</strong></span> 
     </span>
    </p>
   </div>
   <div class='ocr_carea' id='block_1_2' title="bbox 1365 320 2907 419">
    <p class='ocr_par' dir='ltr' id='par_1_2' title="bbox 1365 320 2907 419">
     <span class='ocr_line' id='line_1_2' title="bbox 1365 320 2907 419; baseline -0.014 -2"><span class='ocrx_word' id='word_1_2' title='bbox 1365 358 1615 419; x_wconf 75' lang='lat' dir='ltr'><strong>ANNAL.</strong></span> <span class='ocrx_word' id='word_1_3' title='bbox 1645 351 2085 419; x_wconf 78' lang='lat' dir='ltr'><strong>lIlLDESllElM.</strong></span> <span class='ocrx_word' id='word_1_4' title='bbox 2125 320 2492 417; x_wconf 74' lang='lat' dir='ltr'><strong>QUEDLINB.</strong></span> <span class='ocrx_word' id='word_1_5' title='bbox 2524 340 2907 400; x_wconf 79' lang='lat' dir='ltr'><strong>WEISSEMB.</strong></span> 
     </span>
    </p>
   </div>
   <div class='ocr_carea' id='block_1_3' title="bbox 3634 335 3753 393">
    <p class='ocr_par' dir='ltr' id='par_1_3' title="bbox 3634 335 3753 393">
     <span class='ocr_line' id='line_1_3' title="bbox 3634 335 3753 393; baseline 0 -3"><span class='ocrx_word' id='word_1_6' title='bbox 3634 335 3753 393; x_wconf 71' lang='grc' dir='ltr'><strong>διο</strong></span> 
     </span>
    </p>
   </div>
   <div class='ocr_carea' id='block_1_4' title="bbox 708 454 2101 558">
    <p class='ocr_par' dir='ltr' id='par_1_4' title="bbox 708 462 2101 558">
     <span class='ocr_line' id='line_1_4' title="bbox 708 462 2101 558; baseline -0.014 -22"><span class='ocrx_word' id='word_1_7' title='bbox 708 548 713 553; x_wconf 89' lang='lat'>_</span> <span class='ocrx_word' id='word_1_8' title='bbox 778 544 789 558; x_wconf 44' lang='grc' dir='ltr'><em>ο</em></span> <span class='ocrx_word' id='word_1_9' title='bbox 1343 472 1657 529; x_wconf 80' lang='lat' dir='ltr'><strong>ANNALES</strong></span> <span class='ocrx_word' id='word_1_10' title='bbox 1693 462 2101 539; x_wconf 84' lang='lat' dir='ltr'><strong>QUEDLINBUI</strong></span> 
     </span>
    </p>
   </div>
   <div class='ocr_carea' id='block_1_5' title="bbox 2187 454 2885 558">
    <p class='ocr_par' dir='ltr' id='par_1_5' title="bbox 2187 454 2885 517">
     <span class='ocr_line' id='line_1_5' title="bbox 2187 454 2885 517; baseline -0.013 0"><span class='ocrx_word' id='word_1_11' title='bbox 2187 458 2424 517; x_wconf 72' lang='lat' dir='ltr'><strong>ENS‘ES.</strong></span> <span class='ocrx_word' id='word_1_12' title='bbox 2465 458 2530 513; x_wconf 83' lang='lat' dir='ltr'><strong>A.</strong></span> <span class='ocrx_word' id='word_1_13' title='bbox 2558 454 2885 513; x_wconf 69' lang='lat'><strong>1005-1008.</strong></span> 
     </span>
    </p>
   </div>
   <div class='ocr_carea' id='block_1_6' title="bbox 493 556 3761 660">
    <p class='ocr_par' dir='ltr' id='par_1_6' title="bbox 493 556 3761 660">
     <span class='ocr_line' id='line_1_6' title="bbox 493 556 3761 660; baseline -0.008 -14"><span class='ocrx_word' id='word_1_14' title='bbox 493 602 546 646; x_wconf 90' lang='lat' dir='ltr'><strong>et</strong></span> <span class='ocrx_word' id='word_1_15' title='bbox 565 591 844 647; x_wconf 76' lang='lat' dir='ltr'><strong>Saxonum</strong></span> <span class='ocrx_word' id='word_1_16' title='bbox 895 589 1154 660; x_wconf 72' lang='lat' dir='ltr'><strong>primates</strong></span> <span class='ocrx_word' id='word_1_17' title='bbox 1206 602 1327 643; x_wconf 89' lang='lat' dir='ltr'><strong>cum</strong></span> <span class='ocrx_word' id='word_1_18' title='bbox 1380 587 1574 642; x_wconf 84' lang='lat' dir='ltr'><strong>decore</strong></span> <span class='ocrx_word' id='word_1_19' title='bbox 1619 597 1839 639; x_wconf 89' lang='lat' dir='ltr'><strong>suorum</strong></span> <span class='ocrx_word' id='word_1_20' title='bbox 1867 592 2067 637; x_wconf 80' lang='lat' dir='ltr'><strong>conve-</strong></span> <span class='ocrx_word' id='word_1_21' title='bbox 2096 575 2144 637; x_wconf 76' lang='grc' dir='ltr'><strong>Δ</strong></span> <span class='ocrx_word' id='word_1_22' title='bbox 2174 570 2381 635; x_wconf 86' lang='lat' dir='ltr'><strong>evasit;</strong></span> <span class='ocrx_word' id='word_1_23' title='bbox 2424 583 2519 622; x_wconf 72' lang='lat' dir='ltr'><strong>rex</strong></span> <span class='ocrx_word' id='word_1_24' title='bbox 2545 580 2694 629; x_wconf 81' lang='lat' dir='ltr'><strong>vero.</strong></span> <span class='ocrx_word' id='word_1_25' title='bbox 2729 564 2836 624; x_wconf 81' lang='lat' dir='ltr'><strong>Deo</strong></span> <span class='ocrx_word' id='word_1_26' title='bbox 2862 562 3088 634; x_wconf 69' lang='lat' dir='ltr'><strong>gratius.</strong></span> <span class='ocrx_word' id='word_1_27' title='bbox 3115 559 3304 660; x_wconf 70' lang='lat' dir='ltr'><strong>_ViCIOI&#39;</strong></span> <span class='ocrx_word' id='word_1_28' title='bbox 3339 575 3465 615; x_wconf 81' lang='lat' dir='ltr'><strong>cum</strong></span> <span class='ocrx_word' id='word_1_29' title='bbox 3490 556 3607 615; x_wconf 66' lang='lat' dir='ltr'><strong>Silis</strong></span> <span class='ocrx_word' id='word_1_30' title='bbox 3624 559 3761 660; x_wconf 54' lang='lat' dir='ltr'><strong>fﬁ-</strong></span> 
     </span>
    </p>
   </div>
   <div class='ocr_carea' id='block_1_7' title="bbox 496 671 2070 753">
    <p class='ocr_par' dir='ltr' id='par_1_7' title="bbox 496 671 2070 753">
     <span class='ocr_line' id='line_1_7' title="bbox 496 671 2070 753; baseline -0.008 -16"><span class='ocrx_word' id='word_1_31' title='bbox 496 682 729 749; x_wconf 89' lang='lat' dir='ltr'><strong>nientes,</strong></span> <span class='ocrx_word' id='word_1_32' title='bbox 754 680 987 753; x_wconf 85' lang='lat' dir='ltr'><strong>benigne</strong></span> <span class='ocrx_word' id='word_1_33' title='bbox 1012 679 1082 736; x_wconf 92' lang='lat' dir='ltr'><strong>ab</strong></span> <span class='ocrx_word' id='word_1_34' title='bbox 1108 694 1172 736; x_wconf 89' lang='lat' dir='ltr'><strong>eo</strong></span> <span class='ocrx_word' id='word_1_35' title='bbox 1204 677 1438 749; x_wconf 77' lang='lat' dir='ltr'><strong>suscepti</strong></span> <span class='ocrx_word' id='word_1_36' title='bbox 1463 685 1611 742; x_wconf 90' lang='lat' dir='ltr'><strong>sunt,</strong></span> <span class='ocrx_word' id='word_1_37' title='bbox 1642 688 1874 744; x_wconf 83' lang='lat' dir='ltr'><strong>moxque</strong></span> <span class='ocrx_word' id='word_1_38' title='bbox 1899 671 2070 726; x_wconf 89' lang='lat' dir='ltr'><strong>domi-</strong></span> 
     </span>
    </p>
   </div>
   <div class='ocr_carea' id='block_1_8' title="bbox 498 763 2071 842">
    <p class='ocr_par' dir='ltr' id='par_1_8' title="bbox 498 763 2071 842">
     <span class='ocr_line' id='line_1_8' title="bbox 498 763 2071 842; baseline -0.003 -16"><span class='ocrx_word' id='word_1_39' title='bbox 498 788 627 826; x_wconf 89' lang='lat' dir='ltr'><strong>num</strong></span> <span class='ocrx_word' id='word_1_40' title='bbox 662 772 763 829; x_wconf 82' lang='lat' dir='ltr'><strong>sibi</strong></span> <span class='ocrx_word' id='word_1_41' title='bbox 794 771 941 826; x_wconf 90' lang='lat' dir='ltr'><strong>illum</strong></span> <span class='ocrx_word' id='word_1_42' title='bbox 987 785 1054 827; x_wconf 92' lang='lat' dir='ltr'><strong>ac</strong></span> <span class='ocrx_word' id='word_1_43' title='bbox 1091 784 1275 842; x_wconf 80' lang='lat' dir='ltr'><strong>regem</strong></span> <span class='ocrx_word' id='word_1_44' title='bbox 1306 768 1602 840; x_wconf 88' lang='lat' dir='ltr'><strong>elegerunt.</strong></span> <span class='ocrx_word' id='word_1_45' title='bbox 1631 766 1737 823; x_wconf 85' lang='lat' dir='ltr'><strong>Sed</strong></span> <span class='ocrx_word' id='word_1_46' title='bbox 1765 774 1821 821; x_wconf 91' lang='lat' dir='ltr'><strong>et</strong></span> <span class='ocrx_word' id='word_1_47' title='bbox 1844 763 2071 821; x_wconf 72' lang='lat' dir='ltr'><strong>Bolizla-</strong></span> 
     </span>
    </p>
   </div>
   <div class='ocr_carea' id='block_1_9' title="bbox 495 855 2069 931">
    <p class='ocr_par' dir='ltr' id='par_1_9' title="bbox 495 855 2069 931">
     <span class='ocr_line' id='line_1_9' title="bbox 495 855 2069 931; baseline -0.006 -13"><span class='ocrx_word' id='word_1_48' title='bbox 495 879 690 919; x_wconf 85' lang='lat' dir='ltr'><strong>vonem</strong></span> <span class='ocrx_word' id='word_1_49' title='bbox 733 862 969 921; x_wconf 74' lang='lat' dir='ltr'><strong>Polonia:</strong></span> <span class='ocrx_word' id='word_1_50' title='bbox 1007 862 1195 919; x_wconf 90' lang='lat' dir='ltr'><strong>ducem</strong></span> <span class='ocrx_word' id='word_1_51' title='bbox 1241 860 1546 921; x_wconf 82' lang='lat' dir='ltr'><strong>occurrisse</strong></span> <span class='ocrx_word' id='word_1_52' title='bbox 1584 866 1639 915; x_wconf 83' lang='lat' dir='ltr'><strong>et</strong></span> <span class='ocrx_word' id='word_1_53' title='bbox 1676 857 1820 931; x_wconf 89' lang='lat' dir='ltr'><strong>regis</strong></span> <span class='ocrx_word' id='word_1_54' title='bbox 1841 855 2069 928; x_wconf 89' lang='lat' dir='ltr'><strong>gratiam</strong></span> 
     </span>
    </p>
   </div>
   <div class='ocr_carea' id='block_1_10' title="bbox 498 948 2067 1026">
    <p class='ocr_par' dir='ltr' id='par_1_10' title="bbox 498 948 2067 1026">
     <span class='ocr_line' id='line_1_10' title="bbox 498 948 2067 1026; baseline -0.003 -20"><span class='ocrx_word' id='word_1_55' title='bbox 498 954 599 1008; x_wconf 83' lang='lat' dir='ltr'><strong>sibi</strong></span> <span class='ocrx_word' id='word_1_56' title='bbox 625 954 979 1026; x_wconf 88' lang='lat' dir='ltr'><strong>supplicasse,</strong></span> <span class='ocrx_word' id='word_1_57' title='bbox 1010 951 1217 1010; x_wconf 73' lang='lat' dir='ltr'><strong>fmdere</strong></span> <span class='ocrx_word' id='word_1_58' title='bbox 1258 951 1409 1024; x_wconf 88' lang='lat' dir='ltr'><strong>pacis</strong></span> <span class='ocrx_word' id='word_1_59' title='bbox 1449 951 1739 1024; x_wconf 85' lang='lat' dir='ltr'><strong>promisso,</strong></span> <span class='ocrx_word' id='word_1_60' title='bbox 1764 948 2067 1021; x_wconf 83' lang='lat' dir='ltr'><strong>reperiunt;</strong></span> 
     </span>
    </p>
   </div>
   <div class='ocr_carea' id='block_1_11' title="bbox 499 1037 2073 1115">
    <p class='ocr_par' dir='ltr' id='par_1_11' title="bbox 499 1037 2073 1115">
     <span class='ocr_line' id='line_1_11' title="bbox 499 1037 2073 1115; baseline -0.006 -15"><span class='ocrx_word' id='word_1_61' title='bbox 499 1059 618 1114; x_wconf 67' lang='lat' dir='ltr'><strong>quae</strong></span> <span class='ocrx_word' id='word_1_62' title='bbox 642 1045 764 1114; x_wconf 84' lang='lat' dir='ltr'><strong>quia</strong></span> <span class='ocrx_word' id='word_1_63' title='bbox 803 1043 956 1099; x_wconf 90' lang='lat' dir='ltr'><strong>ﬁrma</strong></span> <span class='ocrx_word' id='word_1_64' title='bbox 992 1058 1101 1099; x_wconf 90' lang='lat' dir='ltr'><strong>non</strong></span> <span class='ocrx_word' id='word_1_65' title='bbox 1153 1041 1276 1109; x_wconf 79' lang='lat' dir='ltr'><strong>fuit,</strong></span> <span class='ocrx_word' id='word_1_66' title='bbox 1316 1041 1660 1115; x_wconf 77' lang='lat' dir='ltr'><strong>postmodum</strong></span> <span class='ocrx_word' id='word_1_67' title='bbox 1704 1039 1895 1113; x_wconf 89' lang='lat' dir='ltr'><strong>patuit.</strong></span> <span class='ocrx_word' id='word_1_68' title='bbox 1945 1037 2073 1092; x_wconf 89' lang='lat' dir='ltr'><strong>Inde</strong></span> 
     </span>
    </p>
   </div>
   <div class='ocr_carea' id='block_1_12' title="bbox 499 1129 2072 1209">
    <p class='ocr_par' dir='ltr' id='par_1_12' title="bbox 499 1129 2072 1209">
     <span class='ocr_line' id='line_1_12' title="bbox 499 1129 2072 1209; baseline -0.003 -19"><span class='ocrx_word' id='word_1_69' title='bbox 499 1132 794 1209; x_wconf 79' lang='lat' dir='ltr'><strong>digresSus,</strong></span> <span class='ocrx_word' id='word_1_70' title='bbox 820 1151 915 1208; x_wconf 90' lang='lat' dir='ltr'><strong>per</strong></span> <span class='ocrx_word' id='word_1_71' title='bbox 949 1137 1111 1194; x_wconf 85' lang='lat' dir='ltr'><strong>urbes</strong></span> <span class='ocrx_word' id='word_1_72' title='bbox 1155 1143 1210 1193; x_wconf 90' lang='lat' dir='ltr'><strong>et</strong></span> <span class='ocrx_word' id='word_1_73' title='bbox 1253 1135 1371 1193; x_wconf 89' lang='lat' dir='ltr'><strong>loca</strong></span> <span class='ocrx_word' id='word_1_74' title='bbox 1403 1134 1697 1207; x_wconf 83' lang='lat' dir='ltr'><strong>provinciae</strong></span> <span class='ocrx_word' id='word_1_75' title='bbox 1742 1129 2072 1204; x_wconf 85' lang='lat' dir='ltr'><strong>aliquamdiu</strong></span> 
     </span>
    </p>
   </div>
   <div class='ocr_carea' id='block_1_13' title="bbox 499 1229 2073 1300">
    <p class='ocr_par' dir='ltr' id='par_1_13' title="bbox 499 1229 2073 1300">
     <span class='ocr_line' id='line_1_13' title="bbox 499 1229 2073 1300; baseline -0.001 -20"><span class='ocrx_word' id='word_1_76' title='bbox 499 1237 884 1294; x_wconf 88' lang='lat' dir='ltr'><strong>commoratus,</strong></span> <span class='ocrx_word' id='word_1_77' title='bbox 906 1243 1026 1298; x_wconf 79' lang='lat' dir='ltr'><strong>quae</strong></span> <span class='ocrx_word' id='word_1_78' title='bbox 1053 1229 1259 1300; x_wconf 88' lang='lat' dir='ltr'><strong>agenda</strong></span> <span class='ocrx_word' id='word_1_79' title='bbox 1290 1234 1467 1295; x_wconf 90' lang='lat' dir='ltr'><strong>erant,</strong></span> <span class='ocrx_word' id='word_1_80' title='bbox 1488 1233 1649 1297; x_wconf 89' lang='lat' dir='ltr'><strong>prout</strong></span> <span class='ocrx_word' id='word_1_81' title='bbox 1671 1232 1881 1297; x_wconf 79' lang='lat' dir='ltr'><strong>tempus</strong></span> <span class='ocrx_word' id='word_1_82' title='bbox 1906 1232 1960 1280; x_wconf 91' lang='lat' dir='ltr'><strong>et</strong></span> <span class='ocrx_word' id='word_1_83' title='bbox 1985 1237 2073 1279; x_wconf 89' lang='lat' dir='ltr'><strong>res</strong></span> 
     </span>
    </p>
   </div>
   <div class='ocr_carea' id='block_1_14' title="bbox 499 1318 2073 1391">
    <p class='ocr_par' dir='ltr' id='par_1_14' title="bbox 499 1318 2073 1391">
     <span class='ocr_line' id='line_1_14' title="bbox 499 1318 2073 1391; baseline -0.001 -17"><span class='ocrx_word' id='word_1_84' title='bbox 499 1320 809 1387; x_wconf 66' lang='lat' dir='ltr'><strong>poscebant,</strong></span> <span class='ocrx_word' id='word_1_85' title='bbox 847 1319 1143 1391; x_wconf 77' lang='lat' dir='ltr'><strong>prudenter</strong></span> <span class='ocrx_word' id='word_1_86' title='bbox 1182 1319 1518 1391; x_wconf 80' lang='lat' dir='ltr'><strong>disponebat.</strong></span> <span class='ocrx_word' id='word_1_87' title='bbox 1572 1318 1813 1376; x_wconf 62' lang='lat' dir='ltr'><strong>Dominae</strong></span> <span class='ocrx_word' id='word_1_88' title='bbox 1859 1331 2073 1388; x_wconf 87' lang='lat' dir='ltr'><strong>quoque</strong></span> 
     </span>
    </p>
   </div>
   <div class='ocr_carea' id='block_1_15' title="bbox 499 1405 2075 1482">
    <p class='ocr_par' dir='ltr' id='par_1_15' title="bbox 499 1405 2075 1482">
     <span class='ocr_line' id='line_1_15' title="bbox 499 1405 2075 1482; baseline 0.003 -23"><span class='ocrx_word' id='word_1_89' title='bbox 499 1408 805 1478; x_wconf 81' lang='lat' dir='ltr'><strong>imperiales</strong></span> <span class='ocrx_word' id='word_1_90' title='bbox 857 1409 1011 1477; x_wconf 68' lang='lat' dir='ltr'><strong>ﬁliae,</strong></span> <span class='ocrx_word' id='word_1_91' title='bbox 1066 1408 1266 1482; x_wconf 84' lang='lat' dir='ltr'><strong>Sephia</strong></span> <span class='ocrx_word' id='word_1_92' title='bbox 1310 1420 1366 1467; x_wconf 89' lang='lat' dir='ltr'><strong>et</strong></span> <span class='ocrx_word' id='word_1_93' title='bbox 1408 1409 1724 1477; x_wconf 86' lang='lat' dir='ltr'><strong>Adelheida,</strong></span> <span class='ocrx_word' id='word_1_94' title='bbox 1778 1405 2075 1464; x_wconf 79' lang='lat' dir='ltr'><strong>honoriﬁce</strong></span> 
     </span>
    </p>
   </div>
   <div class='ocr_carea' id='block_1_16' title="bbox 499 1498 2074 1572">
    <p class='ocr_par' dir='ltr' id='par_1_16' title="bbox 499 1498 2074 1572">
     <span class='ocr_line' id='line_1_16' title="bbox 499 1498 2074 1572; baseline 0.003 -22"><span class='ocrx_word' id='word_1_95' title='bbox 499 1499 629 1552; x_wconf 87' lang='lat' dir='ltr'><strong>tanti</strong></span> <span class='ocrx_word' id='word_1_96' title='bbox 658 1499 890 1557; x_wconf 85' lang='lat' dir='ltr'><strong>nominis</strong></span> <span class='ocrx_word' id='word_1_97' title='bbox 917 1499 1212 1557; x_wconf 83' lang='lat' dir='ltr'><strong>novitatem</strong></span> <span class='ocrx_word' id='word_1_98' title='bbox 1252 1498 1600 1572; x_wconf 81' lang='lat' dir='ltr'><strong>excipientes,</strong></span> <span class='ocrx_word' id='word_1_99' title='bbox 1645 1507 1846 1571; x_wconf 88' lang='lat' dir='ltr'><strong>quanta</strong></span> <span class='ocrx_word' id='word_1_100' title='bbox 1884 1507 2074 1570; x_wconf 87' lang='lat' dir='ltr'><strong>potue-</strong></span> 
     </span>
    </p>
   </div>
   <div class='ocr_carea' id='block_1_17' title="bbox 500 1589 2070 1664">
    <p class='ocr_par' dir='ltr' id='par_1_17' title="bbox 500 1589 2070 1664">
     <span class='ocr_line' id='line_1_17' title="bbox 500 1589 2070 1664; baseline 0.001 -22"><span class='ocrx_word' id='word_1_101' title='bbox 500 1600 625 1645; x_wconf 88' lang='lat' dir='ltr'><strong>runt</strong></span> <span class='ocrx_word' id='word_1_102' title='bbox 664 1592 889 1648; x_wconf 88' lang='lat' dir='ltr'><strong>caritate</strong></span> <span class='ocrx_word' id='word_1_103' title='bbox 936 1598 1313 1651; x_wconf 79' lang='lat' dir='ltr'><strong>occurrerunt.</strong></span> <span class='ocrx_word' id='word_1_104' title='bbox 1353 1592 1702 1664; x_wconf 87' lang='lat' dir='ltr'><strong>Congaudent</strong></span> <span class='ocrx_word' id='word_1_105' title='bbox 1726 1591 1838 1663; x_wconf 87' lang='lat' dir='ltr'><strong>regi</strong></span> <span class='ocrx_word' id='word_1_106' title='bbox 1869 1589 2070 1661; x_wconf 86' lang='lat' dir='ltr'><strong>nepoti,</strong></span> 
     </span>
    </p>
   </div>
   <div class='ocr_carea' id='block_1_18' title="bbox 497 1682 2078 1755">
    <p class='ocr_par' dir='ltr' id='par_1_18' title="bbox 497 1682 2078 1755">
     <span class='ocr_line' id='line_1_18' title="bbox 497 1682 2078 1755; baseline 0 -21"><span class='ocrx_word' id='word_1_107' title='bbox 497 1682 623 1749; x_wconf 85' lang='lat' dir='ltr'><strong>quia</strong></span> <span class='ocrx_word' id='word_1_108' title='bbox 651 1698 757 1737; x_wconf 90' lang='lat' dir='ltr'><strong>non</strong></span> <span class='ocrx_word' id='word_1_109' title='bbox 788 1683 937 1739; x_wconf 89' lang='lat' dir='ltr'><strong>licuit</strong></span> <span class='ocrx_word' id='word_1_110' title='bbox 963 1683 1141 1741; x_wconf 77' lang='lat' dir='ltr'><strong>fratri.</strong></span> <span class='ocrx_word' id='word_1_111' title='bbox 1173 1683 1317 1751; x_wconf 88' lang='lat' dir='ltr'><strong>Quas</strong></span> <span class='ocrx_word' id='word_1_112' title='bbox 1352 1699 1534 1741; x_wconf 88' lang='lat' dir='ltr'><strong>secum</strong></span> <span class='ocrx_word' id='word_1_113' title='bbox 1560 1682 1721 1755; x_wconf 90' lang='lat' dir='ltr'><strong>digno</strong></span> <span class='ocrx_word' id='word_1_114' title='bbox 1751 1682 1956 1737; x_wconf 85' lang='lat' dir='ltr'><strong>honore</strong></span> <span class='ocrx_word' id='word_1_115' title='bbox 1979 1682 2078 1736; x_wconf 87' lang='lat' dir='ltr'><strong>du-</strong></span> 
     </span>
    </p>
   </div>
   <div class='ocr_carea' id='block_1_19' title="bbox 500 1770 2077 1847">
    <p class='ocr_par' dir='ltr' id='par_1_19' title="bbox 500 1770 2077 1847">
     <span class='ocr_line' id='line_1_19' title="bbox 500 1770 2077 1847; baseline 0.001 -23"><span class='ocrx_word' id='word_1_116' title='bbox 500 1788 649 1839; x_wconf 72' lang='lat' dir='ltr'><strong>(ClIS,</strong></span> <span class='ocrx_word' id='word_1_117' title='bbox 678 1774 997 1847; x_wconf 85' lang='lat' dir='ltr'><strong>Cunigunda</strong></span> <span class='ocrx_word' id='word_1_118' title='bbox 1024 1774 1310 1832; x_wconf 88' lang='lat' dir='ltr'><strong>eontectali</strong></span> <span class='ocrx_word' id='word_1_119' title='bbox 1366 1791 1463 1832; x_wconf 88' lang='lat' dir='ltr'><strong>sua</strong></span> <span class='ocrx_word' id='word_1_120' title='bbox 1514 1790 1621 1831; x_wconf 87' lang='lat' dir='ltr'><strong>una</strong></span> <span class='ocrx_word' id='word_1_121' title='bbox 1671 1789 1855 1830; x_wconf 89' lang='lat' dir='ltr'><strong>secum</strong></span> <span class='ocrx_word' id='word_1_122' title='bbox 1903 1770 2077 1829; x_wconf 84' lang='lat' dir='ltr'><strong>comi-</strong></span> 
     </span>
    </p>
   </div>
   <div class='ocr_carea' id='block_1_20' title="bbox 503 1865 2075 1936">
    <p class='ocr_par' dir='ltr' id='par_1_20' title="bbox 503 1865 2075 1936">
     <span class='ocr_line' id='line_1_20' title="bbox 503 1865 2075 1936; baseline 0.004 -21"><span class='ocrx_word' id='word_1_123' title='bbox 503 1873 670 1930; x_wconf 85' lang='lat' dir='ltr'><strong>tante,</strong></span> <span class='ocrx_word' id='word_1_124' title='bbox 700 1865 1228 1925; x_wconf 86' lang='lat' dir='ltr'><strong>Patherbrunensem</strong></span> <span class='ocrx_word' id='word_1_125' title='bbox 1264 1875 1485 1924; x_wconf 89' lang='lat' dir='ltr'><strong>ventum</strong></span> <span class='ocrx_word' id='word_1_126' title='bbox 1513 1875 1598 1924; x_wconf 87' lang='lat' dir='ltr'><strong>est</strong></span> <span class='ocrx_word' id='word_1_127' title='bbox 1630 1865 1935 1932; x_wconf 88' lang='lat' dir='ltr'><strong>civitatem;</strong></span> <span class='ocrx_word' id='word_1_128' title='bbox 1968 1879 2075 1936; x_wconf 90' lang='lat' dir='ltr'><strong>quo</strong></span> 
     </span>
    </p>
   </div>
   <div class='ocr_carea' id='block_1_21' title="bbox 2171 650 3771 721">
    <p class='ocr_par' dir='ltr' id='par_1_21' title="bbox 2171 650 3771 721">
     <span class='ocr_line' id='line_1_21' title="bbox 2171 650 3771 721; baseline -0.009 -4"><span class='ocrx_word' id='word_1_129' title='bbox 2171 662 2269 717; x_wconf 87' lang='lat' dir='ltr'><strong>vit.</strong></span> <span class='ocrx_word' id='word_1_130' title='bbox 2305 656 2796 719; x_wconf 76' lang='lat' dir='ltr'><strong>llerolfcsfeltlense</strong></span> <span class='ocrx_word' id='word_1_131' title='bbox 2836 651 3224 708; x_wconf 88' lang='lat' dir='ltr'><strong>monasterium</strong></span> <span class='ocrx_word' id='word_1_132' title='bbox 3254 667 3285 705; x_wconf 86' lang='lat' dir='ltr'><strong>a</strong></span> <span class='ocrx_word' id='word_1_133' title='bbox 3335 664 3482 721; x_wconf 88' lang='lat' dir='ltr'><strong>rege,</strong></span> <span class='ocrx_word' id='word_1_134' title='bbox 3528 650 3771 719; x_wconf 82' lang='lat' dir='ltr'><strong>antiquo</strong></span> 
     </span>
    </p>
   </div>
   <div class='ocr_carea' id='block_1_22' title="bbox 2170 742 3765 823">
    <p class='ocr_par' dir='ltr' id='par_1_22' title="bbox 2170 742 3765 823">
     <span class='ocr_line' id='line_1_22' title="bbox 2170 742 3765 823; baseline -0.006 -18"><span class='ocrx_word' id='word_1_135' title='bbox 2170 759 2382 823; x_wconf 89' lang='lat' dir='ltr'><strong>patrum</strong></span> <span class='ocrx_word' id='word_1_136' title='bbox 2402 748 2527 819; x_wconf 81' lang='lat' dir='ltr'><strong>jure</strong></span> <span class='ocrx_word' id='word_1_137' title='bbox 2555 747 2894 811; x_wconf 91' lang='lat' dir='ltr'><strong>destitutum,</strong></span> <span class='ocrx_word' id='word_1_138' title='bbox 2943 759 3196 816; x_wconf 84' lang='lat' dir='ltr'><strong>magnum</strong></span> <span class='ocrx_word' id='word_1_139' title='bbox 3227 744 3432 816; x_wconf 87' lang='lat' dir='ltr'><strong>patitur</strong></span> <span class='ocrx_word' id='word_1_140' title='bbox 3464 742 3765 805; x_wconf 81' lang='lat' dir='ltr'><strong>damnum,</strong></span> 
     </span>
    </p>
   </div>
   <div class='ocr_carea' id='block_1_23' title="bbox 2172 836 3771 918">
    <p class='ocr_par' dir='ltr' id='par_1_23' title="bbox 2172 836 3771 918">
     <span class='ocr_line' id='line_1_23' title="bbox 2172 836 3771 918; baseline -0.005 -23"><span class='ocrx_word' id='word_1_141' title='bbox 2172 840 2435 918; x_wconf 85' lang='lat' dir='ltr'><strong>spoliatur</strong></span> <span class='ocrx_word' id='word_1_142' title='bbox 2457 839 2634 905; x_wconf 90' lang='lat' dir='ltr'><strong>bonis,</strong></span> <span class='ocrx_word' id='word_1_143' title='bbox 2657 838 2880 893; x_wconf 88' lang='lat' dir='ltr'><strong>orbatur</strong></span> <span class='ocrx_word' id='word_1_144' title='bbox 2910 836 3035 892; x_wconf 86' lang='lat' dir='ltr'><strong>ﬁliis</strong></span> <span class='ocrx_word' id='word_1_145' title='bbox 3061 836 3175 892; x_wconf 89' lang='lat' dir='ltr'><strong>suis</strong></span> <span class='ocrx_word' id='word_1_146' title='bbox 3204 852 3219 902; x_wconf 91' lang='lat'><strong>;</strong></span> <span class='ocrx_word' id='word_1_147' title='bbox 3265 845 3322 890; x_wconf 90' lang='lat' dir='ltr'><strong>et</strong></span> <span class='ocrx_word' id='word_1_148' title='bbox 3356 849 3493 906; x_wconf 89' lang='lat' dir='ltr'><strong>quos</strong></span> <span class='ocrx_word' id='word_1_149' title='bbox 3516 847 3771 904; x_wconf 78' lang='lat' dir='ltr'><strong>congre-</strong></span> 
     </span>
    </p>
   </div>
   <div class='ocr_carea' id='block_1_24' title="bbox 2172 926 3768 1006">
    <p class='ocr_par' dir='ltr' id='par_1_24' title="bbox 2172 926 3768 1006">
     <span class='ocr_line' id='line_1_24' title="bbox 2172 926 3768 1006; baseline -0.007 -16"><span class='ocrx_word' id='word_1_150' title='bbox 2172 944 2327 1006; x_wconf 85' lang='lat' dir='ltr'><strong>garat</strong></span> <span class='ocrx_word' id='word_1_151' title='bbox 2350 943 2512 1005; x_wconf 88' lang='lat' dir='ltr'><strong>atque</strong></span> <span class='ocrx_word' id='word_1_152' title='bbox 2536 932 2857 989; x_wconf 87' lang='lat' dir='ltr'><strong>educaverat</strong></span> <span class='ocrx_word' id='word_1_153' title='bbox 2884 938 3141 1002; x_wconf 82' lang='lat' dir='ltr'><strong>regnante</strong></span> <span class='ocrx_word' id='word_1_154' title='bbox 3161 928 3357 986; x_wconf 84' lang='lat' dir='ltr'><strong>Carolo</strong></span> <span class='ocrx_word' id='word_1_155' title='bbox 3384 927 3592 999; x_wconf 79' lang='lat' dir='ltr'><strong>Pippini</strong></span> <span class='ocrx_word' id='word_1_156' title='bbox 3619 926 3768 990; x_wconf 78' lang='lat' dir='ltr'><strong>ﬁlio,</strong></span> 
     </span>
    </p>
   </div>
   <div class='ocr_carea' id='block_1_25' title="bbox 2174 1017 3771 1100">
    <p class='ocr_par' dir='ltr' id='par_1_25' title="bbox 2174 1017 3771 1100">
     <span class='ocr_line' id='line_1_25' title="bbox 2174 1017 3771 1100; baseline -0.004 -20"><span class='ocrx_word' id='word_1_157' title='bbox 2174 1025 2278 1081; x_wconf 83' lang='lat' dir='ltr'><strong>I70</strong></span> <span class='ocrx_word' id='word_1_158' title='bbox 2327 1040 2391 1080; x_wconf 92' lang='lat' dir='ltr'><strong>ac</strong></span> <span class='ocrx_word' id='word_1_159' title='bbox 2427 1023 2652 1080; x_wconf 86' lang='lat' dir='ltr'><strong>novenis</strong></span> <span class='ocrx_word' id='word_1_160' title='bbox 2680 1037 2941 1078; x_wconf 89' lang='lat' dir='ltr'><strong>annorum</strong></span> <span class='ocrx_word' id='word_1_161' title='bbox 2971 1021 3209 1089; x_wconf 88' lang='lat' dir='ltr'><strong>circulis,</strong></span> <span class='ocrx_word' id='word_1_162' title='bbox 3260 1018 3501 1100; x_wconf 85' lang='lat' dir='ltr'><strong>peccatis</strong></span> <span class='ocrx_word' id='word_1_163' title='bbox 3527 1017 3771 1090; x_wconf 77' lang='lat' dir='ltr'><strong>exigen-</strong></span> 
     </span>
    </p>
   </div>
   <div class='ocr_carea' id='block_1_26' title="bbox 2175 1115 3142 1194">
    <p class='ocr_par' dir='ltr' id='par_1_26' title="bbox 2175 1115 3142 1194">
     <span class='ocr_line' id='line_1_26' title="bbox 2175 1115 3142 1194; baseline 0.001 -22"><span class='ocrx_word' id='word_1_164' title='bbox 2175 1117 2338 1184; x_wconf 90' lang='lat' dir='ltr'><strong>tibus,</strong></span> <span class='ocrx_word' id='word_1_165' title='bbox 2371 1117 2606 1188; x_wconf 85' lang='lat' dir='ltr'><strong>perdidit</strong></span> <span class='ocrx_word' id='word_1_166' title='bbox 2631 1116 2748 1172; x_wconf 88' lang='lat' dir='ltr'><strong>istis</strong></span> <span class='ocrx_word' id='word_1_167' title='bbox 2780 1115 3142 1194; x_wconf 80' lang='lat' dir='ltr'><strong>temporibus..</strong></span> 
     </span>
    </p>
   </div>
   <div class='ocr_carea' id='block_1_27' title="bbox 2178 1206 3776 1278">
    <p class='ocr_par' dir='ltr' id='par_1_27' title="bbox 2178 1206 3776 1278">
     <span class='ocr_line' id='line_1_27' title="bbox 2178 1206 3776 1278; baseline -0.004 -13"><span class='ocrx_word' id='word_1_168' title='bbox 2178 1208 2181 1213; x_wconf 53' lang='grc'><strong>⁴</strong></span> <span class='ocrx_word' id='word_1_169' title='bbox 2245 1207 2403 1265; x_wconf 77' lang='grc'><strong>1005.</strong></span> <span class='ocrx_word' id='word_1_170' title='bbox 2444 1207 2663 1263; x_wconf 89' lang='lat' dir='ltr'><strong>Interim</strong></span> <span class='ocrx_word' id='word_1_171' title='bbox 2715 1208 2829 1278; x_wconf 88' lang='lat' dir='ltr'><strong>ipse</strong></span> <span class='ocrx_word' id='word_1_172' title='bbox 2878 1221 2993 1273; x_wconf 82' lang='lat' dir='ltr'><strong>rex,</strong></span> <span class='ocrx_word' id='word_1_173' title='bbox 3029 1206 3112 1262; x_wconf 90' lang='lat' dir='ltr'><strong>ira</strong></span> <span class='ocrx_word' id='word_1_174' title='bbox 3160 1211 3512 1275; x_wconf 78' lang='lat' dir='ltr'><strong>permanente</strong></span> <span class='ocrx_word' id='word_1_175' title='bbox 3563 1211 3776 1259; x_wconf 78' lang='lat' dir='ltr'><strong>contra</strong></span> 
     </span>
    </p>
   </div>
   <div class='ocr_carea' id='block_1_28' title="bbox 2174 1284 3775 1374">
    <p class='ocr_par' dir='ltr' id='par_1_28' title="bbox 2174 1284 3775 1374">
     <span class='ocr_line' id='line_1_28' title="bbox 2174 1284 3775 1374; baseline -0.006 -14"><span class='ocrx_word' id='word_1_176' title='bbox 2174 1284 2590 1369; x_wconf 83' lang='lat' dir='ltr'><strong>Bolizlavonem,</strong></span> <span class='ocrx_word' id='word_1_177' title='bbox 2617 1309 2868 1374; x_wconf 88' lang='lat' dir='ltr'><strong>reparato</strong></span> <span class='ocrx_word' id='word_1_178' title='bbox 2892 1301 3104 1374; x_wconf 83' lang='lat' dir='ltr'><strong>agmine</strong></span> <span class='ocrx_word' id='word_1_179' title='bbox 3125 1298 3401 1356; x_wconf 87' lang='lat' dir='ltr'><strong>Poloniam</strong></span> <span class='ocrx_word' id='word_1_180' title='bbox 3423 1296 3775 1360; x_wconf 79' lang='lat' dir='ltr'><strong>accelerans,</strong></span> 
     </span>
    </p>
   </div>
   <div class='ocr_carea' id='block_1_29' title="bbox 2176 1387 3778 1468">
    <p class='ocr_par' dir='ltr' id='par_1_29' title="bbox 2176 1387 3778 1468">
     <span class='ocr_line' id='line_1_29' title="bbox 2176 1387 3778 1468; baseline -0.007 -15"><span class='ocrx_word' id='word_1_181' title='bbox 2176 1396 2468 1468; x_wconf 79' lang='lat' dir='ltr'><strong>fugientem</strong></span> <span class='ocrx_word' id='word_1_182' title='bbox 2513 1395 2833 1467; x_wconf 86' lang='lat' dir='ltr'><strong>insequitur,</strong></span> <span class='ocrx_word' id='word_1_183' title='bbox 2886 1410 3035 1450; x_wconf 90' lang='lat' dir='ltr'><strong>suam</strong></span> <span class='ocrx_word' id='word_1_184' title='bbox 3074 1392 3323 1463; x_wconf 77' lang='lat' dir='ltr'><strong>iniuriam</strong></span> <span class='ocrx_word' id='word_1_185' title='bbox 3359 1390 3515 1465; x_wconf 89' lang='lat' dir='ltr'><strong>quasi</strong></span> <span class='ocrx_word' id='word_1_186' title='bbox 3566 1387 3778 1445; x_wconf 76' lang='lat' dir='ltr'><strong>defen-</strong></span> 
     </span>
    </p>
   </div>
   <div class='ocr_carea' id='block_1_30' title="bbox 2177 1481 3779 1559">
    <p class='ocr_par' dir='ltr' id='par_1_30' title="bbox 2177 1481 3779 1559">
     <span class='ocr_line' id='line_1_30' title="bbox 2177 1481 3779 1559; baseline -0.006 -13"><span class='ocrx_word' id='word_1_187' title='bbox 2177 1506 2360 1556; x_wconf 90' lang='lat' dir='ltr'><strong>surus,</strong></span> <span class='ocrx_word' id='word_1_188' title='bbox 2393 1491 2510 1556; x_wconf 91' lang='lat' dir='ltr'><strong>sed,</strong></span> <span class='ocrx_word' id='word_1_189' title='bbox 2541 1489 2676 1559; x_wconf 92' lang='lat' dir='ltr'><strong>proh</strong></span> <span class='ocrx_word' id='word_1_190' title='bbox 2736 1487 2927 1543; x_wconf 89' lang='lat' dir='ltr'><strong>dolor!</strong></span> <span class='ocrx_word' id='word_1_191' title='bbox 2966 1487 3164 1542; x_wconf 89' lang='lat' dir='ltr'><strong>multos</strong></span> <span class='ocrx_word' id='word_1_192' title='bbox 3209 1483 3539 1557; x_wconf 86' lang='lat' dir='ltr'><strong>perditurus.</strong></span> <span class='ocrx_word' id='word_1_193' title='bbox 3584 1481 3779 1537; x_wconf 83' lang='lat' dir='ltr'><strong>Bern-</strong></span> 
     </span>
    </p>
   </div>
   <div class='ocr_carea' id='block_1_31' title="bbox 2178 1569 3780 1665">
    <p class='ocr_par' dir='ltr' id='par_1_31' title="bbox 2178 1569 3780 1665">
     <span class='ocr_line' id='line_1_31' title="bbox 2178 1569 3780 1665; baseline -0.005 -30"><span class='ocrx_word' id='word_1_194' title='bbox 2178 1581 2313 1636; x_wconf 90' lang='lat' dir='ltr'><strong>hard</strong></span> <span class='ocrx_word' id='word_1_195' title='bbox 2335 1588 2390 1665; x_wconf 82' lang='lat' dir='ltr'><strong>et</strong></span> <span class='ocrx_word' id='word_1_196' title='bbox 2415 1579 2509 1647; x_wconf 90' lang='lat' dir='ltr'><strong>Isi,</strong></span> <span class='ocrx_word' id='word_1_197' title='bbox 2541 1578 2848 1634; x_wconf 88' lang='lat' dir='ltr'><strong>Tbiedbern</strong></span> <span class='ocrx_word' id='word_1_198' title='bbox 2876 1585 2930 1632; x_wconf 91' lang='lat' dir='ltr'><strong>et</strong></span> <span class='ocrx_word' id='word_1_199' title='bbox 2948 1575 3227 1632; x_wconf 90' lang='lat' dir='ltr'><strong>Bernbard</strong></span> <span class='ocrx_word' id='word_1_200' title='bbox 3259 1574 3430 1647; x_wconf 75' lang='lat'><strong>(256),</strong></span> <span class='ocrx_word' id='word_1_201' title='bbox 3465 1587 3589 1628; x_wconf 88' lang='lat' dir='ltr'><strong>eum</strong></span> <span class='ocrx_word' id='word_1_202' title='bbox 3649 1569 3780 1627; x_wconf 77' lang='lat' dir='ltr'><strong>aliis</strong></span> 
     </span>
    </p>
   </div>
   <div class='ocr_carea' id='block_1_32' title="bbox 2170 1662 3780 1741">
    <p class='ocr_par' dir='ltr' id='par_1_32' title="bbox 2170 1662 3780 1741">
     <span class='ocr_line' id='line_1_32' title="bbox 2170 1662 3780 1741; baseline -0.006 -12"><span class='ocrx_word' id='word_1_203' title='bbox 2170 1662 2366 1729; x_wconf 81' lang='lat' dir='ltr'><strong>occisi.</strong></span> <span class='ocrx_word' id='word_1_204' title='bbox 2419 1672 2535 1728; x_wconf 82' lang='lat' dir='ltr'><strong>Rex</strong></span> <span class='ocrx_word' id='word_1_205' title='bbox 2579 1686 2730 1737; x_wconf 89' lang='lat' dir='ltr'><strong>vero,</strong></span> <span class='ocrx_word' id='word_1_206' title='bbox 2781 1670 3029 1741; x_wconf 88' lang='lat' dir='ltr'><strong>quamvis</strong></span> <span class='ocrx_word' id='word_1_207' title='bbox 3072 1668 3280 1736; x_wconf 88' lang='lat' dir='ltr'><strong>dolens,</strong></span> <span class='ocrx_word' id='word_1_208' title='bbox 3325 1672 3605 1737; x_wconf 86' lang='lat' dir='ltr'><strong>assumpta</strong></span> <span class='ocrx_word' id='word_1_209' title='bbox 3664 1678 3780 1719; x_wconf 87' lang='lat' dir='ltr'><strong>non</strong></span> 
     </span>
    </p>
   </div>
   <div class='ocr_carea' id='block_1_33' title="bbox 2177 1755 3776 1840">
    <p class='ocr_par' dir='ltr' id='par_1_33' title="bbox 2177 1755 3776 1840">
     <span class='ocr_line' id='line_1_33' title="bbox 2177 1755 3776 1840; baseline -0.008 -19"><span class='ocrx_word' id='word_1_210' title='bbox 2177 1765 2319 1821; x_wconf 90' lang='lat' dir='ltr'><strong>bona</strong></span> <span class='ocrx_word' id='word_1_211' title='bbox 2365 1779 2520 1840; x_wconf 84' lang='lat' dir='ltr'><strong>pace,</strong></span> <span class='ocrx_word' id='word_1_212' title='bbox 2568 1778 2690 1818; x_wconf 88' lang='lat' dir='ltr'><strong>cum</strong></span> <span class='ocrx_word' id='word_1_213' title='bbox 2741 1759 3109 1817; x_wconf 88' lang='lat' dir='ltr'><strong>laehrimabili</strong></span> <span class='ocrx_word' id='word_1_214' title='bbox 3161 1758 3451 1825; x_wconf 80' lang='lat' dir='ltr'><strong>revertitur</strong></span> <span class='ocrx_word' id='word_1_215' title='bbox 3491 1755 3776 1818; x_wconf 79' lang='lat' dir='ltr'><strong>exercitu,</strong></span> 
     </span>
    </p>
   </div>
   <div class='ocr_carea' id='block_1_34' title="bbox 2178 1846 3782 1927">
    <p class='ocr_par' dir='ltr' id='par_1_34' title="bbox 2178 1846 3782 1927">
     <span class='ocr_line' id='line_1_34' title="bbox 2178 1846 3782 1927; baseline -0.006 -15"><span class='ocrx_word' id='word_1_216' title='bbox 2178 1865 2406 1927; x_wconf 88' lang='lat' dir='ltr'><strong>portans</strong></span> <span class='ocrx_word' id='word_1_217' title='bbox 2464 1868 2647 1909; x_wconf 90' lang='lat' dir='ltr'><strong>secum</strong></span> <span class='ocrx_word' id='word_1_218' title='bbox 2708 1867 2937 1924; x_wconf 90' lang='lat' dir='ltr'><strong>corpora</strong></span> <span class='ocrx_word' id='word_1_219' title='bbox 3001 1861 3362 1908; x_wconf 88' lang='lat' dir='ltr'><strong>mortuorum.</strong></span> <span class='ocrx_word' id='word_1_220' title='bbox 3422 1847 3570 1905; x_wconf 89' lang='lat' dir='ltr'><strong>Obiit</strong></span> <span class='ocrx_word' id='word_1_221' title='bbox 3646 1846 3782 1903; x_wconf 74' lang='lat' dir='ltr'><strong>Kie-</strong></span> 
     </span>
    </p>
   </div>
   <div class='ocr_carea' id='block_1_35' title="bbox 501 1929 2282 2023">
    <p class='ocr_par' dir='ltr' id='par_1_35' title="bbox 501 1929 2282 2023">
     <span class='ocr_line' id='line_1_35' title="bbox 501 1929 2282 2023; baseline 0.004 -16"><span class='ocrx_word' id='word_1_222' title='bbox 501 1954 799 2023; x_wconf 82' lang='lat' dir='ltr'><strong>periculosa</strong></span> <span class='ocrx_word' id='word_1_223' title='bbox 823 1958 967 2015; x_wconf 79' lang='lat' dir='ltr'><strong>inter</strong></span> <span class='ocrx_word' id='word_1_224' title='bbox 993 1958 1233 2016; x_wconf 86' lang='lat' dir='ltr'><strong>Boiarios</strong></span> <span class='ocrx_word' id='word_1_225' title='bbox 1260 1968 1316 2015; x_wconf 89' lang='lat' dir='ltr'><strong>et</strong></span> <span class='ocrx_word' id='word_1_226' title='bbox 1341 1958 1583 2015; x_wconf 81' lang='lat' dir='ltr'><strong>Saxones</strong></span> <span class='ocrx_word' id='word_1_227' title='bbox 1608 1966 1726 2015; x_wconf 90' lang='lat' dir='ltr'><strong>orta</strong></span> <span class='ocrx_word' id='word_1_228' title='bbox 1752 1966 1835 2014; x_wconf 89' lang='lat' dir='ltr'><strong>est</strong></span> <span class='ocrx_word' id='word_1_229' title='bbox 1854 1956 2075 2023; x_wconf 88' lang='lat' dir='ltr'><strong>seditio,</strong></span> <span class='ocrx_word' id='word_1_230' title='bbox 2103 1929 2151 1991; x_wconf 75' lang='grc' dir='ltr'><strong>Β</strong></span> <span class='ocrx_word' id='word_1_231' title='bbox 2177 1954 2282 2002; x_wconf 74' lang='grc' dir='ltr'><strong>ειη·</strong></span> 
     </span>
    </p>
   </div>
   <div class='ocr_carea' id='block_1_36' title="bbox 503 2051 2080 2125">
    <p class='ocr_par' dir='ltr' id='par_1_36' title="bbox 503 2051 2080 2125">
     <span class='ocr_line' id='line_1_36' title="bbox 503 2051 2080 2125; baseline 0.004 -24"><span class='ocrx_word' id='word_1_232' title='bbox 503 2052 794 2107; x_wconf 79' lang='lat' dir='ltr'><strong>iuultorum</strong></span> <span class='ocrx_word' id='word_1_233' title='bbox 824 2063 997 2110; x_wconf 89' lang='lat' dir='ltr'><strong>morte</strong></span> <span class='ocrx_word' id='word_1_234' title='bbox 1020 2054 1370 2125; x_wconf 88' lang='lat' dir='ltr'><strong>subsequnta.</strong></span> <span class='ocrx_word' id='word_1_235' title='bbox 1403 2053 1461 2110; x_wconf 90' lang='lat' dir='ltr'><strong>In</strong></span> <span class='ocrx_word' id='word_1_236' title='bbox 1501 2053 1670 2115; x_wconf 87' lang='lat' dir='ltr'><strong>natali</strong></span> <span class='ocrx_word' id='word_1_237' title='bbox 1696 2062 1877 2109; x_wconf 91' lang='lat' dir='ltr'><strong>autem</strong></span> <span class='ocrx_word' id='word_1_238' title='bbox 1906 2051 2080 2108; x_wconf 85' lang='lat' dir='ltr'><strong>sancti</strong></span> 
     </span>
    </p>
   </div>
   <div class='ocr_carea' id='block_1_37' title="bbox 502 2141 2080 2216">
    <p class='ocr_par' dir='ltr' id='par_1_37' title="bbox 502 2141 2080 2216">
     <span class='ocr_line' id='line_1_37' title="bbox 502 2141 2080 2216; baseline 0.004 -23"><span class='ocrx_word' id='word_1_239' title='bbox 502 2141 757 2216; x_wconf 81' lang='lat' dir='ltr'><strong>martyris</strong></span> <span class='ocrx_word' id='word_1_240' title='bbox 793 2142 1071 2203; x_wconf 89' lang='lat' dir='ltr'><strong>Laurentii</strong></span> <span class='ocrx_word' id='word_1_241' title='bbox 1116 2146 1413 2216; x_wconf 85' lang='lat' dir='ltr'><strong>imponitur</strong></span> <span class='ocrx_word' id='word_1_242' title='bbox 1452 2159 1656 2203; x_wconf 88' lang='lat' dir='ltr'><strong>corona</strong></span> <span class='ocrx_word' id='word_1_243' title='bbox 1686 2142 2080 2200; x_wconf 73' lang='lat' dir='ltr'><strong>benedictionis</strong></span> 
     </span>
    </p>
   </div>
   <div class='ocr_carea' id='block_1_38' title="bbox 505 2230 2081 2307">
    <p class='ocr_par' dir='ltr' id='par_1_38' title="bbox 505 2230 2081 2307">
     <span class='ocr_line' id='line_1_38' title="bbox 505 2230 2081 2307; baseline 0.004 -24"><span class='ocrx_word' id='word_1_244' title='bbox 505 2230 837 2305; x_wconf 76' lang='lat' dir='ltr'><strong>Cunigunda:</strong></span> <span class='ocrx_word' id='word_1_245' title='bbox 858 2236 1091 2307; x_wconf 63' lang='lat' dir='ltr'><strong>reginae;</strong></span> <span class='ocrx_word' id='word_1_246' title='bbox 1127 2237 1286 2292; x_wconf 88' lang='lat' dir='ltr'><strong>datur</strong></span> <span class='ocrx_word' id='word_1_247' title='bbox 1311 2237 1480 2293; x_wconf 90' lang='lat' dir='ltr'><strong>etiam</strong></span> <span class='ocrx_word' id='word_1_248' title='bbox 1518 2236 1758 2307; x_wconf 72' lang='lat' dir='ltr'><strong>Sophim,</strong></span> <span class='ocrx_word' id='word_1_249' title='bbox 1788 2236 2081 2305; x_wconf 78' lang='lat' dir='ltr'><strong>imperato-</strong></span> 
     </span>
    </p>
   </div>
   <div class='ocr_carea' id='block_1_39' title="bbox 506 2314 2078 2399">
    <p class='ocr_par' dir='ltr' id='par_1_39' title="bbox 506 2314 2078 2399">
     <span class='ocr_line' id='line_1_39' title="bbox 506 2314 2078 2399; baseline 0.003 -21"><span class='ocrx_word' id='word_1_250' title='bbox 506 2322 581 2387; x_wconf 69' lang='lat' dir='ltr'><strong>ris</strong></span> <span class='ocrx_word' id='word_1_251' title='bbox 603 2323 750 2399; x_wconf 76' lang='grc'>(252)</span> <span class='ocrx_word' id='word_1_252' title='bbox 781 2326 925 2397; x_wconf 73' lang='lat' dir='ltr'><strong>ﬁliae,</strong></span> <span class='ocrx_word' id='word_1_253' title='bbox 956 2314 1188 2387; x_wconf 61' lang='lat' dir='ltr'><strong>abbatis</strong></span> <span class='ocrx_word' id='word_1_254' title='bbox 1230 2330 1535 2388; x_wconf 89' lang='lat' dir='ltr'><strong>benedictio</strong></span> <span class='ocrx_word' id='word_1_255' title='bbox 1565 2327 2078 2387; x_wconf 88' lang='lat' dir='ltr'><strong>Gandesbemensis.</strong></span> 
     </span>
    </p>
   </div>
   <div class='ocr_carea' id='block_1_40' title="bbox 504 2411 2081 2490">
    <p class='ocr_par' dir='ltr' id='par_1_40' title="bbox 504 2411 2081 2490">
     <span class='ocr_line' id='line_1_40' title="bbox 504 2411 2081 2490; baseline 0.005 -25"><span class='ocrx_word' id='word_1_256' title='bbox 504 2411 711 2483; x_wconf 68' lang='lat' dir='ltr'><strong>Quibus</strong></span> <span class='ocrx_word' id='word_1_257' title='bbox 739 2419 989 2487; x_wconf 88' lang='lat' dir='ltr'><strong>peractis,</strong></span> <span class='ocrx_word' id='word_1_258' title='bbox 1015 2434 1140 2490; x_wconf 86' lang='lat' dir='ltr'><strong>rege</strong></span> <span class='ocrx_word' id='word_1_259' title='bbox 1166 2418 1414 2477; x_wconf 81' lang='lat' dir='ltr'><strong>Rhenum</strong></span> <span class='ocrx_word' id='word_1_260' title='bbox 1440 2427 1827 2484; x_wconf 88' lang='lat' dir='ltr'><strong>transmeante,</strong></span> <span class='ocrx_word' id='word_1_261' title='bbox 1850 2418 2081 2488; x_wconf 83' lang='lat' dir='ltr'><strong>quisque</strong></span> 
     </span>
    </p>
   </div>
   <div class='ocr_carea' id='block_1_41' title="bbox 506 2489 2080 2579">
    <p class='ocr_par' dir='ltr' id='par_1_41' title="bbox 506 2489 2080 2579">
     <span class='ocr_line' id='line_1_41' title="bbox 506 2489 2080 2579; baseline 0.003 -24"><span class='ocrx_word' id='word_1_262' title='bbox 506 2502 560 2557; x_wconf 86' lang='lat' dir='ltr'><strong>in</strong></span> <span class='ocrx_word' id='word_1_263' title='bbox 604 2520 701 2560; x_wconf 91' lang='lat' dir='ltr'><strong>sua</strong></span> <span class='ocrx_word' id='word_1_264' title='bbox 752 2489 985 2565; x_wconf 72' lang='lat' dir='ltr'><strong>rediere.</strong></span> <span class='ocrx_word' id='word_1_265' title='bbox 1034 2489 1394 2565; x_wconf 80' lang='lat' dir='ltr'><strong>Herimannus</strong></span> <span class='ocrx_word' id='word_1_266' title='bbox 1428 2510 1536 2565; x_wconf 79' lang='lat' dir='ltr'><strong>dux</strong></span> <span class='ocrx_word' id='word_1_267' title='bbox 1562 2525 1685 2567; x_wconf 90' lang='lat' dir='ltr'><strong>cum</strong></span> <span class='ocrx_word' id='word_1_268' title='bbox 1735 2508 1929 2565; x_wconf 88' lang='lat' dir='ltr'><strong>Suevis</strong></span> <span class='ocrx_word' id='word_1_269' title='bbox 1965 2506 2080 2579; x_wconf 88' lang='lat' dir='ltr'><strong>regi</strong></span> 
     </span>
    </p>
   </div>
   <div class='ocr_carea' id='block_1_42' title="bbox 507 2596 2078 2673">
    <p class='ocr_par' dir='ltr' id='par_1_42' title="bbox 507 2596 2078 2673">
     <span class='ocr_line' id='line_1_42' title="bbox 507 2596 2078 2673; baseline 0.001 -23"><span class='ocrx_word' id='word_1_270' title='bbox 507 2596 726 2664; x_wconf 87' lang='lat' dir='ltr'><strong>restitit,</strong></span> <span class='ocrx_word' id='word_1_271' title='bbox 755 2607 810 2655; x_wconf 93' lang='lat' dir='ltr'><strong>et</strong></span> <span class='ocrx_word' id='word_1_272' title='bbox 828 2600 1160 2661; x_wconf 87' lang='lat' dir='ltr'><strong>Francorum</strong></span> <span class='ocrx_word' id='word_1_273' title='bbox 1183 2612 1311 2672; x_wconf 84' lang='lat' dir='ltr'><strong>pars</strong></span> <span class='ocrx_word' id='word_1_274' title='bbox 1337 2601 1581 2673; x_wconf 70' lang='lat' dir='ltr'><strong>quaedam</strong></span> <span class='ocrx_word' id='word_1_275' title='bbox 1607 2599 1867 2670; x_wconf 71' lang='lat' dir='ltr'><strong>refragari</strong></span> <span class='ocrx_word' id='word_1_276' title='bbox 1891 2598 2078 2669; x_wconf 75' lang='lat' dir='ltr'><strong>coepit,</strong></span> 
     </span>
    </p>
   </div>
   <div class='ocr_carea' id='block_1_43' title="bbox 508 2690 2079 2767">
    <p class='ocr_par' dir='ltr' id='par_1_43' title="bbox 508 2690 2079 2767">
     <span class='ocr_line' id='line_1_43' title="bbox 508 2690 2079 2767; baseline 0.005 -27"><span class='ocrx_word' id='word_1_277' title='bbox 508 2690 676 2749; x_wconf 87' lang='lat' dir='ltr'><strong>multa</strong></span> <span class='ocrx_word' id='word_1_278' title='bbox 706 2691 919 2750; x_wconf 89' lang='lat' dir='ltr'><strong>inutilia</strong></span> <span class='ocrx_word' id='word_1_279' title='bbox 946 2702 1340 2767; x_wconf 88' lang='lat' dir='ltr'><strong>perpetrantes,</strong></span> <span class='ocrx_word' id='word_1_280' title='bbox 1379 2702 1567 2753; x_wconf 86' lang='lat' dir='ltr'><strong>sancta</strong></span> <span class='ocrx_word' id='word_1_281' title='bbox 1613 2693 1731 2750; x_wconf 90' lang='lat' dir='ltr'><strong>loca</strong></span> <span class='ocrx_word' id='word_1_282' title='bbox 1770 2700 2079 2757; x_wconf 65' lang='lat' dir='ltr'><strong>exui-entes,</strong></span> 
     </span>
    </p>
   </div>
   <div class='ocr_carea' id='block_1_44' title="bbox 509 2780 2086 2859">
    <p class='ocr_par' dir='ltr' id='par_1_44' title="bbox 509 2780 2086 2859">
     <span class='ocr_line' id='line_1_44' title="bbox 509 2780 2086 2859; baseline 0.004 -26"><span class='ocrx_word' id='word_1_283' title='bbox 509 2780 1141 2855; x_wconf 65' lang='lat' dir='ltr'><strong>aliaqne&#39;devastantes;</strong></span> <span class='ocrx_word' id='word_1_284' title='bbox 1173 2801 1308 2859; x_wconf 91' lang='lat' dir='ltr'><strong>quos</strong></span> <span class='ocrx_word' id='word_1_285' title='bbox 1335 2794 1513 2844; x_wconf 90' lang='lat' dir='ltr'><strong>tamen</strong></span> <span class='ocrx_word' id='word_1_286' title='bbox 1540 2784 1689 2859; x_wconf 80' lang='grc'>(255)</span> <span class='ocrx_word' id='word_1_287' title='bbox 1721 2784 1984 2842; x_wconf 90' lang='lat' dir='ltr'><strong>Dominus</strong></span> <span class='ocrx_word' id='word_1_288' title='bbox 2007 2783 2086 2840; x_wconf 87' lang='lat' dir='ltr'><strong>ci-</strong></span> 
     </span>
    </p>
   </div>
   <div class='ocr_carea' id='block_1_45' title="bbox 488 2871 1072 2939">
    <p class='ocr_par' dir='ltr' id='par_1_45' title="bbox 488 2871 1072 2939">
     <span class='ocr_line' id='line_1_45' title="bbox 488 2871 1072 2939; baseline 0.019 -18"><span class='ocrx_word' id='word_1_289' title='bbox 488 2871 719 2939; x_wconf 76' lang='lat' dir='ltr'><strong>tissime</strong></span> <span class='ocrx_word' id='word_1_290' title='bbox 746 2874 1072 2932; x_wconf 86' lang='lat' dir='ltr'><strong>humiliavit.</strong></span> 
     </span>
    </p>
   </div>
   <div class='ocr_carea' id='block_1_46' title="bbox 494 2954 2084 3040">
    <p class='ocr_par' dir='ltr' id='par_1_46' title="bbox 494 2954 2084 3040">
     <span class='ocr_line' id='line_1_46' title="bbox 494 2954 2084 3040; baseline 0.002 -22"><span class='ocrx_word' id='word_1_291' title='bbox 494 3029 499 3033; x_wconf 29' lang='grc'>,</span> <span class='ocrx_word' id='word_1_292' title='bbox 584 2963 740 3020; x_wconf 81' lang='grc'><strong>1005.</strong></span> <span class='ocrx_word' id='word_1_293' title='bbox 782 2965 1065 3025; x_wconf 90' lang='lat' dir='ltr'><strong>Ileinricus</strong></span> <span class='ocrx_word' id='word_1_294' title='bbox 1084 2984 1183 3026; x_wconf 80' lang='lat' dir='ltr'><strong>rex</strong></span> <span class='ocrx_word' id='word_1_295' title='bbox 1208 2967 1434 3026; x_wconf 87' lang='lat' dir='ltr'><strong>Sclavos</strong></span> <span class='ocrx_word' id='word_1_296' title='bbox 1469 2967 1749 3023; x_wconf 76' lang='lat' dir='ltr'><strong>Milliianos</strong></span> <span class='ocrx_word' id='word_1_297' title='bbox 1781 2954 2084 3040; x_wconf 60' lang='lat'><strong>(254)113&#39;6-</strong></span> 
     </span>
    </p>
   </div>
   <div class='ocr_carea' id='block_1_47' title="bbox 494 3053 2085 3141">
    <p class='ocr_par' dir='ltr' id='par_1_47' title="bbox 494 3053 2085 3141">
     <span class='ocr_line' id='line_1_47' title="bbox 494 3053 2085 3141; baseline 0.006 -36"><span class='ocrx_word' id='word_1_298' title='bbox 494 3053 636 3141; x_wconf 4' lang='lat' dir='ltr'><strong>gmali</strong></span> <span class='ocrx_word' id='word_1_299' title='bbox 660 3064 900 3127; x_wconf 87' lang='lat' dir='ltr'><strong>tempore</strong></span> <span class='ocrx_word' id='word_1_300' title='bbox 924 3059 1140 3126; x_wconf 85' lang='lat' dir='ltr'><strong>invasit,</strong></span> <span class='ocrx_word' id='word_1_301' title='bbox 1164 3068 1218 3116; x_wconf 92' lang='lat' dir='ltr'><strong>et</strong></span> <span class='ocrx_word' id='word_1_302' title='bbox 1234 3069 1457 3116; x_wconf 90' lang='lat' dir='ltr'><strong>cruenta</strong></span> <span class='ocrx_word' id='word_1_303' title='bbox 1485 3061 1627 3116; x_wconf 62' lang='lat' dir='ltr'><strong>crede</strong></span> <span class='ocrx_word' id='word_1_304' title='bbox 1654 3060 1963 3131; x_wconf 86' lang='lat' dir='ltr'><strong>devastans,</strong></span> <span class='ocrx_word' id='word_1_305' title='bbox 1980 3057 2085 3114; x_wconf 89' lang='lat' dir='ltr'><strong>sibi</strong></span> 
     </span>
    </p>
   </div>
   <div class='ocr_carea' id='block_1_48' title="bbox 446 3149 2087 3230">
    <p class='ocr_par' dir='ltr' id='par_1_48' title="bbox 446 3149 2087 3230">
     <span class='ocr_line' id='line_1_48' title="bbox 446 3149 2087 3230; baseline 0.006 -27"><span class='ocrx_word' id='word_1_306' title='bbox 446 3217 455 3225; x_wconf 88' lang='lat'>_</span> <span class='ocrx_word' id='word_1_307' title='bbox 510 3149 840 3222; x_wconf 67' lang='lat' dir='ltr'><strong>subiugavit.</strong></span> <span class='ocrx_word' id='word_1_308' title='bbox 882 3154 1256 3227; x_wconf 88' lang='lat' dir='ltr'><strong>Thangmarns</strong></span> <span class='ocrx_word' id='word_1_309' title='bbox 1285 3156 1433 3230; x_wconf 80' lang='grc'>(255)</span> <span class='ocrx_word' id='word_1_310' title='bbox 1467 3174 1588 3214; x_wconf 88' lang='lat' dir='ltr'><strong>ctnn</strong></span> <span class='ocrx_word' id='word_1_311' title='bbox 1622 3157 1742 3213; x_wconf 91' lang='lat' dir='ltr'><strong>aliis</strong></span> <span class='ocrx_word' id='word_1_312' title='bbox 1771 3158 2087 3213; x_wconf 83' lang='lat' dir='ltr'><strong>interfectus</strong></span> 
     </span>
    </p>
   </div>
   <div class='ocr_carea' id='block_1_49' title="bbox 512 3242 2159 3338">
    <p class='ocr_par' dir='ltr' id='par_1_49' title="bbox 512 3242 2159 3338">
     <span class='ocr_line' id='line_1_49' title="bbox 512 3242 2159 3338; baseline 0.005 -42"><span class='ocrx_word' id='word_1_313' title='bbox 512 3242 1105 3338; x_wconf 48' lang='lat' dir='ltr'><strong>cst._Quadragesimali</strong></span> <span class='ocrx_word' id='word_1_314' title='bbox 1147 3259 1328 3305; x_wconf 90' lang='lat' dir='ltr'><strong>autem</strong></span> <span class='ocrx_word' id='word_1_315' title='bbox 1368 3259 1609 3321; x_wconf 89' lang='lat' dir='ltr'><strong>tempore</strong></span> <span class='ocrx_word' id='word_1_316' title='bbox 1648 3249 2082 3320; x_wconf 88' lang='lat' dir='ltr'><strong>Parthenopolim</strong></span> <span class='ocrx_word' id='word_1_317' title='bbox 2113 3277 2159 3338; x_wconf 65' lang='grc' dir='ltr'>ο</span> 
     </span>
    </p>
   </div>
   <div class='ocr_carea' id='block_1_50' title="bbox 515 3335 2083 3415">
    <p class='ocr_par' dir='ltr' id='par_1_50' title="bbox 515 3335 2083 3415">
     <span class='ocr_line' id='line_1_50' title="bbox 515 3335 2083 3415; baseline 0.008 -30"><span class='ocrx_word' id='word_1_318' title='bbox 515 3335 683 3402; x_wconf 84' lang='lat' dir='ltr'><strong>venit,</strong></span> <span class='ocrx_word' id='word_1_319' title='bbox 728 3337 869 3394; x_wconf 91' lang='lat' dir='ltr'><strong>diem</strong></span> <span class='ocrx_word' id='word_1_320' title='bbox 910 3341 1213 3410; x_wconf 88' lang='lat' dir='ltr'><strong>palmarum</strong></span> <span class='ocrx_word' id='word_1_321' title='bbox 1256 3343 1452 3399; x_wconf 87' lang='lat' dir='ltr'><strong>ibidem</strong></span> <span class='ocrx_word' id='word_1_322' title='bbox 1484 3352 1724 3400; x_wconf 83' lang='lat' dir='ltr'><strong>acturus.</strong></span> <span class='ocrx_word' id='word_1_323' title='bbox 1758 3342 1885 3398; x_wconf 88' lang='lat' dir='ltr'><strong>lmle</strong></span> <span class='ocrx_word' id='word_1_324' title='bbox 1920 3360 2083 3415; x_wconf 91' lang='lat' dir='ltr'><strong>quam</strong></span> 
     </span>
    </p>
   </div>
   <div class='ocr_carea' id='block_1_51' title="bbox 513 3425 2088 3517">
    <p class='ocr_par' dir='ltr' id='par_1_51' title="bbox 513 3425 2088 3517">
     <span class='ocr_line' id='line_1_51' title="bbox 513 3425 2088 3517; baseline 0.008 -38"><span class='ocrx_word' id='word_1_325' title='bbox 513 3425 798 3484; x_wconf 86' lang='lat' dir='ltr'><strong>celerrime</strong></span> <span class='ocrx_word' id='word_1_326' title='bbox 830 3431 1338 3517; x_wconf 78' lang='lat' dir='ltr'><strong>Quidelinguensem</strong></span> <span class='ocrx_word' id='word_1_327' title='bbox 1385 3434 1743 3506; x_wconf 78' lang='lat' dir='ltr'><strong>Metropolim,</strong></span> <span class='ocrx_word' id='word_1_328' title='bbox 1782 3450 2088 3493; x_wconf 80' lang='lat' dir='ltr'><strong>moreavo-</strong></span> 
     </span>
    </p>
   </div>
   <div class='ocr_carea' id='block_1_52' title="bbox 516 3526 2085 3599">
    <p class='ocr_par' dir='ltr' id='par_1_52' title="bbox 516 3526 2085 3599">
     <span class='ocr_line' id='line_1_52' title="bbox 516 3526 2085 3599; baseline 0.006 -27"><span class='ocrx_word' id='word_1_329' title='bbox 516 3532 634 3573; x_wconf 81' lang='lat' dir='ltr'><strong>rum</strong></span> <span class='ocrx_word' id='word_1_330' title='bbox 690 3529 1080 3595; x_wconf 87' lang='lat' dir='ltr'><strong>atavorumque</strong></span> <span class='ocrx_word' id='word_1_331' title='bbox 1126 3526 1363 3599; x_wconf 80' lang='lat' dir='ltr'><strong>priorum</strong></span> <span class='ocrx_word' id='word_1_332' title='bbox 1415 3543 1625 3599; x_wconf 84' lang='lat' dir='ltr'><strong>regum.</strong></span> <span class='ocrx_word' id='word_1_333' title='bbox 1678 3543 1930 3599; x_wconf 83' lang='lat' dir='ltr'><strong>pergens,</strong></span> <span class='ocrx_word' id='word_1_334' title='bbox 1962 3543 2085 3582; x_wconf 92' lang='lat' dir='ltr'><strong>cum</strong></span> 
     </span>
    </p>
   </div>
   <div class='ocr_carea' id='block_1_53' title="bbox 511 3595 2087 3687">
    <p class='ocr_par' dir='ltr' id='par_1_53' title="bbox 511 3595 2087 3687">
     <span class='ocr_line' id='line_1_53' title="bbox 511 3595 2087 3687; baseline 0.01 -29"><span class='ocrx_word' id='word_1_335' title='bbox 511 3606 863 3678; x_wconf 69' lang='lat' dir='ltr'><strong>optimatibus</strong></span> <span class='ocrx_word' id='word_1_336' title='bbox 889 3615 1002 3670; x_wconf 82' lang='lat' dir='ltr'><strong>suis</strong></span> <span class='ocrx_word' id='word_1_337' title='bbox 1023 3624 1077 3670; x_wconf 88' lang='lat' dir='ltr'><strong>et</strong></span> <span class='ocrx_word' id='word_1_338' title='bbox 1100 3616 1278 3686; x_wconf 90' lang='lat' dir='ltr'><strong>populi</strong></span> <span class='ocrx_word' id='word_1_339' title='bbox 1305 3595 1625 3673; x_wconf 62' lang='lat' dir='ltr'><strong>conﬁdentia</strong></span> <span class='ocrx_word' id='word_1_340' title='bbox 1651 3595 1923 3687; x_wconf 72' lang='lat' dir='ltr'><strong>paschalia</strong></span> <span class='ocrx_word' id='word_1_341' title='bbox 1947 3617 2087 3673; x_wconf 80' lang='lat' dir='ltr'><strong>festa</strong></span> 
     </span>
    </p>
   </div>
   <div class='ocr_carea' id='block_1_54' title="bbox 516 3703 2088 3780">
    <p class='ocr_par' dir='ltr' id='par_1_54' title="bbox 516 3703 2088 3780">
     <span class='ocr_line' id='line_1_54' title="bbox 516 3703 2088 3780; baseline 0.008 -27"><span class='ocrx_word' id='word_1_342' title='bbox 516 3703 740 3774; x_wconf 79' lang='lat' dir='ltr'><strong>peregit.</strong></span> <span class='ocrx_word' id='word_1_343' title='bbox 773 3704 968 3762; x_wconf 88' lang='lat' dir='ltr'><strong>Paucis</strong></span> <span class='ocrx_word' id='word_1_344' title='bbox 997 3708 1330 3780; x_wconf 80' lang='lat' dir='ltr'><strong>interpositis</strong></span> <span class='ocrx_word' id='word_1_345' title='bbox 1360 3710 1569 3776; x_wconf 90' lang='lat' dir='ltr'><strong>diebus,</strong></span> <span class='ocrx_word' id='word_1_346' title='bbox 1599 3708 1910 3765; x_wconf 72' lang='lat' dir='ltr'><strong>Adelheidie</strong></span> <span class='ocrx_word' id='word_1_347' title='bbox 1936 3711 2088 3765; x_wconf 79' lang='lat' dir='ltr'><strong>doni-</strong></span> 
     </span>
    </p>
   </div>
   <div class='ocr_carea' id='block_1_55' title="bbox 479 3797 2087 3875">
    <p class='ocr_par' dir='ltr' id='par_1_55' title="bbox 479 3797 2087 3875">
     <span class='ocr_line' id='line_1_55' title="bbox 479 3797 2087 3875; baseline 0.009 -32"><span class='ocrx_word' id='word_1_348' title='bbox 479 3868 483 3873; x_wconf 23' lang='lat'><strong><em>&#39;</em></strong></span> <span class='ocrx_word' id='word_1_349' title='bbox 519 3807 600 3846; x_wconf 80' lang='lat' dir='ltr'><strong>me</strong></span> <span class='ocrx_word' id='word_1_350' title='bbox 636 3809 699 3850; x_wconf 89' lang='lat' dir='ltr'><strong>ac</strong></span> <span class='ocrx_word' id='word_1_351' title='bbox 732 3798 924 3875; x_wconf 86' lang='lat' dir='ltr'><strong>matris</strong></span> <span class='ocrx_word' id='word_1_352' title='bbox 952 3797 1188 3867; x_wconf 77' lang='lat' dir='ltr'><strong>ejusdem</strong></span> <span class='ocrx_word' id='word_1_353' title='bbox 1224 3801 1475 3873; x_wconf 62' lang='lat' dir='ltr'><strong>presibus</strong></span> <span class='ocrx_word' id='word_1_354' title='bbox 1523 3809 1800 3866; x_wconf 75' lang='lat' dir='ltr'><strong>exoratus,</strong></span> <span class='ocrx_word' id='word_1_355' title='bbox 1838 3818 1959 3856; x_wconf 90' lang='lat' dir='ltr'><strong>cum</strong></span> <span class='ocrx_word' id='word_1_356' title='bbox 2000 3816 2087 3857; x_wconf 80' lang='lat' dir='ltr'><strong>re-</strong></span> 
     </span>
    </p>
   </div>
   <div class='ocr_carea' id='block_1_56' title="bbox 519 3886 2090 3965">
    <p class='ocr_par' dir='ltr' id='par_1_56' title="bbox 519 3886 2090 3965">
     <span class='ocr_line' id='line_1_56' title="bbox 519 3886 2090 3965; baseline 0.008 -26"><span class='ocrx_word' id='word_1_357' title='bbox 519 3886 642 3955; x_wconf 85' lang='lat' dir='ltr'><strong>gina</strong></span> <span class='ocrx_word' id='word_1_358' title='bbox 664 3888 857 3945; x_wconf 91' lang='lat' dir='ltr'><strong>iterum</strong></span> <span class='ocrx_word' id='word_1_359' title='bbox 886 3892 1130 3959; x_wconf 91' lang='lat' dir='ltr'><strong>veniens,</strong></span> <span class='ocrx_word' id='word_1_360' title='bbox 1153 3894 1324 3950; x_wconf 88' lang='lat' dir='ltr'><strong>sancti</strong></span> <span class='ocrx_word' id='word_1_361' title='bbox 1351 3893 1580 3949; x_wconf 86' lang='lat' dir='ltr'><strong>Servatii</strong></span> <span class='ocrx_word' id='word_1_362' title='bbox 1602 3893 1797 3965; x_wconf 77' lang='lat' dir='ltr'><strong>gaudet</strong></span> <span class='ocrx_word' id='word_1_363' title='bbox 1826 3894 2090 3951; x_wconf 87' lang='lat' dir='ltr'><strong>interesse</strong></span> 
     </span>
    </p>
   </div>
   <div class='ocr_carea' id='block_1_57' title="bbox 518 3974 2090 4054">
    <p class='ocr_par' dir='ltr' id='par_1_57' title="bbox 518 3974 2090 4054">
     <span class='ocr_line' id='line_1_57' title="bbox 518 3974 2090 4054; baseline 0.007 -26"><span class='ocrx_word' id='word_1_364' title='bbox 518 3974 703 4044; x_wconf 82' lang='lat' dir='ltr'><strong>festis;</strong></span> <span class='ocrx_word' id='word_1_365' title='bbox 750 3990 934 4049; x_wconf 90' lang='lat' dir='ltr'><strong>postea</strong></span> <span class='ocrx_word' id='word_1_366' title='bbox 964 3982 1397 4038; x_wconf 83' lang='lat' dir='ltr'><strong>llalverstadensi</strong></span> <span class='ocrx_word' id='word_1_367' title='bbox 1439 3983 1656 4038; x_wconf 87' lang='lat' dir='ltr'><strong>civitate</strong></span> <span class='ocrx_word' id='word_1_368' title='bbox 1690 3994 1936 4038; x_wconf 90' lang='lat' dir='ltr'><strong>sanctum</strong></span> <span class='ocrx_word' id='word_1_369' title='bbox 1960 4000 2090 4054; x_wconf 91' lang='lat' dir='ltr'><strong>pen-</strong></span> 
     </span>
    </p>
   </div>
   <div class='ocr_carea' id='block_1_58' title="bbox 476 4064 2090 4150">
    <p class='ocr_par' dir='ltr' id='par_1_58' title="bbox 476 4064 2090 4150">
     <span class='ocr_line' id='line_1_58' title="bbox 476 4064 2090 4150; baseline 0.009 -33"><span class='ocrx_word' id='word_1_370' title='bbox 476 4064 489 4150; x_wconf 38' lang='lat'>;</span> <span class='ocrx_word' id='word_1_371' title='bbox 521 4074 762 4122; x_wconf 86' lang='lat' dir='ltr'><strong>tecosten</strong></span> <span class='ocrx_word' id='word_1_372' title='bbox 793 4069 1179 4125; x_wconf 85' lang='lat' dir='ltr'><strong>eelebraturus.</strong></span> <span class='ocrx_word' id='word_1_373' title='bbox 1223 4072 1562 4129; x_wconf 88' lang='lat' dir='ltr'><strong>llcrmaunns</strong></span> <span class='ocrx_word' id='word_1_374' title='bbox 1594 4075 1701 4129; x_wconf 85' lang='lat' dir='ltr'><strong>dux</strong></span> <span class='ocrx_word' id='word_1_375' title='bbox 1740 4075 2090 4132; x_wconf 78' lang='lat' dir='ltr'><strong>adextrerna</strong></span> 
     </span>
    </p>
   </div>
   <div class='ocr_carea' id='block_1_59' title="bbox 519 4160 1706 4238">
    <p class='ocr_par' dir='ltr' id='par_1_59' title="bbox 519 4160 1706 4238">
     <span class='ocr_line' id='line_1_59' title="bbox 519 4160 1706 4238; baseline 0.01 -28"><span class='ocrx_word' id='word_1_376' title='bbox 519 4160 788 4227; x_wconf 86' lang='lat' dir='ltr'><strong>pervenit,</strong></span> <span class='ocrx_word' id='word_1_377' title='bbox 814 4169 868 4216; x_wconf 90' lang='lat' dir='ltr'><strong>et</strong></span> <span class='ocrx_word' id='word_1_378' title='bbox 897 4163 1167 4219; x_wconf 87' lang='lat' dir='ltr'><strong>discordia</strong></span> <span class='ocrx_word' id='word_1_379' title='bbox 1195 4180 1226 4220; x_wconf 88' lang='lat' dir='ltr'><strong>a</strong></span> <span class='ocrx_word' id='word_1_380' title='bbox 1266 4166 1457 4222; x_wconf 86' lang='lat' dir='ltr'><strong>Suevis</strong></span> <span class='ocrx_word' id='word_1_381' title='bbox 1482 4168 1706 4238; x_wconf 85' lang='lat' dir='ltr'><strong>quievit.</strong></span> 
     </span>
    </p>
   </div>
   <div class='ocr_carea' id='block_1_60' title="bbox 591 4248 2095 4317">
    <p class='ocr_par' dir='ltr' id='par_1_60' title="bbox 591 4248 2095 4317">
     <span class='ocr_line' id='line_1_60' title="bbox 591 4248 2095 4317; baseline 0.009 -13"><span class='ocrx_word' id='word_1_382' title='bbox 591 4248 750 4305; x_wconf 66' lang='lat'><strong>1004.</strong></span> <span class='ocrx_word' id='word_1_383' title='bbox 791 4251 904 4307; x_wconf 80' lang='lat' dir='ltr'><strong>Rex</strong></span> <span class='ocrx_word' id='word_1_384' title='bbox 957 4251 1239 4311; x_wconf 86' lang='lat' dir='ltr'><strong>lleinricus</strong></span> <span class='ocrx_word' id='word_1_385' title='bbox 1268 4254 1335 4311; x_wconf 89' lang='lat' dir='ltr'><strong>de</strong></span> <span class='ocrx_word' id='word_1_386' title='bbox 1368 4256 1593 4312; x_wconf 84' lang='lat' dir='ltr'><strong>Francia</strong></span> <span class='ocrx_word' id='word_1_387' title='bbox 1641 4260 1695 4313; x_wconf 91' lang='lat' dir='ltr'><strong>in</strong></span> <span class='ocrx_word' id='word_1_388' title='bbox 1749 4257 1958 4315; x_wconf 77' lang='lat' dir='ltr'><strong>Italiam</strong></span> <span class='ocrx_word' id='word_1_389' title='bbox 2001 4275 2095 4317; x_wconf 80' lang='lat' dir='ltr'><strong>ve-</strong></span> 
     </span>
    </p>
   </div>
   <div class='ocr_carea' id='block_1_61' title="bbox 518 4339 2093 4422">
    <p class='ocr_par' dir='ltr' id='par_1_61' title="bbox 518 4339 2093 4422">
     <span class='ocr_line' id='line_1_61' title="bbox 518 4339 2093 4422; baseline 0.01 -30"><span class='ocrx_word' id='word_1_390' title='bbox 518 4339 696 4420; x_wconf 84' lang='lat' dir='ltr'><strong>niens,</strong></span> <span class='ocrx_word' id='word_1_391' title='bbox 741 4352 985 4398; x_wconf 90' lang='lat' dir='ltr'><strong>sanctum</strong></span> <span class='ocrx_word' id='word_1_392' title='bbox 1032 4347 1233 4415; x_wconf 87' lang='lat' dir='ltr'><strong>pascha</strong></span> <span class='ocrx_word' id='word_1_393' title='bbox 1285 4347 1357 4402; x_wconf 90' lang='lat' dir='ltr'><strong>ibi</strong></span> <span class='ocrx_word' id='word_1_394' title='bbox 1404 4356 1644 4405; x_wconf 86' lang='lat' dir='ltr'><strong>acturus.</strong></span> <span class='ocrx_word' id='word_1_395' title='bbox 1698 4350 1802 4404; x_wconf 77' lang='lat' dir='ltr'><strong>Sed</strong></span> <span class='ocrx_word' id='word_1_396' title='bbox 1844 4352 2093 4422; x_wconf 90' lang='lat' dir='ltr'><strong>adempto</strong></span> 
     </span>
    </p>
   </div>
   <div class='ocr_carea' id='block_1_62' title="bbox 519 4432 2147 4514">
    <p class='ocr_par' dir='ltr' id='par_1_62' title="bbox 519 4432 2147 4514">
     <span class='ocr_line' id='line_1_62' title="bbox 519 4432 2147 4514; baseline 0.007 -31"><span class='ocrx_word' id='word_1_397' title='bbox 519 4432 732 4501; x_wconf 80' lang='lat' dir='ltr'><strong>gaudio,</strong></span> <span class='ocrx_word' id='word_1_398' title='bbox 767 4435 1045 4511; x_wconf 87' lang='lat' dir='ltr'><strong>rebellium</strong></span> <span class='ocrx_word' id='word_1_399' title='bbox 1074 4437 1238 4494; x_wconf 90' lang='lat' dir='ltr'><strong>multa</strong></span> <span class='ocrx_word' id='word_1_400' title='bbox 1290 4439 1437 4494; x_wconf 87' lang='lat' dir='ltr'><strong>milia</strong></span> <span class='ocrx_word' id='word_1_401' title='bbox 1459 4439 1622 4508; x_wconf 84' lang='lat' dir='ltr'><strong>jussit</strong></span> <span class='ocrx_word' id='word_1_402' title='bbox 1651 4440 1961 4497; x_wconf 89' lang='lat' dir='ltr'><strong>interimere</strong></span> <span class='ocrx_word' id='word_1_403' title='bbox 1982 4443 2096 4514; x_wconf 80' lang='lat' dir='ltr'><strong>gla-</strong></span> <span class='ocrx_word' id='word_1_404' title='bbox 2142 4488 2147 4495; x_wconf 91' lang='lat'><strong>.</strong></span> 
     </span>
    </p>
   </div>
   <div class='ocr_carea' id='block_1_63' title="bbox 517 4524 2097 4604">
    <p class='ocr_par' dir='ltr' id='par_1_63' title="bbox 517 4524 2097 4604">
     <span class='ocr_line' id='line_1_63' title="bbox 517 4524 2097 4604; baseline 0.009 -27"><span class='ocrx_word' id='word_1_405' title='bbox 517 4524 627 4591; x_wconf 91' lang='lat' dir='ltr'><strong>dio,</strong></span> <span class='ocrx_word' id='word_1_406' title='bbox 654 4527 900 4583; x_wconf 88' lang='lat' dir='ltr'><strong>omnibus</strong></span> <span class='ocrx_word' id='word_1_407' title='bbox 940 4530 1095 4584; x_wconf 88' lang='lat' dir='ltr'><strong>simul</strong></span> <span class='ocrx_word' id='word_1_408' title='bbox 1124 4531 1365 4589; x_wconf 70' lang='lat' dir='ltr'><strong>aediliciis</strong></span> <span class='ocrx_word' id='word_1_409' title='bbox 1402 4532 1578 4603; x_wconf 75' lang='lat' dir='ltr'><strong>Papia:</strong></span> <span class='ocrx_word' id='word_1_410' title='bbox 1604 4534 1829 4601; x_wconf 79' lang='lat' dir='ltr'><strong>exustis,</strong></span> <span class='ocrx_word' id='word_1_411' title='bbox 1859 4549 1979 4604; x_wconf 74' lang='lat' dir='ltr'><strong>quie</strong></span> <span class='ocrx_word' id='word_1_412' title='bbox 2003 4551 2097 4591; x_wconf 86' lang='lat' dir='ltr'><strong>ve-</strong></span> 
     </span>
    </p>
   </div>
   <div class='ocr_carea' id='block_1_64' title="bbox 2253 2034 3797 2105">
    <p class='ocr_par' dir='ltr' id='par_1_64' title="bbox 2253 2034 3797 2105">
     <span class='ocr_line' id='line_1_64' title="bbox 2253 2034 3797 2105; baseline -0.005 -9"><span class='ocrx_word' id='word_1_413' title='bbox 2253 2038 2413 2096; x_wconf 82' lang='grc'><strong>1006.</strong></span> <span class='ocrx_word' id='word_1_414' title='bbox 2452 2037 2748 2094; x_wconf 89' lang='lat' dir='ltr'><strong>Balduinus</strong></span> <span class='ocrx_word' id='word_1_415' title='bbox 2780 2036 2835 2094; x_wconf 91' lang='lat' dir='ltr'><strong>in</strong></span> <span class='ocrx_word' id='word_1_416' title='bbox 2864 2036 3038 2095; x_wconf 87' lang='lat' dir='ltr'><strong>Gallia</strong></span> <span class='ocrx_word' id='word_1_417' title='bbox 3066 2034 3312 2094; x_wconf 88' lang='lat' dir='ltr'><strong>elevatur</strong></span> <span class='ocrx_word' id='word_1_418' title='bbox 3345 2044 3534 2092; x_wconf 87' lang='lat' dir='ltr'><strong>contra</strong></span> <span class='ocrx_word' id='word_1_419' title='bbox 3575 2047 3797 2105; x_wconf 36' lang='lat' dir='ltr'><strong>regem,</strong></span> 
     </span>
    </p>
   </div>
   <div class='ocr_carea' id='block_1_65' title="bbox 2181 2128 3779 2201">
    <p class='ocr_par' dir='ltr' id='par_1_65' title="bbox 2181 2128 3779 2201">
     <span class='ocr_line' id='line_1_65' title="bbox 2181 2128 3779 2201; baseline -0.006 -14"><span class='ocrx_word' id='word_1_420' title='bbox 2181 2146 2302 2187; x_wconf 91' lang='lat' dir='ltr'><strong>cum</strong></span> <span class='ocrx_word' id='word_1_421' title='bbox 2329 2130 2639 2187; x_wconf 87' lang='lat' dir='ltr'><strong>Landberto</strong></span> <span class='ocrx_word' id='word_1_422' title='bbox 2667 2130 2721 2185; x_wconf 92' lang='lat' dir='ltr'><strong>in</strong></span> <span class='ocrx_word' id='word_1_423' title='bbox 2752 2128 3001 2186; x_wconf 81' lang='lat' dir='ltr'><strong>Valentia</strong></span> <span class='ocrx_word' id='word_1_424' title='bbox 3048 2129 3223 2201; x_wconf 84' lang='grc'>(257),</span> <span class='ocrx_word' id='word_1_425' title='bbox 3257 2128 3471 2185; x_wconf 86' lang='lat' dir='ltr'><strong>civitate</strong></span> <span class='ocrx_word' id='word_1_426' title='bbox 3503 2141 3616 2182; x_wconf 84' lang='lat' dir='ltr'><strong>non</strong></span> <span class='ocrx_word' id='word_1_427' title='bbox 3651 2143 3779 2183; x_wconf 81' lang='lat' dir='ltr'><strong>sua.</strong></span> 
     </span>
    </p>
   </div>
   <div class='ocr_carea' id='block_1_66' title="bbox 2180 2218 3795 2291">
    <p class='ocr_par' dir='ltr' id='par_1_66' title="bbox 2180 2218 3795 2291">
     <span class='ocr_line' id='line_1_66' title="bbox 2180 2218 3795 2291; baseline -0.006 -13"><span class='ocrx_word' id='word_1_428' title='bbox 2180 2220 2333 2288; x_wconf 84' lang='lat' dir='ltr'><strong>Quod</strong></span> <span class='ocrx_word' id='word_1_429' title='bbox 2364 2236 2455 2275; x_wconf 86' lang='lat' dir='ltr'><strong>rex</strong></span> <span class='ocrx_word' id='word_1_430' title='bbox 2506 2235 2652 2291; x_wconf 69' lang='lat' dir='ltr'><strong>tegre</strong></span> <span class='ocrx_word' id='word_1_431' title='bbox 2691 2218 2892 2287; x_wconf 82' lang='lat' dir='ltr'><strong>ferens,</strong></span> <span class='ocrx_word' id='word_1_432' title='bbox 2922 2235 2989 2276; x_wconf 94' lang='lat' dir='ltr'><strong>eo</strong></span> <span class='ocrx_word' id='word_1_433' title='bbox 3038 2219 3092 2275; x_wconf 95' lang='lat' dir='ltr'><strong>in</strong></span> <span class='ocrx_word' id='word_1_434' title='bbox 3128 2219 3515 2291; x_wconf 78' lang='lat' dir='ltr'><strong>expeditiorem</strong></span> <span class='ocrx_word' id='word_1_435' title='bbox 3567 2232 3795 2287; x_wconf 53' lang='lat' dir='ltr'><strong>prolic-</strong></span> 
     </span>
    </p>
   </div>
   <div class='ocr_carea' id='block_1_67' title="bbox 2180 2308 3785 2383">
    <p class='ocr_par' dir='ltr' id='par_1_67' title="bbox 2180 2308 3785 2383">
     <span class='ocr_line' id='line_1_67' title="bbox 2180 2308 3785 2383; baseline -0.002 -17"><span class='ocrx_word' id='word_1_436' title='bbox 2180 2315 2288 2377; x_wconf 87' lang='lat' dir='ltr'><strong>rat,</strong></span> <span class='ocrx_word' id='word_1_437' title='bbox 2340 2311 2576 2383; x_wconf 89' lang='lat' dir='ltr'><strong>plurimo</strong></span> <span class='ocrx_word' id='word_1_438' title='bbox 2628 2312 2827 2368; x_wconf 90' lang='lat' dir='ltr'><strong>sudore</strong></span> <span class='ocrx_word' id='word_1_439' title='bbox 2876 2327 3099 2368; x_wconf 91' lang='lat' dir='ltr'><strong>suorum</strong></span> <span class='ocrx_word' id='word_1_440' title='bbox 3154 2311 3315 2383; x_wconf 86' lang='lat' dir='ltr'><strong>longo</strong></span> <span class='ocrx_word' id='word_1_441' title='bbox 3360 2320 3605 2380; x_wconf 88' lang='lat' dir='ltr'><strong>tempore</strong></span> <span class='ocrx_word' id='word_1_442' title='bbox 3668 2308 3785 2363; x_wconf 78' lang='lat' dir='ltr'><strong>[ru-</strong></span> 
     </span>
    </p>
   </div>
   <div class='ocr_carea' id='block_1_68' title="bbox 2180 2399 3799 2479">
    <p class='ocr_par' dir='ltr' id='par_1_68' title="bbox 2180 2399 3799 2479">
     <span class='ocr_line' id='line_1_68' title="bbox 2180 2399 3799 2479; baseline -0.005 -17"><span class='ocrx_word' id='word_1_443' title='bbox 2180 2415 2293 2462; x_wconf 86' lang='lat' dir='ltr'><strong>stra</strong></span> <span class='ocrx_word' id='word_1_444' title='bbox 2325 2406 2401 2463; x_wconf 92' lang='lat' dir='ltr'><strong>ibi</strong></span> <span class='ocrx_word' id='word_1_445' title='bbox 2431 2413 2799 2462; x_wconf 87' lang='lat' dir='ltr'><strong>commoratus</strong></span> <span class='ocrx_word' id='word_1_446' title='bbox 2830 2405 3003 2479; x_wconf 82' lang='lat' dir='ltr'><strong>(I58),</strong></span> <span class='ocrx_word' id='word_1_447' title='bbox 3057 2405 3244 2476; x_wconf 89' lang='lat' dir='ltr'><strong>sicque</strong></span> <span class='ocrx_word' id='word_1_448' title='bbox 3282 2403 3406 2460; x_wconf 90' lang='lat' dir='ltr'><strong>ﬁcta</strong></span> <span class='ocrx_word' id='word_1_449' title='bbox 3452 2399 3604 2474; x_wconf 81' lang='grc'>(259)</span> <span class='ocrx_word' id='word_1_450' title='bbox 3644 2414 3799 2471; x_wconf 68' lang='grc' dir='ltr'><strong>μισθ-</strong></span> 
     </span>
    </p>
   </div>
   <div class='ocr_carea' id='block_1_69' title="bbox 2181 2506 2481 2554">
    <p class='ocr_par' dir='ltr' id='par_1_69' title="bbox 2181 2506 2481 2554">
     <span class='ocr_line' id='line_1_69' title="bbox 2181 2506 2481 2554; baseline 0 -1"><span class='ocrx_word' id='word_1_451' title='bbox 2181 2506 2481 2554; x_wconf 78' lang='lat' dir='ltr'><strong>revertens.</strong></span> 
     </span>
    </p>
   </div>
   <div class='ocr_carea' id='block_1_70' title="bbox 2254 2583 3781 2661">
    <p class='ocr_par' dir='ltr' id='par_1_70' title="bbox 2254 2583 3781 2661">
     <span class='ocr_line' id='line_1_70' title="bbox 2254 2583 3781 2661; baseline -0.004 -18"><span class='ocrx_word' id='word_1_452' title='bbox 2254 2587 2412 2643; x_wconf 79' lang='grc'><strong>1007.</strong></span> <span class='ocrx_word' id='word_1_453' title='bbox 2444 2588 2527 2644; x_wconf 91' lang='lat' dir='ltr'><strong>Ad</strong></span> <span class='ocrx_word' id='word_1_454' title='bbox 2572 2588 2848 2644; x_wconf 89' lang='lat' dir='ltr'><strong>civitatem</strong></span> <span class='ocrx_word' id='word_1_455' title='bbox 2892 2588 3186 2661; x_wconf 86' lang='lat' dir='ltr'><strong>Ratispona</strong></span> <span class='ocrx_word' id='word_1_456' title='bbox 3215 2588 3476 2661; x_wconf 87' lang='lat' dir='ltr'><strong>pervenit,</strong></span> <span class='ocrx_word' id='word_1_457' title='bbox 3524 2583 3781 2642; x_wconf 64' lang='lat' dir='ltr'><strong>dominio</strong></span> 
     </span>
    </p>
   </div>
   <div class='ocr_carea' id='block_1_71' title="bbox 2184 2674 3783 2744">
    <p class='ocr_par' dir='ltr' id='par_1_71' title="bbox 2184 2674 3783 2744">
     <span class='ocr_line' id='line_1_71' title="bbox 2184 2674 3783 2744; baseline -0.003 -9"><span class='ocrx_word' id='word_1_458' title='bbox 2184 2695 2304 2735; x_wconf 90' lang='lat' dir='ltr'><strong>cam</strong></span> <span class='ocrx_word' id='word_1_459' title='bbox 2364 2681 2819 2736; x_wconf 86' lang='lat' dir='ltr'><strong>resurrectionem</strong></span> <span class='ocrx_word' id='word_1_460' title='bbox 2872 2681 3071 2737; x_wconf 89' lang='lat' dir='ltr'><strong>ibidem</strong></span> <span class='ocrx_word' id='word_1_461' title='bbox 3125 2680 3552 2744; x_wconf 77' lang='lat' dir='ltr'><strong>concelebraris;</strong></span> <span class='ocrx_word' id='word_1_462' title='bbox 3603 2674 3783 2732; x_wconf 83' lang='lat' dir='ltr'><strong>simul</strong></span> 
     </span>
    </p>
   </div>
   <div class='ocr_carea' id='block_1_72' title="bbox 2162 2766 3781 2834">
    <p class='ocr_par' dir='ltr' id='par_1_72' title="bbox 2162 2766 3781 2834">
     <span class='ocr_line' id='line_1_72' title="bbox 2162 2766 3781 2834; baseline -0.002 -8"><span class='ocrx_word' id='word_1_463' title='bbox 2162 2766 2349 2826; x_wconf 48' lang='lat' dir='ltr'><strong>’etiam</strong></span> <span class='ocrx_word' id='word_1_464' title='bbox 2373 2771 2575 2826; x_wconf 76' lang='lat' dir='ltr'><strong>recenti</strong></span> <span class='ocrx_word' id='word_1_465' title='bbox 2599 2786 2821 2826; x_wconf 90' lang='lat' dir='ltr'><strong>suorum</strong></span> <span class='ocrx_word' id='word_1_466' title='bbox 2849 2772 2997 2827; x_wconf 67' lang='lat' dir='ltr'><strong>czede</strong></span> <span class='ocrx_word' id='word_1_467' title='bbox 3021 2771 3184 2827; x_wconf 90' lang='lat' dir='ltr'><strong>corde</strong></span> <span class='ocrx_word' id='word_1_468' title='bbox 3215 2779 3370 2827; x_wconf 89' lang='lat' dir='ltr'><strong>tenus</strong></span> <span class='ocrx_word' id='word_1_469' title='bbox 3395 2779 3592 2834; x_wconf 86' lang='lat' dir='ltr'><strong>tactus,</strong></span> <span class='ocrx_word' id='word_1_470' title='bbox 3649 2769 3781 2824; x_wconf 86' lang='lat' dir='ltr'><strong>mit-</strong></span> 
     </span>
    </p>
   </div>
   <div class='ocr_carea' id='block_1_73' title="bbox 2188 2848 3784 2932">
    <p class='ocr_par' dir='ltr' id='par_1_73' title="bbox 2188 2848 3784 2932">
     <span class='ocr_line' id='line_1_73' title="bbox 2188 2848 3784 2932; baseline 0.002 -19"><span class='ocrx_word' id='word_1_471' title='bbox 2188 2861 2253 2916; x_wconf 87' lang='lat' dir='ltr'><strong>tit</strong></span> <span class='ocrx_word' id='word_1_472' title='bbox 2288 2860 2493 2932; x_wconf 80' lang='lat' dir='ltr'><strong>legatos</strong></span> <span class='ocrx_word' id='word_1_473' title='bbox 2520 2862 2587 2915; x_wconf 89' lang='lat' dir='ltr'><strong>ad</strong></span> <span class='ocrx_word' id='word_1_474' title='bbox 2616 2848 3034 2927; x_wconf 88' lang='lat' dir='ltr'><strong>Bolizlavonem,</strong></span> <span class='ocrx_word' id='word_1_475' title='bbox 3062 2861 3260 2918; x_wconf 90' lang='lat' dir='ltr'><strong>bellum</strong></span> <span class='ocrx_word' id='word_1_476' title='bbox 3285 2877 3346 2919; x_wconf 90' lang='lat' dir='ltr'><strong>se</strong></span> <span class='ocrx_word' id='word_1_477' title='bbox 3367 2860 3533 2924; x_wconf 87' lang='lat' dir='ltr'><strong>sitire,</strong></span> <span class='ocrx_word' id='word_1_478' title='bbox 3563 2861 3784 2916; x_wconf 85' lang='lat' dir='ltr'><strong>bellum</strong></span> 
     </span>
    </p>
   </div>
   <div class='ocr_carea' id='block_1_74' title="bbox 2188 2950 3781 3024">
    <p class='ocr_par' dir='ltr' id='par_1_74' title="bbox 2188 2950 3781 3024">
     <span class='ocr_line' id='line_1_74' title="bbox 2188 2950 3781 3024; baseline 0.001 -19"><span class='ocrx_word' id='word_1_479' title='bbox 2188 2950 2476 3006; x_wconf 73' lang='lat' dir='ltr'><strong>demandat</strong></span> <span class='ocrx_word' id='word_1_480' title='bbox 2517 2960 2707 3007; x_wconf 88' lang='lat' dir='ltr'><strong>contra</strong></span> <span class='ocrx_word' id='word_1_481' title='bbox 2751 2967 2809 3008; x_wconf 92' lang='lat' dir='ltr'><strong>se</strong></span> <span class='ocrx_word' id='word_1_482' title='bbox 2861 2968 3094 3024; x_wconf 88' lang='lat' dir='ltr'><strong>parare:</strong></span> <span class='ocrx_word' id='word_1_483' title='bbox 3133 2954 3226 3008; x_wconf 90' lang='lat' dir='ltr'><strong>sed</strong></span> <span class='ocrx_word' id='word_1_484' title='bbox 3278 2954 3415 3007; x_wconf 75' lang='lat' dir='ltr'><strong>fama</strong></span> <span class='ocrx_word' id='word_1_485' title='bbox 3470 2953 3681 3007; x_wconf 86' lang='lat' dir='ltr'><strong>iterum</strong></span> <span class='ocrx_word' id='word_1_486' title='bbox 3714 2953 3781 3006; x_wconf 78' lang='lat' dir='ltr'><strong>de</strong></span> 
     </span>
    </p>
   </div>
   <div class='ocr_carea' id='block_1_75' title="bbox 2186 3041 3779 3117">
    <p class='ocr_par' dir='ltr' id='par_1_75' title="bbox 2186 3041 3779 3117">
     <span class='ocr_line' id='line_1_75' title="bbox 2186 3041 3779 3117; baseline 0.002 -21"><span class='ocrx_word' id='word_1_487' title='bbox 2186 3041 2450 3098; x_wconf 86' lang='lat' dir='ltr'><strong>Balduiuo</strong></span> <span class='ocrx_word' id='word_1_488' title='bbox 2479 3059 2584 3098; x_wconf 90' lang='lat' dir='ltr'><strong>non</strong></span> <span class='ocrx_word' id='word_1_489' title='bbox 2609 3045 2745 3100; x_wconf 91' lang='lat' dir='ltr'><strong>bona</strong></span> <span class='ocrx_word' id='word_1_490' title='bbox 2778 3046 3106 3117; x_wconf 86' lang='lat' dir='ltr'><strong>percrebuit,</strong></span> <span class='ocrx_word' id='word_1_491' title='bbox 3141 3060 3281 3116; x_wconf 71' lang='lat' dir='ltr'><strong>qum,</strong></span> <span class='ocrx_word' id='word_1_492' title='bbox 3315 3044 3366 3099; x_wconf 91' lang='lat' dir='ltr'><strong>id</strong></span> <span class='ocrx_word' id='word_1_493' title='bbox 3396 3059 3461 3098; x_wconf 89' lang='lat' dir='ltr'><strong>ne</strong></span> <span class='ocrx_word' id='word_1_494' title='bbox 3488 3042 3608 3097; x_wconf 88' lang='lat' dir='ltr'><strong>ﬁeri</strong></span> <span class='ocrx_word' id='word_1_495' title='bbox 3645 3059 3779 3116; x_wconf 81' lang='lat' dir='ltr'><strong>pus-</strong></span> 
     </span>
    </p>
   </div>
   <div class='ocr_carea' id='block_1_76' title="bbox 2189 3135 3781 3204">
    <p class='ocr_par' dir='ltr' id='par_1_76' title="bbox 2189 3135 3781 3204">
     <span class='ocr_line' id='line_1_76' title="bbox 2189 3135 3781 3204; baseline 0.001 -15"><span class='ocrx_word' id='word_1_496' title='bbox 2189 3144 2296 3199; x_wconf 89' lang='lat' dir='ltr'><strong>set,</strong></span> <span class='ocrx_word' id='word_1_497' title='bbox 2345 3135 2646 3204; x_wconf 89' lang='lat' dir='ltr'><strong>prohibuit.</strong></span> <span class='ocrx_word' id='word_1_498' title='bbox 2678 3135 2795 3204; x_wconf 88' lang='lat' dir='ltr'><strong>Quo</strong></span> <span class='ocrx_word' id='word_1_499' title='bbox 2833 3136 3087 3192; x_wconf 83' lang='lat' dir='ltr'><strong>celeriter</strong></span> <span class='ocrx_word' id='word_1_500' title='bbox 3136 3151 3406 3200; x_wconf 89' lang='lat' dir='ltr'><strong>reversus,</strong></span> <span class='ocrx_word' id='word_1_501' title='bbox 3461 3144 3515 3190; x_wconf 90' lang='lat' dir='ltr'><strong>et</strong></span> <span class='ocrx_word' id='word_1_502' title='bbox 3565 3146 3781 3190; x_wconf 77' lang='lat' dir='ltr'><strong>sanctae</strong></span> 
     </span>
    </p>
   </div>
   <div class='ocr_carea' id='block_1_77' title="bbox 2190 3224 3778 3297">
    <p class='ocr_par' dir='ltr' id='par_1_77' title="bbox 2190 3224 3778 3297">
     <span class='ocr_line' id='line_1_77' title="bbox 2190 3224 3778 3297; baseline 0.001 -18"><span class='ocrx_word' id='word_1_503' title='bbox 2190 3224 2432 3281; x_wconf 68' lang='lat' dir='ltr'><strong>ecclesia:</strong></span> <span class='ocrx_word' id='word_1_504' title='bbox 2458 3226 2710 3295; x_wconf 89' lang='lat' dir='ltr'><strong>precibus</strong></span> <span class='ocrx_word' id='word_1_505' title='bbox 2738 3226 2977 3297; x_wconf 87' lang='lat' dir='ltr'><strong>adjutus,</strong></span> <span class='ocrx_word' id='word_1_506' title='bbox 3004 3241 3163 3296; x_wconf 90' lang='lat' dir='ltr'><strong>quem</strong></span> <span class='ocrx_word' id='word_1_507' title='bbox 3203 3225 3499 3296; x_wconf 88' lang='lat' dir='ltr'><strong>reliquerat</strong></span> <span class='ocrx_word' id='word_1_508' title='bbox 3529 3226 3778 3290; x_wconf 81' lang='lat' dir='ltr'><strong>hostem,</strong></span> 
     </span>
    </p>
   </div>
   <div class='ocr_carea' id='block_1_78' title="bbox 2190 3311 3778 3390">
    <p class='ocr_par' dir='ltr' id='par_1_78' title="bbox 2190 3311 3778 3390">
     <span class='ocr_line' id='line_1_78' title="bbox 2190 3311 3778 3390; baseline -0.001 -20"><span class='ocrx_word' id='word_1_509' title='bbox 2190 3311 2385 3390; x_wconf 82' lang='lat' dir='ltr'><strong>gaudet</strong></span> <span class='ocrx_word' id='word_1_510' title='bbox 2415 3319 2684 3388; x_wconf 90' lang='lat' dir='ltr'><strong>recepisse</strong></span> <span class='ocrx_word' id='word_1_511' title='bbox 2718 3318 2990 3383; x_wconf 87' lang='lat' dir='ltr'><strong>inbellem,</strong></span> <span class='ocrx_word' id='word_1_512' title='bbox 3023 3317 3352 3373; x_wconf 88' lang='lat' dir='ltr'><strong>adversariis</strong></span> <span class='ocrx_word' id='word_1_513' title='bbox 3401 3317 3453 3371; x_wconf 91' lang='lat' dir='ltr'><strong>in</strong></span> <span class='ocrx_word' id='word_1_514' title='bbox 3502 3330 3646 3387; x_wconf 85' lang='lat' dir='ltr'><strong>pace</strong></span> <span class='ocrx_word' id='word_1_515' title='bbox 3674 3316 3778 3370; x_wconf 88' lang='lat' dir='ltr'><strong>sibi</strong></span> 
     </span>
    </p>
   </div>
   <div class='ocr_carea' id='block_1_79' title="bbox 2189 3407 3777 3476">
    <p class='ocr_par' dir='ltr' id='par_1_79' title="bbox 2189 3407 3777 3476">
     <span class='ocr_line' id='line_1_79' title="bbox 2189 3407 3777 3476; baseline -0.002 -12"><span class='ocrx_word' id='word_1_516' title='bbox 2189 3410 2565 3466; x_wconf 89' lang='lat' dir='ltr'><strong>reconciliatis.</strong></span> <span class='ocrx_word' id='word_1_517' title='bbox 2609 3409 2909 3465; x_wconf 87' lang='lat' dir='ltr'><strong>Bolizlavus</strong></span> <span class='ocrx_word' id='word_1_518' title='bbox 2968 3410 3182 3464; x_wconf 83' lang='lat' dir='ltr'><strong>interim</strong></span> <span class='ocrx_word' id='word_1_519' title='bbox 3214 3410 3353 3476; x_wconf 80' lang='lat' dir='ltr'><strong>dux,</strong></span> <span class='ocrx_word' id='word_1_520' title='bbox 3393 3408 3615 3463; x_wconf 89' lang='lat' dir='ltr'><strong>incursu</strong></span> <span class='ocrx_word' id='word_1_521' title='bbox 3670 3407 3777 3461; x_wconf 82' lang='lat' dir='ltr'><strong>Sa-</strong></span> 
     </span>
    </p>
   </div>
   <div class='ocr_carea' id='block_1_80' title="bbox 2164 3500 3778 3572">
    <p class='ocr_par' dir='ltr' id='par_1_80' title="bbox 2164 3500 3778 3572">
     <span class='ocr_line' id='line_1_80' title="bbox 2164 3500 3778 3572; baseline 0 -17"><span class='ocrx_word' id='word_1_522' title='bbox 2164 3516 2392 3557; x_wconf 63' lang='lat' dir='ltr'><strong>‘xonum</strong></span> <span class='ocrx_word' id='word_1_523' title='bbox 2443 3515 2511 3556; x_wconf 83' lang='lat' dir='ltr'><strong>ex</strong></span> <span class='ocrx_word' id='word_1_524' title='bbox 2570 3500 2840 3572; x_wconf 84' lang='lat' dir='ltr'><strong>legatione</strong></span> <span class='ocrx_word' id='word_1_525' title='bbox 2888 3502 3031 3572; x_wconf 84' lang='lat' dir='ltr'><strong>regis</strong></span> <span class='ocrx_word' id='word_1_526' title='bbox 3075 3502 3341 3567; x_wconf 91' lang='lat' dir='ltr'><strong>concitus,</strong></span> <span class='ocrx_word' id='word_1_527' title='bbox 3370 3501 3576 3555; x_wconf 69' lang='lat' dir='ltr'><strong>audaci</strong></span> <span class='ocrx_word' id='word_1_528' title='bbox 3634 3500 3778 3555; x_wconf 85' lang='lat' dir='ltr'><strong>bello</strong></span> 
     </span>
    </p>
   </div>
   <div class='ocr_carea' id='block_1_81' title="bbox 2190 3589 3811 3665">
    <p class='ocr_par' dir='ltr' id='par_1_81' title="bbox 2190 3589 3811 3665">
     <span class='ocr_line' id='line_1_81' title="bbox 2190 3589 3811 3665; baseline -0.004 -16"><span class='ocrx_word' id='word_1_529' title='bbox 2190 3594 2371 3649; x_wconf 90' lang='lat' dir='ltr'><strong>elatus</strong></span> <span class='ocrx_word' id='word_1_530' title='bbox 2398 3607 2565 3665; x_wconf 88' lang='lat' dir='ltr'><strong>prope</strong></span> <span class='ocrx_word' id='word_1_531' title='bbox 2607 3592 3042 3663; x_wconf 79' lang='lat' dir='ltr'><strong>Partlienopolim</strong></span> <span class='ocrx_word' id='word_1_532' title='bbox 3089 3607 3344 3664; x_wconf 88' lang='lat' dir='ltr'><strong>pergens,</strong></span> <span class='ocrx_word' id='word_1_533' title='bbox 3372 3605 3586 3646; x_wconf 86' lang='lat' dir='ltr'><strong>omnem</strong></span> <span class='ocrx_word' id='word_1_534' title='bbox 3621 3589 3778 3645; x_wconf 81' lang='lat' dir='ltr'><strong>Scla-</strong></span> <span class='ocrx_word' id='word_1_535' title='bbox 3808 3620 3811 3625; x_wconf 93' lang='lat'><strong><em>-</em></strong></span> 
     </span>
    </p>
   </div>
   <div class='ocr_carea' id='block_1_82' title="bbox 2154 3680 3774 3753">
    <p class='ocr_par' dir='ltr' id='par_1_82' title="bbox 2154 3680 3774 3753">
     <span class='ocr_line' id='line_1_82' title="bbox 2154 3680 3774 3753; baseline -0.002 -15"><span class='ocrx_word' id='word_1_536' title='bbox 2154 3684 2364 3739; x_wconf 71' lang='lat' dir='ltr'><strong>“veniae</strong></span> <span class='ocrx_word' id='word_1_537' title='bbox 2410 3698 2475 3738; x_wconf 90' lang='lat' dir='ltr'><strong>eo</strong></span> <span class='ocrx_word' id='word_1_538' title='bbox 2521 3682 2622 3737; x_wconf 88' lang='lat' dir='ltr'><strong>loci</strong></span> <span class='ocrx_word' id='word_1_539' title='bbox 2669 3683 2999 3753; x_wconf 87' lang='lat' dir='ltr'><strong>provinciam</strong></span> <span class='ocrx_word' id='word_1_540' title='bbox 3038 3691 3234 3745; x_wconf 88' lang='lat' dir='ltr'><strong>vastat,</strong></span> <span class='ocrx_word' id='word_1_541' title='bbox 3293 3680 3498 3736; x_wconf 87' lang='lat' dir='ltr'><strong>incolas</strong></span> <span class='ocrx_word' id='word_1_542' title='bbox 3529 3689 3624 3735; x_wconf 86' lang='lat' dir='ltr'><strong>aut</strong></span> <span class='ocrx_word' id='word_1_543' title='bbox 3655 3681 3774 3735; x_wconf 85' lang='lat' dir='ltr'><strong>neci</strong></span> 
     </span>
    </p>
   </div>
   <div class='ocr_carea' id='block_1_83' title="bbox 2193 3772 3774 3845">
    <p class='ocr_par' dir='ltr' id='par_1_83' title="bbox 2193 3772 3774 3845">
     <span class='ocr_line' id='line_1_83' title="bbox 2193 3772 3774 3845; baseline -0.001 -17"><span class='ocrx_word' id='word_1_544' title='bbox 2193 3775 2413 3830; x_wconf 87' lang='lat' dir='ltr'><strong>tradidit</strong></span> <span class='ocrx_word' id='word_1_545' title='bbox 2444 3784 2537 3829; x_wconf 90' lang='lat' dir='ltr'><strong>aut</strong></span> <span class='ocrx_word' id='word_1_546' title='bbox 2563 3776 2805 3844; x_wconf 88' lang='lat' dir='ltr'><strong>captivos</strong></span> <span class='ocrx_word' id='word_1_547' title='bbox 2835 3773 3072 3845; x_wconf 85' lang='lat' dir='ltr'><strong>colligari</strong></span> <span class='ocrx_word' id='word_1_548' title='bbox 3099 3772 3377 3844; x_wconf 83' lang='lat' dir='ltr'><strong>praecepit,</strong></span> <span class='ocrx_word' id='word_1_549' title='bbox 3402 3772 3574 3828; x_wconf 90' lang='lat' dir='ltr'><strong>donec</strong></span> <span class='ocrx_word' id='word_1_550' title='bbox 3596 3772 3774 3842; x_wconf 83' lang='lat' dir='ltr'><strong>ripam</strong></span> 
     </span>
    </p>
   </div>
   <div class='ocr_carea' id='block_1_84' title="bbox 2189 3863 3774 3937">
    <p class='ocr_par' dir='ltr' id='par_1_84' title="bbox 2189 3863 3774 3937">
     <span class='ocr_line' id='line_1_84' title="bbox 2189 3863 3774 3937; baseline -0.002 -16"><span class='ocrx_word' id='word_1_551' title='bbox 2189 3867 2360 3923; x_wconf 77' lang='lat' dir='ltr'><strong>Albia:</strong></span> <span class='ocrx_word' id='word_1_552' title='bbox 2385 3867 2624 3921; x_wconf 83' lang='lat' dir='ltr'><strong>ﬂuminis</strong></span> <span class='ocrx_word' id='word_1_553' title='bbox 2645 3866 2852 3937; x_wconf 87' lang='lat' dir='ltr'><strong>attigit;</strong></span> <span class='ocrx_word' id='word_1_554' title='bbox 2884 3867 2974 3922; x_wconf 91' lang='lat' dir='ltr'><strong>ubi</strong></span> <span class='ocrx_word' id='word_1_555' title='bbox 3003 3866 3235 3937; x_wconf 88' lang='lat' dir='ltr'><strong>superba</strong></span> <span class='ocrx_word' id='word_1_556' title='bbox 3265 3866 3513 3936; x_wconf 77' lang='lat' dir='ltr'><strong>quaedam</strong></span> <span class='ocrx_word' id='word_1_557' title='bbox 3556 3863 3774 3932; x_wconf 74' lang='lat' dir='ltr'><strong>iactans</strong></span> 
     </span>
    </p>
   </div>
   <div class='ocr_carea' id='block_1_85' title="bbox 2190 3955 3775 4029">
    <p class='ocr_par' dir='ltr' id='par_1_85' title="bbox 2190 3955 3775 4029">
     <span class='ocr_line' id='line_1_85' title="bbox 2190 3955 3775 4029; baseline -0.001 -17"><span class='ocrx_word' id='word_1_558' title='bbox 2190 3961 2378 4026; x_wconf 88' lang='lat' dir='ltr'><strong>verba,</strong></span> <span class='ocrx_word' id='word_1_559' title='bbox 2404 3958 2658 4014; x_wconf 91' lang='lat' dir='ltr'><strong>obstante</strong></span> <span class='ocrx_word' id='word_1_560' title='bbox 2693 3958 2891 4013; x_wconf 90' lang='lat' dir='ltr'><strong>summi</strong></span> <span class='ocrx_word' id='word_1_561' title='bbox 2945 3958 3089 4029; x_wconf 88' lang='lat' dir='ltr'><strong>regis</strong></span> <span class='ocrx_word' id='word_1_562' title='bbox 3124 3958 3299 4012; x_wconf 89' lang='lat' dir='ltr'><strong>milite</strong></span> <span class='ocrx_word' id='word_1_563' title='bbox 3350 3965 3547 4012; x_wconf 87' lang='lat' dir='ltr'><strong>sancto</strong></span> <span class='ocrx_word' id='word_1_564' title='bbox 3575 3955 3775 4011; x_wconf 78' lang='lat' dir='ltr'><strong>Mauri-</strong></span> 
     </span>
    </p>
   </div>
   <div class='ocr_carea' id='block_1_86' title="bbox 2190 4048 3775 4120">
    <p class='ocr_par' dir='ltr' id='par_1_86' title="bbox 2190 4048 3775 4120">
     <span class='ocr_line' id='line_1_86' title="bbox 2190 4048 3775 4120; baseline -0.004 -12"><span class='ocrx_word' id='word_1_565' title='bbox 2190 4051 2295 4115; x_wconf 71' lang='lat' dir='ltr'><strong>cio,</strong></span> <span class='ocrx_word' id='word_1_566' title='bbox 2336 4067 2446 4107; x_wconf 73' lang='lat' dir='ltr'><strong>sum</strong></span> <span class='ocrx_word' id='word_1_567' title='bbox 2478 4066 2585 4106; x_wconf 91' lang='lat' dir='ltr'><strong>non</strong></span> <span class='ocrx_word' id='word_1_568' title='bbox 2617 4065 2839 4120; x_wconf 89' lang='lat' dir='ltr'><strong>compos</strong></span> <span class='ocrx_word' id='word_1_569' title='bbox 2883 4050 3201 4115; x_wconf 86' lang='lat' dir='ltr'><strong>voluntatis,</strong></span> <span class='ocrx_word' id='word_1_570' title='bbox 3227 4050 3525 4105; x_wconf 84' lang='lat' dir='ltr'><strong>revertitur</strong></span> <span class='ocrx_word' id='word_1_571' title='bbox 3571 4048 3624 4102; x_wconf 93' lang='lat' dir='ltr'><strong>in</strong></span> <span class='ocrx_word' id='word_1_572' title='bbox 3651 4062 3775 4118; x_wconf 84' lang='lat' dir='ltr'><strong>pro-</strong></span> 
     </span>
    </p>
   </div>
   <div class='ocr_carea' id='block_1_87' title="bbox 2192 4138 3770 4216">
    <p class='ocr_par' dir='ltr' id='par_1_87' title="bbox 2192 4138 3770 4216">
     <span class='ocr_line' id='line_1_87' title="bbox 2192 4138 3770 4216; baseline -0.003 -19"><span class='ocrx_word' id='word_1_573' title='bbox 2192 4145 2331 4216; x_wconf 88' lang='lat' dir='ltr'><strong>pria,</strong></span> <span class='ocrx_word' id='word_1_574' title='bbox 2355 4144 2558 4199; x_wconf 85' lang='lat' dir='ltr'><strong>ducens</strong></span> <span class='ocrx_word' id='word_1_575' title='bbox 2585 4158 2769 4198; x_wconf 90' lang='lat' dir='ltr'><strong>secum</strong></span> <span class='ocrx_word' id='word_1_576' title='bbox 2786 4142 2839 4196; x_wconf 93' lang='lat' dir='ltr'><strong>in</strong></span> <span class='ocrx_word' id='word_1_577' title='bbox 2864 4141 3090 4196; x_wconf 86' lang='lat' dir='ltr'><strong>vinculis</strong></span> <span class='ocrx_word' id='word_1_578' title='bbox 3117 4141 3286 4196; x_wconf 90' lang='lat' dir='ltr'><strong>lortes</strong></span> <span class='ocrx_word' id='word_1_579' title='bbox 3305 4142 3450 4196; x_wconf 87' lang='lat' dir='ltr'><strong>viros</strong></span> <span class='ocrx_word' id='word_1_580' title='bbox 3471 4138 3770 4205; x_wconf 80' lang='lat' dir='ltr'><strong>Saxonum,</strong></span> 
     </span>
    </p>
   </div>
   <div class='ocr_carea' id='block_1_88' title="bbox 2191 4232 3770 4301">
    <p class='ocr_par' dir='ltr' id='par_1_88' title="bbox 2191 4232 3770 4301">
     <span class='ocr_line' id='line_1_88' title="bbox 2191 4232 3770 4301; baseline -0.003 -10"><span class='ocrx_word' id='word_1_581' title='bbox 2191 4235 2518 4301; x_wconf 81' lang='lat' dir='ltr'><strong>Liudoll‘um,</strong></span> <span class='ocrx_word' id='word_1_582' title='bbox 2553 4234 2780 4290; x_wconf 86' lang='lat' dir='ltr'><strong>Tadilan</strong></span> <span class='ocrx_word' id='word_1_583' title='bbox 2806 4242 2862 4290; x_wconf 90' lang='lat' dir='ltr'><strong>ct</strong></span> <span class='ocrx_word' id='word_1_584' title='bbox 2890 4232 3043 4287; x_wconf 86' lang='lat' dir='ltr'><strong>Tadi.</strong></span> <span class='ocrx_word' id='word_1_585' title='bbox 3076 4233 3191 4288; x_wconf 83' lang='lat' dir='ltr'><strong>Rex</strong></span> <span class='ocrx_word' id='word_1_586' title='bbox 3217 4233 3343 4288; x_wconf 85' lang='lat' dir='ltr'><strong>talia</strong></span> <span class='ocrx_word' id='word_1_587' title='bbox 3368 4232 3619 4298; x_wconf 89' lang='lat' dir='ltr'><strong>audiens,</strong></span> <span class='ocrx_word' id='word_1_588' title='bbox 3654 4233 3770 4286; x_wconf 78' lang='lat' dir='ltr'><strong>ani-</strong></span> 
     </span>
    </p>
   </div>
   <div class='ocr_carea' id='block_1_89' title="bbox 2193 4322 3774 4393">
    <p class='ocr_par' dir='ltr' id='par_1_89' title="bbox 2193 4322 3774 4393">
     <span class='ocr_line' id='line_1_89' title="bbox 2193 4322 3774 4393; baseline -0.003 -9"><span class='ocrx_word' id='word_1_589' title='bbox 2193 4345 2283 4386; x_wconf 89' lang='lat' dir='ltr'><strong>mo</strong></span> <span class='ocrx_word' id='word_1_590' title='bbox 2311 4328 2455 4384; x_wconf 90' lang='lat' dir='ltr'><strong>dolet</strong></span> <span class='ocrx_word' id='word_1_591' title='bbox 2486 4329 2776 4393; x_wconf 88' lang='lat' dir='ltr'><strong>;hortatur</strong></span> <span class='ocrx_word' id='word_1_592' title='bbox 2800 4341 2946 4392; x_wconf 90' lang='lat' dir='ltr'><strong>suos,</strong></span> <span class='ocrx_word' id='word_1_593' title='bbox 2970 4340 3037 4381; x_wconf 92' lang='lat' dir='ltr'><strong>ne</strong></span> <span class='ocrx_word' id='word_1_594' title='bbox 3065 4326 3116 4381; x_wconf 92' lang='lat' dir='ltr'><strong>id</strong></span> <span class='ocrx_word' id='word_1_595' title='bbox 3137 4325 3365 4380; x_wconf 91' lang='lat' dir='ltr'><strong>inultum</strong></span> <span class='ocrx_word' id='word_1_596' title='bbox 3408 4323 3639 4381; x_wconf 76' lang='lat' dir='ltr'><strong>ferrent.</strong></span> <span class='ocrx_word' id='word_1_597' title='bbox 3667 4322 3774 4380; x_wconf 83' lang='lat' dir='ltr'><strong>Sed</strong></span> 
     </span>
    </p>
   </div>
   <div class='ocr_carea' id='block_1_90' title="bbox 2192 4416 3771 4492">
    <p class='ocr_par' dir='ltr' id='par_1_90' title="bbox 2192 4416 3771 4492">
     <span class='ocr_line' id='line_1_90' title="bbox 2192 4416 3771 4492; baseline -0.004 -14"><span class='ocrx_word' id='word_1_598' title='bbox 2192 4423 2454 4492; x_wconf 89' lang='lat' dir='ltr'><strong>ejusmodi</strong></span> <span class='ocrx_word' id='word_1_599' title='bbox 2506 4420 2795 4486; x_wconf 68' lang='lat' dir='ltr'><strong>allectum,</strong></span> <span class='ocrx_word' id='word_1_600' title='bbox 2849 4420 3034 4475; x_wconf 88' lang='lat' dir='ltr'><strong>nescio</strong></span> <span class='ocrx_word' id='word_1_601' title='bbox 3083 4433 3191 4488; x_wconf 91' lang='lat' dir='ltr'><strong>quo</strong></span> <span class='ocrx_word' id='word_1_602' title='bbox 3235 4416 3541 4483; x_wconf 87' lang='lat' dir='ltr'><strong>obstaculo,</strong></span> <span class='ocrx_word' id='word_1_603' title='bbox 3597 4416 3771 4473; x_wconf 83' lang='lat' dir='ltr'><strong>nullus</strong></span> 
     </span>
    </p>
   </div>
   <div class='ocr_carea' id='block_1_91' title="bbox 2194 4505 3772 4583">
    <p class='ocr_par' dir='ltr' id='par_1_91' title="bbox 2194 4505 3772 4583">
     <span class='ocr_line' id='line_1_91' title="bbox 2194 4505 3772 4583; baseline -0.005 -13"><span class='ocrx_word' id='word_1_604' title='bbox 2194 4514 2486 4570; x_wconf 88' lang='lat' dir='ltr'><strong>etiamnum</strong></span> <span class='ocrx_word' id='word_1_605' title='bbox 2512 4513 2758 4583; x_wconf 88' lang='lat' dir='ltr'><strong>sequitur</strong></span> <span class='ocrx_word' id='word_1_606' title='bbox 2785 4509 3029 4566; x_wconf 84' lang='lat' dir='ltr'><strong>eﬁ‘ectus.</strong></span> <span class='ocrx_word' id='word_1_607' title='bbox 3051 4508 3271 4565; x_wconf 82' lang='lat' dir='ltr'><strong>Calend.</strong></span> <span class='ocrx_word' id='word_1_608' title='bbox 3294 4507 3441 4564; x_wconf 81' lang='lat' dir='ltr'><strong>Junii</strong></span> <span class='ocrx_word' id='word_1_609' title='bbox 3477 4507 3618 4563; x_wconf 91' lang='lat' dir='ltr'><strong>obiit</strong></span> <span class='ocrx_word' id='word_1_610' title='bbox 3643 4505 3772 4562; x_wconf 79' lang='lat' dir='ltr'><strong>ﬂer-</strong></span> 
     </span>
    </p>
   </div>
   <div class='ocr_carea' id='block_1_92' title="bbox 518 4592 3377 4699">
    <p class='ocr_par' dir='ltr' id='par_1_92' title="bbox 518 4592 3377 4699">
     <span class='ocr_line' id='line_1_92' title="bbox 518 4592 3377 4699; baseline -0 -27"><span class='ocrx_word' id='word_1_611' title='bbox 518 4627 693 4674; x_wconf 88' lang='lat' dir='ltr'><strong>terum</strong></span> <span class='ocrx_word' id='word_1_612' title='bbox 723 4621 1055 4678; x_wconf 80' lang='lat' dir='ltr'><strong>instruxerat</strong></span> <span class='ocrx_word' id='word_1_613' title='bbox 1096 4624 1361 4682; x_wconf 87' lang='lat' dir='ltr'><strong>industria</strong></span> <span class='ocrx_word' id='word_1_614' title='bbox 1399 4592 1642 4682; x_wconf 74' lang='lat' dir='ltr'><strong>illustris.</strong></span> <span class='ocrx_word' id='word_1_615' title='bbox 1672 4592 1905 4699; x_wconf 73' lang='lat' dir='ltr'><strong>Fulgura</strong></span> <span class='ocrx_word' id='word_1_616' title='bbox 1929 4638 1985 4683; x_wconf 93' lang='lat' dir='ltr'><strong>et</strong></span> <span class='ocrx_word' id='word_1_617' title='bbox 2013 4637 2094 4685; x_wconf 89' lang='lat' dir='ltr'><strong>to-</strong></span> <span class='ocrx_word' id='word_1_618' title='bbox 2118 4621 2170 4683; x_wconf 82' lang='grc' dir='ltr'>Ι)</span> <span class='ocrx_word' id='word_1_619' title='bbox 2195 4592 2665 4699; x_wconf 13' lang='lat' dir='ltr'><strong>“‘i‘l&#39;l““3_c°&quot;_‘e§v</strong></span> <span class='ocrx_word' id='word_1_620' title='bbox 2690 4600 3084 4699; x_wconf 36' lang='lat' dir='ltr'><strong>(falelmmilﬁ</strong></span> <span class='ocrx_word' id='word_1_621' title='bbox 3116 4600 3377 4699; x_wconf 56' lang='grc' dir='ltr'><strong>θρίξξορίο</strong></span> 
     </span>
    </p>
   </div>
   <div class='ocr_carea' id='block_1_93' title="bbox 517 4713 2089 4777">
    <p class='ocr_par' dir='ltr' id='par_1_93' title="bbox 517 4713 2089 4777">
     <span class='ocr_line' id='line_1_93' title="bbox 517 4713 2089 4777; baseline 0.008 -12"><span class='ocrx_word' id='word_1_622' title='bbox 517 4713 695 4768; x_wconf 89' lang='lat' dir='ltr'><strong>nitrua</strong></span> <span class='ocrx_word' id='word_1_623' title='bbox 717 4714 906 4771; x_wconf 88' lang='lat' dir='ltr'><strong>eodem</strong></span> <span class='ocrx_word' id='word_1_624' title='bbox 934 4732 1077 4773; x_wconf 91' lang='lat' dir='ltr'><strong>anno</strong></span> <span class='ocrx_word' id='word_1_625' title='bbox 1107 4719 1265 4774; x_wconf 88' lang='lat' dir='ltr'><strong>simul</strong></span> <span class='ocrx_word' id='word_1_626' title='bbox 1298 4736 1419 4775; x_wconf 91' lang='lat' dir='ltr'><strong>cum</strong></span> <span class='ocrx_word' id='word_1_627' title='bbox 1451 4720 1615 4776; x_wconf 85' lang='lat' dir='ltr'><strong>nimia</strong></span> <span class='ocrx_word' id='word_1_628' title='bbox 1638 4729 1691 4776; x_wconf 91' lang='lat' dir='ltr'><strong>et</strong></span> <span class='ocrx_word' id='word_1_629' title='bbox 1723 4722 1950 4776; x_wconf 90' lang='lat' dir='ltr'><strong>terribili</strong></span> <span class='ocrx_word' id='word_1_630' title='bbox 1978 4731 2089 4777; x_wconf 91' lang='lat' dir='ltr'><strong>tur-</strong></span> 
     </span>
    </p>
   </div>
   <div class='ocr_carea' id='block_1_94' title="bbox 516 4803 2087 4884">
    <p class='ocr_par' dir='ltr' id='par_1_94' title="bbox 516 4803 2087 4884">
     <span class='ocr_line' id='line_1_94' title="bbox 516 4803 2087 4884; baseline 0.009 -29"><span class='ocrx_word' id='word_1_631' title='bbox 516 4803 642 4858; x_wconf 90' lang='lat' dir='ltr'><strong>biue</strong></span> <span class='ocrx_word' id='word_1_632' title='bbox 665 4816 946 4873; x_wconf 89' lang='lat' dir='ltr'><strong>venerunt,</strong></span> <span class='ocrx_word' id='word_1_633' title='bbox 973 4810 1275 4879; x_wconf 89' lang='lat' dir='ltr'><strong>perterritis</strong></span> <span class='ocrx_word' id='word_1_634' title='bbox 1303 4811 1500 4883; x_wconf 89' lang='lat' dir='ltr'><strong>ubique</strong></span> <span class='ocrx_word' id='word_1_635' title='bbox 1543 4821 1808 4867; x_wconf 90' lang='lat' dir='ltr'><strong>terrarum</strong></span> <span class='ocrx_word' id='word_1_636' title='bbox 1855 4813 2087 4884; x_wconf 84' lang='lat' dir='ltr'><strong>popu‘is.</strong></span> 
     </span>
    </p>
   </div>
   <div class='ocr_carea' id='block_1_95' title="bbox 518 4893 2093 4976">
    <p class='ocr_par' dir='ltr' id='par_1_95' title="bbox 518 4893 2093 4976">
     <span class='ocr_line' id='line_1_95' title="bbox 518 4893 2093 4976; baseline 0.008 -28"><span class='ocrx_word' id='word_1_637' title='bbox 518 4893 584 4948; x_wconf 82' lang='lat' dir='ltr'><strong>Et</strong></span> <span class='ocrx_word' id='word_1_638' title='bbox 613 4911 707 4951; x_wconf 86' lang='lat' dir='ltr'><strong>rex</strong></span> <span class='ocrx_word' id='word_1_639' title='bbox 745 4896 811 4953; x_wconf 91' lang='lat' dir='ltr'><strong>de</strong></span> <span class='ocrx_word' id='word_1_640' title='bbox 839 4897 990 4954; x_wconf 90' lang='lat' dir='ltr'><strong>Italia</strong></span> <span class='ocrx_word' id='word_1_641' title='bbox 1021 4915 1322 4973; x_wconf 80' lang='lat' dir='ltr'><strong>regressus,</strong></span> <span class='ocrx_word' id='word_1_642' title='bbox 1374 4917 1541 4974; x_wconf 91' lang='lat' dir='ltr'><strong>parvo</strong></span> <span class='ocrx_word' id='word_1_643' title='bbox 1567 4912 1690 4974; x_wconf 91' lang='lat' dir='ltr'><strong>post</strong></span> <span class='ocrx_word' id='word_1_644' title='bbox 1711 4911 1951 4976; x_wconf 89' lang='lat' dir='ltr'><strong>tempore</strong></span> <span class='ocrx_word' id='word_1_645' title='bbox 1985 4905 2093 4961; x_wconf 86' lang='lat' dir='ltr'><strong>Bo-</strong></span> 
     </span>
    </p>
   </div>
   <div class='ocr_carea' id='block_1_96' title="bbox 519 4984 2095 5065">
    <p class='ocr_par' dir='ltr' id='par_1_96' title="bbox 519 4984 2095 5065">
     <span class='ocr_line' id='line_1_96' title="bbox 519 4984 2095 5065; baseline 0.009 -28"><span class='ocrx_word' id='word_1_646' title='bbox 519 4984 775 5054; x_wconf 83' lang='lat' dir='ltr'><strong>liemiam,</strong></span> <span class='ocrx_word' id='word_1_647' title='bbox 810 5004 972 5060; x_wconf 92' lang='lat' dir='ltr'><strong>quam</strong></span> <span class='ocrx_word' id='word_1_648' title='bbox 1003 4989 1304 5047; x_wconf 88' lang='lat' dir='ltr'><strong>Bolizlavus</strong></span> <span class='ocrx_word' id='word_1_649' title='bbox 1338 4991 1643 5048; x_wconf 88' lang='lat' dir='ltr'><strong>Polinensis</strong></span> <span class='ocrx_word' id='word_1_650' title='bbox 1683 4991 1880 5064; x_wconf 85' lang='lat' dir='ltr'><strong>injuste</strong></span> <span class='ocrx_word' id='word_1_651' title='bbox 1911 5010 2095 5065; x_wconf 88' lang='lat' dir='ltr'><strong>posse-</strong></span> 
     </span>
    </p>
   </div>
   <div class='ocr_carea' id='block_1_97' title="bbox 521 5076 2099 5156">
    <p class='ocr_par' dir='ltr' id='par_1_97' title="bbox 521 5076 2099 5156">
     <span class='ocr_line' id='line_1_97' title="bbox 521 5076 2099 5156; baseline 0.008 -28"><span class='ocrx_word' id='word_1_652' title='bbox 521 5076 698 5142; x_wconf 80' lang='lat' dir='ltr'><strong>derat,</strong></span> <span class='ocrx_word' id='word_1_653' title='bbox 725 5092 1063 5153; x_wconf 87' lang='lat' dir='ltr'><strong>pugnaturus</strong></span> <span class='ocrx_word' id='word_1_654' title='bbox 1109 5083 1346 5138; x_wconf 87' lang='lat' dir='ltr'><strong>intravit.</strong></span> <span class='ocrx_word' id='word_1_655' title='bbox 1399 5083 1505 5139; x_wconf 90' lang='lat' dir='ltr'><strong>Sed</strong></span> <span class='ocrx_word' id='word_1_656' title='bbox 1551 5092 1748 5146; x_wconf 90' lang='lat' dir='ltr'><strong>tamen,</strong></span> <span class='ocrx_word' id='word_1_657' title='bbox 1802 5084 1908 5139; x_wconf 91' lang='lat' dir='ltr'><strong>Deo</strong></span> <span class='ocrx_word' id='word_1_658' title='bbox 1947 5086 2099 5156; x_wconf 82' lang='lat' dir='ltr'><strong>adju—</strong></span> 
     </span>
    </p>
   </div>
   <div class='ocr_carea' id='block_1_98' title="bbox 522 5172 2099 5243">
    <p class='ocr_par' dir='ltr' id='par_1_98' title="bbox 522 5172 2099 5243">
     <span class='ocr_line' id='line_1_98' title="bbox 522 5172 2099 5243; baseline 0.007 -26"><span class='ocrx_word' id='word_1_659' title='bbox 522 5176 841 5232; x_wconf 83' lang='lat' dir='ltr'><strong>vante,tota</strong></span> <span class='ocrx_word' id='word_1_660' title='bbox 874 5172 963 5225; x_wconf 91' lang='lat' dir='ltr'><strong>illa</strong></span> <span class='ocrx_word' id='word_1_661' title='bbox 1007 5186 1138 5243; x_wconf 86' lang='lat' dir='ltr'><strong>gens</strong></span> <span class='ocrx_word' id='word_1_662' title='bbox 1182 5188 1299 5228; x_wconf 90' lang='lat' dir='ltr'><strong>sese</strong></span> <span class='ocrx_word' id='word_1_663' title='bbox 1345 5187 1466 5228; x_wconf 92' lang='lat' dir='ltr'><strong>cum</strong></span> <span class='ocrx_word' id='word_1_664' title='bbox 1507 5187 1641 5242; x_wconf 88' lang='lat' dir='ltr'><strong>pace</strong></span> <span class='ocrx_word' id='word_1_665' title='bbox 1687 5186 1891 5241; x_wconf 89' lang='lat' dir='ltr'><strong>suaque</strong></span> <span class='ocrx_word' id='word_1_666' title='bbox 1919 5173 2099 5228; x_wconf 90' lang='lat' dir='ltr'><strong>omnia</strong></span> 
     </span>
    </p>
   </div>
   <div class='ocr_carea' id='block_1_99' title="bbox 524 5259 2101 5334">
    <p class='ocr_par' dir='ltr' id='par_1_99' title="bbox 524 5259 2101 5334">
     <span class='ocr_line' id='line_1_99' title="bbox 524 5259 2101 5334; baseline 0.005 -23"><span class='ocrx_word' id='word_1_667' title='bbox 524 5259 636 5329; x_wconf 79' lang='lat' dir='ltr'><strong>regi</strong></span> <span class='ocrx_word' id='word_1_668' title='bbox 660 5261 874 5328; x_wconf 65' lang='lat' dir='ltr'><strong>decere,</strong></span> <span class='ocrx_word' id='word_1_669' title='bbox 907 5271 961 5316; x_wconf 91' lang='lat' dir='ltr'><strong>et</strong></span> <span class='ocrx_word' id='word_1_670' title='bbox 991 5262 1078 5316; x_wconf 90' lang='lat' dir='ltr'><strong>ille</strong></span> <span class='ocrx_word' id='word_1_671' title='bbox 1104 5270 1362 5334; x_wconf 86' lang='lat' dir='ltr'><strong>tyrannus</strong></span> <span class='ocrx_word' id='word_1_672' title='bbox 1384 5262 1688 5317; x_wconf 84' lang='lat' dir='ltr'><strong>Rolizlavus</strong></span> <span class='ocrx_word' id='word_1_673' title='bbox 1711 5260 2101 5318; x_wconf 89' lang='lat' dir='ltr'><strong>contumeliose</strong></span> 
     </span>
    </p>
   </div>
   <div class='ocr_carea' id='block_1_100' title="bbox 596 5394 1685 5471">
    <p class='ocr_par' dir='ltr' id='par_1_100' title="bbox 596 5394 1685 5471">
     <span class='ocr_line' id='line_1_100' title="bbox 596 5394 1685 5471; baseline 0.009 -27"><span class='ocrx_word' id='word_1_674' title='bbox 596 5394 743 5471; x_wconf 48' lang='grc' dir='ltr'>(ζῇ)</span> <span class='ocrx_word' id='word_1_675' title='bbox 784 5394 868 5471; x_wconf 67' lang='lat' dir='ltr'><strong>Ita</strong></span> <span class='ocrx_word' id='word_1_676' title='bbox 898 5395 960 5471; x_wconf 62' lang='grc' dir='ltr'><strong>ρ.</strong></span> <span class='ocrx_word' id='word_1_677' title='bbox 981 5412 1044 5451; x_wconf 76' lang='lat' dir='ltr'><strong>ea:</strong></span> <span class='ocrx_word' id='word_1_678' title='bbox 1072 5395 1358 5468; x_wconf 76' lang='lat' dir='ltr'><strong>Chronogr.</strong></span> <span class='ocrx_word' id='word_1_679' title='bbox 1389 5397 1553 5468; x_wconf 89' lang='lat' dir='ltr'><strong>ipsius</strong></span> <span class='ocrx_word' id='word_1_680' title='bbox 1578 5414 1627 5454; x_wconf 87' lang='lat' dir='ltr'><strong>c.</strong></span> <span class='ocrx_word' id='word_1_681' title='bbox 1677 5454 1685 5461; x_wconf 86' lang='lat'><em>_</em></span> 
     </span>
    </p>
   </div>
   <div class='ocr_carea' id='block_1_101' title="bbox 596 5464 1104 5532">
    <p class='ocr_par' dir='ltr' id='par_1_101' title="bbox 596 5464 1104 5532">
     <span class='ocr_line' id='line_1_101' title="bbox 596 5464 1104 5532; baseline 0.01 -16"><span class='ocrx_word' id='word_1_682' title='bbox 596 5464 745 5532; x_wconf 75' lang='grc'>(255)</span> <span class='ocrx_word' id='word_1_683' title='bbox 784 5464 872 5521; x_wconf 82' lang='lat' dir='ltr'><strong>Ita</strong></span> <span class='ocrx_word' id='word_1_684' title='bbox 900 5466 961 5520; x_wconf 90' lang='lat' dir='ltr'><strong>L.</strong></span> <span class='ocrx_word' id='word_1_685' title='bbox 987 5477 1033 5521; x_wconf 81' lang='lat' dir='ltr'><strong>et</strong></span> <span class='ocrx_word' id='word_1_686' title='bbox 1056 5484 1104 5521; x_wconf 75' lang='grc' dir='ltr'><strong>ε.</strong></span> 
     </span>
    </p>
   </div>
   <div class='ocr_carea' id='block_1_102' title="bbox 551 5534 2090 5616">
    <p class='ocr_par' dir='ltr' id='par_1_102' title="bbox 551 5534 2090 5616">
     <span class='ocr_line' id='line_1_102' title="bbox 551 5534 2090 5616; baseline 0.003 -27"><span class='ocrx_word' id='word_1_687' title='bbox 551 5606 561 5616; x_wconf 42' lang='grc'><em>,</em></span> <span class='ocrx_word' id='word_1_688' title='bbox 597 5534 1006 5616; x_wconf 51' lang='lat' dir='ltr'><strong>(WLBudiziu</strong></span> <span class='ocrx_word' id='word_1_689' title='bbox 1037 5537 1184 5594; x_wconf 87' lang='lat' dir='ltr'><strong>urbis</strong></span> <span class='ocrx_word' id='word_1_690' title='bbox 1212 5541 1659 5610; x_wconf 77' lang='lat' dir='ltr'><strong>expugnationem</strong></span> <span class='ocrx_word' id='word_1_691' title='bbox 1682 5554 1736 5600; x_wconf 77' lang='grc' dir='ltr'><strong>γ.</strong></span> <span class='ocrx_word' id='word_1_692' title='bbox 1760 5539 1901 5612; x_wconf 90' lang='lat' dir='ltr'><strong>apud</strong></span> <span class='ocrx_word' id='word_1_693' title='bbox 1922 5554 2090 5595; x_wconf 89' lang='lat' dir='ltr'><strong>anna-</strong></span> 
     </span>
    </p>
   </div>
   <div class='ocr_carea' id='block_1_103' title="bbox 529 5606 1035 5664">
    <p class='ocr_par' dir='ltr' id='par_1_103' title="bbox 529 5606 1035 5664">
     <span class='ocr_line' id='line_1_103' title="bbox 529 5606 1035 5664; baseline 0.006 -5"><span class='ocrx_word' id='word_1_694' title='bbox 529 5606 710 5660; x_wconf 90' lang='lat' dir='ltr'><strong>listam</strong></span> <span class='ocrx_word' id='word_1_695' title='bbox 749 5606 1035 5664; x_wconf 83' lang='lat' dir='ltr'><strong>Saxonem.</strong></span> 
     </span>
    </p>
   </div>
   <div class='ocr_carea' id='block_1_104' title="bbox 526 5675 2095 5806">
    <p class='ocr_par' dir='ltr' id='par_1_104' title="bbox 526 5675 2095 5806">
     <span class='ocr_line' id='line_1_104' title="bbox 526 5675 2095 5806; baseline 0.002 -75"><span class='ocrx_word' id='word_1_696' title='bbox 526 5675 874 5806; x_wconf 40' lang='lat' dir='ltr'><strong>A&quot;(3.5§)mlga</strong></span> <span class='ocrx_word' id='word_1_697' title='bbox 900 5683 1133 5748; x_wconf 74' lang='lat' dir='ltr'><strong>correxi;</strong></span> <span class='ocrx_word' id='word_1_698' title='bbox 1166 5682 1539 5754; x_wconf 65' lang='lat' dir='ltr'><strong>&#39;l&#39;liongiunrus</strong></span> <span class='ocrx_word' id='word_1_699' title='bbox 1575 5700 1621 5737; x_wconf 88' lang='lat' dir='ltr'><strong>c.</strong></span> <span class='ocrx_word' id='word_1_700' title='bbox 1668 5680 1929 5739; x_wconf 80' lang='lat' dir='ltr'><strong>Tliammo</strong></span> <span class='ocrx_word' id='word_1_701' title='bbox 1956 5680 2095 5752; x_wconf 81' lang='lat' dir='ltr'><strong>apud</strong></span> 
     </span>
    </p>
   </div>
   <div class='ocr_carea' id='block_1_105' title="bbox 2260 4693 3771 4769">
    <p class='ocr_par' dir='ltr' id='par_1_105' title="bbox 2260 4693 3771 4769">
     <span class='ocr_line' id='line_1_105' title="bbox 2260 4693 3771 4769; baseline -0.003 -17"><span class='ocrx_word' id='word_1_702' title='bbox 2260 4697 2416 4754; x_wconf 76' lang='grc'><strong>1008.</strong></span> <span class='ocrx_word' id='word_1_703' title='bbox 2432 4696 2675 4752; x_wconf 85' lang='lat' dir='ltr'><strong>Berllalis</strong></span> <span class='ocrx_word' id='word_1_704' title='bbox 2698 4696 2868 4769; x_wconf 80' lang='grc'>(260),</span> <span class='ocrx_word' id='word_1_705' title='bbox 2883 4695 3100 4751; x_wconf 90' lang='lat' dir='ltr'><strong>humilis</strong></span> <span class='ocrx_word' id='word_1_706' title='bbox 3109 4694 3304 4750; x_wconf 85' lang='lat' dir='ltr'><strong>ancilla</strong></span> <span class='ocrx_word' id='word_1_707' title='bbox 3316 4693 3637 4749; x_wconf 83' lang='lat' dir='ltr'><strong>ancillarum</strong></span> <span class='ocrx_word' id='word_1_708' title='bbox 3656 4708 3771 4748; x_wconf 75' lang='lat' dir='ltr'><strong>san-</strong></span> 
     </span>
    </p>
   </div>
   <div class='ocr_carea' id='block_1_106' title="bbox 2190 4778 3766 4858">
    <p class='ocr_par' dir='ltr' id='par_1_106' title="bbox 2190 4778 3766 4858">
     <span class='ocr_line' id='line_1_106' title="bbox 2190 4778 3766 4858; baseline -0.006 -12"><span class='ocrx_word' id='word_1_709' title='bbox 2190 4792 2264 4846; x_wconf 90' lang='lat' dir='ltr'><strong>cti</strong></span> <span class='ocrx_word' id='word_1_710' title='bbox 2280 4790 2443 4846; x_wconf 76' lang='lat' dir='ltr'><strong>Serva</strong></span> <span class='ocrx_word' id='word_1_711' title='bbox 2453 4789 2531 4857; x_wconf 91' lang='lat' dir='ltr'><strong>tii,</strong></span> <span class='ocrx_word' id='word_1_712' title='bbox 2548 4789 2759 4844; x_wconf 80' lang='lat' dir='ltr'><strong>induxit</strong></span> <span class='ocrx_word' id='word_1_713' title='bbox 2783 4788 3020 4843; x_wconf 86' lang='lat' dir='ltr'><strong>animum</strong></span> <span class='ocrx_word' id='word_1_714' title='bbox 3036 4778 3186 4842; x_wconf 74' lang='lat' dir='ltr'><strong>adire</strong></span> <span class='ocrx_word' id='word_1_715' title='bbox 3202 4786 3387 4841; x_wconf 85' lang='lat' dir='ltr'><strong>limina</strong></span> <span class='ocrx_word' id='word_1_716' title='bbox 3405 4786 3766 4858; x_wconf 79' lang='lat' dir='ltr'><strong>apostolonim</strong></span> 
     </span>
    </p>
   </div>
   <div class='ocr_carea' id='block_1_107' title="bbox 2195 4878 3767 4953">
    <p class='ocr_par' dir='ltr' id='par_1_107' title="bbox 2195 4878 3767 4953">
     <span class='ocr_line' id='line_1_107' title="bbox 2195 4878 3767 4953; baseline -0.004 -14"><span class='ocrx_word' id='word_1_717' title='bbox 2195 4883 2341 4939; x_wconf 89' lang='lat' dir='ltr'><strong>Petri</strong></span> <span class='ocrx_word' id='word_1_718' title='bbox 2362 4891 2416 4938; x_wconf 89' lang='lat' dir='ltr'><strong>et</strong></span> <span class='ocrx_word' id='word_1_719' title='bbox 2446 4882 2620 4947; x_wconf 86' lang='lat' dir='ltr'><strong>Pauli,</strong></span> <span class='ocrx_word' id='word_1_720' title='bbox 2666 4897 2767 4953; x_wconf 87' lang='lat' dir='ltr'><strong>pro</strong></span> <span class='ocrx_word' id='word_1_721' title='bbox 2810 4896 2870 4936; x_wconf 89' lang='lat' dir='ltr'><strong>se</strong></span> <span class='ocrx_word' id='word_1_722' title='bbox 2900 4889 2955 4937; x_wconf 91' lang='lat' dir='ltr'><strong>et</strong></span> <span class='ocrx_word' id='word_1_723' title='bbox 2999 4881 3211 4939; x_wconf 68' lang='lat' dir='ltr'><strong>domum</strong></span> <span class='ocrx_word' id='word_1_724' title='bbox 3254 4878 3558 4935; x_wconf 62' lang='lat' dir='ltr'><strong>Mecbtilda</strong></span> <span class='ocrx_word' id='word_1_725' title='bbox 3585 4878 3767 4934; x_wconf 63' lang='lat' dir='ltr'><strong>anima</strong></span> 
     </span>
    </p>
   </div>
   <div class='ocr_carea' id='block_1_108' title="bbox 2196 4970 3766 5044">
    <p class='ocr_par' dir='ltr' id='par_1_108' title="bbox 2196 4970 3766 5044">
     <span class='ocr_line' id='line_1_108' title="bbox 2196 4970 3766 5044; baseline -0.004 -12"><span class='ocrx_word' id='word_1_726' title='bbox 2196 4977 2532 5034; x_wconf 88' lang='lat' dir='ltr'><strong>absolutione</strong></span> <span class='ocrx_word' id='word_1_727' title='bbox 2582 4989 2910 5044; x_wconf 91' lang='lat' dir='ltr'><strong>suorumque</strong></span> <span class='ocrx_word' id='word_1_728' title='bbox 2985 4973 3161 5029; x_wconf 88' lang='lat' dir='ltr'><strong>salute</strong></span> <span class='ocrx_word' id='word_1_729' title='bbox 3201 4971 3462 5044; x_wconf 80' lang='lat' dir='ltr'><strong>profecta.</strong></span> <span class='ocrx_word' id='word_1_730' title='bbox 3508 4970 3692 5044; x_wconf 79' lang='lat' dir='ltr'><strong>Itaque</strong></span> <span class='ocrx_word' id='word_1_731' title='bbox 3731 4970 3766 5025; x_wconf 86' lang='lat'><strong>8</strong></span> 
     </span>
    </p>
   </div>
   <div class='ocr_carea' id='block_1_109' title="bbox 2200 5058 3763 5137">
    <p class='ocr_par' dir='ltr' id='par_1_109' title="bbox 2200 5058 3763 5137">
     <span class='ocr_line' id='line_1_109' title="bbox 2200 5058 3763 5137; baseline -0.005 -12"><span class='ocrx_word' id='word_1_732' title='bbox 2200 5070 2325 5125; x_wconf 92' lang='lat' dir='ltr'><strong>ldus</strong></span> <span class='ocrx_word' id='word_1_733' title='bbox 2355 5068 2623 5134; x_wconf 84' lang='lat' dir='ltr'><strong>Januarii,</strong></span> <span class='ocrx_word' id='word_1_734' title='bbox 2648 5068 2947 5137; x_wconf 89' lang='lat' dir='ltr'><strong>postposita</strong></span> <span class='ocrx_word' id='word_1_735' title='bbox 2975 5067 3120 5121; x_wconf 91' lang='lat' dir='ltr'><strong>omni</strong></span> <span class='ocrx_word' id='word_1_736' title='bbox 3148 5058 3498 5129; x_wconf 85' lang='lat' dir='ltr'><strong>adversitate,</strong></span> <span class='ocrx_word' id='word_1_737' title='bbox 3551 5079 3648 5136; x_wconf 89' lang='lat' dir='ltr'><strong>per</strong></span> <span class='ocrx_word' id='word_1_738' title='bbox 3676 5062 3763 5117; x_wconf 83' lang='lat' dir='ltr'><strong>ab-</strong></span> 
     </span>
    </p>
   </div>
   <div class='ocr_carea' id='block_1_110' title="bbox 2199 5159 3766 5237">
    <p class='ocr_par' dir='ltr' id='par_1_110' title="bbox 2199 5159 3766 5237">
     <span class='ocr_line' id='line_1_110' title="bbox 2199 5159 3766 5237; baseline -0.006 -16"><span class='ocrx_word' id='word_1_739' title='bbox 2199 5176 2358 5237; x_wconf 90' lang='lat' dir='ltr'><strong>rupta</strong></span> <span class='ocrx_word' id='word_1_740' title='bbox 2389 5164 2674 5230; x_wconf 90' lang='lat' dir='ltr'><strong>montium,</strong></span> <span class='ocrx_word' id='word_1_741' title='bbox 2714 5176 2815 5232; x_wconf 89' lang='lat' dir='ltr'><strong>per</strong></span> <span class='ocrx_word' id='word_1_742' title='bbox 2862 5159 3135 5217; x_wconf 88' lang='lat' dir='ltr'><strong>convalles</strong></span> <span class='ocrx_word' id='word_1_743' title='bbox 3182 5168 3466 5222; x_wconf 87' lang='lat' dir='ltr'><strong>terrarum,</strong></span> <span class='ocrx_word' id='word_1_744' title='bbox 3520 5172 3627 5213; x_wconf 90' lang='lat' dir='ltr'><strong>non</strong></span> <span class='ocrx_word' id='word_1_745' title='bbox 3654 5170 3766 5211; x_wconf 80' lang='lat' dir='ltr'><strong>mo-</strong></span> 
     </span>
    </p>
   </div>
   <div class='ocr_carea' id='block_1_111' title="bbox 2202 5248 3766 5320">
    <p class='ocr_par' dir='ltr' id='par_1_111' title="bbox 2202 5248 3766 5320">
     <span class='ocr_line' id='line_1_111' title="bbox 2202 5248 3766 5320; baseline -0.006 -5"><span class='ocrx_word' id='word_1_746' title='bbox 2202 5260 2321 5315; x_wconf 90' lang='lat' dir='ltr'><strong>dice</strong></span> <span class='ocrx_word' id='word_1_747' title='bbox 2368 5257 2653 5314; x_wconf 75' lang='lat' dir='ltr'><strong>laborabat</strong></span> <span class='ocrx_word' id='word_1_748' title='bbox 2699 5256 2755 5311; x_wconf 90' lang='lat' dir='ltr'><strong>in</strong></span> <span class='ocrx_word' id='word_1_749' title='bbox 2813 5252 3237 5309; x_wconf 89' lang='lat' dir='ltr'><strong>transmeatione</strong></span> <span class='ocrx_word' id='word_1_750' title='bbox 3284 5249 3588 5320; x_wconf 80' lang='lat' dir='ltr'><strong>ﬂuminum,</strong></span> <span class='ocrx_word' id='word_1_751' title='bbox 3627 5248 3766 5306; x_wconf 81' lang='lat' dir='ltr'><strong>dom-</strong></span> 
     </span>
    </p>
   </div>
   <div class='ocr_carea' id='block_1_112' title="bbox 2270 5385 3179 5459">
    <p class='ocr_par' dir='ltr' id='par_1_112' title="bbox 2270 5385 3179 5459">
     <span class='ocr_line' id='line_1_112' title="bbox 2270 5385 3179 5459; baseline -0.009 -13"><span class='ocrx_word' id='word_1_752' title='bbox 2270 5390 2418 5459; x_wconf 84' lang='grc'>(256)</span> <span class='ocrx_word' id='word_1_753' title='bbox 2459 5389 2656 5444; x_wconf 80' lang='lat' dir='ltr'><strong>Milites</strong></span> <span class='ocrx_word' id='word_1_754' title='bbox 2681 5385 3179 5442; x_wconf 80' lang='lat' dir='ltr'><strong>llalverstadenses.</strong></span> 
     </span>
    </p>
   </div>
   <div class='ocr_carea' id='block_1_113' title="bbox 2270 5459 2862 5532">
    <p class='ocr_par' dir='ltr' id='par_1_113' title="bbox 2270 5459 2862 5532">
     <span class='ocr_line' id='line_1_113' title="bbox 2270 5459 2862 5532; baseline -0.007 -17"><span class='ocrx_word' id='word_1_755' title='bbox 2270 5461 2420 5532; x_wconf 81' lang='grc'>(257)</span> <span class='ocrx_word' id='word_1_756' title='bbox 2449 5459 2862 5532; x_wconf 67' lang='lat' dir='ltr'><strong>Yalenciennes.</strong></span> 
     </span>
    </p>
   </div>
   <div class='ocr_carea' id='block_1_114' title="bbox 2274 5529 2682 5602">
    <p class='ocr_par' dir='ltr' id='par_1_114' title="bbox 2274 5529 2682 5602">
     <span class='ocr_line' id='line_1_114' title="bbox 2274 5529 2682 5602; baseline -0.007 -16"><span class='ocrx_word' id='word_1_757' title='bbox 2274 5529 2421 5602; x_wconf 77' lang='grc'>(258)</span> <span class='ocrx_word' id='word_1_758' title='bbox 2460 5529 2609 5602; x_wconf 66' lang='lat' dir='ltr'><strong>Deest</strong></span> <span class='ocrx_word' id='word_1_759' title='bbox 2634 5547 2682 5584; x_wconf 88' lang='lat' dir='ltr'><strong>c.</strong></span> 
     </span>
    </p>
   </div>
   <div class='ocr_carea' id='block_1_115' title="bbox 2275 5594 3179 5671">
    <p class='ocr_par' dir='ltr' id='par_1_115' title="bbox 2275 5594 3179 5671">
     <span class='ocr_line' id='line_1_115' title="bbox 2275 5594 3179 5671; baseline -0.007 -14"><span class='ocrx_word' id='word_1_760' title='bbox 2275 5594 2422 5671; x_wconf 80' lang='grc'>(259)</span> <span class='ocrx_word' id='word_1_761' title='bbox 2452 5599 2537 5654; x_wconf 81' lang='lat' dir='ltr'><strong>Ita</strong></span> <span class='ocrx_word' id='word_1_762' title='bbox 2564 5600 2625 5653; x_wconf 92' lang='lat' dir='ltr'><strong>L.</strong></span> <span class='ocrx_word' id='word_1_763' title='bbox 2654 5600 2799 5671; x_wconf 68' lang='lat' dir='ltr'><strong>victa</strong></span> <span class='ocrx_word' id='word_1_764' title='bbox 2819 5615 2882 5671; x_wconf 54' lang='grc' dir='ltr'><strong>Δε.</strong></span> <span class='ocrx_word' id='word_1_765' title='bbox 2905 5596 3044 5657; x_wconf 84' lang='lat' dir='ltr'><strong>facta</strong></span> <span class='ocrx_word' id='word_1_766' title='bbox 3073 5594 3179 5652; x_wconf 76' lang='lat' dir='ltr'><strong>Chr</strong></span> 
     </span>
    </p>
   </div>
   <div class='ocr_carea' id='block_1_116' title="bbox 2278 5668 2868 5745">
    <p class='ocr_par' dir='ltr' id='par_1_116' title="bbox 2278 5668 2868 5745">
     <span class='ocr_line' id='line_1_116' title="bbox 2278 5668 2868 5745; baseline -0.007 -18"><span class='ocrx_word' id='word_1_767' title='bbox 2278 5668 2423 5745; x_wconf 74' lang='lat' dir='ltr'><strong>(2nd)</strong></span> <span class='ocrx_word' id='word_1_768' title='bbox 2459 5668 2787 5745; x_wconf 67' lang='lat' dir='ltr'><strong>(Bertradisl</strong></span> <span class='ocrx_word' id='word_1_769' title='bbox 2806 5668 2868 5724; x_wconf 90' lang='lat' dir='ltr'><strong>L.</strong></span> 
     </span>
    </p>
   </div>
  </div>
