3944 6382
185 386 309 445 δη

870 388 960 453 Er
1000 343 1349 455 unum“
1382 366 1957 455 Ascuarmnunc.
1994 385 2174 443 rans
2204 346 2482 442 ALTERA
2522 343 2847 442 oratum.

3370 381 3483 440 512

1057 500 1378 567 ᾼΝΝΑιΕδ
1402 498 2137 570 QUEDLINBURGENSES.
2163 499 2229 555 Α.
2262 470 2588 555 ίοοθ-ίοη.

185 614 413 681 modo,
460 614 602 683 quod
651 614 871 676 amabat
900 655 915 680 ,
962 614 1148 675 videre
1200 614 1511 688 contigerit.
1552 613 1793 670 Tandem
1822 617 1872 678 Α
1903 614 2038 679 bris,
2059 613 2188 671 feria
2220 614 2477 680 secunda,
2501 614 2625 669 luna
2650 615 2703 669 6.
2728 612 2989 669 Tonitrua
3008 620 3062 669 et
3083 616 3485 674 coruscationes

184 704 439 761 Romam
459 706 711 776 pervenit
724 706 984 777 gaudens.
1008 700 1151 780 Ergo
1177 709 1431 774 accessit,
1454 706 1798 778 amplectitur

182 796 386 852 sancti
430 795 579 852 Petri
629 796 997 867 sepulchrum,
1048 798 1414 863 deosculatur,
1469 806 1525 854 et
1568 812 1797 867 quorum

182 903 376 945 causa
428 889 743 953 advenerat,
791 886 1043 952 flebiliter
1076 888 1151 949 ibi
1204 888 1496 960 peroratis,
1543 903 1642 947 nec
1689 903 1797 943 non

183 980 443 1036 aliorum
475 987 787 1035 sanctorum
848 980 1168 1050 patrociniis
1203 980 1474 1047 salutatis,
1534 979 1645 1036 Deo
1672 994 1798 1051 gra-

172 1072 307 1137 tias
348 1070 618 1136 referens,
649 1070 937 1127 incolumis
963 1086 1086 1127 cum
1139 1072 1253 1129 s‘uis
1298 1071 1483 1135 revisit
1540 1071 1793 1140 patriam.

185 1160 378 1219 Stella
404 1161 675 1233 paschalis
704 1162 1055 1219 hebdomadis
1083 1154 1229 1219 feria.
1246 1162 1480 1219 secunda
1511 1160 1687 1216 media
1710 1159 1796 1215 die

168 1256 321 1321 _visa
372 1262 459 1309 est
500 1252 534 1307 6
581 1252 703 1308 ldus
732 1251 958 1324 Aprilis.
983 1252 1127 1310 Obiit
1153 1251 1434 1308 Liudolfns
1461 1250 1796 1327 Trevirensis

185 1344 677 1414 archiepiscopus,
706 1344 793 1399 cui
842 1343 1104 1407 successit
1145 1344 1444 1419 Magingez.
1480 1342 1627 1400 Obiit
1666 1344 1797 1399 Not-

186 1450 371 1505 gerus
400 1433 819 1491 Laudovicensis
865 1436 1012 1507 (261)
1056 1435 1368 1506 episcopus,
1421 1437 1507 1492 etti
1535 1436 1797 1493 successit

184 1525 511 1593 Baldricus,
541 1526 781 1581 moribus
802 1526 1113 1597 praeclarus.
1141 1527 1346 1583 Eodem
1369 1542 1514 1584 anno
1538 1527 1795 1599 Atalpero

186 1621 465 1686 clericus,
497 1620 696 1690 regina:
732 1619 919 1685 frater,
967 1620 1082 1692 regi
1130 1620 1474 1678 adversarius
1520 1621 1800 1677 abomina-

195 1708 388 1763 tiones
427 1708 626 1763 multas
666 1709 981 1775 concitavit,
1043 1720 1229 1765 contra
1278 1725 1438 1767 omne
1474 1709 1565 1780 jus
1607 1718 1663 1765 et
1712 1710 1796 1767 fas

189 1798 495 1855 Treverim
522 1815 645 1854 cum
672 1800 786 1854 suis
829 1800 932 1855 sibi
975 1802 1325 1872 maneipavit,
1357 1802 1545 1871 sicque
1594 1801 1797 1858 disces-

190 1894 295 1948 s;t.
326 1889 682 1961 Compertum
714 1906 947 1962 cumque
972 1892 1025 1947 id
1050 1893 1160 1964 regi
1200 1893 1358 1960 foret,
1406 1893 1529 1949 ilico
1558 1908 1682 1948 suas
1711 1909 1799 1948 e0-

189 1982 323 2052 pias
365 1981 632 2052 colligens
675 1982 941 2061 advenit;
990 1983 1281 2039 Lutharios
1332 1983 1797 2071 sibi'resisteutes

188 2072 408 2145 palatio
435 2073 668 2138 obsedit,
696 2071 759 2127 l6
783 2073 1153 2130 hebdomadas
1181 2075 1253 2130 ibi
1290 2076 1515 2130 habens.
1548 2074 1630 2130 Illi
1673 2084 1797 2130 tau-

190 2165 325 2232 dem
356 2165 503 2221 fame
548 2166 747 2232 coacti,
795 2166 933 2222 falso
985 2167 1204 2222 dextras
1248 2166 1462 2231 dedere,
1512 2181 1693 2239 regem
1741 2176 1799 2223 et

191 2274 344 2326 suos'
364 2274 613 2314 remeare
660 2258 860 2325 fecere,
918 2259 970 2321 in
1016 2275 1111 2314 sua
1162 2259 1390 2331 perﬁdia
1441 2259 1797 2316 nihilominus

192 2360 613 2419 permanentes.
658 2349 804 2406 Obiit
851 2350 1157 2407 llildericus
1206 2350 1655 2425 llavelbergensis
1682 2351 1796 2427 epi-

190 2456 427 2512 scapus,
451 2441 537 2495 cui
564 2439 828 2496 successit
855 2440 1068 2496 Ericus.

272 2529 433 2587 1009.
475 2530 665 2589 Subita
692 2539 745 2586 et
772 2531 975 2593 nostris
1007 2531 1341 2604 temporibus
1387 2532 1603 2589 insolita
1626 2548 1796 2604 aqua-

194 2640 326 2691 ram
361 2622 567 2679 refusio
597 2622 735 2679 facta
770 2632 854 2679 est
888 2625 922 2679 3
944 2622 1022 2679 id.
1070 2623 1333 2689 Januarii,
1362 2623 1495 2681 feria
1534 2626 1789 2692 secunda,

191 2719 329 2789 luna
363 2720 452 2787 10,
489 2720 673 2775 multis
703 2721 958 2776 damnum
1001 2720 1260 2787 inferens,
1296 2722 1327 2775 7
1372 2722 1564 2778 diebus
1611 2725 1664 2778 in
1695 2739 1794 2779 sua

150 2888 155 2893 ί
198 2814 360 2869 rabie
379 2814 639 2885 perstitit.
671 2812 817 2870 Obiit
848 2813 1141 2871 Retharius
1167 2813 1655 2874 Patherbrunensis
1681 2817 1795 2887 epi-

200 2922 431 2975 scapus,
484 2906 569 2961 cui
600 2906 863 2962 successit
892 2906 1278 2979 Meginwetck.
1328 2909 1561 2979 Sanctus
1589 2909 1792 2977 Bruno,

150 3068 153 3073 Ι
196 2997 296 3067 qui
326 2996 739 3067 cOgnominatur
758 2995 1088 3065 Bonifacius,
1117 2978 1556 3070 archiepiscopus
1597 3012 1652 3054 et
1680 3016 1797 3055 mo—

196 3087 439 3153 nachus,
482 3088 542 3142 11
574 3087 721 3159 (262)
762 3103 875 3144 sua:
894 3079 1270 3146 conversionis
1307 3106 1457 3145 anno
1477 3091 1531 3145 in
1559 3091 1795 3148 confinio

201 3179 429 3235 linseia:
459 3189 513 3234 et
542 3178 710 3236 Litua:
740 3196 772 3235 a
819 3182 1044 3253 paganis
1070 3182 1246 3253 capite
1289 3184 1503 3253 plexos,
1530 3200 1650 3239 cum
1681 3185 1795 3241 suis

202 3270 296 3339 18,
329 3268 361 3322 7
395 3268 472 3323 ld.
507 3269 683 3325 Martii
715 3272 871 3347 petiit
896 3272 1082 3331 eteius.
1122 3272 1269 3329 Obiit
1292 3274 1607 3344 Wigbcrtus
1652 3273 1793 3330 Mer-

199 3363 556 3433 sehurgeusis
598 3363 910 3441 episcopus,
962 3365 1048 3419 cui
1096 3366 1360 3423 successit
1414 3364 1788 3423 Tltiatmarus.

202 3451 317 3517 Sed
356 3461 413 3508 et
445 3453 715 3509 dominica
757 3454 844 3508 die
877 3453 1183 3509 Paltnaruut
1208 3464 1372 3527 gutta:
1414 3455 1694 3526 sanguinis
1738 3456 1794 3511 in

204 3541 533 3624 quibusdam
582 3542 715 3598 locis
750 3543 1091 3599 vestimentis
1130 3545 1407 3599 hominum
1438 3545 1791 3613 iustillahaul.

206 3634 305 3688 Sel
344 3633 542 3697 nebula
590 3633 838 3689 hozribili
894 3644 948 3690 et
995 3635 1177 3691 colore
1232 3636 1497 3706 stupendo
1535 3645 1793 3704 mutatus,

205 3725 536 3781 mirantibus
583 3726 1137 3796 intuentium,oculis
1177 3725 1325 3780 velut
1369 3727 1694 3797 sanguineus
1731 3741 1797 3782 ac

203 3818 390 3889 minor
417 3832 475 3873 se
496 3817 642 3873 visus
673 3827 937 3875 terrorem
997 3817 1225 3875 incussit
1253 3817 1288 3871 3
1316 3816 1435 3872 Kal.
1464 3816 1611 3884 Maii,
1659 3816 1795 3872 feria

204 3915 265 3976 6,
306 3911 435 3967 luua
470 3911 494 3965 1
530 3927 546 3978 ;
592 3910 806 3966 duobus
849 3911 1041 3966 diebus
1095 3910 1229 3966 tales
1278 3910 1454 3967 minas
1478 3909 1794 3976 ostendens,

206 4003 376 4060 tertio
404 4002 492 4058 die
538 4001 627 4057 vix
666 4000 891 4072 proprio
929 4001 1130 4056 lumine
1180 4004 1431 4057 veStitur.
1472 3994 1792 4057 Pestilentia

206 4107 267 4154 et
294 4094 594 4152 mortalitas
617 4094 857 4165 graviter
894 4104 1097 4150 secutae
1124 4102 1271 4150 sunt.
1296 4095 1412 4149 Rex
1447 4095 1644 4150 iterum
1686 4110 1798 4147 ma-

207 4203 319 4265 gno
365 4185 549 4242 dolore
593 4183 754 4240 simul
792 4194 849 4240 et
891 4184 973 4239 ira
1024 4191 1355 4252 commotus,
1410 4183 1463 4239 in
1510 4183 1795 4239 Franciam

207 4281 527 4347 revertitur,
552 4286 607 4333 et
634 4278 688 4332 in
731 4276 974 4348 pluribus
1017 4276 1151 4332 locis
1178 4277 1343 4331 multa
1380 4275 1575 4332 damna
1601 4290 1795 4346 perpe-

214 4385 361 4445 trata
392 4383 560 4431 sunt:
605 4373 790 4445 ibique
839 4382 1060 4443 peracta
1095 4380 1282 4428 aestate
1309 4372 1469 4429 rediit
1519 4371 1573 4426 in
1622 4371 1795 4426 Saxo-

208 4469 360 4533 niam
393 4466 540 4538 (265)
569 4467 687 4523 sine
713 4479 866 4537 pace.
905 4465 1063 4521 Dedit
1087 4480 1269 4521 comes
1296 4465 1400 4520 iter
1427 4479 1595 4536 agens
1614 4479 1645 4518 a
1666 4463 1770 4520 We

205 4560 607 4632 rinzone(‘264)
634 4568 692 4614 et
735 4558 1017 4615 Friderico
1062 4559 1309 4631 patruele
1333 4560 1450 4631 ejus
1492 4559 1559 4614 de
1589 4558 1794 4629 impro-

1899 705 2112 760 hiemali
2147 714 2387 774 tempore
2409 720 2549 775 saepe
2576 705 2792 760 fiebant.

1971 798 2127 855 1010.
2182 797 2471 859 Ansfridus
2531 797 2841 867 episcopus,
2897 796 3107 851 meritis
3151 794 3482 866 przcclarus,

1899 889 2131 959 primum
2158 888 2472 963 imperatori
2504 896 2720 943 terreno
2751 896 3021 941 armatam
3056 885 3306 940 militiam
3349 885 3483 942 lide-
3513 894 3528 907 '

1898 979 2025 1036 liter
2051 979 2500 1044 administrando,
2545 977 2740 1033 deinde
2785 976 3017 1033 creatori
3046 967 3326 1033 humiliter
3354 977 3486 1032 obe-

1898 1073 2116 1138 diendo,
2174 1071 2375 1127 divinis
2406 1087 2464 1127 se
2512 1071 2844 1142 mancipavit
2872 1070 3174 1141 praeceptis.
3220 1070 3346 1126 ideo
3376 1070 3485 1125 vir-

1900 1165 2106 1220 tutibus
2127 1165 2323 1219 enituit
2366 1164 2596 1234 insignis
2622 1180 2638 1227 ς
2670 1163 2895 1219 calcatis
2925 1162 3178 1228 terrenis,
3207 1162 3353 1217 intra
3382 1175 3483 1215 an-

1898 1258 2099 1330 gelicos
2120 1256 2234 1327 jam
2261 1257 2413 1317 laetus
2440 1258 2636 1313 choros
2672 1256 2900 1321 aeternis
2944 1254 3143 1309 fruitur
3169 1254 3346 1309 bonis.
3378 1253 3486 1309 Eo-

1898 1357 2018 1412 dem
2048 1370 2191 1410 anno
2216 1370 2311 1410 rex
2349 1354 2403 1409 in
2433 1353 2833 1427 expeditionem
2882 1365 3010 1406 suas
3036 1350 3367 1406 eontrahens
3394 1363 3487 1403 co-

1895 1450 2040 1520 pias,
2070 1447 2346 1503 Poloniam
2376 1444 2677 1503 Sclavonize
2706 1443 3054 1521 qumsiturus,
3091 1439 3186 1496 sed
3210 1454 3317 1509 quo
3344 1438 3485 1494 velle

1897 1542 2144 1605 ducebat,
2194 1540 2415 1595 minime
2465 1546 2850 1609 perventurus,
2908 1549 3031 1590 cum
3068 1531 3256 1603 paucis
3306 1529 3484 1585 media

1898 1635 2187 1690 revertitur
2209 1634 2314 1698 via,
2342 1633 2493 1703 gravi
2540 1632 2822 1703 ingruente
2864 1627 3217 1697 aegritudine;
3246 1623 3485 1689 caeteris,

1897 1738 2141 1796 uteratt
2187 1726 2329 1782 bello
2381 1725 2579 1796 parati,
2625 1722 2856 1795 plurima
2903 1718 3314 1777 devastantibus
3367 1718 3486 1772 loca

1897 1819 2230 1889 multamque
2253 1819 2491 1888 prmdam
2515 1832 2698 1872 secum
2724 1814 3148 1885 reportantihns.
3179 1810 3408 1865 Basilica
3429 1810 3487 1885 in

1900 1913 2298 1982 Vongerestorp
2351 1910 2498 1980 (266)
2533 1907 2679 1981 (267)
2731 1906 2956 1962 fulmine
3012 1898 3324 1960 terribiliter
3350 1900 3491 1956 inte-

1898 2002 2008 2056 riit.
2045 2000 2150 2056 Sed
2182 1999 2384 2055 ctenim
2412 2008 2637 2053 cometa:
2668 1997 2771 2053 visi
2801 2004 2949 2052 sunt.

1970 2090 2131 2147 1011.
2169 2090 2518 2146 Bernhardus
2555 2089 2685 2154 dux,
2734 2104 2763 2142 a
2809 2102 2935 2159 rege
2960 2085 3255 2148 secundus,
3301 2080 3487 2145 multi-

1896 2185 2047 2256 genis
2068 2184 2347 2255 sapientiae
2373 2183 2614 2239 scientiae
2641 2180 2969 2253 pietatisque
3016 2178 3172 2234 donis
3200 2175 3488 2240 fecundus,

1874 2275 2168 2343 invehitur
2212 2273 2399 2339 caelos,
2449 2283 2656 2329 sancta:
2717 2269 2966 2326 ecclesiae
3019 2271 3187 2322 muita
3244 2275 3488 2335 tempora

1896 2365 2179 2439 lugendus.
2208 2365 2379 2435 Quem
2424 2363 2813 2420 lamentatione
2860 2344 3100 2434 dignum,
3136 2360 3203 2415 18
3253 2358 3340 2414 die
3368 2372 3489 2413 mo-

1896 2456 2045 2512 riens
2074 2465 2291 2511 secutus
2318 2464 2401 2513 est
2435 2456 2736 2529 Liudgcrus
2762 2466 2962 2521 comes,
2990 2451 3160 2507 frater
3202 2467 3351 2512 suus.
3383 2450 3487 2506 Pe-

1896 2544 2135 2601 stilentia
2179 2554 2231 2601 ct
2279 2546 2604 2612 mortalitas,
2655 2544 2895 2599 inaudita
2936 2550 3254 2613 tempestate
3290 2542 3490 2611 ubique

1897 2638 2135 2710 gentium
2168 2637 2518 2702 monasteria,
2545 2636 2764 2692 castella
2814 2644 2869 2691 et
2890 2634 3088 2706 oppida
3122 2633 3488 2699 devastantcs,

1897 2729 2213 2785 desmviunt.
2246 2728 2431 2785 lliems
2460 2728 2674 2783 insolita
2706 2728 3025 2797 pruinarum
3067 2725 3360 2795 asperitate
3386 2723 3488 2778 im-

1893 2829 2129 2894 portune
2159 2820 2340 2892 longa,
2367 2819 2441 2875 ita
2477 2829 2542 2898 ut
2595 2818 2724 2874 solis
2754 2817 2934 2873 calore
2977 2815 3315 2871 insolubilem
3346 2812 3489 2867 mul-

1898 2922 2013 2968 tum
2046 2911 2305 2983 temporis
2357 2911 2585 2981 glaciem
2616 2908 2901 2972 retineret,
2954 2922 3020 2961 ac
3051 2905 3219 2961 multa
3252 2919 3481 2975 corpora

1896 3004 2178 3060 hominum
2229 3002 2480 3075 languida
2537 3000 2808 3057 redderet.
2845 2998 2995 3055 Obiit
3045 2996 3349 3066 Willigisns
3398 3010 3489 3048 ar-

1895 3092 2279 3163 chiepiscopus
2311 3132 2326 3158 ,
2378 3089 2535 3161 cujus
2584 3091 2703 3146 loco
2752 3088 3077 3160 subrogatur
3118 3083 3490 3140 Erltenboidus

1894 3183 2183 3240 Fuldensis
2208 3184 2394 3249 abbas,
2433 3182 2627 3237 merito
2655 3182 2913 3253 gaudens,
2940 3179 3110 3251 patris
3158 3177 3376 3232 nomine
3405 3192 3488 3230 re-

1899 3283 2065 3338 tento,
2087 3283 2143 3330 et
2171 3273 2462 3344 pastoralis
2497 3272 2748 3327 culminis
2779 3273 2986 3326 honore
3017 3278 3286 3338 suscepto.
3340 3263 3490 3321 Obiit

1894 3367 2058 3423 Asico
2083 3366 2230 3438 (268)
2268 3365 2539 3437 presbiter
2576 3365 2831 3419 inclusus.
2868 3364 3066 3418 Eodem
3100 3377 3251 3437 [anno
3287 3361 3321 3416 3
3358 3358 3488 3415 Ca-

1894 3459 2038 3513 lend.
2062 3458 2311 3529 Augusti,
2343 3456 2477 3511 feria
2507 3455 2767 3520 secunda,
2818 3455 2942 3508 luna
2990 3454 3084 3517 26,
3128 3452 3327 3507 cecidit
3372 3448 3486 3522 gla-

1856 3546 1865 3551 ’
1897 3551 2051 3606 cialis
2080 3550 2286 3620 grando
2332 3549 2521 3619 ingens
2552 3557 2605 3602 ct
2656 3547 2944 3601 horrenda.
3000 3544 3319 3599 Thietdivus
3348 3542 3486 3598 abba

1898 3653 2006 3698 οι..
2029 3681 2043 3697 .
2076 3643 2399 3707 monachus,
2432 3640 2637 3695 Adheln
2664 3638 2813 3710 (269)
2864 3638 3049 3692 Roma:
3099 3636 3327 3702 inclusa;
3362 3634 3487 3691 cmli

1896 3732 2267 3790 conscendunt
2292 3738 2522 3787 secreta.
2551 3728 2665 3785 iloe
2686 3729 2850 3783 etiam
2878 3741 3022 3781 anno
3048 3741 3188 3781 smva
3236 3740 3383 3780 mors
3417 3724 3487 3779 de

1895 3826 2046 3882 obitu
2102 3812 2444 3896 llildegardis
2515 3822 2774 3877 duclrieis
2826 3818 3137 3877 miserabile
3188 3817 3485 3873 lamentum

1897 3919 2099 3984 intulit,
2128 3918 2257 3974 dum
2312 3916 2555 3987 reliquit,
2588 3915 2732 3986 quod
2785 3913 2975 3968 doluit.
3030 3910 3274 3967 Abstulit
3324 3919 3380 3965 et
3416 3908 3485 3964 de

1898 4011 2061 4082 regali
2107 4018 2398 4065 stemmate
2427 4022 2695 4080 gemmam
2726 4005 3074 4061 Maehtildam
3129 4003 3482 4065 abbatissam,

1895 4102 2126 4159 Litnlolli
2154 4102 2342 4157 tiliam.
2373 4100 2696 4171 Suithgerus
2720 4098 2869 4172 (270)
2908 4097 3197 4167 episcopus
3229 4092 3485 4163 migravit

1896 4197 1962 4251 ad
2012 4197 2332 4263 Christum,
2391 4192 2547 4262 cujus
2603 4193 2723 4249 loco
2776 4192 3103 4262 subrogatur
3151 4187 3483 4242 Thietricus.

1896 4288 2105 4345 Ventus
2134 4289 2325 4361 ingens
2372 4288 2602 4360 plurima
2652 4286 2877 4343 aedilicia
2908 4284 3086 4340 subito
3109 4281 3326 4338 turbine
3354 4280 3487 4336 sub-

1894 4382 2079 4449 vertit,
2108 4389 2163 4436 et
2191 4381 2358 4436 multa
2384 4381 2489 4436 alia
2515 4380 2710 4435 damna
2737 4377 3028 4433 commisit.
3053 4375 3174 4445 Ipso
3218 4388 3360 4429 anno
3389 4386 3485 4426 rex

1896 4471 2207 4527 Triburiam
2237 4472 2407 4538 venit,
2448 4480 2505 4526 et
2541 4488 2680 4526 nova
2729 4472 2877 4525 cmde
2923 4482 3144 4524 suorum
3177 4465 3374 4521 merito
3401 4477 3487 4533 ge-

1897 4564 1997 4618 mit
2024 4580 2039 4629 ;
2074 4563 2220 4618 inter
2267 4578 2428 4633 quos,
2460 4563 2615 4632 quasi
2655 4563 2804 4632 pacis
2835 4560 3007 4632 gratia
3038 4557 3368 4613 irruentibus
3390 4555 3487 4609 ad-

210 4655 330 4728 viso
352 4669 475 4709 cum
497 4654 621 4708 dolo
648 4650 970 4708 interfectus
994 4660 1097 4707 est.
1135 4650 1389 4707 Ineendia
1433 4649 1664 4722 plurima
1712 4647 1793 4701 fa-
1824 4667 1870 4726 υ
1896 4653 2153 4708 versariis
2182 4653 2343 4722 regis,
2380 4652 2635 4709 lleinrico
2663 4661 2718 4707 et
2747 4651 2981 4715 caeteris,
3011 4660 3169 4720 capto
3194 4646 3486 4702 Thiedrico

210 4758 299 4813 eta
337 4755 464 4802 sunt
484 4761 580 4816 per
605 4745 748 4813 loca,
774 4746 849 4801 ita
874 4753 935 4799 ut
964 4753 1020 4809 et
1046 4743 1296 4800 homines
1324 4742 1379 4797 iu
1400 4741 1635 4812 quodam
1669 4740 1788 4796 vico

208 4837 392 4893 exusti
440 4836 748 4892 interirent.
804 4836 959 4893 Fecit
1012 4835 1163 4908 (265)
1212 4833 1530 4890 Fricherum
1584 4846 1786 4888 eomes.

209 4927 537 5003 Maehtildis,
594 4927 755 4999 regia:
808 4928 1012 4984 sororis
1057 4927 1186 4993 ﬁlia,
1226 4925 1553 4983 obdormivit
1582 4924 1635 4979 in
1671 4923 1766 4978 Do-

209 5021 383 5077 mino.
414 5020 704 5092 Moguntize
733 5004 951 5101 quoque
971 5019 1197 5075 basilica
1233 5032 1371 5074 nova
1394 5033 1519 5074 cum
1539 5016 1791 5073 omnibus

209 5111 457 5169 aedificiis
526 5113 933 5170 cohaerentibus
1000 5112 1386 5181 miserabiliter
1455 5111 1795 5168 consumitur

210 5206 363 5283 igne,
386 5203 499 5262 sola
527 5207 697 5271 veteri
727 5206 959 5277 ecclesia
983 5214 1320 5275 remanente,
1346 5205 1381 5260 4
1403 5205 1518 5263 Cal.
1546 5205 1798 5276 Septem-

285 5360 439 5432 (261)
477 5360 813 5429 Leodiensis.
845 5407 849 5411 η

308 5431 439 5491 262)
478 5432 573 5487 χιι
600 5434 728 5490 Chr.
752 5439 889 5489 Ann.
921 5434 981 5491 S.

311 5501 439 5575 263)
476 5501 564 5575 ita
593 5507 799 5561 correxi
826 5522 892 5560 ex
910 5509 1048 5560 Ann.
1082 5503 1139 5562 S.
1172 5503 1482 5575 Hispaniam
1515 5522 1564 5558 c.

293 5572 438 5644 (264)
477 5572 837 5644 )Vereuhario
873 5576 1207 5644 tnarchione.

211 5712 241 5770 Ι
469 5640 557 5700 lla
580 5648 873 5715 emendavi,
892 5647 1153 5702 amtalista
1174 5642 1306 5702 duce
1331 5664 1353 5714 ;
1378 5646 1573 5703 exusti.
1623 5645 1795 5702 Inter-

239 5732 320 5769 eet
365 5731 414 5770 c.

239 5731 347 5769 υειι
365 5731 414 5770 ο.

232 5784 240 5791 ’
289 5786 437 5857 (ἓϋὸ)
474 5786 561 5843 Ita
585 5791 852 5847 emendavi
891 5790 1249 5865 Ungerestorp
1285 5807 1333 5846 τ.

1896 4749 2031 4804 duce
2060 4748 2306 4818 patruele
2326 4763 2445 4814 suo,
2474 4746 2563 4801 alii
2594 4745 2770 4817 gladio
2799 4744 3075 4811 interiere,
3115 4741 3208 4797 alii
3238 4754 3367 4796 vero
3388 4739 3484 4793 vix

1893 4847 2145 4913 poterant
2166 4840 2415 4897 evadere.

1969 4932 2127 4988 1012.
2169 4931 2594 4989 ObiitErluinus
2619 4929 2939 4987 Camerinus
2983 4925 3130 4998 (271)
3168 4923 3317 4996 (272)
3363 4922 3482 4994 epi-

1842 5022 1851 5027 ’
1899 5039 2116 5095 seopus,
2141 5023 2297 5094 cujus
2342 5023 2463 5080 loco
2492 5023 2779 5079 ordinatur
2805 5020 3135 5077 Gerhardus.
3164 5015 3312 5074 Obiit
3349 5012 3485 5069 Her-

1900 5132 2132 5173 mannus
2190 5131 2327 5186 puer
2374 5124 2430 5172 et
2478 5114 2610 5182 dux,
2665 5113 2810 5184 regis
2855 5109 3233 5167 consobrinus.
3276 5104 3483 5162 Eodem

1900 5224 2045 5264 anno
2085 5205 2542 5281 quadragesimali
2589 5214 2830 5276 tempore
2865 5201 3135 5291 monacho
3162 5190 3377 5255 cuidam
3425 5195 3483 5251 in

1967 5360 2115 5432 (267)
2158 5359 2454 5432 thustorl’.

1910 5450 1917 5458 ·
1967 5427 2115 5503 (268)
2154 5431 2241 5503 I_ta
2270 5433 2408 5503 Ann.
2448 5430 2593 5503 διιπο
2617 5427 2844 5503 {Etsico
2872 5444 2918 5482 c.

1966 5499 2114 5573 (269)
2152 5501 2240 5555 lla
2263 5502 2401 5555 Ann.
2434 5499 2846 5573 Saxo._D_eddile
2879 5515 2926 5573 ιζ.

1970 5560 2464 5697 (270)Λ8ιιιι›εοτυε
2492 5588 2541 5626 c.
2580 5570 2869 5643 Suicgerus
2897 5563 3337 5626 Monasteriensis
3366 5560 3476 5633 epi-

1970 5660 2097 5697 DDUS
2167 5660 2258 5697 nn.
2824 5672 2827 5675 -

1900 5660 2097 5701 SCODUS
2118 5660 2258 5698 mm.
2824 5672 2827 5675 ·

1912 5662 1925 5671 η
2118 5660 2258 5698 mm.
2824 5672 2827 5675 -

1912 5660 2122 5784 ῗοῗεὲξῗ)
2160 5712 2565 5769 Cameracensis
2590 5721 2730 5770 Ann.
2762 5712 2907 5771 Saxo

1975 5786 2124 5860 (272)
2163 5784 2590 5843 CameraeeuSis,
