3952 5346
545 288 654 351 545

1398 293 1647 369 ANNAL.
1684 292 2125 352 HlLDESHEIM.
2164 290 2530 361 QUEDLINB.
2572 289 2959 353 WEISSEMB.

3726 276 3841 334 ωε

1487 408 1811 469 ANNALES
1842 404 2586 477 QUEDLINBURGENSES.
2618 404 2684 462 A.
2716 405 2877 464 1013.

542 520 720 583 .exzasi
745 528 900 592 rapto
922 529 1138 579 ostensa
1162 498 1254 580 cst
1265 522 1404 581 visio
1428 498 1846 605 mirabilis,qua:
1871 500 2131 597 quantum
2161 525 2209 589 Α
2238 520 2492 592 perplura
2537 520 2611 577 ibi
2660 529 2904 575 acturus.
2934 518 3088 588 Quod
3140 519 3283 592 regis
3310 512 3593 605 decretum
3620 505 3707 576 it't.=
3738 504 3833 562 3“:

550 614 813 670 terribilis
840 614 1042 684 impiis,
1067 610 1279 672 tantum
1321 618 1651 688 przedicatur
1675 617 1963 674 laudabilis
2003 619 2130 689 piis.

548 707 607 763 lu
651 708 1090 781 Bavanbergensi
1154 710 1379 767 castello
1430 711 1675 768 Franeitc
1725 711 1992 768 dedicatio
2039 726 2132 767 ec-

493 836 508 849 -
549 801 729 879 clesia:
778 800 923 856 facta
973 813 1075 868 est,
1125 803 1190 858 lt)
1237 818 1378 859 anno
1430 805 1580 878 regni
1623 802 1861 859 Heimici
1899 803 2060 874 regis,
2096 803 2134 858 2

552 892 693 949 1Non.
719 892 866 957 Maii,
891 894 962 950 '56
982 895 1251 967 episcopis
1295 896 1349 952 in
1378 897 1431 953 id
1477 897 1658 967 operis
1707 896 2010 953 destinatis.
2049 894 2137 951 ln-

551 993 789 1063 tercrant
817 985 979 1039 etiam
1021 987 1172 1058 regio
1212 987 1407 1056 gaudio
1460 988 1691 1044 dominae
1733 1003 1946 1043 sorores
1976 987 2137 1043 abba-

552 1077 718 1142 tissae,
743 1076 943 1148 Sophia
970 1087 1022 1134 et
1044 1078 1361 1147 Adelheida,
1392 1080 1535 1151 quod
1567 1089 1685 1135 erat
1711 1080 1921 1152 insigne
1969 1079 2134 1135 decus

544 1166 911 1237 imperatoria)
968 1169 1127 1227 aulae.
1156 1170 1469 1227 Aderat‘et
1519 1171 1853 1227 incredibilis
1883 1171 2136 1242 frequen-

553 1259 626 1312 tia
654 1258 783 1315 cleri
838 1276 904 1315 ac
945 1261 1149 1332 populi,
1204 1263 1348 1318 inter
1394 1279 1531 1335 quos
1568 1262 1754 1318 multis
1805 1262 1913 1318 reis
1962 1262 2139 1317 indul-

455 1371 463 1383 ι
549 1352 731 1418 gentia
777 1369 808 1406 a
856 1369 984 1424 rege
1035 1357 1231 1410 donata
1270 1364 1375 1423 est,
1421 1356 1542 1412 aliis
1592 1357 1744 1411 venia
1787 1356 2131 1426 repromissa.

552 1442 697 1497 Obiit
727 1441 932 1514 Tagino
978 1446 1419 1518 archiepiscopus
1444 1446 1979 1516 Ρειτιιιυιμονοιρηδῖε,
2014 1463 2131 1503 me-

550 1534 670 1590 ritis
696 1535 1008 1604 praeclarus,
1052 1537 1139 1592 cui
1160 1538 1425 1593 successit
1451 1536 1828 1603 Walthardus,
1857 1537 2137 1607 sapientize

551 1626 900 1697 scientiaeque
952 1628 1072 1682 luce
1121 1627 1373 1700 fulgidns,
1418 1630 1620 1699 pietate
1671 1628 1799 1682 nulli
1842 1629 2135 1684 secundus.

551 1715 697 1773 Obiit
721 1716 936 1787 Vunger
956 1718 1241 1788 episcopus
1265 1718 1437 1791 (275).
1461 1718 1607 1774 Obiit
1621 1719 1899 1775 Thietmer
1916 1722 2138 1794 presby-

550 1820 637 1865 ter
668 1818 724 1865 et
748 1810 1064 1864 monachus.
1088 1809 1144 1864 ln
1168 1810 1402 1881 quadam
1440 1809 1565 1864 villa
1594 1809 1878 1867 Saxonica:
1900 1810 2133 1877 Suevite,

2232 611 2555 686 quantulum
2614 614 2886 676 timentes,
2936 612 3145 685 legatos
3165 611 3233 666 de
3257 626 3392 682 pace
3427 602 3706 669 miserunt
3738 628 3837 665 vc-

2232 706 2378 761 niam
2409 703 2703 776 precando.
2731 705 2973 772 Quorum
3000 704 3266 763 voluntati
3300 720 3415 769 rex,
3459 707 3674 761 recenti
3709 704 3834 759 vul-

2233 810 2366 852 nere
2394 793 2634 861 saucius,
2661 810 2770 850 non
2792 795 3078 863 satisfecit,
3108 796 3201 852 sed
3230 796 3457 852 consilio
3479 806 3667 852 tamen
3696 797 3834 851 de-

2234 888 2365 944 linm
2395 903 2620 944 suorum
2666 887 2955 960 Moguntiae
2993 874 3055 946 se
3083 889 3301 945 videndi
3336 889 3618 945 licentiam
3650 889 3829 945 dedit.

2234 977 2352 1046 Quo
2373 978 2593 1049 quidam
2628 995 2694 1036 ex
2738 979 2847 1035 illis
2888 980 3073 1036 venire
3120 979 3515 1052 neglexerunt;
3549 981 3642 1036 alii
3681 980 3832 1052 regis

2236 1068 2486 1141 imperio,
2517 1078 2575 1124 ut
2597 1070 2799 1137 decuit,
2834 1082 3170 1141 paruerunt;
3200 1072 3325 1127 inde
3348 1086 3455 1127 non
3480 1072 3710 1143 inlegrte
3732 1086 3830 1141 pa-

2236 1162 2315 1216 cis
2345 1161 2542 1233 gaudia
2570 1171 2936 1233 reportantes,
2961 1163 3057 1219 sed
3085 1161 3366 1219 ﬁrmanda:
3395 1163 3576 1218 adhuc
3598 1177 3831 1233 suspen-

2236 1254 2323 1310 dia
2345 1264 2717 1324 expectantes,
2745 1254 2948 1310 reversi
2970 1264 3094 1311 sunt
3111 1255 3166 1310 in
3183 1270 3304 1310 sua.
3322 1255 3581 1327 Expulsio
3609 1254 3830 1312 Judseo-

2236 1363 2356 1403 rum
2398 1347 2540 1403 facta
2591 1357 2676 1403 est
2700 1363 2730 1402 a
2762 1364 2888 1419 rege
2944 1347 2998 1403 in
3026 1347 3328 1420 Moguntia;
3369 1347 3463 1404 sed
3489 1357 3550 1405 et
3579 1362 3825 1420 quemn-

2237 1442 2359 1497 dam
2389 1441 2770 1496 haereticorum
2802 1440 3035 1497 refutata
3058 1451 3143 1497 est
3168 1441 3400 1497 insania.

2308 1533 2469 1590 1015.
2510 1534 2637 1589 Dure
2668 1533 2905 1589 lucerna:
2951 1532 3227 1599 ardentes,
3273 1532 3476 1588 nmndo
3506 1533 3827 1599 subtracta),

2239 1627 2609 1683 reconduntur
2629 1627 2786 1692 ctelo,
2811 1627 3052 1683 Licvitzo
3074 1626 3595 1697 llammaburgensis
3613 1626 3830 1680 archie-

2237 1720 2513 1790 piscopus,
2563 1729 2620 1776 et
2650 1719 2917 1790 Wonleph
2964 1720 3249 1791 presbyter
3290 1728 3346 1773 et
3371 1719 3677 1775 monachus
3704 1718 3830 1774 soli-

2237 1813 2432 1867 larius.
2472 1811 2773 1883 Episcopus
2811 1820 2993 1867 autem
3020 1812 3068 1866 vi
3102 1810 3336 1867 febrium
3366 1820 3679 1881 correptus,
3702 1825 3823 1864 cum

550 1898 810 1956 Cocstede
834 1900 982 1971 (274)
1006 1879 1243 1965 nomine,
1278 1902 1387 1956 nati
1425 1909 1550 1957 sunt
1570 1902 1768 1971 gemini
1796 1901 1991 1959 fratres
2012 1918 2135 1958 cum
2167 1879 2211 1942 Β
2239 1905 2441 1961 laboris
2469 1879 2549 1961 sui
2587 1879 2869 1976 praemium
2915 1904 3234 1960 imminente
3273 1900 3389 1971 jam
3439 1879 3622 1959 morte
3659 1918 3692 1958 a
3722 1903 3830 1959 Deo

553 1991 826 2059 dentibus,
873 2007 935 2047 os
966 1992 1226 2049 habentes
1271 1994 1425 2063 quasi
1473 2009 1600 2049 aves
1632 1992 1808 2066 (275),
1846 1994 1987 2049 alter
2008 2009 2140 2052 vero

552 2083 803 2139 dextrum
855 2084 1135 2139 brachium
1180 2085 1496 2154 dimidium,
1545 2095 1601 2141 ut
1649 2086 1733 2141 ala
1780 2086 1896 2142 avis
1936 2086 2134 2159 (275).

554 2173 739 2228 'l‘ertia
771 2174 1071 2230 nativitatis
1101 2177 1187 2231 die
1210 2176 1468 2232 dicuntur
1503 2176 1646 2233 inter
1668 2193 1726 2232 se
1756 2179 1962 2235 risisse.
1990 2178 2139 2247 Quos

553 2264 699 2321 civili
757 2267 983 2338 contigit
1039 2284 1307 2324 consensu
1346 2270 1507 2338 mori,
1549 2271 1676 2341 quia
1715 2285 1810 2326 eos
1840 2272 1931 2326 diu
1960 2270 2140 2328 vivere

553 2370 675 2414 erat
717 2361 970 2418 onmibus
1022 2362 1202 2418 timor.
1230 2363 1432 2419 Eodem
1461 2380 1605 2419 anno
1635 2365 1687 2420 in
1727 2363 1981 2429 Francia,
2012 2380 2141 2419 vero

554 2471 661 2510 non
691 2456 845 2526 longe
880 2472 909 2510 a
945 2450 1190 2521 Colonia,
1220 2457 1339 2513 viro
1377 2458 1592 2513 cuidam
1618 2458 1732 2511 dira
1759 2458 1970 2512 miserm
1995 2472 2142 2512 mor-

523 2546 624 2624 vtis
648 2546 927 2602 inducitur
965 2546 1121 2613 ultio,
1157 2548 1299 2617 quod
1328 2548 1577 2603 nmribus
1601 2547 1944 2603 invisibiliter
1968 2548 2141 2603 incre-

553 2637 707 2693 dibili
754 2640 914 2694 modo
962 2654 1239 2706 corrosus,
1289 2640 1476 2696 multis
1516 2656 1737 2696 suorum
1768 2639 2143 2697 curationibus

557 2730 869 2798 frustratus,
891 2734 956 2788 ad
981 2742 1225 2788 extrema
1254 2750 1426 2804 usque
1455 2734 1724 2804 pervenit.
1760 2733 1955 2805 Magna
1977 2735 2141 2789 etiam

559 2838 590 2878 a
634 2824 832 2894 piratis
881 2825 1273 2880 devastationis
1325 2826 1503 2881 clades
1534 2825 1673 2881 facta
1700 2838 1783 2883 est
1814 2827 1866 2881 in
1902 2826 2145 2896 partibus

559 2915 830 2984 aquilonis
878 2916 931 2971 in
983 2918 1259 2988 provincia
1297 2934 1403 2973 una
1435 2918 1605 2991 (276),
1646 2920 1721 2974 ita
1753 2929 1812 2974 ut
1842 2920 2027 2975 multis
2057 2919 2145 2975 in-

561 3006 829 3074 terfectis,
860 3007 980 3064 aliis
1032 3009 1416 3066 miserabiliter
1466 3012 1658 3083 captis,
1691 3012 1898 3067 exustis
1927 3011 2146 3084 insuper

559 3098 914 3170 plurimorum
942 3101 1189 3156 aediliciis
1217 3118 1339 3157 cum
1363 3104 1761 3172 pertinentibus
1785 3102 1961 3167 bonis,
1990 3102 2145 3174 pauci

560 3190 651 3244 vix
678 3189 838 3244 veluti
868 3191 993 3246 nudi
1025 3194 1339 3248 evaderent.
1372 3193 1554 3249 Terrae
1580 3201 1756 3248 motus
1786 3208 1882 3262 per
1903 3192 2018 3247 loca
2047 3191 2144 3247 lie-

562 3282 715 3337 hanl.
748 3281 861 3338 Hoc
890 3284 1207 3341 etiatnanno
1231 3286 1523 3342 commotio
1544 3287 1687 3342 aeris
1709 3302 1829 3341 cmn
1862 3286 2062 3340 tonitru
2090 3292 2145 3339 et

561 3373 774 3446 fulgure
824 3388 877 3432 et
928 3377 1248 3433 inundantia
1277 3378 1579 3450 pluviarum
1623 3389 1769 3435 tanta
1806 3380 1951 3437 facta
2001 3379 2144 3436 est}

562 3464 641 3520 ιιι.
665 3466 916 3538 Augusti,
944 3478 1002 3523 ut
1038 3468 1201 3524 biduo
1220 3485 1598 3540 perseverans,
1622 3471 1952 3542 perplurima
1988 3473 2145 3526 dam-

561 3570 634 3611 na
672 3568 975 3629 perageret,
1020 3559 1211 3614 domos
1253 3559 1454 3615 multas
1499 3577 1622 3616 cum
1660 3561 1775 3617 suis
1801 3562 2144 3629 utensilibus,

560 3661 665 3703 nec
692 3663 796 3703 non
815 3664 1041 3705 acervos
1066 3649 1278 3722 frugum
1312 3653 1699 3722 pessundaret;
1734 3653 1984 3709 homines
2008 3669 2144 3724 quo-

565 3753 673 3811 que
710 3739 1167 3811 periclitarentur.
1194 3742 1559 3799 Waldhardus
1585 3743 2024 3816 archiepiscopus
2048 3760 2146 3801 ex-

567 3839 742 3887 trema
787 3835 1033 3897 sortitus,
1088 3850 1214 3890 cum
1242 3836 1461 3891 Christo
1488 3835 1702 3893 felicius
1722 3837 1984 3902 victurus,
2010 3836 2149 3893 vixit

561 3935 682 3994 post
708 3925 912 3979 obitum
943 3926 1237 3998 Tagiuonis
1266 3928 1523 3984 antistitis
1561 3938 1643 3983 ter
1680 3937 1835 3984 terno
1857 3928 2144 3984 hebdoma-

566 4018 758 4070 darum
787 4032 1015 4072 numero
1048 4025 1102 4073 ct
1139 4028 1296 4074 nocte
1331 4035 1460 4074 una.
1489 4018 1638 4075 Sedit
1672 4020 1923 4075 autemin
1940 4020 2150 4090 episeo-

566 4116 697 4177 patu
735 4118 941 4179 septem
964 4111 1295 4179 septimanae
1340 4121 1640 4183 noctesque
1666 4112 1838 4176 binas,
1876 4112 2073 4166 trinum
2096 4120 2151 4169 et

566 4216 734 4255 mmm
766 4202 930 4256 Deum
960 4210 1055 4257 or‘e
1096 4203 1463 4274 praedicando,
1490 4213 1687 4260 unctus
1702 4204 1904 4274 Spiritu
1937 4214 2146 4272 sancto,

564 4294 835 4367 paccmin
863 4295 1094 4351 invicem
1139 4306 1194 4352 et
1223 4298 1277 4352 in
1303 4313 1493 4354 omnes
1530 4298 1788 4354 ecclesias
1810 4298 1900 4354 Dei
1943 4299 1993 4354 in
2017 4299 2151 4354 dile—

569 4383 749 4439 ctione
792 4385 886 4458 Dei
916 4394 970 4440 et
996 4388 1228 4456 proximi
1293 4390 1667 4461 praeparando.
1703 4388 1831 4445 Post
1858 4386 1974 4459 ejus
1995 4406 2153 4469 mor-

570 4484 676 4531 tem
717 4475 1029 4544 Bolizlawo,
1067 4481 1250 4536 multis
1302 4481 1518 4538 milibus
1569 4498 1791 4538 suorum
1832 4482 2147 4548 contractis,

2238 2003 2511 2066 speraret,
2539 2002 2734 2050 uterat
2752 1994 2932 2049 nitnire
2954 1995 3220 2058 caritatis,
3242 1992 3561 2063 providebat
3578 1992 3698 2048 suis
3711 2007 3831 2064 por-

2242 2098 2354 2144 tum
2400 2088 2615 2143 salutis.
2669 2087 2799 2143 Erat
2826 2087 2875 2143 ei
2919 2085 3143 2159 quidam
3169 2086 3406 2141 vicarius
3434 2086 3582 2140 inter
3606 2085 3831 2141 clericos

2240 2179 2530 2251 specialius
2583 2176 2889 2243 familiaris,
2940 2178 3068 2248 quia
3114 2176 3373 2232 nobiliter
3421 2174 3621 2239 ﬁdelis,
3654 2175 3826 2256 (ldda,

2247 2288 2408 2342 quem
2464 2270 2662 2326 divina:
2699 2271 3059 2340 humanarque
3117 2267 3249 2339 legis
3303 2267 3533 2323 scientia
3587 2265 3829 2337 adprime

2241 2362 2546 2430 eruditum,
2605 2363 2921 2434 episcopatu
2961 2359 3340 2432 dignissimum
3368 2358 3829 2430 praedicanstse

2242 2456 2452 2525 primus
2502 2465 2695 2511 sancta
2752 2453 2999 2511 oratione
3034 2451 3089 2506 in
3123 2451 3173 2506 id
3203 2451 3384 2523 operis
3414 2450 3610 2522 elegit;
3641 2449 3830 2505 deinde

2242 2549 2373 2604 eleri
2405 2564 2470 2604 ac
2499 2549 2683 2620 pepuli
2739 2546 3070 2604 unanimiter
3108 2543 3465 2601 acclamantis
3495 2543 3688 2599 eadem
3711 2552 3828 2597 vota

2243 2641 2533 2712 persensit,
2559 2656 2625 2697 ac
2653 2640 2734 2695 sie
2758 2640 2913 2695 lzctus
2940 2636 3269 2695 obdormivit
3314 2636 3370 2691 in
3406 2635 3633 2691 Christo
3660 2634 3827 2706 (278).

2214 2808 2221 2811 _
2245 2732 2354 2789 Sed
2383 2732 2526 2803 regis
2554 2732 2769 2787 animus
2797 2730 3023 2787 immitis
3063 2729 3233 2801 (9.79),
3276 2737 3329 2783 et
3360 2727 3600 2783 habendi
3629 2726 3823 2781 misera

2247 2826 2389 2892 sitis,
2445 2825 2625 2882 renuit
2678 2823 3099 2896 supplicantium
3164 2836 3377 2893 preces,
3434 2820 3832 2876 contemnendo

2246 2917 2493 2971 ﬂentium
2538 2930 2722 2971 voces.
2768 2914 3024 2970 Succedit
3063 2912 3189 2968 huic
3215 2910 3409 2967 honori
3435 2910 3717 2967 Unwanus
3740 2927 3831 2966 ar-

2249 3008 2668 3079 chiepiscopus;
2729 3006 2833 3062 iste
2874 3019 3005 3061 vero
3049 3004 3142 3060 Dei
3167 3003 3340 3074 gratia
3371 3012 3628 3058 servatur
3654 3002 3831 3058 melio-

2251 3099 2402 3155 ribus
2433 3097 2516 3153 vel
2549 3098 2683 3155 locis
2733 3097 2819 3153 vel
2851 3096 3186 3167 temporibus
3217 3093 3390 3165 (280).
3426 3092 3715 3149 lleinricus
3739 3107 3827 3148 rex

2251 3206 2280 3245 a
2308 3190 2651 3246 llolizlarone
2686 3188 2871 3244 nmltis
2897 3187 3366 3244 obsecrationibus
3386 3195 3672 3252 exoratus,
3699 3184 3829 3239 Par-

2251 3283 2581 3354 lltcnopulitn
2631 3281 2801 3347 venit,
2860 3280 2950 3335 ubi
2981 3280 3155 3335 isdem
3187 3276 3462 3333 Bolizlavo
3486 3275 3657 3333 lilium
3680 3292 3827 3331 suum

2248 3392 2371 3433 cmn
2400 3377 2564 3431 variis
2601 3374 2757 3430 donis
2805 3374 2859 3428 in
2889 3387 3179 3428 occursum
3230 3370 3374 3440 regis
3407 3368 3712 3425 honoriﬁce
3736 3371 3827 3422 mi-

2248 3469 2351 3537 sit;
2379 3477 2434 3523 et
2456 3468 2729 3538 utrimque
2756 3482 2885 3538 pace
2913 3475 3214 3537 compacta,
3243 3464 3413 3520 ﬁlium
3439 3463 3597 3520 hctus
3615 3464 3826 3535 recepit,

2242 3563 2429 3636 jussus
2466 3575 2645 3634 regem
2667 3562 2996 3632 quantocius
3028 3560 3142 3631 ipse
3162 3559 3367 3615 videre.
3389 3557 3521 3615 lude
3541 3574 3637 3614 rex
3652 3558 3825 3615 Werla

2249 3659 2554 3722 divertcns,
2579 3656 2890 3727 aliquandiu
2927 3655 2999 3711 ibi
3027 3663 3414 3720 connnoratus,
3446 3664 3509 3709 ut
3542 3654 3708 3709 maris
3731 3662 3823 3718 est,

2249 3746 2419 3802 multa
2435 3747 2725 3816 disposuit.
2755 3745 3033 3802 Statuitet
3061 3755 3384 3801 sesanetum
3411 3745 3618 3816 pascha
3645 3744 3824 3815 Aquis.

2250 3840 2405 3912 grani
2442 3847 2727 3905 acturum;
2760 3838 2904 3910 quod
2936 3854 3005 3894 ne
3043 3836 3217 3902 ﬁeret,
3258 3837 3549 3907 repentina
3580 3847 3636 3893 et
3662 3836 3822 3909 gravis

2251 3930 2544 3986 infirmitas
2574 3930 2801 3997 distulit,
2825 3946 2947 4001 quae
2970 3930 3228 3985 divinitus
3260 3938 3472 3984 tantum
3505 3920 3557 3985 ei
3583 3930 3817 3984 timerent

2251 4024 2446 4080 mortis
2487 4023 2739 4087 incussit,
2764 4031 2821 4077 ut
2848 4022 2982 4078 alios
3011 4022 3275 4093 dignitate
3321 4030 3541 4089 exutos,
3571 4022 3703 4077 alios
3722 4037 3818 4077 sua:

2253 4116 2442 4187 gratiae
2470 4115 2754 4171 dulcedine
2802 4116 2999 4187 injuste
3023 4117 3281 4187 privatos,
3318 4116 3649 4172 remittendo
3669 4114 3817 4187 priori

2253 4210 2505 4265 redderet
2555 4208 2695 4264 loco.
2726 4208 3123 4265 Cottvalescens
3162 4193 3366 4276 autem,
3393 4211 3719 4266 necessitate
3741 4223 3821 4263 co-

2251 4311 2410 4373 gente
2439 4302 2899 4358 Patherbrunensi
2933 4301 3265 4357 monasterio
3293 4298 3429 4356 festa
3453 4300 3723 4370 paschalia
3742 4314 3819 4355 ce-

2253 4393 2507 4469 lebravit.
2528 4396 2675 4466 quod
2698 4406 2921 4451 eatenus
2971 4395 3187 4466 regibus
3220 4393 3499 4448 insolitum
3525 4394 3648 4449 fuit.
3673 4392 3815 4448 Tem-

2253 4488 2476 4563 pestatis
2504 4488 2694 4543 valida:
2725 4488 2942 4543 horrida
2973 4487 3333 4543 tenebrositas
3386 4487 3641 4546 homines
3663 4484 3820 4541 subito

568 4568 1221 4628 Dalmantia:“terminos
1245 4574 1549 4644 occupavit,
1582 4575 1771 4629 urbem
1786 4573 1961 4630 Coloci
1979 4573 2145 4647 (277).
2181 4604 2228 4663 Β
2255 4578 2582 4648 perterruit;
2645 4594 2806 4648 quam
2851 4578 3033 4647 fragor
3081 4589 3137 4632 et
3166 4577 3305 4649 ignis
3335 4578 3754 4648 subsequuntur,
3777 4589 3822 4631 et

569 4664 782 4718 noviter
839 4663 1193 4743 instauratam
1247 4667 1433 4722 dolose
1479 4677 1770 4740 expugnat,
1815 4677 1869 4723 et
1892 4668 2146 4737 utrinque

568 4746 771 4825 magna
808 4765 988 4828 strage
1033 4766 1273 4828 peracta,
1329 4775 1451 4815 cum
1489 4760 1718 4830 captivis
1772 4760 1975 4816 nostris
2001 4760 2146 4817 domi

569 4864 822 4923 reversus
848 4858 951 4905 est.
982 4850 1265 4906 Conradus
1290 4851 1400 4906 dux
1439 4852 1601 4923 regiae
1626 4851 1813 4923 stirpis
1847 4853 2144 4908 humanum

570 4944 813 5007 debitum
842 4945 1065 5001 exolvit.
1096 4946 1387 5002 lleinricus
1411 4963 1505 5001 rex
1529 4934 1767 5001 ad‘festa
1801 4948 1971 5002 sancti
2004 4946 2146 5001 Manu

569 5036 667 5080 lini
692 5036 1042 5080 Cnnﬂnpnlim
1076 5038 1299 5080 vnnipne
1362 5055 1610 5080 mmmam
1636 5040 1899 5080 cvnmlnm
1940 5038 2124 5080 lmhnil

2254 4669 2308 4724 in
2338 4670 2470 4725 locis
2499 4669 2821 4740 quihusdam
2847 4668 3108 4725 ecclesias
3137 4669 3520 4726 sulwcrtentes
3545 4670 3711 4725 multa
3733 4669 3821 4723 alia

2254 4762 2452 4818 damna
2514 4770 2945 4824 commoverunt,
2998 4759 3123 4816 ldus
3163 4759 3286 4816 Maii
3338 4761 3464 4816 luna
3523 4763 3579 4831 1,
3618 4762 3739 4816 feria
3775 4759 3819 4813 6.

2254 4854 2544 4912 Heinr-iens
2576 4856 2628 4910 in
2660 4838 2850 4911 sancto
2871 4853 3251 4929 Pentecosten,
3277 4854 3518 4908 maxima
3546 4852 3823 4909 conﬂuente

2255 4956 2497 5014 caterva,
2536 4948 2850 5021 Mercsburg
2881 4961 2939 5002 se
2973 4946 3256 5017 colligens,
3287 4945 3512 5000 obvium
3548 4944 3714 5000 habet
3735 4941 3821 4996 Bo-

2258 5040 2578 5080 liwlnrmmm
2635 5056 2758 5080 οιιηι
2815 5056 3016 5080 ιιιςισηη
3054 5047 3314 5080 nmmrnln
3348 5036 3698 5080 divnrcnrnm
3729 5051 3825 5080 nm-
