3944 6384
133 332 268 394 ’545

796 333 882 389 FT
917 330 1263 387 LAMBERTI
1304 328 1885 387 ASCIIAFNABURG.
1919 327 2098 386 PARS
2125 329 2399 386 ALTERA
2439 299 2764 389 GENDINA.
3310 338 3412 394 5.16

1044 439 1366 496 ANNALES
1401 435 2114 507 QUEDLINBURGENSES
2139 443 2205 496 Α.
2235 442 2562 500 1011-1015.

144 568 402 625 tantem,
447 565 508 612 ut
537 567 642 628 par
668 561 786 610 erat
817 551 982 625 regia:
1025 551 1294 622 dignitati,
1334 551 1483 608 claro
1532 551 1738 606 honore
1764 553 1815 612 Α
1844 551 1960 622 ejus
1985 553 2308 622 comitibus;
2334 571 2398 610 ac
2421 555 2733 626 imperatori
2760 571 3139 628 prmscntatus,
3160 567 3422 625 custodia)

138 653 472 716 adauctum,
487 663 595 703 non
629 657 804 702 tamen
827 645 945 700 sine
967 643 1051 698 sui
1077 643 1224 714 regni
1250 642 1590 706 detrimento,
1610 655 1738 712 per-

137 743 306 798 misit
339 753 604 797 remeare.
651 739 728 794 De
777 735 1066 793 Sclavonia
1099 744 1153 790 et
1180 734 1332 789 multi
1371 734 1553 788 nuncii
1576 749 1739 788 vene-

135 843 307 901 runt,
350 833 551 906 quibus
608 829 851 886 interfuit
879 828 1190 884 Olliclricus
1231 827 1300 882 de
1327 825 1582 881 Bohcmia
1613 842 1736 882 cum

136 925 316 980 donis
351 924 520 980 etiam
550 926 824 978 bonorans
875 919 1068 974 faciem
1099 918 1270 989 regis;
1301 918 1408 981 cui,
1441 917 1570 974 licet
1596 919 1739 974 inter

131 1031 209 1071 se
239 1025 298 1072 et
321 1013 543 1068 fratrem
571 1028 726 1069 suum
759 1011 1100 1068 Geramirum
1128 1017 1182 1064 ct
1212 1009 1740 1079 praefatumltolizla-

135 1123 351 1163 vonem
382 1107 460 1161 ira
484 1113 855 1178 permanente,
883 1103 1002 1158 laeta
1025 1104 1339 1167 succedunt,
1373 1105 1498 1157 dato
1535 1104 1740 1159 honore

135 1203 374 1274 patriae,
409 1202 575 1256 misso
597 1203 650 1256 in
675 1200 896 1255 exilium
923 1214 1022 1255 suo
1050 1197 1238 1253 fratre.
1285 1197 1738 1270 Obiit-Eguardus

137 1297 443 1366 presbyter
496 1302 549 1348 et
607 1294 906 1348 monachus
957 1292 1008 1346 in
1050 1291 1320 1346 claustris.
1367 1291 1480 1346 Rex
1521 1290 1740 1360 sapiens

139 1385 468 1448 Heinricus,
509 1384 800 1439 stultorum
840 1381 1068 1436 forsitan
1113 1382 1438 1451 depravatus
1485 1381 1734 1446 consilio,

138 1475 442 1530 Fuldensis
491 1474 803 1529 monasterii
863 1472 1002 1527 bona
1062 1471 1444 1527 miserabiliter
1493 1471 1734 1542 diripuit,

141 1565 285 1620 dum
338 1564 442 1620 sibi
484 1562 716 1619 fratrum
771 1563 880 1617 vita
938 1562 1232 1631 displicuit.
1281 1560 1414 1616 Data
1451 1562 1737 1618 occasione

138 1656 491 1728 corrigendi,
539 1654 768 1710 invaluit
799 1661 1040 1724 potestas
1081 1651 1414 1707 destruendi.
1443 1651 1738 1723 Diffugiunt

140 1745 253 1801 hac
289 1754 346 1800 et
381 1737 507 1801 illac
535 1753 809 1816 vagantes,
870 1744 963 1814 qui
1001 1750 1160 1799 erant
1209 1742 1513 1806 cmnnbitae,
1546 1743 1736 1814 jugum

139 1837 360 1894 Christi
392 1847 690 1909 portantes.
721 1837 828 1892 270
869 1837 1027 1890 anuis
1055 1850 1083 1888 a
1111 1833 1308 1890 Carolo
1336 1835 1515 1906 primo
1539 1849 1604 1889 eo
1634 1835 1736 1891 loci

1843 645 2094 719 traditar,
2144 647 2332 717 sicque
2368 649 2541 718 patris
2581 649 2735 704 dolor
2772 660 3081 706 renovatur.
3122 653 3285 712 Bome
3310 674 3422 714 me-

1840 735 2026 790 morire
2080 736 2320 806 Ilatwiga
2381 739 2649 794 abbatissa
2692 741 3016 811 (281)0biit.
3052 742 3271 800 Obiitet
3299 748 3424 804 Ber-

1842 827 2065 882 nharins
2104 829 2389 900 cpiscopus
2418 831 2728 898 Fardcnsis,
2775 835 2860 889 cui
2885 838 3420 897 succcssitWikkier

1839 920 2164 988 prmpositus
2187 919 2544 977 Coloniensis.
2562 922 2674 978 Iloc
2696 940 2838 980 anno
2867 927 3163 997 imperator
3191 930 3421 990 Corheie

1839 1009 1989 1062 venit
2018 1010 2083 1063 ad
2110 1011 2410 1067 visitandos
2437 1011 2653 1078 fratres,
2713 1031 2943 1085 quorum
2969 1020 3075 1072 vita
3101 1022 3203 1075 sibi
3235 1023 3423 1094 displi-

1841 1100 1972 1162 cuit,
2036 1110 2092 1156 et
2117 1119 2234 1157 cam
2264 1105 2526 1175 imperiali
2585 1109 2906 1165 auctoritate
2931 1113 3203 1182 corrigere
3229 1117 3419 1171 voluit.

1845 1192 1998 1247 Unde
2029 1193 2210 1264 plures
2261 1197 2476 1253 illorum
2529 1200 2773 1256 instituta
2802 1213 3016 1272 patrum
3048 1205 3418 1274 defendentes,

1840 1294 1894 1338 et
1924 1285 2212 1353 plus'justo
2245 1298 2431 1343 contra
2458 1289 2548 1358 jus
2579 1292 2788 1362 imperii
2831 1297 3140 1364 saevientes,
3185 1300 3289 1354 heu
3322 1302 3426 1354 mi-

1840 1391 1960 1431 sere
1986 1378 2281 1448 desipiunt,
2315 1396 2435 1434 cum
2465 1385 2703 1452 percussi
2737 1383 2788 1438 in
2819 1387 3113 1452 maxillam,
3145 1404 3250 1442 non
3285 1407 3424 1460 prte-

1839 1467 1969 1522 bent
1998 1467 2247 1536 alteram,
2278 1480 2335 1524 ut
2367 1473 2638 1537 monachi,
2671 1475 2765 1529 sed
2800 1475 2919 1530 sine
2947 1479 3171 1533 consilio
3197 1480 3422 1535 rebelles

1841 1558 1983 1615 male
2009 1571 2204 1630 parant
2229 1578 2487 1632 pugnam.
2522 1563 2660 1631 Quid
2703 1565 2962 1635 deinceps
2991 1580 3172 1622 actum
3198 1569 3289 1635 sit,
3324 1587 3425 1625 no-

1841 1653 1973 1708 stris
2019 1655 2358 1724 temporibus
2411 1656 2581 1726 magis
2630 1666 2715 1711 cst
2752 1660 3072 1727 stupendum
3101 1675 3262 1729 quam
3296 1661 3422 1716 stilo

1840 1745 2350 1800 commendandum.
2406 1747 2472 1800 17
2537 1757 2715 1801 tamen
2746 1762 2809 1802 ex
2859 1749 2965 1803 illis
2993 1752 3135 1820 capti
3163 1753 3422 1809 custodia:

1842 1838 2157 1904 traduntur;
2190 1839 2373 1894 caeteri
2401 1855 2531 1894 vero
2561 1840 2907 1909 imperatoris
2935 1841 3086 1910 jttSsa
3117 1854 3418 1900 sectantur.

140 1929 468 1985 serviebant
496 1929 632 1991 Deo;
681 1943 822 1982 nunc
855 1926 1052 1982 nostris
1080 1925 1437 1995 temporibus,
1473 1925 1610 1996 proh
1636 1927 1734 1981 do-
1765 1904 1812 1964 Β
1840 1927 2038 1982 Eodem
2061 1929 2226 1982 etiam
2258 1945 2402 1984 anno
2426 1904 2769 2000 imperatoris
2791 1904 2992 1986 caritas
3022 1936 3231 1989 domnae
3259 1935 3424 1990 Adel-

137 2021 232 2074 Ior
262 2021 276 2074 !
307 2019 674 2090 spectaculum
717 2018 847 2074 facti
894 2017 1116 2083 mundo,
1147 2025 1201 2074 et
1247 2018 1464 2072 sibimet
1490 2018 1661 2073 dolori
1683 2027 1739 2074 et

139 2111 276 2166 aliis
312 2119 534 2165 manent
580 2109 780 2164 timori.
814 2108 1116 2164 Commotio
1141 2123 1356 2178 quoque
1386 2110 1529 2164 aeris
1562 2109 1734 2164 valida

137 2214 201 2259 et
244 2206 352 2259 hoc
384 2220 527 2258 anno
555 2203 732 2265 fiebat,
761 2211 820 2256 ut
845 2217 942 2271 per
971 2202 1200 2272 plurima
1221 2201 1337 2258 loca
1358 2201 1581 2257 (edificia
1613 2217 1737 2258 rue-

148 2304 299 2360 rent,
355 2304 413 2348 ct
459 2309 547 2350 res
575 2294 819 2363 quaedam
856 2293 1104 2362 pretiosae
1143 2307 1173 2346 a
1208 2291 1431 2348 fulmine
1471 2301 1625 2348 tacta:
1655 2293 1738 2347 in-

139 2387 404 2442 terirent.
432 2386 489 2441 In
513 2397 694 2440 monte
715 2385 878 2439 etiam
900 2383 1295 2454 Luniburgensi
1324 2383 1598 2438 horribilis
1620 2384 1736 2438 hia-

141 2488 233 2534 tus
261 2487 430 2533 terra:
455 2479 647 2549 patuit,
675 2477 776 2548 ipsi
807 2476 1008 2547 templo
1033 2477 1210 2532 minas
1237 2477 1425 2532 ruendi
1463 2477 1732 2547 praebens,

138 2580 198 2626 et
231 2570 433 2626 incolis
474 2571 665 2625 timore
691 2570 996 2641 perterritis
1019 2584 1170 2639 spem
1211 2568 1449 2640 confugii
1490 2569 1733 2624 funditus

138 2667 213 2720 ad
275 2675 494 2733 tempus
533 2663 809 2718 auferens.
859 2662 1042 2717 Rebus
1068 2662 1120 2716 in
1158 2661 1394 2718 Saxonia
1418 2662 1522 2718 rite
1549 2662 1732 2731 dispo-

142 2757 292 2820 sitis,
363 2770 459 2810 rex
503 2753 712 2809 Italiam
757 2753 998 2808 secundo
1050 2752 1294 2806 intravit.
1334 2751 1538 2806 Eodem
1591 2765 1736 2807 anno

145 2849 440 2904 inundatio
500 2861 764 2916 aquarum
797 2845 962 2899 nimia
1011 2843 1150 2898 facta
1182 2851 1286 2910 est,
1327 2845 1494 2898 multa
1538 2843 1736 2898 damna

145 2941 336 2996 ferens
414 2939 478 2994 18
527 2938 744 2994 Calend.
796 2934 1063 3001 Januarii,
1090 2934 1218 2989 luna
1263 2950 1428 3001 nona,
1485 2933 1620 2988 feria
1663 2933 1732 2997 ὃς

140 3033 295 3103 quod
331 3046 426 3086 rex
459 3030 874 3101 parvipendeus,
930 3027 1034 3081 iter
1056 3025 1200 3095 quod
1239 3033 1482 3094 cmperat
1505 3024 1732 3094 peregit,

145 3127 390 3182 natalem
433 3125 641 3180 Domini
689 3123 868 3193 Papiae
907 3119 1203 3176 honorifice
1253 3116 1567 3173 celebravit.
1624 3115 1736 3171 Hoc

143 3219 317 3273 etiam
350 3232 492 3270 anno
524 3216 678 3279 1015,
707 3213 989 3270 contentio
1028 3226 1222 3282 magna
1260 3206 1402 3264 facta
1430 3216 1512 3264 est
1537 3208 1590 3262 in
1619 3222 1738 3261 mo-

1839 2017 2014 2072 heitlte
2044 2018 2266 2073 tradidit
2311 2019 2445 2075 duas
2469 2035 2685 2076 sorores
2717 2022 2866 2092 (282)
2899 2038 3019 2077 cum
3066 2024 3280 2080 filiabus
3309 2027 3422 2080 suis

1837 2117 1892 2163 ct
1916 2109 2316 2178 pertinentibus
2344 2111 2521 2176 bonis,
2552 2112 2822 2168 thronis
2851 2115 3121 2184 quondam
3148 2119 3424 2173 marcbio-

1836 2202 1924 2256 nis
1952 2205 2341 2257 monasterium
2363 2203 2509 2274 (285)
2534 2204 2647 2258 Cal.
2676 2205 2965 2260 Novembr.
2997 2207 3132 2263 feria
3159 2210 3421 2276 secunda,

1835 2294 1980 2362 quod
2027 2294 2095 2348 ob
2129 2305 2539 2349 monumentum
2595 2311 2705 2350 sua:
2736 2297 2929 2350 animte
2951 2299 3142 2368 suique
3168 2300 3260 2353 filii
3286 2315 3420 2354 con-

1834 2395 2126 2449 struxerat,
2172 2400 2235 2439 ac
2278 2402 2472 2440 nurum
2512 2401 2688 2450 suam,
2750 2387 3089 2458 Ilatuwigam
3144 2390 3420 2458 videlicet,

1835 2477 2086 2549 religiose
2146 2488 2562 2532 convcrsautem
2607 2480 3008 2550 congregationi
3034 2482 3426 2536 sanctimonia-

1834 2571 1965 2624 lium
2029 2572 2363 2642 prtpposuit;
2413 2579 2466 2623 et
2517 2570 2973 2624 I-‘rethunensium
3023 2571 3258 2625 nobilem
3292 2587 3423 2628 con-

1834 2663 2204 2734 gregationem
2263 2661 2297 2714 4
2336 2660 2472 2716 Non.
2509 2662 2772 2732 ejusdem,
2798 2661 2928 2716 feria
2955 2661 3008 2715 5.
3042 2661 3248 2728 Quibus
3268 2678 3422 2719 acce-

1834 2755 1967 2827 ptis,
1998 2763 2055 2808 ut
2101 2753 2280 2809 decuit
2311 2763 2460 2808 tanto
2490 2753 2718 2818 nomini,
2777 2753 3026 2807 nobiliter
3051 2755 3274 2817 enutrit,
3305 2769 3420 2808 am-

1835 2845 2110 2917 plectitur,
2144 2845 2289 2900 fovet
2313 2861 2328 2911 ;
2353 2853 2406 2899 et
2435 2843 2663 2915 (gregiac
2693 2844 2880 2899 matris
2901 2859 2966 2900 ac
2995 2845 3175 2900 amita:
3196 2845 3422 2916 sapien-

1837 2941 1933 3005 tia,
1976 2955 2082 3010 qua
2119 2955 2178 2994 se
2225 2939 2580 3002 instruxerat,
2635 2937 2950 3002 informata,
3000 2952 3068 2992 ne
3105 2937 3192 2990 vel
3223 2937 3421 2992 merito

1836 3032 1921 3089 vel
1969 3031 2217 3101 exemplo
2255 3030 2508 3098 cuiquam
2534 3028 2585 3080 in
2642 3027 2693 3081 id
2735 3027 3094 3082 institutionis
3135 3026 3423 3083 inferiores

1835 3123 2171 3184 viderentur,
2226 3120 2372 3174 omni
2414 3117 2629 3189 pictatis
2667 3117 2846 3172 studio
2900 3116 3183 3187 diligenter
3209 3117 3420 3172 edocet.

1837 3215 2137 3285 Imperator
2161 3213 2498 3284 quorundam
2557 3209 2808 3279 precibus
2838 3223 3151 3278 persuasus,
3190 3206 3424 3262 Bolizla-

145 3309 394 3365 nasterio
419 3308 650 3364 Geronis
699 3306 875 3376 magni
916 3303 1247 3360 marcbionis
1282 3302 1424 3358 inter
1451 3300 1735 3356 Arnulfum

1841 3310 1966 3365 voni
2023 3307 2231 3362 remisit
2286 3305 2454 3361 illium
2501 3318 2659 3358 suum
2693 3300 3100 3357 incolumean
3139 3299 3421 3365 Bobemia,

139 3403 470 3473 episcopum
515 3409 570 3456 et
612 3399 878 3455 Geronem
923 3396 1202 3462 comitem,
1252 3395 1327 3451 ita
1375 3403 1434 3450 ut
1475 3409 1542 3450 ex
1579 3402 1736 3465 parte

144 3496 389 3566 episcopi
411 3494 629 3564 quidam
650 3490 949 3564 periculum
979 3505 1170 3561 pugna:
1191 3487 1283 3543 vix
1308 3488 1604 3542 evaderent
1625 3500 1738 3541 me-

145 3589 269 3642 ritis
295 3586 468 3641 sancti
497 3584 708 3656 Cyriaci
738 3581 1018 3652 martyris,
1051 3579 1205 3650 cujus
1224 3578 1382 3634 festis
1409 3577 1733 3644 intererant,

142 3685 418 3749 prtesente
446 3676 725 3746 IIatewiga
747 3673 1045 3730 abbatissa.

221 3769 384 3824 10M.
426 3767 554 3822 Item
601 3766 860 3821 diluvium
907 3764 1075 3818 venit.
1109 3761 1222 3817 Rex
1266 3761 1522 3818 Ravenna
1546 3775 1737 3832 prope-

145 3878 302 3926 nuis,
329 3860 513 3914 habita
542 3859 731 3914 sinodo
753 3856 1046 3912 Arnoldum
1074 3853 1298 3910 fratrem
1323 3871 1500 3922 suum,
1526 3855 1736 3923 episco-

142 3953 258 4023 pali
290 3951 551 4022 diguitate
576 3951 726 4020 prius
751 3950 1008 4004 donatum
1038 3955 1092 4002 et
1117 3946 1457 4017 quorundam
1484 3946 1536 3999 vi
1558 3944 1736 4000 redire

142 4054 424 4107 coactum,
455 4043 780 4098 auctoritate
806 4055 960 4112 papae
1002 4055 1068 4096 ac
1092 4051 1275 4094 cuncti
1305 4046 1526 4093 senatus
1549 4036 1732 4092 consi-

143 4138 224 4192 lio
249 4144 491 4199 revocat,
539 4133 979 4205 archiprzesulem
1021 4131 1185 4200 digno
1220 4132 1426 4186 honore
1450 4129 1732 4195 stabilivit,

142 4231 386 4301 aliisque
433 4227 632 4283 ibidem
692 4226 796 4282 rite
837 4223 1102 4280 ordinatis
1157 4222 1463 4286 discedens,
1504 4220 1732 4276 Romam

143 4321 419 4396 pervenit.
451 4319 549 4374 Ivit
579 4318 793 4372 obviam
816 4324 926 4369 tota
945 4315 1166 4378 civitas;
1193 4312 1320 4367 licet
1341 4311 1560 4366 dissono
1587 4319 1732 4376 voto,

146 4427 360 4479 tamen,
411 4419 471 4466 ut
500 4427 598 4482 par
633 4418 772 4474 erat,
797 4423 896 4462 suo
931 4404 1152 4460 domino
1179 4405 1311 4459 dant
1344 4402 1558 4457 laudum
1590 4417 1731 4472 prte-

143 4511 336 4574 conia,
365 4505 684 4561 extollentes
723 4502 790 4556 ad
830 4500 1031 4556 sidera.
1083 4496 1200 4563 Quo
1225 4495 1329 4551 sibi
1359 4502 1416 4548 et
1445 4492 1732 4550 contectali

145 4597 562 4670 imperatorium
607 4606 802 4649 nomen
851 4588 1100 4642 obtinuit.
1155 4585 1367 4639 Paucos
1408 4583 1478 4637 ibi
1524 4582 1732 4636 habens

147 4697 290 4758 dies,
337 4691 548 4762 publica
601 4704 679 4753 re,
713 4697 771 4741 ut
795 4683 1042 4756 putabat,
1080 4684 1218 4738 bene
1244 4679 1525 4750 disposita,
1556 4686 1612 4734 et
1635 4678 1733 4733 im-

149 4802 342 4843 mensa
388 4784 612 4856 pecunia
659 4780 836 4837 ubivis
874 4777 1115 4833 locorum
1160 4782 1436 4844 congesta,
1463 4769 1734 4826 accelerat

148 4881 259 4935 iter
305 4879 374 4933 ad
420 4875 672 4948 patriam,
723 4889 830 4929 non
860 4874 979 4926 sine
1003 4871 1202 4925 damno
1228 4866 1546 4921 multorum.
1579 4863 1732 4919 Multi

147 4983 336 5029 autem
365 4969 581 5026 obsides
628 4977 682 5023 et
710 4967 799 5023 alii
830 4964 1202 5018 Romanorum
1237 4958 1498 5015 custodia:
1527 4956 1731 5022 traditi,

147 5071 481 5134 imperatore
504 5063 762 5118 redeunte
787 5058 982 5114 callide
1020 5055 1200 5126 fugam
1233 5053 1490 5117 inierunt,
1527 5051 1734 5105 violan-

149 5172 234 5219 tes
275 5173 463 5231 pacem
513 5166 565 5212 ct
609 5154 732 5211 belli
782 5165 972 5206 rursus
1001 5148 1225 5204 consilia
1281 5152 1585 5216 captantes.
1615 5140 1731 5197 Hoc

148 5255 317 5313 etiam
351 5264 493 5306 anno
532 5247 612 5304 sol
656 5254 710 5302 et
737 5245 861 5299 luna
898 5241 1112 5310 aliaque
1159 5238 1334 5292 sidera
1369 5237 1499 5290 dant
1528 5242 1730 5288 metum

153 5343 390 5400 tristium
441 5341 738 5411 signorum,
801 5351 923 5405 quae
980 5347 1104 5387 mox
1149 5327 1456 5399 pestilentia
1508 5339 1653 5379 saeva
1677 5332 1734 5378 et

151 5453 301 5492 mors
324 5433 604 5489 subitanea
650 5437 970 5499 sequuntur.
999 5423 1106 5479 Sed
1134 5432 1189 5476 et
1222 5419 1433 5484 Misico,
1469 5415 1730 5473 Bolizlavi

152 5531 318 5596 filius,
377 5530 446 5583 ab
492 5525 767 5582 Othelrico
813 5521 1107 5578 Bohemico
1150 5518 1384 5590 capitur,
1422 5511 1545 5569 dolo
1579 5509 1734 5566 caesis

226 5711 376 5778 (9.3!)
411 5709 829 5764 Gernrodensis.

225 5774 374 5856 (28:!)
415 5780 480 5834 Id
501 5792 574 5836 est
597 5783 700 5836 duo
730 5774 1074 5834 monasteria.

1765 4637 1814 4696 D

1834 3403 2060 3474 jubenle
2103 3398 2410 3461 Othelrico,
2464 3395 2618 3450 multi
2677 3395 2997 3448 innocenter
3047 3391 3214 3448 occisi
3271 3399 3418 3446 sunt.

1839 3495 1950 3551 Res
2000 3493 2306 3549 miseranda
2370 3490 2708 3556 nimiumque
2758 3487 3024 3556 Stupenda
3075 3483 3308 3554 contigit
3362 3483 3419 3536 in

1837 3585 2080 3659 partibus
2102 3581 2515 3639 occidentalium
2541 3581 2819 3647 regionum
2864 3577 2898 3631 5
2920 3575 3143 3632 (Zalend.
3169 3573 3422 3631 Octobris

1837 3680 1972 3736 feria
2003 3689 2196 3750 quarta
2223 3675 2492 3733 Walachri
2523 3682 2578 3728 et
2598 3671 2875 3726 Flanderi.
2918 3668 3215 3724 Horrenda:
3246 3665 3421 3721 nubes

1837 3779 2228 3843 apparuerunt,
2283 3783 2404 3838 qum
2435 3781 2532 3835 per
2560 3774 2672 3820 tres
2713 3772 2920 3826 noctes,
2957 3762 3096 3816 miro
3131 3759 3290 3814 modo
3320 3758 3423 3812 im-

1837 3865 2089 3927 mobiles,
2144 3862 2317 3916 minas
2369 3859 2704 3913 intuentibus
2749 3857 3058 3918 dederunt;
3101 3849 3259 3906 tertia
3288 3861 3422 3904 vero

1837 3959 1925 4013 die
1976 3954 2203 4012 tonitrui
2253 3953 2527 4008 inauditus
2571 3949 2756 4019 fragor
2803 3946 3119 4009 adveniens,
3177 3941 3419 3996 turbavit

1836 4049 2030 4114 maria,
2061 4054 2118 4100 ttt
2143 4043 2460 4102 terribiliter
2485 4042 2928 4099 intumescerent,
2950 4046 3004 4090 et
3027 4031 3419 4089 incredibiliter

1836 4138 2134 4195 crescendo
2180 4135 2413 4190 nubibus
2463 4131 2808 4186 inhrererent.
2864 4125 3107 4195 Cumque
3144 4131 3422 4194 gementes

1836 4230 2029 4285 incolze
2084 4226 2378 4298 repentium
2439 4221 2766 4278 calamitatis
2826 4219 3098 4272 miseriam
3153 4217 3208 4270 in
3256 4223 3422 4269 tantae

1837 4320 2205 4379 inundationis
2227 4317 2366 4374 mole
2385 4315 2779 4386 conspicerent,
2808 4312 3017 4366 etsicut
3047 4317 3170 4380 post
3190 4312 3420 4361 mortem

1833 4412 2321 4482 JulianiApostatae
2350 4421 2516 4462 naves
2541 4405 2606 4458 ad
2631 4411 2897 4474 praerupta
2923 4399 3188 4455 montium
3213 4395 3419 4467 pende-

1836 4516 1958 4562 rent
2008 4506 2092 4560 vel
2134 4505 2188 4560 in
2214 4504 2496 4572 antiquum
2529 4501 2696 4554 cbaos
2722 4496 2904 4549 omnia
2937 4493 3201 4553 redirent,
3227 4491 3421 4544 timore

1840 4597 2034 4652 mortis
2085 4595 2349 4666 percussi,
2381 4604 2529 4660 terga
2560 4598 2773 4644 vertere
2826 4592 3146 4654 cmperant;
3180 4582 3272 4636 sed
3297 4594 3422 4648 pec—

1841 4688 1977 4744 catis
2021 4684 2477 4756 przepedientibus
2527 4678 2692 4734 multa
2747 4676 2891 4730 milia
2933 4673 3210 4729 hominum
3237 4668 3418 4724 subito

1837 4777 2088 4834 fluctibus
2135 4775 2480 4856 interierunt,
2540 4770 2666 4839 quia
2711 4767 2917 4821 vultum
2961 4761 3173 4817 Domini
3217 4760 3418 4814 iratum

1837 4871 2074 4939 effugere
2105 4883 2209 4923 non
2233 4852 2542 4936 potuerunt.
2586 4859 2873 4916 Heinricus
2901 4857 3196 4925 imperator
3216 4852 3420 4906 Meres-

1837 4938 2042 5031 burgiae
2068 4955 2320 5028 paschale
2343 4949 2786 5022 festum'percgit.
2831 4947 2908 5002 Ibi
2939 4944 3211 5000 Bolizlavo
3235 4938 3417 4995 omnia

1839 5066 2063 5106 munera
2087 5065 2206 5120 quae
2233 5047 2304 5104 illi
2331 5047 2568 5106 miserat,
2620 5041 2780 5100 simul
2801 5055 2923 5096 cum
2952 5037 3126 5109 gratia
3155 5031 3413 5103 perdidit,

1838 5143 1963 5199 dum
1993 5142 2142 5197 illum
2165 5140 2432 5211 legatione
2457 5134 2685 5206 superba
2710 5133 2964 5190 infestum
2987 5127 3238 5184 reddidit.

1909 5235 2066 5292 10l5.
2107 5235 2281 5288 Etiam
2348 5231 2436 5287 bic
2496 5231 2549 5284 in
2605 5225 2848 5284 Walbeki
2908 5223 3050 5278 diem
3114 5218 3414 5300 palmarum

1838 5341 2025 5398 agens,
2064 5325 2290 5379 nuncios
2327 5323 2394 5377 de
2441 5319 2593 5374 Italia
2642 5316 2745 5375 sibi
2791 5317 2842 5370 in
2890 5317 3231 5368 sacramenta
3282 5322 3414 5364 con-

1834 5395 2084 5481 strinxit;
2136 5422 2191 5469 et
2235 5413 2360 5468 inde
2413 5409 2687 5479 digressus
2734 5405 2998 5461 Ernestus
3041 5402 3145 5456 dux
3179 5397 3326 5471 (284)
3357 5395 3413 5451 in

1836 5505 2084 5562 venando
2129 5504 2291 5574 periit
2340 5518 2370 5557 a
2419 5503 2534 5557 suis
2582 5501 2816 5556 incaute.
2849 5494 3152 5553 Commotio
3201 5483 3415 5549 quodue

1921 5691 2064 5758 (9.85)
2103 5687 2421 5758 Gcrnrodc.\

1912 5762 2056 5834 (284)
2087 5758 2436 5815 Alamannite.
